2113 3404
368 243 84 50 146

867 264 86 34 THE
985 264 242 35 DISORDERS
1259 266 53 34 OK
1343 259 174 41 SWiKClt.

367 380 160 57 clearly
552 387 42 37 to
617 382 261 58 distinguish
912 399 80 29 one
1022 386 109 41 from
1164 386 74 42 the
1270 386 122 42 other
1463 386 69 41 No
1569 385 161 56 change
1764 385 141 44 would
1929 385 50 44 be

366 452 201 55 required
588 453 46 41 in
657 453 73 43 the
752 454 206 55 alphabet
981 457 46 40 of
1046 460 282 38 consonants:
1361 455 103 55 they
1487 455 139 55 might
1647 456 51 41 be
1721 456 171 41 written
1908 469 69 29 ex-

366 522 118 56 actly
505 537 46 28 as
573 523 104 56 they
699 538 71 28 are
794 525 46 41 in
863 524 73 43 the
962 524 206 57 alphabet
1191 525 43 42 of
1257 525 73 41 the
1353 524 92 42 first
1468 524 183 56 chapter.
1729 526 54 41 In
1806 525 172 56 making

366 593 75 42 the
459 594 221 56 following
696 599 188 38 attempt
901 599 44 38 to
964 595 193 56 improve
1175 595 72 41 the
1265 608 181 28 manner
1467 595 46 41 of
1533 596 171 41 writing
1727 596 71 41 the
1816 596 163 51 vowels,

370 664 21 41 I
422 664 110 43 have
564 665 131 42 taken
727 680 25 27 a
782 665 99 41 hint
903 666 109 40 from
1046 666 64 40 Dr
1137 664 203 42 Hullah's
1371 664 175 42 method
1569 666 43 41 of
1643 666 238 55 indicating
1908 665 71 43 the

368 735 184 55 varying
593 735 180 42 breadth
810 736 44 41 of
890 735 333 42 vowel-sounds.
1302 735 22 41 I
1366 734 109 43 have
1517 735 88 43 also
1647 736 137 41 added
1825 740 44 37 to
1909 735 71 43 the

367 804 183 57 English
591 806 160 42 vowels
793 806 164 42 several
999 806 166 55 foreign
1201 805 171 52 vowels,
1407 806 86 42 and
1528 820 24 28 a
1593 807 81 41 few
1711 806 269 54 diphthongs.

369 877 84 41 For
489 876 73 42 the
603 876 205 42 alphabet
849 876 46 42 of
928 889 270 29 consonants,
1234 875 74 43 the
1349 875 148 44 reader
1532 875 36 45 is
1604 876 185 43 referred
1830 881 43 37 to
1910 876 70 42 the

369 945 318 57 Physiological
707 946 224 56 Alphabet
952 946 44 42 of
1016 946 76 42 the
1114 946 92 42 first
1228 950 188 39 chapter.

428 1060 33 41 I.
495 1060 113 55 Long
639 1060 165 42 Vowels,
825 1073 45 28 as
892 1059 46 41 in
958 1058 73 42 the
1053 1071 285 29 sentence:—

683 1148 122 41 Even
830 1160 174 28 ancient
1026 1144 117 44 elves
1164 1159 69 29 are
1255 1145 120 43 awed
1397 1159 101 28 over
1519 1145 157 56 oozing,

683 1248 23 29 e
826 1250 25 26 a
1019 1248 23 28 e
1162 1249 52 27 aa
1256 1234 54 41 ^
1397 1247 26 29 o
1521 1247 50 28 oo

427 1343 60 45 II.
519 1345 256 55 Equivalent
796 1344 124 42 Short
952 1344 153 42 Vowels
1122 1359 72 27 :—

682 1437 69 37 eet
824 1437 37 37 it
1019 1436 43 37 et
1161 1436 45 37 at
1255 1434 51 39 ut
1397 1436 46 37 ot
1523 1435 71 37 oot

427 1535 85 43 III.
549 1536 175 56 Foreign
756 1536 241 43 Vowels:—

428 1624 187 41 German
637 1630 40 36 ii,
700 1638 45 27 as
777 1624 46 41 in
855 1625 127 41 iiber;
1015 1622 166 44 French
1203 1636 43 28 u,
1267 1636 46 28 as
1345 1622 46 41 in
1418 1620 152 53 user;l
1603 1621 188 42 German
1814 1621 35 50 6,
1871 1634 45 29 as
1937 1620 43 42 in

367 1695 111 56 olig.2

428 1802 75 42 IV.
536 1801 351 43 DipJdhongs:—

821 1872 76 55 (1.)
929 1871 181 43 English
1133 1885 27 27 u
1213 1885 45 27 as
1280 1870 45 42 in
1346 1884 107 41 piire
1475 1884 63 27 eu.

820 1955 76 54 (2.)
1020 1988 22 18 ,.
1136 1954 15 41 i
1214 1968 46 27 as
1282 1954 46 41 in
1349 1952 91 56 pile
1481 1953 51 40 ai.

817 2037 77 55 (3.)
1016 2070 22 18 „
1133 2036 40 42 oi
1215 2049 45 28 as
1282 2035 46 42 in
1351 2033 88 43 boil
1480 2035 52 39 oi.

821 2119 77 54 (4.)
1019 2152 21 19 „
1135 2132 55 28 au
1212 2131 45 28 as
1279 2117 47 41 in
1347 2116 90 42 how
1479 2129 64 28 au.

425 2211 68 58 By
526 2227 96 28 way
653 2213 46 42 of
733 2211 210 56 example,
971 2212 101 42 take
1104 2211 89 43 this
1225 2224 214 37 sentence,
1472 2212 112 51 spelt
1615 2206 292 56 phonetically
1938 2206 39 40 in

367 2284 259 42 accordance
647 2283 107 42 with
778 2283 73 42 the
875 2282 217 56 foregoing
1109 2299 68 25 :—

427 2365 183 42 Speetsh
630 2367 41 39 iz
692 2364 91 42 laik
804 2363 125 43 kloth
951 2377 53 28 ov
1026 2362 145 51 Arras,
1193 2361 132 43 opind
1357 2359 85 44 and
1473 2362 102 52 poot
1606 2372 169 34 abraad,
1798 2355 180 43 wbarbai

367 2442 67 48 thi
462 2447 238 42 imadzheri
721 2446 104 43 doth
848 2460 131 42 apper
998 2447 48 40 in
1079 2443 138 56 figiir;
1248 2442 167 43 wharaz
1448 2445 48 38 In
1529 2424 143 59 tliaats
1707 2440 76 42 tha
1818 2439 58 41 lai
1909 2438 72 41 but

366 2533 49 27 az
437 2533 44 27 in
504 2517 140 57 paks.3

415 2624 13 24 1
456 2624 18 35 I
500 2623 103 48 print
627 2623 64 36 the
717 2621 142 37 French
884 2633 26 24 u
933 2620 40 36 in
998 2618 120 37 italics
1142 2617 141 37 merely
1308 2621 38 33 to
1372 2616 224 37 distinguish
1622 2616 30 36 it
1677 2616 94 35 from
1794 2613 61 36 the
1881 2611 97 37 other

367 2687 172 33 varieties
557 2682 39 36 of
610 2694 36 24 u.

413 2744 16 23 2
455 2743 72 35 For
544 2742 64 36 the
625 2741 161 36 German
803 2742 36 33 ii,
855 2740 63 35 the
937 2736 224 38 Resonating
1178 2747 173 25 chamber
1365 2734 133 37 within
1515 2733 63 37 the
1596 2731 129 38 month
1746 2731 28 35 is
1793 2728 130 48 shape!
1944 2735 32 28 aa

366 2804 57 36 for
440 2816 20 24 e
476 2803 40 36 in
534 2813 106 25 even;
657 2800 56 36 for
729 2800 64 36 the
811 2796 143 39 French
971 2809 36 24 u,
1022 2795 32 37 it
1072 2796 29 36 is
1119 2794 137 37 shaped
1273 2806 39 25 as
1324 2794 57 36 for
1398 2807 19 23 e
1434 2794 40 35 in
1493 2805 108 32 elves;
1619 2792 56 36 for
1692 2790 62 36 the
1774 2789 155 37 German
1946 2797 29 30 o,

365 2863 33 37 it
414 2863 32 36 is
463 2861 138 38 shaped
615 2873 38 24 as
670 2859 56 37 for
742 2871 43 25 aa
802 2859 41 35 in
859 2870 69 24 are.
982 2856 47 36 In
1046 2854 53 37 all
1115 2852 114 38 three,
1247 2852 65 38 the
1327 2851 74 50 lips
1418 2864 60 25 are
1495 2849 161 50 brought
1673 2851 79 35 into
1769 2860 87 35 very
1873 2843 103 39 much

365 2924 65 36 the
447 2934 99 25 same
563 2920 162 50 position
741 2931 39 25 as
797 2917 90 38 they
900 2929 59 24 are
977 2915 56 37 for
1049 2912 64 39 the
1130 2917 284 45 pronunciation
1430 2911 40 37 of
1484 2925 43 23 oo
1545 2911 41 36 in
1604 2922 83 25 ooze.
1729 2907 80 38 The
1826 2907 151 37 German

366 2985 22 37 6
405 2982 121 38 might
541 2982 46 37 be
604 2980 91 38 used
712 2984 38 32 to
767 2979 187 37 represent
970 2975 64 37 the
1052 2972 117 39 vowel
1192 2972 119 38 sound
1329 2971 39 37 in
1387 2983 100 25 some
1512 2968 157 50 English
1696 2967 127 44 words,
1841 2963 85 39 such
1943 2971 35 27 as

365 3045 89 38 bird.

412 3106 14 23 3
452 3100 188 49 Plutarch,
659 3100 81 48 Life
758 3097 39 39 of
813 3095 255 41 Themistocles.
