2411 3372
90 205 85 48 ein
208 198 272 52 einzelnes
515 197 116 51 Gen
662 199 99 48 mit
797 200 178 47 einem
1008 199 282 50 einzelnen
1323 201 383 50 Partikelchen
1739 202 180 50 seiner
1952 201 270 58 Strahlen,

90 277 94 47 mit
217 274 177 48 einem
428 271 247 61 einzigen
708 269 345 63 Lichtquant,
1088 272 289 62 getroffen,
1409 274 112 48 und
1555 275 120 48 eine
1710 273 202 50 andere
1945 272 278 50 Mutation

90 365 107 31 war
244 343 85 50 die
373 337 183 67 Folge.
603 340 233 51 Freilich
879 372 71 5 —
994 344 227 51 niemals
1267 344 154 51 hatte
1468 365 59 29 er
1571 361 369 47 voraussagen
1987 345 237 58 können,

91 437 137 31 was
272 415 89 50 bei
406 413 96 50 der
544 413 279 49 Mutation
868 414 288 50 entstehen
1199 416 211 60 würde;
1457 417 129 49 aber
1632 418 129 48 auch
1805 419 56 46 in
1906 417 96 50 der
2045 418 179 49 freien

92 490 173 50 Natur
311 485 171 66 gehen
530 485 86 49 die
660 484 351 50 Mutationen
1057 486 249 51 offenbar
1352 489 168 62 regel-
1567 490 112 48 und
1723 487 185 53 ziellos
1956 509 99 30 vor
2102 489 120 50 sich.

92 562 144 51 Doch
262 562 51 60 je
339 558 167 50 tiefer
533 557 85 49 die
644 556 264 51 Forscher
933 561 55 45 in
1016 558 85 49 die
1128 559 376 51 Geheimnisse
1533 561 96 49 der
1656 561 430 50 Chromosomen
2112 560 112 50 und

93 635 93 49 der
214 632 147 50 Gene
392 629 341 62 eindringen,
762 629 154 50 desto
946 629 154 50 mehr
1129 634 163 60 steigt
1322 632 129 49 auch
1482 632 85 49 die
1595 632 268 59 Aussicht,
1891 653 124 29 man
2042 632 182 50 werde

92 708 145 48 eines
268 703 171 62 Tages
473 701 92 50 das
598 700 211 64 Erbgut
841 720 57 31 so
932 721 174 43 genau
1136 702 235 60 kennen,
1405 703 102 50 daß
1539 724 125 29 man
1697 704 128 49 auch
1858 703 366 64 „gerichtete"

92 777 345 51 Mutationen
464 772 138 50 wird
633 772 254 60 erzielen,
918 772 103 50 daß
1051 793 125 29 man
1207 775 110 49 also
1351 775 84 49 die
1465 775 344 63 Erbanlagen
1838 775 222 51 bewußt
2089 775 136 50 wird

93 847 306 53 verändern
431 845 222 49 können
683 874 72 5 —
785 846 121 49 eine
939 844 269 62 Aussicht,
1242 846 85 50 die
1359 847 276 50 wahrhaft
1669 847 326 50 schwindeln
2027 847 195 50 macht!

159 917 352 64 Drosophila,
553 917 87 50 die
680 916 309 49 millionen-
1028 919 114 49 und
1185 918 547 51 abermillionenfach
1773 920 330 63 gezüchtete,
2144 939 81 44 ge¬

94 995 242 56 kreuzte,
375 993 57 46 in
469 989 682 50 Mutätionensversuchen
1193 989 374 65 geschundene
1607 991 276 63 Taufliege
1926 991 128 50 aber
2094 991 134 63 barg

94 1066 132 49 noch
266 1061 156 52 mehr
465 1082 67 30 an
574 1056 511 68 Überraschungen:
1128 1062 163 50 Eines
1334 1063 170 63 Tages
1547 1063 209 49 konnte
1798 1083 126 28 man
1967 1064 87 49 die
2096 1063 130 49 Erb¬

98 1136 225 63 anlagen
372 1135 89 49 bei
512 1132 336 64 Drosophila
901 1153 158 43 sogar
1109 1134 187 50 sehen!
1348 1135 107 49 Das
1509 1135 267 49 erscheint
1829 1135 254 50 zunächst
2134 1154 92 29 un¬

97 1207 282 66 glaublich,
422 1226 159 30 wenn
624 1225 128 30 man
794 1205 265 61 bedenkt,
1104 1206 105 50 daß
1255 1206 168 50 selbst
1467 1209 74 47 im
1585 1207 276 50 stärksten
1902 1207 325 61 Mikroskop

97 1286 85 46 ein
223 1278 684 64 Taufliegendiromosom,
953 1277 93 51 das
1091 1276 285 52 höchstens
1423 1278 117 49 drei
1583 1278 82 50 bis
1709 1280 117 47 vier
1869 1277 361 50 Tausendstel

100 1357 141 48 eines
273 1351 348 50 Millimeters
653 1350 126 63 lang
809 1352 88 57 ist,
927 1369 105 29 nur
1063 1349 74 51 als
1171 1350 171 49 Strich
1374 1351 284 49 erscheint.
1687 1349 127 49 Nun
1840 1378 71 5 —
1941 1369 51 31 es
2025 1350 205 50 scheint

99 1424 326 60 tatsächlich,
458 1423 75 50 als
566 1422 140 50 habe
741 1422 87 49 die
859 1421 179 50 Natur
1068 1420 88 51 die
1188 1422 278 63 Taufliege
1498 1442 104 29 nur
1634 1422 91 49 für
1756 1422 87 49 die
1874 1417 356 54 Erbforscher

100 1495 318 68 geschaffen:
451 1494 408 64 Ausgerechnet
888 1497 56 46 in
973 1493 160 50 ihren
1164 1493 633 64 Speicheldrüsenzellen
1825 1494 179 62 liegen
2035 1496 194 47 riesen¬

99 1570 117 50 haft
258 1568 357 63 vergrößerte
658 1565 311 61 Zellkerne,
1009 1565 115 50 und
1167 1568 57 47 in
1266 1566 168 49 ihnen
1478 1565 448 59 Chromosomen,
1970 1565 259 49 hundert-

99 1643 107 50 und
249 1639 466 52 zweihundermal
758 1638 198 64 größer
1000 1638 74 51 als
1119 1638 87 50 die
1250 1637 352 58 „normalen"
1645 1640 56 46 in
1744 1638 105 49 den
1889 1636 339 50 Keimzellen

99 1744 66 6 —
208 1732 195 32 unsere
453 1712 218 49 hintere
719 1710 429 64 Umschlagseite
1199 1713 141 61 zeigt
1390 1712 88 47 ein
1526 1709 178 49 Photo
1753 1708 210 51 solcher
2012 1708 218 50 Riesen-

103 1787 424 50 cliromosomen:
578 1784 82 49 Da
710 1783 143 50 sieht
901 1802 126 30 man
1077 1802 111 29 nun
1238 1783 132 63 groß
1417 1782 114 50 und
1583 1780 237 51 deutlich
1871 1781 88 49 die
2006 1779 225 51 Verkle¬

101 1860 231 63 bungen,
366 1857 87 50 die
486 1856 409 63 Zerstörungen
929 1854 164 51 durch
1128 1855 105 49 den
1265 1853 511 64 Röntgenbeschuß,
1809 1852 111 50 und
1955 1852 66 50 da
2054 1853 179 62 liegen

100 1934 72 48 im
227 1930 233 50 vielfach
516 1928 417 64 vergrößerten,
989 1927 331 63 lebendigen
1375 1925 208 50 Modell
1640 1925 87 50 die
1785 1923 149 51 Gene
1990 1923 243 50 wirklich

104 2002 308 66 aufgereiht
436 2004 100 47 wie
563 2001 89 50 die
677 2000 200 49 Perlen
905 1999 95 50 auf
1025 2000 96 49 der
1146 1999 219 50 Schnur.
1393 1998 185 49 Selten
1605 1998 119 49 sind
1750 1996 184 50 kühne
1960 1996 273 49 Theorien

102 2079 143 47 eines
293 2074 253 66 genialen
592 2072 288 51 Forschers
929 2071 166 51 durdi
1143 2071 106 50 den
1294 2070 377 64 Augenschein
1717 2089 56 30 so
1822 2068 280 64 großartig
2146 2066 86 50 be¬

103 2149 185 63 stätigt
332 2146 226 50 worden
601 2147 101 48 wie
747 2143 257 65 Morgans
1050 2143 363 64 Anschauung
1458 2162 107 30 von
1612 2142 96 49 der
1752 2139 343 64 Anordnung
2138 2138 98 49 der

106 2222 145 50 Gene
281 2223 73 47 im
388 2219 377 51 Chromosom.

467 2434 94 43 e,cib
678 2442 41 29 cv
881 2431 37 51 cf
1076 2434 30 39 /2
1214 2443 24 33 v
1266 2446 37 27 m
1320 2410 45 64 1ы
1471 2447 23 26 о
1593 2434 52 41 ód
1706 2427 64 55 f3
1782 2428 44 54 fu
1920 2448 58 31 car
2048 2425 47 53 ¡B

279 2486 8 11 ^
308 2484 10 21 \
411 2486 5 12 •
483 2481 6 22 Î
535 2472 15 29 Г
698 2486 6 10 «
894 2487 7 12 »
1084 2476 6 25 I
1220 2483 6 13 I
1283 2475 5 25 ;
1336 2481 5 13 «
1463 2476 23 20 4
1615 2483 4 12 t
1705 2478 22 15 M
1747 2477 6 22 ;
1944 2482 4 12 I
2066 2483 4 15 ,

222 2500 7 15 *
254 2504 17 14 "ч
289 2502 15 21 \
316 2509 6 9 t
344 2512 5 11 ,
381 2501 6 14 *
412 2505 5 13 »
484 2498 5 25 !
536 2506 5 12 I
698 2502 6 13 <
894 2504 7 15 t
1084 2507 6 13 I
1220 2505 6 12 I
1285 2509 5 10 I
1335 2502 6 11 »
1480 2503 5 12 «
1615 2504 4 10 '
1724 2503 74 14 «ti
1943 2502 5 10 •
2065 2508 5 8 •

228 2520 11 26 \
275 2521 23 18 ^4
307 2523 19 15 4*
344 2516 5 26 !
382 2521 5 17 I
411 2524 6 13 I
484 2516 5 18 '
536 2525 5 12 I
698 2522 7 17 f
794 2536 4 3 ■
894 2526 6 14 I
1085 2526 5 11 »
1220 2522 5 12 •
1287 2529 4 11 I
1335 2523 5 14 »
1480 2524 5 10 •
1614 2520 5 10 '
1727 2525 70 13 III
1943 2522 5 12 »
2066 2525 4 16 I

238 2542 31 46 \*
305 2540 52 53 -tv
412 2548 21 39 'v
485 2541 10 41 'i
537 2543 35 50 'i
656 2554 2 17 '
700 2540 4 31 '
783 2553 5 26 I
895 2546 4 29 I
1011 2546 79 35 II
1215 2547 27 39 .1
1286 2550 8 36 !
1330 2548 8 45 ,1
1464 2545 21 36 I'
1607 2544 12 39 )'
1696 2550 4 30 I
1729 2546 73 44 >,M
1921 2545 27 36 "
2064 2543 6 39 I

250 2594 16 34 \
333 2574 123 60 l\^\
498 2596 19 43 \
541 2572 35 56 ^.
710 2602 10 31 \
889 2584 8 41 ¡
991 2589 44 30 ^
1087 2587 6 40 1
1445 2582 48 40 SÖ
1590 2591 17 36 /
1673 2587 66 49 60;
1801 2591 10 32 \
1908 2588 40 45 'Q

244 2635 3 7 '
262 2632 8 14 '
337 2641 6 14 I
364 2638 6 14 >
417 2633 16 23 \
457 2635 9 15 ^
576 2639 9 11 '
717 2636 6 12 '
886 2633 6 22 I
1089 2631 5 15 '
1198 2633 6 14 '
1272 2634 6 15 '
1321 2643 6 13 I
1464 2643 6 13 I
1583 2632 9 16 '
1703 2645 25 11 ,,
1809 2631 8 17 >
1929 2646 6 10 .

268 2651 14 35 \
368 2657 12 37 \
437 2668 7 11 '
467 2655 20 34 \
518 2651 17 36 \
585 2657 15 31 N
721 2653 12 41 \
883 2661 6 17 '
1090 2651 6 32 '•
1186 2670 7 12 '
1262 2660 11 34 ;
1318 2665 6 17 '
1459 2663 8 19 '
1566 2655 18 39 /
1695 2672 7 12 '
1713 2645 15 49 /
1815 2655 12 38 \
2058 2663 6 19 •

279 2691 16 35 N
373 2679 16 51 \
601 2695 17 35 \
727 2682 15 55 \
877 2686 10 44 !
1092 2693 7 44 ;
1175 2707 7 12 '
1254 2683 13 51 /
1312 2706 6 17 '
1451 2688 11 41 I
1557 2707 9 16 '
1679 2696 35 42 ;•
1819 2675 17 61 \
1919 2703 7 17 '

292 2728 18 42 v
348 2740 5 16 '
386 2733 11 33 \
548 2731 13 27 ••
619 2738 16 31 \
734 2722 16 52 \
875 2741 6 14 '
1093 2720 7 42 i
1249 2743 6 12 '
1306 2729 9 37 1
1447 2738 7 19 '
1539 2734 17 40 /
1672 2749 6 11 '
1694 2727 14 43 /
1834 2746 8 16 »
1911 2728 10 42 /

309 2787 15 34 \
353 2789 5 13 '
400 2795 7 15 >
506 2798 9 13 »
638 2784 15 29 N
747 2784 13 34 \
869 2791 6 16 '
1097 2795 6 17 1
1148 2795 8 17 /
1234 2787 11 33 /
1300 2794 6 17 I

318 2811 8 17 >
351 2813 10 19 J
406 2816 7 17 >
517 2817 16 24 \
551 2811 18 30 \
584 2824 6 12 <
654 2821 8 12 >
752 2806 13 30 V
867 2815 6 17 I
1098 2814 205 19 ill
1435 2815 92 18 It
1651 2817 6 13 I
1678 2824 7 16 I
1850 2817 8 17 \
1900 2819 7 13 I
2051 2814 6 20 I

325 2836 12 27 \
358 2838 6 16 I
411 2840 8 17 »
525 2833 18 30 \
562 2831 18 32 \
590 2843 6 10 '
665 2847 9 14 t
761 2842 6 13 >
864 2839 6 17 •
1099 2839 6 14 >
1135 2841 7 16 I
1294 2840 6 15 I
1431 2838 6 17 I
1510 2845 7 13 I
1645 2839 6 12 '
1672 2852 6 11 I
1855 2840 48 17 <1
2050 2842 6 15 I

338 2875 9 21 V
362 2885 7 13 I
422 2884 6 12 »
555 2887 5 9 »
590 2886 4 7 '
603 2876 12 24 \
768 2879 6 13 *
860 2882 5 14 I
1102 2885 28 13 II
1218 2881 74 19 It
1425 2884 5 12 I
1495 2892 5 8 ,
1628 2887 7 15 t
1664 2880 7 14 I

1860 2860 8 19 \
1893 2864 7 15 I

240 3079 82 38 Die
343 3079 320 51 Morgan'sdie
686 3078 493 40 Chromosomenkarte
1201 3077 122 38 oben
1345 3076 120 49 zeigt
1488 3073 206 39 dieselbe
1711 3071 303 51 Reihenfolge
2038 3072 79 37 der

242 3134 127 38 Gene
400 3155 15 8 -
447 3133 311 50 symbolisiert
780 3134 133 38 durch
933 3132 286 40 Buchstaben
1244 3152 16 7 -
1291 3132 88 37 wie
1403 3131 80 37 das
1504 3128 451 39 Riesenchromosom
1975 3128 144 36 unten

1147 3267 65 49 29
