1933 3217
629 715 426 53 SYNOPSIS.

460 961 186 39 ORDER
675 962 34 37 I.
771 961 452 49 QUADRUMANA.*

165 1068 217 37 Character
401 1067 49 47 of
463 1069 138 37 Order.
666 1069 117 37 Teeth
814 1071 40 34 of
876 1070 101 35 three
996 1069 120 45 kinds,
1142 1069 141 43 incisor,
1303 1079 138 33 canine,
1460 1078 68 24 ana

217 1134 127 36 molar.
459 1134 100 37 Four
584 1136 226 36 extremities
839 1135 188 36 furnished
1056 1134 89 36 with
1178 1134 86 47 long
1286 1134 71 35 and
1384 1132 147 37 flexible

217 1200 126 45 hands,
369 1200 133 47 having
525 1202 189 46 opposable
742 1201 162 44 thumbs,
936 1200 130 47 chiefly
1093 1200 141 35 formed
1266 1200 56 35 for
1350 1199 174 47 grasping.

220 1265 177 37 Clavicles
415 1266 191 48 complete.
668 1266 120 36 Bones
807 1267 41 35 of
877 1266 62 36 the
966 1266 109 35 limbs
1103 1277 172 36 separate,
1295 1266 72 35 and
1385 1264 147 47 capable

222 1333 40 35 of
283 1338 187 41 pronation
498 1333 70 34 and
595 1332 217 36 supination.
874 1330 168 37 Pectoral
1069 1343 181 33 mammae,
1279 1336 71 30 two
1370 1343 40 23 or
1435 1331 91 34 four.

224 1397 79 36 The
323 1397 127 36 orbital
470 1398 70 34 and
560 1397 176 36 temporal
753 1397 99 36 fossae
869 1397 156 35 distinct.
1091 1395 80 37 The
1191 1408 174 33 stomach,
1387 1395 139 47 simple.

224 1462 114 45 Food,
360 1463 115 43 fruits,
498 1475 110 33 roots,
631 1463 71 35 and
720 1462 142 36 insects.
905 1461 147 45 Habits,
1075 1462 130 47 chiefly
1223 1461 175 45 arboreal,
1419 1461 115 47 living

221 1530 40 34 in
292 1529 125 34 forests
445 1540 39 23 or
512 1540 126 35 craggy
664 1528 202 46 precipices.
927 1526 138 37 Native
1098 1532 193 40 countries,
1331 1533 63 30 the
1422 1539 112 24 warm

221 1606 95 35 parts
347 1594 41 34 of
418 1592 138 46 Africa,
594 1592 120 46 India,
743 1594 71 34 and
847 1591 182 38 America,
1039 1593 27 48 if
1123 1591 174 38 Contains
1329 1598 71 31 two
1436 1598 98 42 great

222 1660 168 45 families,
408 1659 186 37 Simiadce
611 1659 72 35 and
700 1658 235 37 Lemuridce.

438 1776 266 39 SYNOPSIS
735 1775 67 40 OF
831 1776 110 37 THE
971 1775 268 39 SIMIADiE.

174 1854 32 37 I.
241 1853 100 37 Fam.
380 1854 191 38 Simiad^.
632 1855 100 37 Four
761 1857 149 35 incisive
943 1854 101 37 teeth
1075 1856 39 35 in
1147 1855 87 36 each
1264 1856 73 47 jaw
1369 1855 165 48 opposed.

228 1919 113 46 Nose,
365 1933 100 24 more
491 1933 39 24 or
560 1921 71 36 less
661 1927 220 40 prominent.
941 1920 170 36 Pectoral
1138 1933 180 32 mammae,
1349 1920 187 47 generally

227 1991 81 30 two.
343 1982 109 51 (Two
469 1982 273 52 sub-families.)

233 2048 32 37 1.
287 2049 91 38 Sub.
394 2050 99 36 Fam.
964 2051 198 37 Monkeys
1175 2051 48 46 of
1227 2051 308 38 theOldWorld.

284 2115 169 36 Number
467 2117 40 34 of
518 2116 99 35 teeth
638 2115 62 37 32.
732 2115 125 37 Molar
868 2116 114 46 teeth,
996 2117 70 35 five
1087 2130 47 23 on
1153 2117 87 36 each
1260 2118 87 45 side,
1371 2119 166 35 crownaed

284 2182 88 35 ■uith
400 2182 107 35 blunt
532 2180 189 37 tubercles.
793 2180 161 37 Nostrils
979 2183 183 35 separated
1189 2184 47 46 by
1254 2195 21 23 a
1293 2195 87 36 very
1398 2195 141 25 narrow

279 2247 164 35 division.
503 2245 79 37 The
596 2246 63 36 tail
674 2259 111 23 never
796 2246 214 48 prehensile.
1064 2247 111 37 With
1187 2261 40 23 or
1239 2249 154 36 without
1404 2249 132 36 cheek-

279 2323 156 36 pouches
454 2312 69 34 and
543 2311 202 37 callosities.
803 2311 150 37 Inhabit
972 2319 62 30 the
1057 2313 60 36 old
1136 2313 115 37 world
1270 2314 100 47 only.

211 2442 21 21 ♦
254 2440 77 30 This
345 2440 28 29 is
389 2443 56 26 the
460 2439 122 30 second
596 2448 97 22 order
707 2439 36 31 of
754 2443 87 27 most
855 2441 183 31 zoologists,

214 2491 17 34 t
252 2491 68 30 The
335 2492 153 37 Aye-aye,
507 2492 214 36 {Cheiromys,
739 2492 140 35 Cuvier,)
895 2501 95 21 alone
1005 2495 104 28 wants
1123 2495 56 28 the
1192 2493 116 30 canine
1321 2493 102 31 teeth.

212 2542 19 36 i
252 2542 145 38 Barbary
418 2549 70 29 ape,
507 2542 137 38 {Inuus,
673 2542 141 37 Cuvier,)
831 2551 96 22 alone
952 2543 135 31 reaches
1111 2546 57 28 the
1180 2545 173 31 southern
1363 2545 119 29 border
1503 2545 35 29 of

177 2591 139 40 Europe.
