2113 3404
933 299 87 31 THE
1052 299 242 33 DISORDERS
1326 301 52 32 OF
1411 301 173 32 SPEECH.

435 282 81 40 226

436 411 134 56 fectly
602 414 257 44 articulated
898 416 106 43 than
1041 419 213 55 anything
1290 419 73 42 the
1398 419 168 55 patient
1603 419 92 42 said
1729 419 96 41 that
1858 432 84 28 was
1976 423 77 37 not

436 481 192 45 dictated
643 485 55 55 by
715 487 441 52 emotion,—another
1173 489 194 42 instance
1385 490 44 41 of
1447 489 72 42 the
1536 503 142 42 power
1694 490 45 41 of
1753 503 53 27 an
1821 488 231 43 emotional

439 552 214 44 stimulus.

487 623 41 54 /.
561 623 161 56 Lastly,
740 626 35 41 it
798 640 99 41 may
912 627 51 42 be
986 628 138 41 added
1148 628 94 42 that
1263 633 243 50 temporary
1523 628 193 42 Aphasia
1736 628 36 41 is
1790 641 195 28 common
2007 626 44 42 in

438 693 175 54 general
634 695 225 55 paralysis,
882 697 232 55 especially
1136 698 111 42 after
1269 699 243 41 congestive
1535 698 178 42 attacks.

501 762 54 42 In
577 763 73 42 the
675 764 136 43 whole
833 779 131 41 range
987 767 47 41 of
1059 767 73 42 the
1155 767 295 43 disturbances
1483 769 46 40 of
1556 768 156 54 speech
1743 767 95 42 that
1868 780 70 28 are
1969 770 88 38 met

441 832 108 42 with
585 833 47 41 in
674 835 243 41 connexion
960 836 105 42 with
1105 837 212 55 Insanity,
1354 838 121 41 there
1513 851 69 28 are
1620 851 110 28 none
1766 837 44 41 of
1845 851 46 27 so
1928 836 126 42 much

440 903 207 53 practical
669 904 276 55 significance
972 919 46 29 as
1051 907 72 41 the
1150 906 295 43 disturbances
1476 907 45 41 in
1553 907 185 42 General
1771 906 213 42 Paralysis
2015 907 46 41 of

444 972 73 43 the
540 973 169 43 Insane.
773 974 112 42 That
906 975 37 42 is
966 975 113 56 why,
1099 976 46 41 in
1168 976 74 42 the
1265 977 133 42 above
1426 991 133 28 notes,
1582 978 22 41 I
1636 977 108 42 have
1775 976 208 42 ventured
2013 980 44 38 to

443 1048 113 37 treat
578 1044 44 41 of
643 1044 121 43 these
787 1045 297 42 disturbances
1106 1047 45 40 in
1174 1060 117 29 some
1318 1047 143 42 detail.
1521 1048 43 40 A
1595 1047 249 42 knowledge
1876 1046 45 41 of
1949 1047 111 41 their

444 1114 153 43 earlier
634 1116 345 43 manifestations
1013 1117 37 42 is
1083 1117 249 55 important,
1353 1123 76 36 not
1462 1117 102 42 only
1599 1122 43 37 to
1678 1117 71 42 the
1775 1116 180 42 alienist,
1985 1116 78 40 but

446 1185 89 42 also
558 1190 45 37 to
626 1185 74 43 the
722 1186 202 56 ordinary
942 1187 226 55 physician
1192 1187 83 42 and
1298 1187 73 43 the
1392 1187 171 56 general
1584 1186 304 56 practitioner.1

507 1327 23 41 I
583 1332 158 37 cannot
793 1328 209 42 conclude
1054 1328 87 42 this
1194 1328 177 42 chapter
1422 1336 184 33 without
1657 1328 173 55 making
1881 1325 184 57 grateful

447 1396 404 56 acknowledgment
892 1397 44 41 of
986 1397 61 41 all
1095 1397 74 42 the
1211 1398 108 41 kind
1361 1403 234 36 assistance
1638 1397 21 41 I
1711 1397 109 40 have
1871 1408 193 29 received

447 1466 45 43 in
529 1467 209 56 studying
772 1468 73 41 the
879 1468 156 55 speech
1068 1468 43 41 of
1153 1468 73 42 the
1263 1469 150 40 insane
1445 1474 44 35 at
1522 1468 72 41 the
1637 1467 136 54 Royal
1813 1465 252 53 Edinburgh

449 1538 199 42 Asylum.
726 1539 64 40 Dr
833 1538 208 42 Clouston
1093 1539 179 55 granted
1320 1553 67 27 me
1439 1540 87 40 free
1575 1537 251 55 permission
1881 1541 43 35 to
1965 1535 103 40 visit

449 1608 75 42 the
559 1608 262 42 Institution
859 1623 45 27 as
936 1609 120 42 often
1093 1623 45 27 as
1170 1609 139 55 might
1345 1609 52 41 be
1431 1622 249 40 necessary;
1721 1607 65 41 Dr
1818 1606 252 49 Robertson,

449 1678 69 42 his
541 1679 143 41 senior
705 1679 216 42 assistant,
944 1679 186 41 selected
1152 1679 184 41 suitable
1355 1692 116 28 cases
1493 1679 65 40 for
1578 1692 92 27 me;
1693 1677 81 41 and
1795 1677 63 40 Dr
1879 1674 187 42 Middle-

451 1763 127 28 mass,
604 1763 80 28 one
717 1750 46 41 of
791 1749 74 42 the
892 1749 147 55 junior
1069 1754 237 44 assistants,
1338 1748 156 42 helped
1532 1762 66 28 me
1634 1747 166 56 greatly
1835 1746 45 40 in
1917 1745 151 54 taking

452 1832 123 28 notes
601 1818 44 42 of
676 1819 129 41 them.
869 1818 203 42 Without
1104 1818 119 42 these
1256 1817 315 55 opportunities
1608 1817 64 41 for
1703 1816 143 55 study,
1879 1814 83 42 and
1996 1815 72 41 the

455 1890 235 41 assistance
727 1903 46 28 so
816 1888 272 55 courteously
1123 1888 139 55 given,
1300 1888 23 41 I
1362 1887 125 42 could
1525 1891 77 37 not
1637 1886 109 41 have
1780 1890 170 36 written
1986 1885 85 40 this

456 1965 191 38 chapter.

506 2054 13 22 1
547 2053 38 35 It
603 2064 135 24 should
755 2051 87 36 here
858 2051 47 35 be
921 2051 194 35 remarked
1133 2054 91 32 that,
1244 2049 111 36 while
1372 2050 40 35 in
1425 2061 133 24 almost
1575 2047 51 37 all
1644 2060 94 23 cases
1752 2047 62 35 the
1831 2047 244 46 peculiarities

459 2112 40 36 of
514 2111 132 36 speech
671 2111 74 36 and
763 2111 63 35 the
844 2110 106 36 other
975 2113 204 44 symptoms
1204 2110 41 34 in
1264 2107 158 37 General
1445 2107 182 36 Paralysis
1652 2117 131 24 render
1807 2104 63 36 the
1894 2104 182 47 diagnosis

461 2170 291 49 comparatively
770 2182 95 36 easy,
883 2170 105 35 there
1013 2181 60 24 are
1100 2173 73 31 two
1196 2168 106 36 other
1325 2167 145 36 morbid
1496 2166 204 35 conditions
1725 2163 121 36 which
1872 2164 206 35 sometimes

462 2243 161 37 produce
650 2231 64 36 the
740 2242 90 25 very
848 2242 99 24 same
975 2233 215 43 symptoms,
1208 2229 81 35 viz.,
1309 2227 159 36 Chronic
1495 2225 239 45 Alcoholism,
1753 2224 73 35 and
1853 2222 165 48 Syphilis
2043 2221 41 37 of

463 2292 65 36 the
546 2290 161 38 cerebral
724 2294 133 33 cortex.
910 2290 74 35 But
1002 2288 102 36 these
1122 2300 96 24 cases
1236 2287 100 37 often
1353 2298 147 24 recover
1516 2286 118 35 under
1650 2287 205 33 treatment.
