2113 3404
961 289 86 30 THK
1079 290 241 33 DISORDERS
1353 292 53 31 OF
1438 293 174 32 SPEECH.

464 275 83 40 222

523 404 89 44 The
635 410 113 38 most
771 406 318 45 characteristic
1112 410 45 41 of
1177 410 119 43 these
1314 415 267 39 movements
1595 426 70 29 are
1683 415 236 42 occasional
1936 417 141 55 quick,

467 481 269 51 momentary
767 477 264 57 Twitchings
1053 493 45 28 or
1121 480 247 43 Shiverings
1400 481 44 41 in
1482 482 72 42 the
1588 497 135 41 upper
1755 484 73 55 lip,
1851 499 45 28 or
1928 486 45 42 in
2006 487 72 42 the

465 547 256 42 naso-labial
744 547 102 51 fold,
868 562 45 28 or
935 550 245 42 sometimes
1210 550 43 42 in
1288 551 71 42 the
1392 552 217 42 muscular
1640 553 126 42 fibres
1789 555 43 41 of
1853 568 52 29 an
1929 557 149 41 eyelid.

465 617 120 56 They
622 632 125 28 occur
792 623 114 37 most
951 620 226 55 markedly
1215 621 121 43 when
1381 622 73 42 the
1490 623 168 55 patient
1704 624 36 42 is
1777 625 217 57 speaking,
2035 641 45 28 or

465 687 37 42 is
525 688 227 42 otherwise
775 688 174 56 moving
972 689 72 42 the
1066 689 75 55 lip,
1165 704 44 28 as
1242 691 43 40 in
1318 692 186 55 opening
1537 692 72 43 the
1636 694 152 41 mouth
1812 699 42 37 to
1876 696 202 54 protrude

468 758 72 41 the
563 762 168 52 tongue.
794 758 41 41 A
857 759 169 53 portion
1049 760 44 40 of
1122 760 74 42 the
1228 761 182 42 Levator
1442 760 127 43 Labii
1602 762 251 56 Superioris,
1876 779 45 28 or
1942 766 45 41 of
2006 766 73 42 the

469 829 264 43 Orbicularis
756 829 161 42 muscle
940 830 43 40 of
1006 829 71 42 the
1100 830 149 41 mouth
1273 844 47 28 or
1341 832 45 41 of
1408 831 73 43 the
1503 832 151 56 eyelid,
1677 847 46 28 or
1743 835 46 40 of
1806 848 25 28 a
1851 836 161 42 muscle
2034 836 45 43 in

466 900 75 42 the
564 899 112 53 chin,
698 899 214 55 suddenly
933 899 86 42 and
1053 900 179 55 slightly
1255 901 196 42 twitches
1486 903 107 41 from
1629 904 103 42 time
1769 910 43 36 to
1848 906 112 42 time.
2026 908 50 39 In

467 974 111 38 most
601 984 115 28 cases
739 970 120 42 these
882 969 133 56 slight
1036 970 248 56 twitchings
1307 972 53 41 do
1382 976 76 38 not
1480 973 166 42 exhibit
1674 974 256 44 themselves
1955 977 123 42 when

467 1040 72 42 the
562 1040 187 43 features
771 1054 71 29 are
865 1045 45 38 at
929 1044 114 39 rest:
1074 1041 35 41 it
1131 1041 35 42 is
1190 1041 124 42 when
1337 1057 24 27 a
1381 1043 228 57 voluntary
1626 1054 244 35 movement
1891 1047 36 42 is
1945 1048 134 51 made,

466 1124 45 29 as
533 1110 47 42 in
603 1111 209 56 speaking
833 1126 46 27 or
900 1111 187 55 opening
1108 1112 74 42 the
1204 1113 164 51 mouth,
1390 1113 95 42 that
1508 1114 102 56 they
1633 1129 164 41 appear.
1858 1117 124 42 With
2006 1118 73 42 the

465 1182 134 56 slight
621 1182 197 43 twitches
855 1182 119 42 there
1011 1183 36 41 is
1084 1183 119 42 often
1225 1184 245 52 associated,
1493 1184 156 57 during
1670 1187 163 54 speech,
1857 1201 23 27 a
1901 1188 173 54 general

465 1253 235 56 trembling
736 1253 46 42 of
815 1253 73 42 the
926 1253 96 55 lips,
1045 1253 88 42 like
1167 1253 96 42 that
1296 1255 244 43 sometimes
1578 1270 99 28 seen
1710 1255 45 43 in
1788 1257 72 42 the
1883 1258 83 55 lips
1989 1259 46 41 of
2053 1273 25 27 a

465 1324 180 56 healthy
667 1339 156 41 person
846 1324 156 56 during
1023 1329 119 51 great
1164 1325 232 42 emotional
1418 1326 270 42 excitement.
1751 1328 87 41 The
1857 1333 224 51 twitching

466 1395 85 41 and
574 1394 232 55 trembling
828 1393 44 43 in
897 1394 72 42 the
992 1394 127 41 facial
1142 1394 183 43 muscles
1348 1409 99 41 may
1462 1396 245 41 sometimes
1729 1396 51 42 be
1802 1397 183 54 brought
2006 1402 75 36 out

466 1466 107 42 with
595 1465 160 55 special
777 1465 279 42 distinctness
1078 1465 35 41 if
1134 1465 74 42 the
1230 1465 169 55 patient
1421 1466 52 41 be
1496 1465 130 42 asked
1648 1469 44 38 to
1710 1480 108 40 open
1842 1466 71 42 the
1931 1467 148 41 mouth

466 1534 85 42 and
588 1533 204 57 protrude
827 1533 73 41 the
938 1537 171 52 tongue,
1131 1533 233 55 especially
1395 1533 37 41 if
1462 1533 72 41 the
1572 1533 149 42 mouth
1753 1534 36 41 is
1827 1539 76 36 not
1926 1535 154 54 widely

465 1605 179 56 opened,
666 1604 84 42 and
774 1603 73 42 the
870 1608 158 51 tongue
1050 1604 36 42 is
1110 1603 101 55 only
1235 1603 92 42 half
1349 1603 243 55 protruded.

525 1676 53 41 In
617 1676 73 41 the
727 1679 171 51 tongue,
930 1674 125 41 when
1090 1674 35 41 it
1161 1674 37 41 is
1236 1674 246 54 protruded,
1514 1674 118 41 there
1654 1674 36 42 is
1712 1674 218 55 generally
1952 1674 129 42 much

464 1751 260 37 movement.
789 1745 134 41 There
955 1744 36 42 is
1025 1750 117 36 often
1175 1744 233 54 trembling
1440 1744 81 41 and
1552 1743 171 55 general
1745 1744 271 42 restlessness
2039 1745 43 41 of

465 1817 73 42 the
562 1816 138 42 whole
723 1829 141 41 organ,
887 1814 84 42 and
995 1814 118 41 there
1147 1828 69 27 are
1249 1813 100 51 also,
1372 1827 44 28 as
1451 1827 24 28 a
1507 1813 102 51 rule,
1633 1813 228 43 wave-like
1893 1819 188 37 contrac-

467 1888 114 41 tions
618 1887 48 41 in
700 1885 184 43 bundles
918 1885 46 41 of
992 1885 57 41 its
1083 1883 220 42 muscular
1324 1883 126 42 fibres
1470 1899 8 36 ;
1509 1887 73 51 yet
1603 1882 46 41 in
1672 1897 115 27 some
1809 1896 127 37 cases,
1958 1883 122 42 when

466 1960 73 41 the
564 1957 151 42 mouth
738 1957 36 41 is
797 1955 159 55 merely
981 1955 176 55 opened,
1180 1954 84 41 and
1297 1954 72 42 the
1402 1959 158 49 tongue
1591 1953 35 42 is
1656 1958 75 36 not
1753 1954 228 54 protruded
2005 1954 76 41 but

467 2028 182 43 allowed
682 2033 44 37 to
762 2027 58 41 lie
857 2026 45 42 in
937 2033 201 48 position,
1160 2025 73 41 the
1266 2029 266 37 movements
1555 2038 68 27 are
1645 2024 160 50 absent,
1828 2024 72 42 the
1924 2029 157 50 tongue

468 2099 130 42 being
620 2098 103 42 then
748 2102 120 50 quite
891 2096 100 42 still.

526 2169 23 42 I
584 2170 99 41 take
716 2169 35 40 it
774 2172 94 37 that
903 2167 117 42 these
1054 2165 228 42 wave-like
1315 2164 286 42 contractions
1633 2164 85 41 and
1755 2164 248 55 tremblings
2035 2165 45 41 in

468 2241 75 42 the
567 2242 185 41 features
785 2238 84 42 and
901 2244 171 47 tongue,
1095 2235 233 56 appearing
1360 2248 45 28 as
1437 2235 103 53 they
1564 2234 52 42 do
1642 2234 155 42 almost
1818 2235 263 53 exclusively

470 2312 157 54 during
648 2310 233 42 voluntary
899 2311 271 38 movements
1192 2306 44 41 of
1257 2305 74 42 the
1352 2309 132 50 parts,
1501 2318 68 28 are
1592 2304 83 41 due
1697 2308 42 37 to
1763 2303 161 43 disease
1946 2304 46 40 in
2009 2303 71 42 the

471 2387 138 38 motor
631 2381 103 42 cells
757 2381 45 41 of
831 2379 73 42 the
928 2378 167 42 Cortex.
1159 2377 88 40 But
1268 2389 45 28 as
1335 2374 75 42 the
1436 2378 138 37 motor
1596 2373 102 42 cells
1720 2375 46 40 of
1794 2373 73 42 the
1890 2372 193 43 Medulla

472 2468 70 29 are
574 2467 89 28 also
697 2456 119 37 often
848 2448 203 42 involved
1073 2448 45 40 in
1155 2445 184 43 General
1372 2444 226 55 Paralysis,
1621 2445 23 40 I
1676 2443 128 42 think
1836 2457 62 28 we
1930 2457 152 28 should

472 2539 101 28 also,
605 2524 45 40 in
698 2535 116 29 some
856 2533 129 28 cases,
1027 2517 90 42 find
1159 2515 126 43 small
1334 2514 178 42 fibrillar
1552 2518 267 38 movements
1859 2514 127 55 going
2029 2527 55 28 on

472 2592 247 44 constantly
742 2592 44 40 in
819 2589 73 42 the
924 2587 196 42 muscles,
1144 2600 106 27 even
1278 2585 126 41 when
1437 2584 103 54 they
1562 2597 70 28 are
1654 2582 226 43 otherwise
1910 2587 45 37 at
1985 2587 97 37 rest.

470 2666 137 41 These
625 2661 180 43 fibrillar
822 2671 278 30 movements,
1118 2657 46 41 of
1184 2655 238 54 medullary
1441 2654 148 55 origin,
1606 2653 155 42 should
1780 2654 50 41 be
1850 2659 234 36 associated

471 2735 106 43 with
599 2732 194 43 wasting.
854 2729 83 41 We
969 2742 68 28 see
1072 2726 105 43 such
1205 2725 183 42 wasting
1419 2723 84 42 and
1527 2724 83 41 fine
1631 2722 179 42 fibrillar
1840 2727 244 37 movement

472 2808 47 42 in
541 2806 75 42 the
638 2809 170 50 tongue,
832 2813 123 28 when
988 2799 36 41 it
1045 2798 37 41 is
1103 2795 224 55 becoming
1350 2793 224 57 paralyzed
1599 2793 140 55 owing
1761 2797 44 38 to
1825 2793 75 42 the
1921 2793 162 42 disease

472 2881 45 40 in
562 2877 72 42 the
680 2887 136 29 motor
857 2869 145 43 nuclei
1045 2869 46 41 of
1128 2867 74 42 the
1243 2865 190 43 medulla
1473 2865 157 40 known
1673 2878 45 27 as
1761 2863 323 43 Glosso-Labio-

473 2945 239 59 Laryngeal
733 2941 227 45 Paralysis.
1025 2938 18 42 I
1069 2938 53 42 do
1155 2941 75 38 not
1252 2949 183 42 suppose
1458 2934 95 43 that
1573 2934 212 54 anything
1806 2933 278 50 comparable,

472 3022 46 41 in
551 3019 161 55 degree,
746 3019 44 38 to
823 3013 73 42 the
930 3009 181 42 wasting
1143 3006 220 44 exhibited
1396 3005 44 41 in
1474 3004 86 42 this
1593 3004 164 42 disease
1790 3002 89 42 will
1911 3003 51 41 be
1994 3006 90 38 met

475 3091 105 44 with
603 3090 43 42 in
671 3088 74 42 the
766 3082 172 60 general
960 3092 210 45 paralysis
1192 3077 46 43 of
1265 3076 73 43 the
1364 3075 174 53 insane;
1570 3075 78 41 but
1667 3088 78 27 one
1769 3073 140 41 would
1931 3077 153 51 expect
