1933 3302
218 152 260 33 Anatomischer
499 151 133 32 Befund
657 152 34 30 in
717 150 60 31 der
801 149 230 31 Bauclihöhle.
1079 149 312 31 Mikroskopischer
1413 147 145 32 Befund.
1637 149 50 37 53

372 278 331 42 Anatomischer
733 276 165 40 Befund
929 276 44 38 in
1003 276 75 39 der
1108 275 291 40 Bauchhöhle.

218 388 73 38 Die
320 388 113 38 Milz
462 399 93 25 wird
584 384 76 39 fast
679 384 253 50 regelmässig
952 383 55 38 als
1028 385 248 48 vergrösserfc,
1308 383 99 37 doch
1427 381 99 40 auch
1547 380 142 40 einmal

91 442 56 38 als
177 442 230 38 verkleinert
443 439 232 38 bezeichnet.
733 438 184 38 Meistens
954 436 252 39 beschreiben
1245 436 54 37 sie
1337 436 60 38 die
1426 435 174 39 Autoren
1631 434 57 39 als

91 509 121 38 gross,
244 494 221 39 braunroth,
496 492 88 38 sehr
614 491 153 46 dunkel,
798 492 241 43 zerreissbar,
1071 489 132 47 weich,
1234 489 124 49 breiig
1388 492 70 35 etc.

220 548 72 38 Die
319 548 158 38 Leber
508 546 91 37 wird
629 559 84 23 zum
744 544 111 39 Theil
884 545 56 38 als
970 544 168 38 normal,
1178 543 55 38 als
1271 543 104 38 klein
1412 544 78 37 und
1527 542 159 46 farblos,

94 604 99 37 dann
223 602 139 38 wieder
390 600 55 39 als
474 612 132 38 gross,
638 598 206 46 blutreich,
875 597 234 48 braunroth,
1140 596 148 47 schlaff,
1320 596 165 51 brüchig
1515 599 70 36 etc.
1617 608 69 38 ge-

92 656 190 38 schildert.

219 708 112 38 Auch
360 706 69 38 auf
454 706 67 38 der
548 705 345 39 Leberoberfläche
930 705 69 38 sah
1028 704 205 39 Hennen
1271 709 245 46 gangränöse
1544 703 144 38 Flecke

91 762 220 50 gegenüber
354 760 103 38 einer
500 759 59 39 die
601 759 282 39 Bauchdecken
926 760 77 37 und
1046 759 67 37 das
1153 757 204 39 Bauchfell
1396 758 292 50 perforirenden

90 813 526 51 Hospitalbrandulceration.

219 868 72 37 Die
319 867 185 38 Nieren
541 868 154 37 werden
732 867 115 38 theils
885 880 54 24 als
979 865 149 39 normal
1166 865 239 39 bezeichnet,
1446 864 116 39 theils
1596 864 96 38 fand

92 921 80 38 sich
199 920 343 50 parenchymatöse
572 921 199 50 Trübung.
828 920 226 38 Fischer,
1092 919 167 38 welcher
1296 919 89 38 sehr
1420 919 135 38 häufig
1591 918 101 38 intra

91 978 117 34 vitam
230 974 161 38 Eiweiss
422 975 51 36 im
494 974 95 39 Urin
620 974 204 46 nachwies,
855 974 109 50 giebt
993 988 59 23 an,
1084 974 87 37 dass
1202 986 40 25 er
1270 973 40 37 in
1341 973 73 38 den
1439 972 145 39 Nieren
1614 972 79 38 fast

93 1031 176 35 constant
298 1028 111 37 trübe
439 1027 247 38 Schwellung
715 1028 66 37 der
809 1027 222 50 Epithehen
1061 1027 196 50 gefunden
1285 1027 110 37 habe.

219 1081 45 37 In
295 1082 66 37 der
389 1081 148 38 Blase
575 1081 96 38 wird
709 1081 139 38 einmal
877 1080 189 38 Injection
1105 1081 67 37 der
1202 1080 264 38 Schleimhaut
1504 1082 185 36 erwähnt.

94 1134 164 38 Betreffs
290 1135 103 38 einer
422 1135 168 37 directen
611 1134 191 38 Infection
833 1135 66 37 der
919 1134 400 38 Blasenschleimhaut
1348 1135 118 37 durch
1486 1134 203 50 Hospital-

92 1189 120 37 brand
241 1188 207 37 verweisen
476 1188 70 37 wir
575 1188 70 38 auf
671 1188 36 38 S.
740 1189 62 36 43.

221 1242 79 37 Der
335 1242 304 37 Darmkanal
680 1241 124 51 zeigte
841 1242 125 38 neben
1003 1242 67 38 der
1106 1242 92 38 Milz
1237 1241 59 38 die
1333 1242 220 50 häufigsten
1589 1241 99 39 Ver-

95 1296 258 49 änderungen.
409 1295 191 50 Injection
634 1295 66 38 der
729 1295 262 38 Schleimhaut
1029 1296 64 37 des
1123 1295 247 38 Dünndarms
1400 1296 94 38 wird
1523 1295 168 38 vielfach

97 1348 182 38 erwähnt.
337 1348 45 38 In
421 1349 163 38 anderen
615 1349 133 37 Fällen
786 1363 79 23 war
903 1349 59 38 die
993 1348 265 39 Schleimhaut
1294 1349 104 38 blass
1434 1350 78 37 und
1550 1362 138 25 aufge-

94 1402 158 38 lockert.
309 1401 144 39 Femer
481 1403 129 37 wurde
640 1402 247 38 Schwellung
916 1403 67 37 der
1001 1402 164 38 Follikel
1194 1403 51 37 im
1275 1406 163 34 unteren
1459 1403 133 37 Theile
1623 1404 66 36 des

94 1455 121 38 Ileuni
244 1456 241 37 beobachtet.
525 1456 79 37 Der
623 1456 152 38 Befund
796 1470 73 24 von
896 1456 231 38 schwarzen,
1158 1457 229 37 subserösen
1406 1457 283 37 Extravasaten

96 1509 69 37 auf
181 1509 66 37 der
266 1508 112 39 Höhe
399 1510 66 37 der
483 1509 137 38 Falten
648 1509 52 37 im
720 1510 210 37 Dickdarm
958 1510 51 37 ist
1036 1510 102 37 wohl
1168 1510 54 37 als
1253 1511 211 49 septisches
1486 1509 202 51 Symptom

95 1562 253 37 aufzufassen.

221 1615 164 37 Betreffs
414 1616 66 37 der
509 1615 171 38 directen
699 1615 189 39 Infection
909 1617 65 37 des
994 1616 319 39 Peritoneums
1344 1617 121 38 durch
1484 1616 203 50 Hospital-

93 1668 123 38 brand
253 1668 212 38 yerweisen
505 1669 71 37 wir
618 1669 69 37 auf
713 1669 36 38 S.
781 1670 50 37 43
873 1671 77 36 und
987 1670 40 37 in
1055 1670 133 51 Bezug
1226 1671 70 38 auf
1330 1671 59 38 die
1419 1671 162 38 örtliche
1610 1671 77 37 Er-

92 1721 207 51 krankung
328 1722 67 37 der
424 1721 284 39 Schleimhäute
738 1723 69 37 auf
832 1722 38 39 S.
901 1724 63 36 42.

220 1826 142 38 Ferner
389 1827 51 38 ist
469 1828 85 37 dem
583 1828 215 38 klinischen
827 1829 176 39 Befunde
1033 1831 67 37 der
1127 1831 266 50 Erkrankung
1429 1832 67 37 der
1529 1830 160 39 regio-

95 1883 157 34 nären
280 1878 382 52 Lymphdrüsen
690 1882 295 51 hinzuzufügen,
1018 1884 87 38 dass
1134 1884 130 38 Bark
1276 1898 48 24 er
1352 1887 99 35 trotz
1481 1885 207 38 colossaler

93 1932 265 52 Ausdehnung
393 1935 64 36 des
486 1934 344 50 Hospitalbrandes
867 1951 60 23 am
955 1937 309 39 Unterschenkel
1299 1939 59 37 die
1388 1938 300 39 Leistendrüsen

95 1999 73 24 nur
195 1987 104 37 klein
328 1988 92 37 fand
448 2010 53 4 —
530 1989 54 37 sie
613 2003 128 24 waren
769 1989 52 38 im
850 1990 278 39 Durchschnitt
1155 1993 177 37 röthlich.

221 2039 194 50 Eitrige
449 2039 318 42 Metastasen
800 2042 49 38 in
886 2043 84 39 der
1004 2043 203 40 Parotis
1240 2047 77 36 und
1347 2046 40 37 in
1417 2047 73 37 den
1519 2059 169 25 anderen

96 2091 336 50 Speicheldrüsen,
472 2095 115 38 sowie
621 2096 40 37 in
703 2096 195 39 Gelenken
934 2098 85 38 sind
1052 2099 207 38 zweifellos
1298 2100 103 38 einer
1436 2100 251 50 pyämischen

98 2144 274 51 Complication
400 2150 305 37 zuzuschreiben.

223 2199 72 37 Die
314 2204 184 35 neuesten
517 2200 475 52 mikroskopischen
1011 2203 467 41 Untersuchungen
1502 2207 95 37 über
1618 2207 66 37 das

97 2263 87 25 vom
203 2251 300 51 Hospitalbrand
532 2256 201 49 ergriffene
755 2256 161 39 Gewebe
946 2258 129 38 finden
1104 2260 70 36 wir
1199 2260 63 37 bei
1282 2259 77 38 Tri
1371 2262 19 36 b
1402 2274 44 24 es
1475 2260 115 38 1871.
1638 2260 47 37 In

99 2304 65 37 der
183 2305 170 38 Eschara
372 2307 141 38 fanden
533 2308 81 37 sich
634 2309 96 37 nach
754 2309 351 52 Untersuchungen
1125 2326 73 24 von
1217 2312 170 39 Follin,
1421 2313 155 38 Cornil
1605 2314 79 37 und

96 2356 100 38 Ran
207 2358 44 37 vi
262 2372 48 24 er
338 2359 419 51 Bindegewebsfasern,
787 2363 191 50 gemischt
1008 2365 70 37 mit
1109 2366 104 37 einer
1242 2367 211 49 amorphen
1474 2366 208 46 Substanz;

97 2409 127 39 femer
253 2425 85 24 zum
359 2412 112 39 Theil
499 2420 182 33 zerstörte
701 2415 308 48 Muskelbündel,
1038 2418 253 39 Fibrinfäden
1311 2421 77 37 und
1409 2421 273 49 Eiterkörper-

99 2463 107 37 chen.
265 2465 174 39 Tribes
468 2467 78 37 und
574 2467 49 37 H.
654 2468 182 38 Marais
874 2471 275 39 untersuchten
1179 2474 59 37 die
1267 2474 202 38 Membran
1500 2475 65 36 des
1594 2474 88 50 pul-

97 2521 118 44 pösen
243 2518 355 50 Hospitalbrandes.
657 2521 181 38 Inmitten
868 2523 104 38 einer
1008 2526 210 49 amorphen
1246 2527 146 38 Masse,
1431 2527 145 38 welche
1615 2528 68 37 das

98 2568 152 39 Stroma
278 2571 120 39 dieses
427 2573 214 38 Exsudates
670 2575 160 46 bildete,
868 2576 140 39 fanden
1044 2579 81 38 sich
1153 2579 251 40 Fibrinfäden
1432 2581 40 38 in
1502 2594 182 37 geringer

96 2621 159 48 Anzahl,
288 2625 140 38 welche
456 2626 38 37 in
524 2627 109 37 ihren
651 2627 184 39 Maschen
863 2631 77 36 und
968 2631 39 37 in
1037 2632 102 38 ihrer
1157 2633 121 39 Dicke
1299 2634 270 38 Leucocythen
1599 2634 83 38 ein-

97 2675 206 41 schlössen.
360 2678 174 39 Letztere
577 2694 127 24 waren
744 2682 199 49 granulös,
990 2685 59 37 die
1088 2685 169 40 Granula
1293 2702 129 24 waren
1458 2701 109 36 gross
1604 2687 79 38 und

98 2729 153 47 dunkel,
282 2731 68 37 wie
380 2731 402 51 Kohlepartikelchen,
813 2736 90 37 oder
932 2751 41 24 so
1000 2739 70 38 wie
1100 2753 87 25 man
1218 2741 54 37 sie
1300 2742 39 37 in
1369 2742 71 36 den
1462 2740 129 50 Sputis
1620 2741 62 38 bei

97 2781 264 39 chronischem
404 2784 367 40 Bronchialkatarrh
813 2788 129 39 findet.
1004 2791 287 52 Mycologische
1331 2794 351 51 Untersuchungen

95 2836 100 37 nach
223 2836 99 38 allen
350 2837 204 40 Methoden
583 2840 125 38 finden
739 2841 81 37 sich
849 2842 62 37 bei
938 2843 157 40 Heine.
