<?xml version="1.0" encoding="UTF-8"?>
<alto xmlns="http://www.loc.gov/standards/alto/ns-v2#" xmlns:xsi="http://www.w3.org/2001/XMLSchema-instance" xsi:schemaLocation="http://www.loc.gov/standards/alto/ns-v2# http://www.loc.gov/standards/alto/alto.xsd">
  <Description>
    <MeasurementUnit>pixel</MeasurementUnit>
    <sourceImageInformation>
      <fileName>b22031261_abbyy.xml</fileName>
    </sourceImageInformation>
    <OCRProcessing ID="OCR_1">
      <preProcessingStep>
        <processingDateTime>2016-02-11T05:40:32</processingDateTime>
        <processingAgency>intranda GmbH, www.intranda.com</processingAgency>
        <processingSoftware>
          <softwareCreator>intranda GmbH, Germany</softwareCreator>
          <softwareName>intranda OCR Module for TaskManager</softwareName>
          <softwareVersion>1.0r42</softwareVersion>
        </processingSoftware>
      </preProcessingStep>
      <ocrProcessingStep>
        <processingSoftware>
          <softwareCreator>ABBYY (BIT Software), Russia</softwareCreator>
          <softwareName>FineReader Engine</softwareName>
          <softwareVersion>10</softwareVersion>
        </processingSoftware>
      </ocrProcessingStep>
    </OCRProcessing>
  </Description>
  <Layout>
    <Page PHYSICAL_IMG_NR="53" ID="PAGE_53" WIDTH="1895" HEIGHT="3217">
      <TopMargin ID="TopMargin_38" HPOS="702" VPOS="267" WIDTH="801" HEIGHT="42">
        <TextBlock ID="TextBlock_1161" HPOS="702" VPOS="267" WIDTH="801" HEIGHT="42">
          <TextLine ID="TextLine_1266" HPOS="1443" VPOS="267" WIDTH="60" HEIGHT="42">
            <String CONTENT="43" ID="Word_9649" HPOS="1443" VPOS="267" WIDTH="60" HEIGHT="42" />
          </TextLine>
          <TextLine ID="TextLine_1265" HPOS="702" VPOS="271" WIDTH="239" HEIGHT="33">
            <String CONTENT="MONKEYS." ID="Word_9648" HPOS="702" VPOS="271" WIDTH="239" HEIGHT="33" />
          </TextLine>
        </TextBlock>
      </TopMargin>
      <PrintSpace ID="PrintSpace_54" HPOS="140" VPOS="396" WIDTH="1369" HEIGHT="2208">
        <TextBlock ID="TextBlock_169" HPOS="140" VPOS="396" WIDTH="1369" HEIGHT="2066">
          <TextLine ID="TextLine_1267" HPOS="146" VPOS="396" WIDTH="1363" HEIGHT="63">
            <String CONTENT="this" ID="Word_9650" HPOS="146" VPOS="398" WIDTH="90" HEIGHT="46" />
            <SP ID="SP_8388" HPOS="237" VPOS="412" WIDTH="21" HEIGHT="0" />
            <String CONTENT="country," ID="Word_9651" HPOS="259" VPOS="403" WIDTH="204" HEIGHT="56" />
            <SP ID="SP_8389" HPOS="464" VPOS="404" WIDTH="17" HEIGHT="0" />
            <String CONTENT="the" ID="Word_9652" HPOS="482" VPOS="397" WIDTH="79" HEIGHT="47" />
            <SP ID="SP_8390" HPOS="562" VPOS="396" WIDTH="20" HEIGHT="0" />
            <String CONTENT="foot" ID="Word_9653" HPOS="583" VPOS="396" WIDTH="89" HEIGHT="48" />
            <SP ID="SP_8391" HPOS="673" VPOS="403" WIDTH="22" HEIGHT="0" />
            <String CONTENT="was" ID="Word_9654" HPOS="696" VPOS="413" WIDTH="93" HEIGHT="31" />
            <SP ID="SP_8392" HPOS="790" VPOS="413" WIDTH="22" HEIGHT="0" />
            <String CONTENT="observed" ID="Word_9655" HPOS="813" VPOS="399" WIDTH="212" HEIGHT="45" />
            <SP ID="SP_8393" HPOS="1026" VPOS="399" WIDTH="18" HEIGHT="0" />
            <String CONTENT="to" ID="Word_9656" HPOS="1045" VPOS="404" WIDTH="47" HEIGHT="40" />
            <SP ID="SP_8394" HPOS="1093" VPOS="413" WIDTH="21" HEIGHT="0" />
            <String CONTENT="rest" ID="Word_9657" HPOS="1115" VPOS="405" WIDTH="90" HEIGHT="40" />
            <SP ID="SP_8395" HPOS="1206" VPOS="405" WIDTH="17" HEIGHT="0" />
            <String CONTENT="on" ID="Word_9658" HPOS="1224" VPOS="414" WIDTH="55" HEIGHT="31" />
            <SP ID="SP_8396" HPOS="1280" VPOS="399" WIDTH="16" HEIGHT="0" />
            <String CONTENT="its" ID="Word_9659" HPOS="1297" VPOS="399" WIDTH="59" HEIGHT="46" />
            <SP ID="SP_8397" HPOS="1357" VPOS="415" WIDTH="22" HEIGHT="0" />
            <String CONTENT="outer" ID="Word_9660" HPOS="1380" VPOS="407" WIDTH="129" HEIGHT="40" />
          </TextLine>
          <TextLine ID="TextLine_1268" HPOS="145" VPOS="475" WIDTH="1354" HEIGHT="64">
            <String CONTENT="edge." ID="Word_9661" HPOS="145" VPOS="475" WIDTH="121" HEIGHT="61" />
            <SP ID="SP_8398" HPOS="267" VPOS="475" WIDTH="67" HEIGHT="0" />
            <String CONTENT="The" ID="Word_9662" HPOS="335" VPOS="475" WIDTH="97" HEIGHT="46" />
            <SP ID="SP_8399" HPOS="433" VPOS="490" WIDTH="20" HEIGHT="0" />
            <String CONTENT="plantaris" ID="Word_9663" HPOS="454" VPOS="480" WIDTH="214" HEIGHT="56" />
            <SP ID="SP_8400" HPOS="669" VPOS="491" WIDTH="13" HEIGHT="0" />
            <String CONTENT="muscle" ID="Word_9664" HPOS="683" VPOS="490" WIDTH="169" HEIGHT="31" />
            <SP ID="SP_8401" HPOS="853" VPOS="490" WIDTH="15" HEIGHT="0" />
            <String CONTENT="also," ID="Word_9665" HPOS="869" VPOS="491" WIDTH="106" HEIGHT="39" />
            <SP ID="SP_8402" HPOS="976" VPOS="492" WIDTH="19" HEIGHT="0" />
            <String CONTENT="which" ID="Word_9666" HPOS="996" VPOS="476" WIDTH="144" HEIGHT="45" />
            <SP ID="SP_8403" HPOS="1141" VPOS="476" WIDTH="25" HEIGHT="0" />
            <String CONTENT="is" ID="Word_9667" HPOS="1167" VPOS="476" WIDTH="38" HEIGHT="45" />
            <SP ID="SP_8404" HPOS="1206" VPOS="492" WIDTH="21" HEIGHT="0" />
            <String CONTENT="very" ID="Word_9668" HPOS="1228" VPOS="491" WIDTH="109" HEIGHT="46" />
            <SP ID="SP_8405" HPOS="1338" VPOS="477" WIDTH="21" HEIGHT="0" />
            <String CONTENT="fleshy" ID="Word_9669" HPOS="1360" VPOS="477" WIDTH="139" HEIGHT="62" />
          </TextLine>
          <TextLine ID="TextLine_1269" HPOS="145" VPOS="552" WIDTH="1356" HEIGHT="61">
            <String CONTENT="among" ID="Word_9670" HPOS="145" VPOS="567" WIDTH="162" HEIGHT="46" />
            <SP ID="SP_8406" HPOS="308" VPOS="567" WIDTH="19" HEIGHT="0" />
            <String CONTENT="quadrumanous" ID="Word_9671" HPOS="328" VPOS="567" WIDTH="363" HEIGHT="45" />
            <SP ID="SP_8407" HPOS="692" VPOS="567" WIDTH="21" HEIGHT="0" />
            <String CONTENT="animals," ID="Word_9672" HPOS="714" VPOS="552" WIDTH="206" HEIGHT="52" />
            <SP ID="SP_8408" HPOS="921" VPOS="552" WIDTH="18" HEIGHT="0" />
            <String CONTENT="instead" ID="Word_9673" HPOS="940" VPOS="552" WIDTH="177" HEIGHT="46" />
            <SP ID="SP_8409" HPOS="1118" VPOS="553" WIDTH="13" HEIGHT="0" />
            <String CONTENT="of" ID="Word_9674" HPOS="1132" VPOS="552" WIDTH="49" HEIGHT="46" />
            <SP ID="SP_8410" HPOS="1182" VPOS="552" WIDTH="13" HEIGHT="0" />
            <String CONTENT="terminating," ID="Word_9675" HPOS="1196" VPOS="553" WIDTH="305" HEIGHT="51" />
          </TextLine>
          <TextLine ID="TextLine_1270" HPOS="144" VPOS="628" WIDTH="1362" HEIGHT="63">
            <String CONTENT="as" ID="Word_9676" HPOS="144" VPOS="644" WIDTH="48" HEIGHT="29" />
            <SP ID="SP_8411" HPOS="193" VPOS="628" WIDTH="21" HEIGHT="0" />
            <String CONTENT="it" ID="Word_9677" HPOS="215" VPOS="628" WIDTH="37" HEIGHT="46" />
            <SP ID="SP_8412" HPOS="253" VPOS="629" WIDTH="21" HEIGHT="0" />
            <String CONTENT="does" ID="Word_9678" HPOS="275" VPOS="629" WIDTH="102" HEIGHT="45" />
            <SP ID="SP_8413" HPOS="378" VPOS="628" WIDTH="21" HEIGHT="0" />
            <String CONTENT="in" ID="Word_9679" HPOS="400" VPOS="628" WIDTH="48" HEIGHT="46" />
            <SP ID="SP_8414" HPOS="449" VPOS="644" WIDTH="19" HEIGHT="0" />
            <String CONTENT="man," ID="Word_9680" HPOS="469" VPOS="644" WIDTH="123" HEIGHT="39" />
            <SP ID="SP_8415" HPOS="593" VPOS="630" WIDTH="23" HEIGHT="0" />
            <String CONTENT="by" ID="Word_9681" HPOS="617" VPOS="630" WIDTH="62" HEIGHT="60" />
            <SP ID="SP_8416" HPOS="680" VPOS="628" WIDTH="20" HEIGHT="0" />
            <String CONTENT="insertion" ID="Word_9682" HPOS="701" VPOS="628" WIDTH="213" HEIGHT="46" />
            <SP ID="SP_8417" HPOS="915" VPOS="629" WIDTH="21" HEIGHT="0" />
            <String CONTENT="in" ID="Word_9683" HPOS="937" VPOS="629" WIDTH="47" HEIGHT="45" />
            <SP ID="SP_8418" HPOS="985" VPOS="636" WIDTH="20" HEIGHT="0" />
            <String CONTENT="the" ID="Word_9684" HPOS="1006" VPOS="636" WIDTH="78" HEIGHT="39" />
            <SP ID="SP_8419" HPOS="1085" VPOS="644" WIDTH="25" HEIGHT="0" />
            <String CONTENT="os" ID="Word_9685" HPOS="1111" VPOS="644" WIDTH="46" HEIGHT="31" />
            <SP ID="SP_8420" HPOS="1158" VPOS="645" WIDTH="25" HEIGHT="0" />
            <String CONTENT="calcis," ID="Word_9686" HPOS="1184" VPOS="629" WIDTH="146" HEIGHT="55" />
            <SP ID="SP_8421" HPOS="1331" VPOS="645" WIDTH="22" HEIGHT="0" />
            <String CONTENT="passes" ID="Word_9687" HPOS="1354" VPOS="645" WIDTH="152" HEIGHT="46" />
          </TextLine>
          <TextLine ID="TextLine_1271" HPOS="144" VPOS="705" WIDTH="1357" HEIGHT="55">
            <String CONTENT="over" ID="Word_9688" HPOS="144" VPOS="720" WIDTH="103" HEIGHT="30" />
            <SP ID="SP_8422" HPOS="248" VPOS="712" WIDTH="11" HEIGHT="0" />
            <String CONTENT="that" ID="Word_9689" HPOS="260" VPOS="706" WIDTH="102" HEIGHT="45" />
            <SP ID="SP_8423" HPOS="363" VPOS="707" WIDTH="16" HEIGHT="0" />
            <String CONTENT="bone" ID="Word_9690" HPOS="380" VPOS="707" WIDTH="112" HEIGHT="44" />
            <SP ID="SP_8424" HPOS="493" VPOS="705" WIDTH="12" HEIGHT="0" />
            <String CONTENT="into" ID="Word_9691" HPOS="506" VPOS="705" WIDTH="95" HEIGHT="47" />
            <SP ID="SP_8425" HPOS="602" VPOS="712" WIDTH="15" HEIGHT="0" />
            <String CONTENT="the" ID="Word_9692" HPOS="618" VPOS="712" WIDTH="78" HEIGHT="39" />
            <SP ID="SP_8426" HPOS="697" VPOS="721" WIDTH="13" HEIGHT="0" />
            <String CONTENT="sole," ID="Word_9693" HPOS="711" VPOS="706" WIDTH="103" HEIGHT="54" />
            <SP ID="SP_8427" HPOS="815" VPOS="721" WIDTH="15" HEIGHT="0" />
            <String CONTENT="and" ID="Word_9694" HPOS="831" VPOS="706" WIDTH="89" HEIGHT="45" />
            <SP ID="SP_8428" HPOS="921" VPOS="706" WIDTH="12" HEIGHT="0" />
            <String CONTENT="is" ID="Word_9695" HPOS="934" VPOS="706" WIDTH="37" HEIGHT="45" />
            <SP ID="SP_8429" HPOS="972" VPOS="714" WIDTH="15" HEIGHT="0" />
            <String CONTENT="there" ID="Word_9696" HPOS="988" VPOS="714" WIDTH="125" HEIGHT="37" />
            <SP ID="SP_8430" HPOS="1114" VPOS="721" WIDTH="21" HEIGHT="0" />
            <String CONTENT="connected" ID="Word_9697" HPOS="1136" VPOS="707" WIDTH="241" HEIGHT="45" />
            <SP ID="SP_8431" HPOS="1378" VPOS="707" WIDTH="12" HEIGHT="0" />
            <String CONTENT="with" ID="Word_9698" HPOS="1391" VPOS="714" WIDTH="110" HEIGHT="38" />
          </TextLine>
          <TextLine ID="TextLine_1272" HPOS="143" VPOS="782" WIDTH="1360" HEIGHT="61">
            <String CONTENT="the" ID="Word_9699" HPOS="143" VPOS="788" WIDTH="78" HEIGHT="38" />
            <SP ID="SP_8432" HPOS="222" VPOS="797" WIDTH="20" HEIGHT="0" />
            <String CONTENT="plantar" ID="Word_9700" HPOS="243" VPOS="782" WIDTH="179" HEIGHT="60" />
            <SP ID="SP_8433" HPOS="423" VPOS="798" WIDTH="20" HEIGHT="0" />
            <String CONTENT="aponeurosis," ID="Word_9701" HPOS="444" VPOS="797" WIDTH="296" HEIGHT="46" />
            <SP ID="SP_8434" HPOS="741" VPOS="798" WIDTH="23" HEIGHT="0" />
            <String CONTENT="an" ID="Word_9702" HPOS="765" VPOS="798" WIDTH="60" HEIGHT="30" />
            <SP ID="SP_8435" HPOS="826" VPOS="798" WIDTH="20" HEIGHT="0" />
            <String CONTENT="arrangement" ID="Word_9703" HPOS="847" VPOS="788" WIDTH="310" HEIGHT="40" />
            <SP ID="SP_8436" HPOS="1158" VPOS="782" WIDTH="29" HEIGHT="0" />
            <String CONTENT="incompatible" ID="Word_9704" HPOS="1188" VPOS="782" WIDTH="315" HEIGHT="47" />
          </TextLine>
          <TextLine ID="TextLine_1273" HPOS="144" VPOS="858" WIDTH="1358" HEIGHT="56">
            <String CONTENT="\nth" ID="Word_9705" HPOS="144" VPOS="859" WIDTH="113" HEIGHT="44" />
            <SP ID="SP_8437" HPOS="258" VPOS="859" WIDTH="21" HEIGHT="0" />
            <String CONTENT="the" ID="Word_9706" HPOS="280" VPOS="865" WIDTH="78" HEIGHT="39" />
            <SP ID="SP_8438" HPOS="359" VPOS="874" WIDTH="21" HEIGHT="0" />
            <String CONTENT="erect" ID="Word_9707" HPOS="381" VPOS="866" WIDTH="117" HEIGHT="39" />
            <SP ID="SP_8439" HPOS="499" VPOS="866" WIDTH="20" HEIGHT="0" />
            <String CONTENT="attitude," ID="Word_9708" HPOS="520" VPOS="859" WIDTH="211" HEIGHT="55" />
            <SP ID="SP_8440" HPOS="732" VPOS="875" WIDTH="23" HEIGHT="0" />
            <String CONTENT="as" ID="Word_9709" HPOS="756" VPOS="875" WIDTH="49" HEIGHT="30" />
            <SP ID="SP_8441" HPOS="806" VPOS="866" WIDTH="31" HEIGHT="0" />
            <String CONTENT="the" ID="Word_9710" HPOS="838" VPOS="860" WIDTH="78" HEIGHT="45" />
            <SP ID="SP_8442" HPOS="917" VPOS="865" WIDTH="23" HEIGHT="0" />
            <String CONTENT="tendon" ID="Word_9711" HPOS="941" VPOS="865" WIDTH="168" HEIGHT="40" />
            <SP ID="SP_8443" HPOS="1110" VPOS="875" WIDTH="21" HEIGHT="0" />
            <String CONTENT="would" ID="Word_9712" HPOS="1132" VPOS="858" WIDTH="152" HEIGHT="47" />
            <SP ID="SP_8444" HPOS="1285" VPOS="859" WIDTH="20" HEIGHT="0" />
            <String CONTENT="be" ID="Word_9713" HPOS="1306" VPOS="860" WIDTH="54" HEIGHT="45" />
            <SP ID="SP_8445" HPOS="1361" VPOS="874" WIDTH="21" HEIGHT="0" />
            <String CONTENT="com-" ID="Word_9714" HPOS="1383" VPOS="874" WIDTH="119" HEIGHT="32" />
          </TextLine>
          <TextLine ID="TextLine_1274" HPOS="143" VPOS="935" WIDTH="1359" HEIGHT="61">
            <String CONTENT="pressed," ID="Word_9715" HPOS="143" VPOS="950" WIDTH="193" HEIGHT="45" />
            <SP ID="SP_8446" HPOS="337" VPOS="951" WIDTH="24" HEIGHT="0" />
            <String CONTENT="and" ID="Word_9716" HPOS="362" VPOS="936" WIDTH="89" HEIGHT="44" />
            <SP ID="SP_8447" HPOS="452" VPOS="936" WIDTH="21" HEIGHT="0" />
            <String CONTENT="its" ID="Word_9717" HPOS="474" VPOS="936" WIDTH="58" HEIGHT="45" />
            <SP ID="SP_8448" HPOS="533" VPOS="951" WIDTH="22" HEIGHT="0" />
            <String CONTENT="action" ID="Word_9718" HPOS="556" VPOS="936" WIDTH="146" HEIGHT="45" />
            <SP ID="SP_8449" HPOS="703" VPOS="935" WIDTH="20" HEIGHT="0" />
            <String CONTENT="impeded," ID="Word_9719" HPOS="724" VPOS="935" WIDTH="223" HEIGHT="61" />
            <SP ID="SP_8450" HPOS="948" VPOS="936" WIDTH="23" HEIGHT="0" />
            <String CONTENT="if" ID="Word_9720" HPOS="972" VPOS="936" WIDTH="41" HEIGHT="45" />
            <SP ID="SP_8451" HPOS="1014" VPOS="936" WIDTH="22" HEIGHT="0" />
            <String CONTENT="the" ID="Word_9721" HPOS="1037" VPOS="936" WIDTH="79" HEIGHT="45" />
            <SP ID="SP_8452" HPOS="1117" VPOS="936" WIDTH="27" HEIGHT="0" />
            <String CONTENT="heel" ID="Word_9722" HPOS="1145" VPOS="936" WIDTH="102" HEIGHT="45" />
            <SP ID="SP_8453" HPOS="1248" VPOS="936" WIDTH="26" HEIGHT="0" />
            <String CONTENT="rested" ID="Word_9723" HPOS="1275" VPOS="937" WIDTH="148" HEIGHT="45" />
            <SP ID="SP_8454" HPOS="1424" VPOS="937" WIDTH="22" HEIGHT="0" />
            <String CONTENT="on" ID="Word_9724" HPOS="1447" VPOS="953" WIDTH="55" HEIGHT="29" />
          </TextLine>
          <TextLine ID="TextLine_1275" HPOS="144" VPOS="1012" WIDTH="1358" HEIGHT="62">
            <String CONTENT="the" ID="Word_9725" HPOS="144" VPOS="1017" WIDTH="77" HEIGHT="39" />
            <SP ID="SP_8455" HPOS="222" VPOS="1027" WIDTH="15" HEIGHT="0" />
            <String CONTENT="ground.*" ID="Word_9726" HPOS="238" VPOS="1012" WIDTH="213" HEIGHT="60" />
            <SP ID="SP_8456" HPOS="452" VPOS="1012" WIDTH="67" HEIGHT="0" />
            <String CONTENT="But" ID="Word_9727" HPOS="520" VPOS="1013" WIDTH="92" HEIGHT="44" />
            <SP ID="SP_8457" HPOS="613" VPOS="1018" WIDTH="21" HEIGHT="0" />
            <String CONTENT="the" ID="Word_9728" HPOS="635" VPOS="1018" WIDTH="78" HEIGHT="40" />
            <SP ID="SP_8458" HPOS="714" VPOS="1028" WIDTH="21" HEIGHT="0" />
            <String CONTENT="most" ID="Word_9729" HPOS="736" VPOS="1019" WIDTH="117" HEIGHT="38" />
            <SP ID="SP_8459" HPOS="854" VPOS="1019" WIDTH="15" HEIGHT="0" />
            <String CONTENT="marked" ID="Word_9730" HPOS="870" VPOS="1013" WIDTH="187" HEIGHT="44" />
            <SP ID="SP_8460" HPOS="1058" VPOS="1013" WIDTH="14" HEIGHT="0" />
            <String CONTENT="peculiarity" ID="Word_9731" HPOS="1073" VPOS="1012" WIDTH="268" HEIGHT="62" />
            <SP ID="SP_8461" HPOS="1342" VPOS="1013" WIDTH="15" HEIGHT="0" />
            <String CONTENT="in" ID="Word_9732" HPOS="1358" VPOS="1013" WIDTH="48" HEIGHT="45" />
            <SP ID="SP_8462" HPOS="1407" VPOS="1020" WIDTH="15" HEIGHT="0" />
            <String CONTENT="the" ID="Word_9733" HPOS="1423" VPOS="1013" WIDTH="79" HEIGHT="46" />
          </TextLine>
          <TextLine ID="TextLine_1276" HPOS="143" VPOS="1087" WIDTH="1359" HEIGHT="63">
            <String CONTENT="foot," ID="Word_9734" HPOS="143" VPOS="1087" WIDTH="106" HEIGHT="55" />
            <SP ID="SP_8463" HPOS="250" VPOS="1103" WIDTH="22" HEIGHT="0" />
            <String CONTENT="and" ID="Word_9735" HPOS="273" VPOS="1089" WIDTH="91" HEIGHT="45" />
            <SP ID="SP_8464" HPOS="365" VPOS="1089" WIDTH="21" HEIGHT="0" />
            <String CONTENT="one" ID="Word_9736" HPOS="387" VPOS="1104" WIDTH="81" HEIGHT="30" />
            <SP ID="SP_8465" HPOS="469" VPOS="1104" WIDTH="21" HEIGHT="0" />
            <String CONTENT="which" ID="Word_9737" HPOS="491" VPOS="1088" WIDTH="150" HEIGHT="45" />
            <SP ID="SP_8466" HPOS="642" VPOS="1088" WIDTH="20" HEIGHT="0" />
            <String CONTENT="is" ID="Word_9738" HPOS="663" VPOS="1088" WIDTH="37" HEIGHT="46" />
            <SP ID="SP_8467" HPOS="701" VPOS="1088" WIDTH="21" HEIGHT="0" />
            <String CONTENT="instantly" ID="Word_9739" HPOS="723" VPOS="1088" WIDTH="224" HEIGHT="61" />
            <SP ID="SP_8468" HPOS="948" VPOS="1104" WIDTH="15" HEIGHT="0" />
            <String CONTENT="perceived," ID="Word_9740" HPOS="964" VPOS="1089" WIDTH="245" HEIGHT="60" />
            <SP ID="SP_8469" HPOS="1210" VPOS="1088" WIDTH="18" HEIGHT="0" />
            <String CONTENT="is" ID="Word_9741" HPOS="1229" VPOS="1088" WIDTH="38" HEIGHT="47" />
            <SP ID="SP_8470" HPOS="1268" VPOS="1095" WIDTH="15" HEIGHT="0" />
            <String CONTENT="the" ID="Word_9742" HPOS="1284" VPOS="1095" WIDTH="78" HEIGHT="39" />
            <SP ID="SP_8471" HPOS="1363" VPOS="1104" WIDTH="14" HEIGHT="0" />
            <String CONTENT="great" ID="Word_9743" HPOS="1378" VPOS="1097" WIDTH="124" HEIGHT="53" />
          </TextLine>
          <TextLine ID="TextLine_1277" HPOS="143" VPOS="1163" WIDTH="1361" HEIGHT="63">
            <String CONTENT="length" ID="Word_9744" HPOS="143" VPOS="1164" WIDTH="158" HEIGHT="46" />
            <SP ID="SP_8472" HPOS="302" VPOS="1164" WIDTH="34" HEIGHT="0" />
            <String CONTENT="of" ID="Word_9745" HPOS="337" VPOS="1163" WIDTH="49" HEIGHT="47" />
            <SP ID="SP_8473" HPOS="387" VPOS="1163" WIDTH="23" HEIGHT="0" />
            <String CONTENT="the" ID="Word_9746" HPOS="411" VPOS="1171" WIDTH="79" HEIGHT="39" />
            <SP ID="SP_8474" HPOS="491" VPOS="1180" WIDTH="27" HEIGHT="0" />
            <String CONTENT="phalanges" ID="Word_9747" HPOS="519" VPOS="1164" WIDTH="243" HEIGHT="61" />
            <SP ID="SP_8475" HPOS="763" VPOS="1180" WIDTH="25" HEIGHT="0" />
            <String CONTENT="or" ID="Word_9748" HPOS="789" VPOS="1180" WIDTH="47" HEIGHT="30" />
            <SP ID="SP_8476" HPOS="837" VPOS="1172" WIDTH="26" HEIGHT="0" />
            <String CONTENT="toes," ID="Word_9749" HPOS="864" VPOS="1172" WIDTH="109" HEIGHT="47" />
            <SP ID="SP_8477" HPOS="974" VPOS="1181" WIDTH="28" HEIGHT="0" />
            <String CONTENT="and" ID="Word_9750" HPOS="1003" VPOS="1166" WIDTH="91" HEIGHT="45" />
            <SP ID="SP_8478" HPOS="1095" VPOS="1166" WIDTH="30" HEIGHT="0" />
            <String CONTENT="the" ID="Word_9751" HPOS="1126" VPOS="1172" WIDTH="78" HEIGHT="38" />
            <SP ID="SP_8479" HPOS="1205" VPOS="1181" WIDTH="30" HEIGHT="0" />
            <String CONTENT="position" ID="Word_9752" HPOS="1236" VPOS="1166" WIDTH="191" HEIGHT="60" />
            <SP ID="SP_8480" HPOS="1428" VPOS="1182" WIDTH="33" HEIGHT="0" />
            <String CONTENT="of" ID="Word_9753" HPOS="1462" VPOS="1167" WIDTH="42" HEIGHT="44" />
          </TextLine>
          <TextLine ID="TextLine_1278" HPOS="144" VPOS="1242" WIDTH="1359" HEIGHT="60">
            <String CONTENT="the" ID="Word_9754" HPOS="144" VPOS="1247" WIDTH="81" HEIGHT="39" />
            <SP ID="SP_8481" HPOS="226" VPOS="1257" WIDTH="26" HEIGHT="0" />
            <String CONTENT="great" ID="Word_9755" HPOS="253" VPOS="1247" WIDTH="125" HEIGHT="55" />
            <SP ID="SP_8482" HPOS="379" VPOS="1247" WIDTH="24" HEIGHT="0" />
            <String CONTENT="toe," ID="Word_9756" HPOS="404" VPOS="1248" WIDTH="87" HEIGHT="47" />
            <SP ID="SP_8483" HPOS="492" VPOS="1257" WIDTH="31" HEIGHT="0" />
            <String CONTENT="which" ID="Word_9757" HPOS="524" VPOS="1242" WIDTH="148" HEIGHT="44" />
            <SP ID="SP_8484" HPOS="673" VPOS="1242" WIDTH="28" HEIGHT="0" />
            <String CONTENT="is" ID="Word_9758" HPOS="702" VPOS="1242" WIDTH="37" HEIGHT="44" />
            <SP ID="SP_8485" HPOS="740" VPOS="1258" WIDTH="27" HEIGHT="0" />
            <String CONTENT="placed" ID="Word_9759" HPOS="768" VPOS="1242" WIDTH="156" HEIGHT="60" />
            <SP ID="SP_8486" HPOS="925" VPOS="1242" WIDTH="28" HEIGHT="0" />
            <String CONTENT="nearly" ID="Word_9760" HPOS="954" VPOS="1243" WIDTH="158" HEIGHT="59" />
            <SP ID="SP_8487" HPOS="1113" VPOS="1242" WIDTH="28" HEIGHT="0" />
            <String CONTENT="in" ID="Word_9761" HPOS="1142" VPOS="1242" WIDTH="46" HEIGHT="45" />
            <SP ID="SP_8488" HPOS="1189" VPOS="1258" WIDTH="29" HEIGHT="0" />
            <String CONTENT="a" ID="Word_9762" HPOS="1219" VPOS="1258" WIDTH="28" HEIGHT="29" />
            <SP ID="SP_8489" HPOS="1248" VPOS="1242" WIDTH="19" HEIGHT="0" />
            <String CONTENT="line" ID="Word_9763" HPOS="1268" VPOS="1242" WIDTH="90" HEIGHT="46" />
            <SP ID="SP_8490" HPOS="1359" VPOS="1258" WIDTH="30" HEIGHT="0" />
            <String CONTENT="with" ID="Word_9764" HPOS="1390" VPOS="1249" WIDTH="113" HEIGHT="39" />
          </TextLine>
          <TextLine ID="TextLine_1279" HPOS="144" VPOS="1318" WIDTH="1358" HEIGHT="54">
            <String CONTENT="the" ID="Word_9765" HPOS="144" VPOS="1324" WIDTH="80" HEIGHT="38" />
            <SP ID="SP_8491" HPOS="225" VPOS="1333" WIDTH="21" HEIGHT="0" />
            <String CONTENT="ankle," ID="Word_9766" HPOS="247" VPOS="1318" WIDTH="147" HEIGHT="53" />
            <SP ID="SP_8492" HPOS="395" VPOS="1333" WIDTH="24" HEIGHT="0" />
            <String CONTENT="and" ID="Word_9767" HPOS="420" VPOS="1318" WIDTH="91" HEIGHT="44" />
            <SP ID="SP_8493" HPOS="512" VPOS="1318" WIDTH="20" HEIGHT="0" />
            <String CONTENT="does" ID="Word_9768" HPOS="533" VPOS="1318" WIDTH="102" HEIGHT="45" />
            <SP ID="SP_8494" HPOS="636" VPOS="1333" WIDTH="21" HEIGHT="0" />
            <String CONTENT="not" ID="Word_9769" HPOS="658" VPOS="1324" WIDTH="78" HEIGHT="39" />
            <SP ID="SP_8495" HPOS="737" VPOS="1324" WIDTH="26" HEIGHT="0" />
            <String CONTENT="reach," ID="Word_9770" HPOS="764" VPOS="1333" WIDTH="146" HEIGHT="39" />
            <SP ID="SP_8496" HPOS="911" VPOS="1334" WIDTH="31" HEIGHT="0" />
            <String CONTENT="at" ID="Word_9771" HPOS="943" VPOS="1324" WIDTH="48" HEIGHT="38" />
            <SP ID="SP_8497" HPOS="992" VPOS="1324" WIDTH="24" HEIGHT="0" />
            <String CONTENT="the" ID="Word_9772" HPOS="1017" VPOS="1324" WIDTH="79" HEIGHT="39" />
            <SP ID="SP_8498" HPOS="1097" VPOS="1333" WIDTH="24" HEIGHT="0" />
            <String CONTENT="nail," ID="Word_9773" HPOS="1122" VPOS="1318" WIDTH="108" HEIGHT="54" />
            <SP ID="SP_8499" HPOS="1231" VPOS="1334" WIDTH="24" HEIGHT="0" />
            <String CONTENT="within" ID="Word_9774" HPOS="1256" VPOS="1318" WIDTH="164" HEIGHT="46" />
            <SP ID="SP_8500" HPOS="1421" VPOS="1334" WIDTH="22" HEIGHT="0" />
            <String CONTENT="an" ID="Word_9775" HPOS="1444" VPOS="1334" WIDTH="58" HEIGHT="30" />
          </TextLine>
          <TextLine ID="TextLine_1280" HPOS="143" VPOS="1394" WIDTH="1359" HEIGHT="63">
            <String CONTENT="inch" ID="Word_9776" HPOS="143" VPOS="1394" WIDTH="104" HEIGHT="47" />
            <SP ID="SP_8501" HPOS="248" VPOS="1396" WIDTH="16" HEIGHT="0" />
            <String CONTENT="of" ID="Word_9777" HPOS="265" VPOS="1395" WIDTH="51" HEIGHT="47" />
            <SP ID="SP_8502" HPOS="317" VPOS="1395" WIDTH="11" HEIGHT="0" />
            <String CONTENT="the" ID="Word_9778" HPOS="329" VPOS="1395" WIDTH="77" HEIGHT="46" />
            <SP ID="SP_8503" HPOS="407" VPOS="1395" WIDTH="14" HEIGHT="0" />
            <String CONTENT="first" ID="Word_9779" HPOS="422" VPOS="1395" WIDTH="97" HEIGHT="47" />
            <SP ID="SP_8504" HPOS="520" VPOS="1402" WIDTH="13" HEIGHT="0" />
            <String CONTENT="metatarsal" ID="Word_9780" HPOS="534" VPOS="1396" WIDTH="263" HEIGHT="46" />
            <SP ID="SP_8505" HPOS="798" VPOS="1396" WIDTH="5" HEIGHT="0" />
            <String CONTENT="joint," ID="Word_9781" HPOS="804" VPOS="1396" WIDTH="133" HEIGHT="61" />
            <SP ID="SP_8506" HPOS="938" VPOS="1396" WIDTH="14" HEIGHT="0" />
            <String CONTENT="having" ID="Word_9782" HPOS="953" VPOS="1396" WIDTH="167" HEIGHT="61" />
            <SP ID="SP_8507" HPOS="1121" VPOS="1402" WIDTH="14" HEIGHT="0" />
            <String CONTENT="the" ID="Word_9783" HPOS="1136" VPOS="1402" WIDTH="79" HEIGHT="39" />
            <SP ID="SP_8508" HPOS="1216" VPOS="1411" WIDTH="12" HEIGHT="0" />
            <String CONTENT="appearance" ID="Word_9784" HPOS="1229" VPOS="1411" WIDTH="273" HEIGHT="45" />
          </TextLine>
          <TextLine ID="TextLine_1281" HPOS="145" VPOS="1471" WIDTH="1354" HEIGHT="62">
            <String CONTENT="of" ID="Word_9785" HPOS="145" VPOS="1471" WIDTH="51" HEIGHT="47" />
            <SP ID="SP_8509" HPOS="197" VPOS="1471" WIDTH="3" HEIGHT="0" />
            <String CONTENT="a" ID="Word_9786" HPOS="201" VPOS="1487" WIDTH="27" HEIGHT="30" />
            <SP ID="SP_8510" HPOS="229" VPOS="1479" WIDTH="13" HEIGHT="0" />
            <String CONTENT="thumb" ID="Word_9787" HPOS="243" VPOS="1473" WIDTH="163" HEIGHT="46" />
            <SP ID="SP_8511" HPOS="407" VPOS="1474" WIDTH="14" HEIGHT="0" />
            <String CONTENT="and" ID="Word_9788" HPOS="422" VPOS="1474" WIDTH="89" HEIGHT="44" />
            <SP ID="SP_8512" HPOS="512" VPOS="1473" WIDTH="11" HEIGHT="0" />
            <String CONTENT="hand," ID="Word_9789" HPOS="524" VPOS="1473" WIDTH="137" HEIGHT="54" />
            <SP ID="SP_8513" HPOS="662" VPOS="1489" WIDTH="16" HEIGHT="0" />
            <String CONTENT="whose" ID="Word_9790" HPOS="679" VPOS="1473" WIDTH="149" HEIGHT="45" />
            <SP ID="SP_8514" HPOS="829" VPOS="1488" WIDTH="14" HEIGHT="0" />
            <String CONTENT="office" ID="Word_9791" HPOS="844" VPOS="1473" WIDTH="122" HEIGHT="45" />
            <SP ID="SP_8515" HPOS="967" VPOS="1472" WIDTH="16" HEIGHT="0" />
            <String CONTENT="it" ID="Word_9792" HPOS="984" VPOS="1472" WIDTH="36" HEIGHT="45" />
            <SP ID="SP_8516" HPOS="1021" VPOS="1472" WIDTH="13" HEIGHT="0" />
            <String CONTENT="in" ID="Word_9793" HPOS="1035" VPOS="1472" WIDTH="47" HEIGHT="45" />
            <SP ID="SP_8517" HPOS="1083" VPOS="1488" WIDTH="12" HEIGHT="0" />
            <String CONTENT="reality" ID="Word_9794" HPOS="1096" VPOS="1473" WIDTH="164" HEIGHT="60" />
            <SP ID="SP_8518" HPOS="1261" VPOS="1488" WIDTH="11" HEIGHT="0" />
            <String CONTENT="performs." ID="Word_9795" HPOS="1273" VPOS="1471" WIDTH="226" HEIGHT="62" />
          </TextLine>
          <TextLine ID="TextLine_1282" HPOS="145" VPOS="1548" WIDTH="1356" HEIGHT="55">
            <String CONTENT="Nor" ID="Word_9796" HPOS="145" VPOS="1548" WIDTH="98" HEIGHT="46" />
            <SP ID="SP_8519" HPOS="244" VPOS="1549" WIDTH="19" HEIGHT="0" />
            <String CONTENT="is" ID="Word_9797" HPOS="264" VPOS="1549" WIDTH="38" HEIGHT="45" />
            <SP ID="SP_8520" HPOS="303" VPOS="1555" WIDTH="19" HEIGHT="0" />
            <String CONTENT="the" ID="Word_9798" HPOS="323" VPOS="1549" WIDTH="78" HEIGHT="46" />
            <SP ID="SP_8521" HPOS="402" VPOS="1549" WIDTH="21" HEIGHT="0" />
            <String CONTENT="internal" ID="Word_9799" HPOS="424" VPOS="1549" WIDTH="193" HEIGHT="47" />
            <SP ID="SP_8522" HPOS="618" VPOS="1550" WIDTH="15" HEIGHT="0" />
            <String CONTENT="conformation" ID="Word_9800" HPOS="634" VPOS="1549" WIDTH="318" HEIGHT="46" />
            <SP ID="SP_8523" HPOS="953" VPOS="1549" WIDTH="15" HEIGHT="0" />
            <String CONTENT="less" ID="Word_9801" HPOS="969" VPOS="1549" WIDTH="86" HEIGHT="46" />
            <SP ID="SP_8524" HPOS="1056" VPOS="1563" WIDTH="17" HEIGHT="0" />
            <String CONTENT="remarkable;" ID="Word_9802" HPOS="1074" VPOS="1550" WIDTH="313" HEIGHT="53" />
            <SP ID="SP_8525" HPOS="1388" VPOS="1556" WIDTH="33" HEIGHT="0" />
            <String CONTENT="the" ID="Word_9803" HPOS="1422" VPOS="1549" WIDTH="79" HEIGHT="47" />
          </TextLine>
          <TextLine ID="TextLine_1283" HPOS="145" VPOS="1625" WIDTH="1355" HEIGHT="62">
            <String CONTENT="whole" ID="Word_9804" HPOS="145" VPOS="1625" WIDTH="144" HEIGHT="46" />
            <SP ID="SP_8526" HPOS="290" VPOS="1641" WIDTH="21" HEIGHT="0" />
            <String CONTENT="arrangement" ID="Word_9805" HPOS="312" VPOS="1633" WIDTH="310" HEIGHT="54" />
            <SP ID="SP_8527" HPOS="623" VPOS="1633" WIDTH="22" HEIGHT="0" />
            <String CONTENT="of" ID="Word_9806" HPOS="646" VPOS="1625" WIDTH="50" HEIGHT="47" />
            <SP ID="SP_8528" HPOS="697" VPOS="1625" WIDTH="22" HEIGHT="0" />
            <String CONTENT="muscles" ID="Word_9807" HPOS="720" VPOS="1626" WIDTH="191" HEIGHT="45" />
            <SP ID="SP_8529" HPOS="912" VPOS="1625" WIDTH="21" HEIGHT="0" />
            <String CONTENT="is" ID="Word_9808" HPOS="934" VPOS="1625" WIDTH="37" HEIGHT="46" />
            <SP ID="SP_8530" HPOS="972" VPOS="1641" WIDTH="20" HEIGHT="0" />
            <String CONTENT="much" ID="Word_9809" HPOS="993" VPOS="1626" WIDTH="137" HEIGHT="45" />
            <SP ID="SP_8531" HPOS="1131" VPOS="1626" WIDTH="20" HEIGHT="0" />
            <String CONTENT="nearer" ID="Word_9810" HPOS="1152" VPOS="1641" WIDTH="154" HEIGHT="30" />
            <SP ID="SP_8532" HPOS="1307" VPOS="1632" WIDTH="20" HEIGHT="0" />
            <String CONTENT="to" ID="Word_9811" HPOS="1328" VPOS="1632" WIDTH="46" HEIGHT="40" />
            <SP ID="SP_8533" HPOS="1375" VPOS="1632" WIDTH="21" HEIGHT="0" />
            <String CONTENT="that" ID="Word_9812" HPOS="1397" VPOS="1626" WIDTH="103" HEIGHT="46" />
          </TextLine>
          <TextLine ID="TextLine_1284" HPOS="143" VPOS="1701" WIDTH="1358" HEIGHT="57">
            <String CONTENT="of" ID="Word_9813" HPOS="143" VPOS="1701" WIDTH="49" HEIGHT="46" />
            <SP ID="SP_8534" HPOS="193" VPOS="1701" WIDTH="20" HEIGHT="0" />
            <String CONTENT="a" ID="Word_9814" HPOS="214" VPOS="1718" WIDTH="28" HEIGHT="30" />
            <SP ID="SP_8535" HPOS="243" VPOS="1702" WIDTH="18" HEIGHT="0" />
            <String CONTENT="hand;" ID="Word_9815" HPOS="262" VPOS="1702" WIDTH="152" HEIGHT="56" />
            <SP ID="SP_8536" HPOS="415" VPOS="1705" WIDTH="34" HEIGHT="0" />
            <String CONTENT="but" ID="Word_9816" HPOS="450" VPOS="1705" WIDTH="82" HEIGHT="44" />
            <SP ID="SP_8537" HPOS="533" VPOS="1710" WIDTH="20" HEIGHT="0" />
            <String CONTENT="the" ID="Word_9817" HPOS="554" VPOS="1710" WIDTH="79" HEIGHT="39" />
            <SP ID="SP_8538" HPOS="634" VPOS="1710" WIDTH="20" HEIGHT="0" />
            <String CONTENT="thumbs" ID="Word_9818" HPOS="655" VPOS="1703" WIDTH="185" HEIGHT="46" />
            <SP ID="SP_8539" HPOS="841" VPOS="1719" WIDTH="22" HEIGHT="0" />
            <String CONTENT="of" ID="Word_9819" HPOS="864" VPOS="1702" WIDTH="50" HEIGHT="47" />
            <SP ID="SP_8540" HPOS="915" VPOS="1702" WIDTH="18" HEIGHT="0" />
            <String CONTENT="both" ID="Word_9820" HPOS="934" VPOS="1703" WIDTH="108" HEIGHT="46" />
            <SP ID="SP_8541" HPOS="1043" VPOS="1703" WIDTH="20" HEIGHT="0" />
            <String CONTENT="the" ID="Word_9821" HPOS="1064" VPOS="1703" WIDTH="79" HEIGHT="45" />
            <SP ID="SP_8542" HPOS="1144" VPOS="1702" WIDTH="21" HEIGHT="0" />
            <String CONTENT="fore" ID="Word_9822" HPOS="1166" VPOS="1702" WIDTH="88" HEIGHT="47" />
            <SP ID="SP_8543" HPOS="1255" VPOS="1719" WIDTH="22" HEIGHT="0" />
            <String CONTENT="and" ID="Word_9823" HPOS="1278" VPOS="1704" WIDTH="90" HEIGHT="45" />
            <SP ID="SP_8544" HPOS="1369" VPOS="1704" WIDTH="20" HEIGHT="0" />
            <String CONTENT="hind" ID="Word_9824" HPOS="1390" VPOS="1704" WIDTH="111" HEIGHT="46" />
          </TextLine>
          <TextLine ID="TextLine_1285" HPOS="143" VPOS="1780" WIDTH="1357" HEIGHT="61">
            <String CONTENT="extremities" ID="Word_9825" HPOS="143" VPOS="1780" WIDTH="275" HEIGHT="45" />
            <SP ID="SP_8545" HPOS="419" VPOS="1780" WIDTH="20" HEIGHT="0" />
            <String CONTENT="have" ID="Word_9826" HPOS="440" VPOS="1780" WIDTH="116" HEIGHT="46" />
            <SP ID="SP_8546" HPOS="557" VPOS="1796" WIDTH="20" HEIGHT="0" />
            <String CONTENT="no" ID="Word_9827" HPOS="578" VPOS="1795" WIDTH="57" HEIGHT="31" />
            <SP ID="SP_8547" HPOS="636" VPOS="1795" WIDTH="22" HEIGHT="0" />
            <String CONTENT="separate" ID="Word_9828" HPOS="659" VPOS="1786" WIDTH="201" HEIGHT="40" />
            <SP ID="SP_8548" HPOS="861" VPOS="1780" WIDTH="20" HEIGHT="0" />
            <String CONTENT="flexor" ID="Word_9829" HPOS="882" VPOS="1780" WIDTH="138" HEIGHT="46" />
            <SP ID="SP_8549" HPOS="1021" VPOS="1780" WIDTH="19" HEIGHT="0" />
            <String CONTENT="longus^" ID="Word_9830" HPOS="1041" VPOS="1780" WIDTH="170" HEIGHT="61" />
            <SP ID="SP_8550" HPOS="1212" VPOS="1781" WIDTH="28" HEIGHT="0" />
            <String CONTENT="(long" ID="Word_9831" HPOS="1241" VPOS="1781" WIDTH="124" HEIGHT="60" />
            <SP ID="SP_8551" HPOS="1366" VPOS="1780" WIDTH="20" HEIGHT="0" />
            <String CONTENT="flex-" ID="Word_9832" HPOS="1387" VPOS="1780" WIDTH="113" HEIGHT="45" />
          </TextLine>
          <TextLine ID="TextLine_1286" HPOS="143" VPOS="1855" WIDTH="1355" HEIGHT="60">
            <String CONTENT="or,)" ID="Word_9833" HPOS="143" VPOS="1855" WIDTH="85" HEIGHT="60" />
            <SP ID="SP_8552" HPOS="229" VPOS="1855" WIDTH="15" HEIGHT="0" />
            <String CONTENT="but" ID="Word_9834" HPOS="245" VPOS="1857" WIDTH="82" HEIGHT="44" />
            <SP ID="SP_8553" HPOS="328" VPOS="1862" WIDTH="15" HEIGHT="0" />
            <String CONTENT="receive" ID="Word_9835" HPOS="344" VPOS="1857" WIDTH="169" HEIGHT="45" />
            <SP ID="SP_8554" HPOS="514" VPOS="1863" WIDTH="20" HEIGHT="0" />
            <String CONTENT="tendons" ID="Word_9836" HPOS="535" VPOS="1857" WIDTH="190" HEIGHT="45" />
            <SP ID="SP_8555" HPOS="726" VPOS="1856" WIDTH="20" HEIGHT="0" />
            <String CONTENT="from" ID="Word_9837" HPOS="747" VPOS="1856" WIDTH="113" HEIGHT="46" />
            <SP ID="SP_8556" HPOS="861" VPOS="1864" WIDTH="20" HEIGHT="0" />
            <String CONTENT="the" ID="Word_9838" HPOS="882" VPOS="1857" WIDTH="79" HEIGHT="45" />
            <SP ID="SP_8557" HPOS="962" VPOS="1856" WIDTH="14" HEIGHT="0" />
            <String CONTENT="flexors" ID="Word_9839" HPOS="977" VPOS="1856" WIDTH="160" HEIGHT="46" />
            <SP ID="SP_8558" HPOS="1138" VPOS="1872" WIDTH="22" HEIGHT="0" />
            <String CONTENT="of" ID="Word_9840" HPOS="1161" VPOS="1856" WIDTH="50" HEIGHT="45" />
            <SP ID="SP_8559" HPOS="1212" VPOS="1856" WIDTH="11" HEIGHT="0" />
            <String CONTENT="the" ID="Word_9841" HPOS="1224" VPOS="1857" WIDTH="79" HEIGHT="45" />
            <SP ID="SP_8560" HPOS="1304" VPOS="1857" WIDTH="20" HEIGHT="0" />
            <String CONTENT="fingers." ID="Word_9842" HPOS="1325" VPOS="1856" WIDTH="173" HEIGHT="46" />
          </TextLine>
          <TextLine ID="TextLine_1287" HPOS="200" VPOS="1932" WIDTH="1298" HEIGHT="61">
            <String CONTENT="Hence," ID="Word_9843" HPOS="200" VPOS="1932" WIDTH="170" HEIGHT="53" />
            <SP ID="SP_8561" HPOS="371" VPOS="1940" WIDTH="22" HEIGHT="0" />
            <String CONTENT="the" ID="Word_9844" HPOS="394" VPOS="1940" WIDTH="78" HEIGHT="37" />
            <SP ID="SP_8562" HPOS="473" VPOS="1940" WIDTH="20" HEIGHT="0" />
            <String CONTENT="thumbs" ID="Word_9845" HPOS="494" VPOS="1935" WIDTH="185" HEIGHT="42" />
            <SP ID="SP_8563" HPOS="680" VPOS="1932" WIDTH="22" HEIGHT="0" />
            <String CONTENT="in" ID="Word_9846" HPOS="703" VPOS="1932" WIDTH="47" HEIGHT="44" />
            <SP ID="SP_8564" HPOS="751" VPOS="1942" WIDTH="21" HEIGHT="0" />
            <String CONTENT="these" ID="Word_9847" HPOS="773" VPOS="1942" WIDTH="125" HEIGHT="35" />
            <SP ID="SP_8565" HPOS="899" VPOS="1948" WIDTH="29" HEIGHT="0" />
            <String CONTENT="animals" ID="Word_9848" HPOS="929" VPOS="1932" WIDTH="190" HEIGHT="46" />
            <SP ID="SP_8566" HPOS="1120" VPOS="1948" WIDTH="25" HEIGHT="0" />
            <String CONTENT="will" ID="Word_9849" HPOS="1146" VPOS="1932" WIDTH="94" HEIGHT="45" />
            <SP ID="SP_8567" HPOS="1241" VPOS="1933" WIDTH="27" HEIGHT="0" />
            <String CONTENT="generally" ID="Word_9850" HPOS="1269" VPOS="1933" WIDTH="229" HEIGHT="60" />
          </TextLine>
          <TextLine ID="TextLine_1288" HPOS="143" VPOS="2007" WIDTH="1356" HEIGHT="62">
            <String CONTENT="be" ID="Word_9851" HPOS="143" VPOS="2008" WIDTH="53" HEIGHT="43" />
            <SP ID="SP_8568" HPOS="197" VPOS="2008" WIDTH="22" HEIGHT="0" />
            <String CONTENT="bent" ID="Word_9852" HPOS="220" VPOS="2008" WIDTH="107" HEIGHT="44" />
            <SP ID="SP_8569" HPOS="328" VPOS="2014" WIDTH="20" HEIGHT="0" />
            <String CONTENT="together" ID="Word_9853" HPOS="349" VPOS="2014" WIDTH="201" HEIGHT="39" />
            <SP ID="SP_8570" HPOS="551" VPOS="2024" WIDTH="21" HEIGHT="0" />
            <String CONTENT="with" ID="Word_9854" HPOS="573" VPOS="2007" WIDTH="113" HEIGHT="46" />
            <SP ID="SP_8571" HPOS="687" VPOS="2007" WIDTH="20" HEIGHT="0" />
            <String CONTENT="the" ID="Word_9855" HPOS="708" VPOS="2014" WIDTH="79" HEIGHT="38" />
            <SP ID="SP_8572" HPOS="788" VPOS="2023" WIDTH="21" HEIGHT="0" />
            <String CONTENT="other" ID="Word_9856" HPOS="810" VPOS="2008" WIDTH="126" HEIGHT="45" />
            <SP ID="SP_8573" HPOS="937" VPOS="2008" WIDTH="18" HEIGHT="0" />
            <String CONTENT="fingers;" ID="Word_9857" HPOS="956" VPOS="2008" WIDTH="190" HEIGHT="60" />
            <SP ID="SP_8574" HPOS="1147" VPOS="2023" WIDTH="31" HEIGHT="0" />
            <String CONTENT="and" ID="Word_9858" HPOS="1179" VPOS="2008" WIDTH="90" HEIGHT="45" />
            <SP ID="SP_8575" HPOS="1270" VPOS="2008" WIDTH="20" HEIGHT="0" />
            <String CONTENT="they" ID="Word_9859" HPOS="1291" VPOS="2015" WIDTH="111" HEIGHT="54" />
            <SP ID="SP_8576" HPOS="1403" VPOS="2024" WIDTH="21" HEIGHT="0" />
            <String CONTENT="are" ID="Word_9860" HPOS="1425" VPOS="2024" WIDTH="74" HEIGHT="31" />
          </TextLine>
          <TextLine ID="TextLine_1289" HPOS="141" VPOS="2082" WIDTH="1357" HEIGHT="62">
            <String CONTENT="less" ID="Word_9861" HPOS="141" VPOS="2082" WIDTH="87" HEIGHT="46" />
            <SP ID="SP_8577" HPOS="229" VPOS="2098" WIDTH="21" HEIGHT="0" />
            <String CONTENT="capable" ID="Word_9862" HPOS="251" VPOS="2085" WIDTH="181" HEIGHT="59" />
            <SP ID="SP_8578" HPOS="433" VPOS="2099" WIDTH="22" HEIGHT="0" />
            <String CONTENT="of" ID="Word_9863" HPOS="456" VPOS="2083" WIDTH="50" HEIGHT="47" />
            <SP ID="SP_8579" HPOS="507" VPOS="2083" WIDTH="11" HEIGHT="0" />
            <String CONTENT="those" ID="Word_9864" HPOS="519" VPOS="2090" WIDTH="126" HEIGHT="40" />
            <SP ID="SP_8580" HPOS="646" VPOS="2098" WIDTH="16" HEIGHT="0" />
            <String CONTENT="actions" ID="Word_9865" HPOS="663" VPOS="2083" WIDTH="168" HEIGHT="46" />
            <SP ID="SP_8581" HPOS="832" VPOS="2083" WIDTH="15" HEIGHT="0" />
            <String CONTENT="in" ID="Word_9866" HPOS="848" VPOS="2083" WIDTH="47" HEIGHT="47" />
            <SP ID="SP_8582" HPOS="896" VPOS="2100" WIDTH="16" HEIGHT="0" />
            <String CONTENT="which" ID="Word_9867" HPOS="913" VPOS="2084" WIDTH="148" HEIGHT="45" />
            <SP ID="SP_8583" HPOS="1062" VPOS="2084" WIDTH="12" HEIGHT="0" />
            <String CONTENT="the" ID="Word_9868" HPOS="1075" VPOS="2090" WIDTH="77" HEIGHT="39" />
            <SP ID="SP_8584" HPOS="1153" VPOS="2099" WIDTH="15" HEIGHT="0" />
            <String CONTENT="motion" ID="Word_9869" HPOS="1169" VPOS="2090" WIDTH="170" HEIGHT="40" />
            <SP ID="SP_8585" HPOS="1340" VPOS="2100" WIDTH="16" HEIGHT="0" />
            <String CONTENT="of" ID="Word_9870" HPOS="1357" VPOS="2084" WIDTH="51" HEIGHT="47" />
            <SP ID="SP_8586" HPOS="1409" VPOS="2084" WIDTH="10" HEIGHT="0" />
            <String CONTENT="the" ID="Word_9871" HPOS="1420" VPOS="2085" WIDTH="78" HEIGHT="46" />
          </TextLine>
          <TextLine ID="TextLine_1290" HPOS="140" VPOS="2159" WIDTH="1358" HEIGHT="49">
            <String CONTENT="thumb" ID="Word_9872" HPOS="140" VPOS="2159" WIDTH="164" HEIGHT="47" />
            <SP ID="SP_8587" HPOS="305" VPOS="2160" WIDTH="20" HEIGHT="0" />
            <String CONTENT="is" ID="Word_9873" HPOS="326" VPOS="2160" WIDTH="37" HEIGHT="46" />
            <SP ID="SP_8588" HPOS="364" VPOS="2175" WIDTH="22" HEIGHT="0" />
            <String CONTENT="combined" ID="Word_9874" HPOS="387" VPOS="2161" WIDTH="232" HEIGHT="46" />
            <SP ID="SP_8589" HPOS="620" VPOS="2161" WIDTH="20" HEIGHT="0" />
            <String CONTENT="with" ID="Word_9875" HPOS="641" VPOS="2159" WIDTH="115" HEIGHT="49" />
            <SP ID="SP_8590" HPOS="757" VPOS="2159" WIDTH="31" HEIGHT="0" />
            <String CONTENT="that" ID="Word_9876" HPOS="789" VPOS="2161" WIDTH="101" HEIGHT="46" />
            <SP ID="SP_8591" HPOS="891" VPOS="2167" WIDTH="21" HEIGHT="0" />
            <String CONTENT="of" ID="Word_9877" HPOS="913" VPOS="2160" WIDTH="50" HEIGHT="47" />
            <SP ID="SP_8592" HPOS="964" VPOS="2160" WIDTH="21" HEIGHT="0" />
            <String CONTENT="the" ID="Word_9878" HPOS="986" VPOS="2161" WIDTH="79" HEIGHT="46" />
            <SP ID="SP_8593" HPOS="1066" VPOS="2159" WIDTH="24" HEIGHT="0" />
            <String CONTENT="fore" ID="Word_9879" HPOS="1091" VPOS="2159" WIDTH="90" HEIGHT="48" />
            <SP ID="SP_8594" HPOS="1182" VPOS="2176" WIDTH="28" HEIGHT="0" />
            <String CONTENT="and" ID="Word_9880" HPOS="1211" VPOS="2161" WIDTH="91" HEIGHT="46" />
            <SP ID="SP_8595" HPOS="1303" VPOS="2161" WIDTH="25" HEIGHT="0" />
            <String CONTENT="middle" ID="Word_9881" HPOS="1329" VPOS="2161" WIDTH="169" HEIGHT="47" />
          </TextLine>
          <TextLine ID="TextLine_1291" HPOS="141" VPOS="2235" WIDTH="1357" HEIGHT="62">
            <String CONTENT="finger—a" ID="Word_9882" HPOS="141" VPOS="2235" WIDTH="228" HEIGHT="62" />
            <SP ID="SP_8596" HPOS="370" VPOS="2252" WIDTH="21" HEIGHT="0" />
            <String CONTENT="combination" ID="Word_9883" HPOS="392" VPOS="2239" WIDTH="299" HEIGHT="46" />
            <SP ID="SP_8597" HPOS="692" VPOS="2257" WIDTH="22" HEIGHT="0" />
            <String CONTENT="so" ID="Word_9884" HPOS="715" VPOS="2256" WIDTH="45" HEIGHT="31" />
            <SP ID="SP_8598" HPOS="761" VPOS="2241" WIDTH="22" HEIGHT="0" />
            <String CONTENT="importai.t" ID="Word_9885" HPOS="784" VPOS="2241" WIDTH="244" HEIGHT="44" />
            <SP ID="SP_8599" HPOS="1029" VPOS="2239" WIDTH="21" HEIGHT="0" />
            <String CONTENT="in" ID="Word_9886" HPOS="1051" VPOS="2239" WIDTH="48" HEIGHT="45" />
            <SP ID="SP_8600" HPOS="1100" VPOS="2255" WIDTH="20" HEIGHT="0" />
            <String CONTENT="numerous" ID="Word_9887" HPOS="1121" VPOS="2254" WIDTH="240" HEIGHT="31" />
            <SP ID="SP_8601" HPOS="1362" VPOS="2239" WIDTH="22" HEIGHT="0" />
            <String CONTENT="deli-" ID="Word_9888" HPOS="1385" VPOS="2239" WIDTH="113" HEIGHT="47" />
          </TextLine>
          <TextLine ID="TextLine_1292" HPOS="142" VPOS="2313" WIDTH="446" HEIGHT="62">
            <String CONTENT="cate" ID="Word_9889" HPOS="142" VPOS="2327" WIDTH="93" HEIGHT="31" />
            <SP ID="SP_8602" HPOS="236" VPOS="2328" WIDTH="21" HEIGHT="0" />
            <String CONTENT="operations.”" ID="Word_9890" HPOS="258" VPOS="2313" WIDTH="290" HEIGHT="62" />
            <SP ID="SP_8603" HPOS="549" VPOS="2314" WIDTH="7" HEIGHT="0" />
            <String CONTENT="t" ID="Word_9891" HPOS="557" VPOS="2314" WIDTH="31" HEIGHT="49" />
          </TextLine>
          <TextLine ID="TextLine_1293" HPOS="195" VPOS="2400" WIDTH="1301" HEIGHT="62">
            <String CONTENT="The" ID="Word_9892" HPOS="195" VPOS="2402" WIDTH="96" HEIGHT="44" />
            <SP ID="SP_8604" HPOS="292" VPOS="2416" WIDTH="21" HEIGHT="0" />
            <String CONTENT="upper" ID="Word_9893" HPOS="314" VPOS="2417" WIDTH="140" HEIGHT="45" />
            <SP ID="SP_8605" HPOS="455" VPOS="2417" WIDTH="20" HEIGHT="0" />
            <String CONTENT="extremity" ID="Word_9894" HPOS="476" VPOS="2401" WIDTH="245" HEIGHT="61" />
            <SP ID="SP_8606" HPOS="722" VPOS="2416" WIDTH="16" HEIGHT="0" />
            <String CONTENT="approaches" ID="Word_9895" HPOS="739" VPOS="2416" WIDTH="265" HEIGHT="46" />
            <SP ID="SP_8607" HPOS="1005" VPOS="2416" WIDTH="21" HEIGHT="0" />
            <String CONTENT="much" ID="Word_9896" HPOS="1027" VPOS="2400" WIDTH="135" HEIGHT="45" />
            <SP ID="SP_8608" HPOS="1163" VPOS="2400" WIDTH="16" HEIGHT="0" />
            <String CONTENT="nearer" ID="Word_9897" HPOS="1180" VPOS="2415" WIDTH="155" HEIGHT="30" />
            <SP ID="SP_8609" HPOS="1336" VPOS="2406" WIDTH="12" HEIGHT="0" />
            <String CONTENT="to" ID="Word_9898" HPOS="1349" VPOS="2406" WIDTH="46" HEIGHT="39" />
            <SP ID="SP_8610" HPOS="1396" VPOS="2406" WIDTH="21" HEIGHT="0" />
            <String CONTENT="the" ID="Word_9899" HPOS="1418" VPOS="2400" WIDTH="78" HEIGHT="44" />
          </TextLine>
        </TextBlock>
        <TextBlock ID="TextBlock_170" HPOS="196" VPOS="2555" WIDTH="672" HEIGHT="49">
          <TextLine ID="TextLine_1294" HPOS="196" VPOS="2555" WIDTH="672" HEIGHT="49">
            <String CONTENT="•" ID="Word_9900" HPOS="196" VPOS="2556" WIDTH="20" HEIGHT="20" />
            <SP ID="SP_8611" HPOS="217" VPOS="2556" WIDTH="21" HEIGHT="0" />
            <String CONTENT="Lawrence," ID="Word_9901" HPOS="239" VPOS="2556" WIDTH="208" HEIGHT="48" />
            <SP ID="SP_8612" HPOS="448" VPOS="2557" WIDTH="18" HEIGHT="0" />
            <String CONTENT="Nat." ID="Word_9902" HPOS="467" VPOS="2557" WIDTH="90" HEIGHT="37" />
            <SP ID="SP_8613" HPOS="558" VPOS="2556" WIDTH="25" HEIGHT="0" />
            <String CONTENT="Hist," ID="Word_9903" HPOS="584" VPOS="2556" WIDTH="97" HEIGHT="38" />
            <SP ID="SP_8614" HPOS="682" VPOS="2570" WIDTH="25" HEIGHT="0" />
            <String CONTENT="of" ID="Word_9904" HPOS="708" VPOS="2558" WIDTH="40" HEIGHT="35" />
            <SP ID="SP_8615" HPOS="749" VPOS="2555" WIDTH="12" HEIGHT="0" />
            <String CONTENT="Man." ID="Word_9905" HPOS="762" VPOS="2555" WIDTH="106" HEIGHT="37" />
          </TextLine>
        </TextBlock>
        <TextBlock ID="TextBlock_171" HPOS="1059" VPOS="2554" WIDTH="368" HEIGHT="50">
          <TextLine ID="TextLine_1295" HPOS="1059" VPOS="2554" WIDTH="368" HEIGHT="50">
            <String CONTENT="*}•" ID="Word_9906" HPOS="1059" VPOS="2558" WIDTH="33" HEIGHT="46" />
            <SP ID="SP_8616" HPOS="1093" VPOS="2555" WIDTH="21" HEIGHT="0" />
            <String CONTENT="Ibid," ID="Word_9907" HPOS="1115" VPOS="2555" WIDTH="95" HEIGHT="37" />
            <SP ID="SP_8617" HPOS="1211" VPOS="2567" WIDTH="21" HEIGHT="0" />
            <String CONTENT="page" ID="Word_9908" HPOS="1233" VPOS="2567" WIDTH="86" HEIGHT="37" />
            <SP ID="SP_8618" HPOS="1320" VPOS="2554" WIDTH="22" HEIGHT="0" />
            <String CONTENT="162." ID="Word_9909" HPOS="1343" VPOS="2554" WIDTH="84" HEIGHT="36" />
          </TextLine>
        </TextBlock>
      </PrintSpace>
    </Page>
  </Layout>
</alto>
