2125 3524
818 278 86 31 THE
936 279 243 32 DISORDERS
1211 281 53 30 OF
1295 281 173 31 SPEECH.

334 259 56 40 48

335 402 130 38 cases,
501 391 121 45 there
664 408 71 29 are
771 395 237 56 important
1051 397 335 43 Complications
1427 398 137 42 which
1607 398 176 42 deserve
1819 402 43 37 to
1898 398 50 42 be

337 459 206 59 specially
570 467 257 42 mentioned.

397 530 121 44 Class
543 534 159 43 1.—As
716 550 55 27 an
786 537 197 41 example
1002 538 45 40 of
1062 537 72 41 the
1154 538 91 40 first
1261 537 121 41 class,
1396 537 44 40 in
1459 537 137 41 which
1613 537 117 41 there
1748 537 35 41 is
1798 537 152 43 simple

336 600 289 45 disablement
646 606 46 41 of
711 606 72 42 the
806 607 134 41 Vocal
964 607 284 42 Mechanism,
1268 607 21 41 I
1313 606 142 41 would
1477 607 83 41 cite
1583 607 108 40 from
1714 606 73 42 the
1810 621 141 40 paper,

338 671 99 43 Obs.
462 672 175 52 IX.,—"
653 675 42 41 A
718 690 180 37 woman,
921 678 53 40 21
1007 690 124 42 years
1162 677 44 40 of
1237 690 89 41 age,
1347 676 44 40 of
1422 689 184 28 nervous
1629 680 321 38 temperament.

337 741 54 42 In
415 756 293 43 consequence
730 746 46 41 of
804 760 25 27 a
859 761 93 27 sore
982 747 154 41 throat,
1161 747 141 41 which
1334 746 137 41 lasted
1503 746 118 54 eight
1652 746 117 54 days,
1791 746 75 41 she
1886 760 63 28 re-

338 813 172 42 mained
547 815 256 55 completely
839 817 194 54 aphonic.
1096 816 77 41 All
1210 821 232 37 treatment
1474 830 84 27 was
1592 816 183 41 without
1806 822 142 37 result.

337 883 143 42 When
504 885 168 54 patient
691 899 85 28 was
798 900 99 27 seen
921 900 25 27 a
967 900 102 41 year
1085 886 262 41 afterwards,
1361 886 73 41 the
1455 886 116 41 voice
1589 900 86 27 was
1693 890 255 50 completely

337 953 221 42 abolished
577 968 10 38 ;
616 955 46 40 in
685 955 111 41 spite
819 957 44 39 of
886 955 72 41 the
979 961 185 49 greatest
1186 956 157 41 efforts,
1365 956 73 40 the
1460 960 168 50 patient
1648 955 127 42 could
1794 955 156 41 articu-

336 1024 87 41 late
462 1038 53 26 no
550 1024 138 41 sound
722 1039 78 26 nor
835 1025 187 54 produce
1060 1025 72 41 the
1169 1025 108 41 least
1308 1026 240 40 intonation
1583 1039 45 28 or
1659 1025 108 42 cry."
1828 1026 123 40 After

337 1093 119 42 eight
477 1094 175 41 months
675 1095 44 40 of
751 1095 166 41 further
949 1099 232 36 treatment
1204 1094 182 41 without
1417 1094 134 42 effect,
1575 1095 71 40 the
1676 1096 166 52 patient
1865 1109 84 27 was

338 1163 132 42 cured
493 1163 57 55 by
572 1164 74 42 the
668 1178 75 28 use
766 1165 47 41 of
837 1164 352 54 endo-laryngeal
1212 1163 306 51 electrization,
1540 1164 139 42 which
1702 1165 154 41 caused
1878 1165 73 40 her

338 1239 43 36 to
420 1234 109 42 have
566 1249 24 27 a
623 1235 236 55 prolonged
895 1235 232 55 hysterical
1162 1235 60 49 fit,
1254 1240 109 35 after
1393 1234 153 49 which,
1569 1248 55 27 on
1647 1235 171 41 waking
1849 1240 103 36 next

336 1306 212 55 morning,
586 1306 72 41 the
694 1319 118 29 voice
849 1305 267 55 reappeared.
1180 1302 99 45 Obs.
1314 1304 98 51 III.,
1444 1305 64 50 V.,
1539 1305 90 50 VI.,
1660 1305 185 41 XVIII.,
1868 1305 83 40 and

337 1376 151 41 XXII.
513 1390 113 28 seem
651 1381 43 37 to
716 1376 155 42 belong
893 1382 43 35 to
959 1376 72 41 the
1054 1389 115 28 same
1191 1375 118 41 class.

397 1446 122 43 Class
553 1447 37 40 2,
622 1447 44 40 in
699 1447 140 41 which
873 1447 73 40 the
980 1446 261 41 mechanism
1266 1445 44 41 of
1343 1445 102 42 Oral
1475 1445 293 41 Articulation
1799 1445 37 41 is
1867 1445 83 43 dis-

337 1516 138 42 abled,
497 1517 36 41 is
556 1517 97 41 well
676 1516 276 55 represented
973 1516 57 55 by
1053 1514 101 44 Obs.
1179 1515 71 50 II.,
1272 1515 343 41 communicated
1642 1521 43 35 to
1718 1515 59 41 M.
1801 1515 151 41 Natier

338 1588 57 41 by
413 1587 61 41 M.
499 1588 150 40 Pitres.
712 1587 174 41 Patient
907 1600 86 28 was
1016 1600 24 27 a
1061 1599 144 41 young
1223 1599 166 27 woman
1407 1585 45 40 of
1472 1589 275 50 twenty-one.
1810 1585 141 42 With-

338 1662 77 36 out
451 1658 198 41 entering
684 1657 92 41 into
814 1656 165 42 details,
1016 1656 35 40 it
1086 1669 99 27 may
1220 1655 51 41 be
1309 1654 92 42 said
1439 1654 95 41 that
1569 1655 77 41 she
1687 1655 125 41 could
1848 1660 133 37 emi£-

337 1727 159 55 clearly
520 1727 102 56 only
644 1742 80 28 one
747 1727 149 50 sound,
917 1727 92 40 viz.,
1032 1726 73 40 the
1127 1724 295 42 vowel-sound
1452 1735 44 39 a,
1530 1725 73 40 the
1625 1725 326 54 pronunciation

339 1800 46 39 of
420 1798 73 41 the
527 1798 124 41 other
681 1797 159 42 vowels
876 1797 127 54 being
1025 1809 103 28 very
1151 1795 221 41 defective.
1435 1794 88 41 The
1556 1795 202 41 emission
1795 1796 45 40 of
1867 1796 86 40 this

339 1868 123 42 vocal
484 1868 140 41 sound
646 1882 140 27 shows
819 1867 96 42 that
943 1867 75 41 her
1048 1865 220 55 laryngeal
1300 1864 265 41 mechanism
1592 1879 85 27 was
1700 1865 251 41 unaffected.

340 1939 84 41 She
448 1939 126 41 could
597 1946 75 34 not
695 1945 44 35 at
761 1939 93 40 first
875 1936 226 42 articulate
1133 1950 25 26 a
1189 1935 136 54 single
1349 1939 249 46 consonant,
1620 1935 89 50 but,
1731 1936 108 41 after
1859 1949 93 40 per-

339 2009 199 55 severing
559 2015 219 49 attempts,
800 2008 75 42 she
899 2021 85 27 was
1005 2011 74 50 got
1100 2010 44 37 to
1165 2018 247 41 pronounce
1441 2004 73 42 the
1558 2011 256 36 consonants
1843 2003 47 51 b,
1922 2003 30 50 f,

340 2078 29 52 1,
403 2089 47 42 p,
481 2080 84 41 and
595 2079 52 51 t;
678 2079 96 41 and,
798 2078 106 41 with
937 2081 118 51 great
1077 2076 243 41 hesitation,
1342 2074 74 41 the
1439 2074 203 55 syllables
1668 2075 287 54 (pronounced

340 2151 46 41 in
410 2151 72 41 the
505 2149 168 42 French
695 2148 200 54 manner)
916 2145 109 51 bas,
1049 2144 64 51 fa,
1136 2143 63 52 la,
1222 2154 108 43 pas,
1354 2143 97 41 tas.
1510 2149 20 16 '•'
1543 2144 128 42 After
1691 2159 24 26 a
1729 2150 171 49 quarter
1917 2145 44 41 of

342 2235 55 27 an
430 2221 109 40 hour
585 2221 45 39 of
673 2219 232 42 repetition
951 2219 46 40 of
1040 2218 120 40 these
1192 2217 82 40 five
1306 2228 149 37 words,
1503 2214 74 41 she
1620 2214 36 41 is
1702 2215 147 41 shown
1883 2215 74 54 (by

343 2305 230 41 analyzing
595 2290 73 41 the
690 2289 285 41 movements)
1005 2288 72 40 the
1103 2286 277 42 articulation
1400 2284 43 41 of
1465 2284 72 41 the
1553 2284 121 41 other
1691 2289 266 45 consonants,

343 2361 99 41 and,
464 2361 109 40 after
595 2365 131 36 about
744 2359 93 40 half
855 2373 53 26 an
934 2359 108 40 hour
1063 2357 46 41 of
1126 2369 198 29 exercise,
1342 2354 75 41 she
1438 2367 79 28 can
1540 2367 244 40 pronounce
1805 2354 58 41 all
1887 2354 69 41 the

344 2443 259 29 consonants
626 2430 45 40 of
691 2429 72 40 the
786 2429 203 40 alphabet
1019 2426 197 42 followed
1248 2426 57 53 by
1331 2438 54 27 an
1416 2433 45 31 a.
1524 2423 43 41 It
1598 2423 36 41 is
1667 2422 45 42 in
1734 2424 100 40 vain
1865 2425 93 40 that

344 2515 81 28 one
448 2501 102 41 tries
572 2508 44 33 to
640 2498 123 42 make
785 2498 77 42 her
882 2510 247 42 pronounce
1151 2495 73 41 the
1257 2508 115 28 same
1404 2497 236 39 consonant
1671 2493 198 42 followed
1901 2494 55 54 by

344 2570 180 42 another
548 2568 145 42 vowel.
758 2569 42 40 It
821 2568 37 41 is
881 2567 98 42 well
1000 2571 44 36 to
1065 2565 169 42 remark
1266 2564 96 42 that
1393 2564 76 41 she
1491 2577 85 28 was
1600 2563 289 42 nevertheless
1912 2563 44 42 in

343 2640 83 43 full
450 2639 240 56 possession
713 2639 44 41 of
788 2638 77 41 her
886 2634 310 44 intelligence."
1256 2634 127 41 From
1420 2634 87 41 this
1546 2633 103 42 time
1686 2633 73 41 the
1793 2634 163 53 patient

345 2709 248 58 progressed
616 2708 267 54 favourably,
905 2706 84 42 and
1013 2719 83 27 was
1119 2719 102 27 soon
1243 2704 95 41 able
1361 2712 43 33 to
1428 2717 242 40 pronounce
1693 2717 99 38 easy
1812 2704 145 48 words,

345 2781 106 42 such
483 2794 46 27 as
560 2784 20 16 "
597 2780 203 54 Bonjour,
832 2777 234 48 Monsieur,
1101 2773 233 50 Madame,"
1356 2787 76 27 etc.
1496 2773 84 41 She
1612 2786 103 28 soon
1748 2773 134 54 began
1914 2777 41 35 to

345 2849 131 45 speak
493 2850 81 40 and
593 2854 41 38 to
651 2863 124 27 make
790 2847 157 42 herself
962 2844 271 49 understood,
1247 2842 207 55 although
1470 2850 103 33 with
1592 2841 124 43 much
1734 2841 222 50 difficulty,

344 2922 75 42 the
455 2925 160 50 tongue
651 2931 233 44 appearing
917 2913 290 46 embarrassed
1230 2913 46 41 in
1298 2913 56 41 its
1383 2916 278 37 movements.
1722 2911 120 42 Next
1873 2910 81 54 day

342 3006 77 29 she
452 2991 133 54 spoke
608 3004 104 43 very
736 2988 109 44 well,
868 2987 183 42 without
1084 2998 86 29 any
1191 2982 233 44 hesitation
1458 2981 84 42 and
1566 2981 183 41 without
1779 2995 25 27 a
1824 2979 130 43 shade

343 3063 47 42 of
409 3060 226 56 difficulty.
