2125 3612
297 300 307 33 STAMMERING,
637 299 93 31 AND
764 299 87 31 THE
885 297 145 33 STUDY
1063 298 54 32 OF
1150 298 89 32 THE
1271 298 247 31 ALPHABET.

1708 283 24 44 9

72 422 210 57 arranged
314 421 48 43 in
393 421 123 42 three
548 419 183 43 vertical
763 419 213 43 columns,
1020 420 44 41 of
1107 418 144 43 which
1295 432 81 28 one
1420 418 189 49 column,
1652 415 76 43 the

73 494 105 42 first,
200 493 201 43 contains
424 493 75 42 the
522 491 211 43 voiceless
756 497 278 37 consonants,
1057 490 149 43 whilst
1225 489 75 43 the
1316 489 160 43 second
1499 489 87 42 and
1609 488 121 43 third

70 566 176 42 contain
269 565 74 42 the
367 577 263 30 consonants
652 563 47 42 in
722 563 144 43 which
889 564 123 42 voice
1031 562 37 43 is
1086 577 25 28 a
1128 565 265 40 component
1416 565 202 39 element.
1671 560 56 42 In

70 636 74 43 the
163 636 163 43 sounds
344 635 47 43 of
410 635 74 43 the
502 634 121 44 third
639 634 380 43 column—Nasal
1042 631 401 46 Eesonants,—the
1461 631 121 43 voice
1599 631 51 51 is,
1668 631 59 55 by

69 708 73 42 the
160 708 215 56 dropping
393 708 43 41 of
454 707 74 42 the
543 706 86 43 soft
646 706 159 56 palate,
818 706 128 42 made
965 710 44 38 to
1027 720 101 42 pass
1146 704 139 56 freely
1304 703 192 57 through
1516 703 75 43 the
1608 716 118 37 nose,

67 779 75 44 the
174 794 180 42 passage
387 777 190 45 through
599 778 76 43 the
698 778 156 43 mouth
876 778 133 43 being
1031 776 157 44 closed.
1252 776 47 42 It
1321 775 112 44 need
1455 775 194 54 scarcely
1671 775 53 42 be

67 850 93 42 said
183 850 97 42 that
302 850 105 43 each
431 854 243 38 consonant
692 850 44 42 of
759 850 89 42 this
873 849 117 43 table
1013 849 160 44 should
1195 849 53 43 be
1271 848 286 56 pronounced
1579 861 47 29 as
1650 847 76 43 the

65 921 131 43 letter
217 922 37 43 is
276 921 283 57 pronounced
577 921 159 58 during
753 922 75 43 the
847 922 286 43 enunciation
1148 922 45 42 of
1216 936 25 28 a
1264 920 188 57 syllable
1470 920 256 56 containing

62 993 48 43 it.
173 992 120 44 Thus
316 992 74 44 the
412 993 132 43 letter
566 1003 26 33 S
613 993 159 43 should
795 994 53 43 be
870 993 296 57 pronounced,
1189 996 79 39 not
1290 1006 47 29 as
1356 1000 96 42 ess,
1478 992 81 42 but
1581 1005 45 29 as
1650 991 76 43 the

64 1064 181 44 sibilant
267 1065 142 43 sound
432 1070 45 38 at
502 1065 74 44 the
594 1065 241 58 beginning
858 1066 44 42 of
925 1066 110 43 such
1052 1080 25 28 a
1094 1065 120 43 word
1232 1079 46 29 as
1300 1074 125 47 son;
1444 1065 88 43 and
1550 1078 47 30 so
1616 1070 110 36 with

63 1136 78 44 the
178 1136 157 44 others.
400 1135 185 46 Besides
622 1138 133 42 being
789 1137 181 43 divided
1002 1136 233 44 vertically
1272 1137 95 43 into
1406 1151 212 29 columns,
1652 1136 75 42 the

65 1214 266 38 consonants
354 1210 44 42 of
427 1209 76 44 the
526 1209 220 57 alphabet,
769 1209 37 43 it
828 1209 92 43 will
942 1209 54 43 be
1019 1209 224 53 observed,
1266 1224 72 29 are
1369 1209 212 43 arranged
1613 1209 115 42 hori-

67 1281 195 43 zontally
285 1282 47 41 in
354 1296 174 42 groups,
549 1281 231 44 according
802 1285 44 39 to
868 1281 77 43 the
968 1286 100 51 part
1090 1281 48 42 of
1156 1281 76 43 the
1254 1282 156 42 mouth
1428 1281 146 43 which
1591 1281 37 42 is
1652 1280 76 43 the

67 1357 94 37 seat
193 1353 48 41 of
268 1352 115 43 their
419 1352 274 56 production.
756 1352 92 43 The
881 1366 160 42 groups
1074 1352 130 56 begin
1236 1352 253 56 anteriorly,
1513 1356 110 38 with
1652 1351 76 44 the

66 1429 265 38 consonants
356 1424 141 42 which
520 1438 74 29 are
616 1424 222 56 produced
860 1428 45 38 at
928 1423 75 43 the
1026 1423 226 56 lips—the
1276 1423 337 43 Labials,—and
1628 1438 101 41 pass

65 1496 267 50 backwards,
365 1496 59 56 by
457 1496 75 43 the
570 1495 359 51 Labio-Dentals,
963 1495 397 56 Linguo-Dentals,
1393 1496 89 42 and
1519 1496 211 43 Anterior

66 1567 398 57 Linguo-Palatals,
514 1571 46 38 to
603 1567 76 43 the
730 1581 140 42 group
914 1566 146 44 which
1114 1566 38 43 is
1195 1567 224 55 produced
1462 1572 116 39 most
1630 1582 98 42 pos-

66 1639 315 43 teriorly—the
424 1639 221 43 Posterior
682 1639 399 43 Linguo-Palatals.
1146 1639 140 43 There
1324 1654 85 29 are,
1448 1641 48 41 in
1533 1640 72 51 all,
1643 1641 86 43 five

63 1726 171 43 groups.
300 1712 57 42 Of
380 1711 134 53 these,
535 1711 121 44 three
675 1726 70 29 are
769 1712 44 42 of
830 1711 177 58 leading
1025 1712 286 56 importance,
1328 1712 95 51 viz.,
1441 1712 77 43 the
1538 1713 189 52 Labials,

62 1784 211 43 Anterior
304 1784 404 57 Linguo-Palatals,
740 1783 87 43 and
860 1784 223 43 Posterior
1115 1782 406 59 Linguo-Palatals.
1586 1786 140 43 These

64 1857 123 43 three
209 1871 159 42 groups
392 1871 72 29 are
486 1856 224 57 produced
742 1860 46 39 at
821 1856 76 43 the
929 1856 124 43 three
1085 1861 122 52 great
1246 1856 360 57 Stop-positions.
1672 1859 55 42 In

65 1929 120 43 these
210 1929 121 43 three
353 1928 337 57 stop-positions
713 1929 123 43 there
860 1943 73 29 are
955 1932 169 54 greater
1146 1929 289 56 possibilities
1464 1930 46 43 of
1541 1932 186 56 produc-

63 2000 76 56 ing
160 2014 25 28 a
207 2001 172 55 variety
401 2001 44 42 of
475 2004 245 39 consonant
758 2000 165 44 sounds
955 2000 111 43 than
1097 2000 48 43 in
1177 2000 76 43 the
1287 2001 126 43 other
1447 2007 97 41 two.
1610 2005 45 41 It
1691 2005 38 43 is

64 2072 192 56 possible
289 2077 45 38 at
365 2072 107 43 each
510 2072 44 43 of
592 2072 75 43 the
710 2072 122 43 three
876 2072 336 56 stop-positions
1250 2073 142 44 either
1430 2078 45 39 to
1514 2080 99 52 stop
1651 2077 77 44 the

66 2149 176 38 current
283 2145 47 42 of
369 2145 75 51 air,
479 2159 48 28 or
568 2150 45 38 to
656 2145 127 42 allow
828 2145 45 43 of
916 2145 59 42 its
1019 2159 153 42 escape
1207 2146 108 42 with
1358 2147 203 43 fricative
1604 2149 123 43 noise

68 2217 190 43 through
297 2232 25 28 a
359 2231 169 29 narrow
567 2217 215 56 opening;
825 2217 87 43 and
945 2216 108 44 each
1085 2217 48 42 of
1167 2217 124 44 these
1325 2223 87 39 two
1445 2220 169 44 actions
1647 2235 83 29 can

66 2288 54 44 be
152 2288 247 57 performed
430 2289 109 43 with
573 2303 48 29 or
653 2295 189 37 without
874 2288 76 44 the
982 2287 201 44 addition
1215 2290 48 42 of
1286 2290 123 43 voice
1442 2291 206 57 supplied
1670 2293 60 57 by

67 2359 76 44 the
166 2360 170 44 larynx.

125 2432 80 43 Let
229 2447 50 29 us
301 2438 104 38 note
427 2433 47 42 in
498 2432 135 44 detail
651 2432 119 44 what
793 2433 151 44 effects
967 2447 81 29 can
1071 2432 54 44 be
1147 2433 222 57 produced
1392 2439 46 39 at
1461 2435 107 43 each
1586 2437 47 42 of
1653 2437 75 44 the

66 2505 357 56 Stop-positions,
447 2505 87 43 and
557 2505 91 44 also
671 2510 45 38 at
739 2510 87 39 two
850 2506 124 43 other
988 2506 215 56 positions
1221 2506 144 45 where
1384 2507 105 59 only
1504 2509 224 45 fricatives

65 2589 81 30 can
169 2577 54 43 be
244 2578 234 56 produced.

125 2648 51 42 A.
211 2648 169 57 Taking
417 2650 95 42 first
545 2649 74 43 the
651 2650 212 44 Anterior
895 2665 49 29 or
976 2650 154 43 Labial
1169 2651 336 57 Stop-position,
1529 2669 64 29 we
1627 2670 102 29 note

65 2720 99 43 that
186 2720 35 43 it
243 2735 81 28 can
346 2721 251 56 produce—

127 2793 75 55 (1.)
236 2792 92 44 The
349 2793 210 44 voiceless
581 2804 48 44 p,
653 2794 129 44 when
807 2795 124 43 there
954 2795 37 43 is
1015 2795 220 57 complete
1259 2796 171 45 closure
1453 2799 48 42 of
1530 2799 76 43 the
1628 2800 99 43 lips,

66 2864 86 43 and
190 2864 74 44 the
287 2865 65 42 air
373 2866 37 42 is
444 2867 275 56 compressed
753 2867 166 43 behind
951 2868 76 43 the
1061 2868 174 44 barrier.
1301 2869 243 59 Occurring
1575 2877 46 37 at
1655 2873 75 43 the

66 2934 240 61 beginning
340 2938 47 43 of
430 2953 24 28 a
491 2940 129 52 word,
659 2940 89 43 this
796 2944 124 39 mute
968 2956 47 27 or
1063 2941 211 44 voiceless
1320 2950 244 37 consonant
1613 2960 118 28 com-

67 3009 244 44 municates
349 3025 56 28 an
443 3012 240 56 Explosive
732 3011 226 44 character
1006 3017 45 38 to
1100 3013 75 43 the
1223 3014 126 43 vocal
1397 3017 142 42 sound
1585 3018 141 42 which

69 3079 167 45 follows
272 3083 34 43 it
338 3084 46 42 in
417 3084 75 44 the
528 3085 200 55 syllable,
766 3099 47 28 as
858 3086 45 41 in
942 3085 75 43 the
1056 3086 120 42 word
1214 3092 107 54 pot.
1405 3090 245 56 Occurring
1683 3095 47 39 at

1528 3172 24 29 B
