1478 2662
72 108 55 37 24

460 135 8 11 .
501 104 60 38 Dr
582 103 278 39 Abercrombie
877 115 49 25 on
944 103 58 38 the

68 222 42 29 to
130 211 123 40 which
273 227 23 24 a
314 212 94 39 little
427 210 217 40 assafeetida
671 223 87 37 may
778 209 48 38 be
843 209 124 39 added
984 225 11 30 ;
1024 208 68 39 but
1125 208 19 36 I
1167 205 110 39 think
1309 204 19 39 I
1357 205 97 39 have

67 279 89 26 seen
177 276 65 29 the
255 274 166 45 greatest
433 279 215 24 advantage
667 264 40 36 in
728 263 74 38 this
820 264 195 38 condition
1033 262 98 37 from
1147 260 197 51 injections
1362 273 90 24 con-

66 320 151 52 taining
235 320 96 38 bark
351 322 39 35 in
410 332 156 38 powder
585 318 39 37 in
644 317 106 52 large
769 317 211 51 quantities.
1045 314 102 39 Mild
1167 313 177 37 laxatives
1363 325 87 37 may

66 374 50 39 be
133 375 130 52 given,
284 374 70 38 but
374 373 207 39 medicines
601 371 84 39 that
704 371 120 37 would
846 379 61 30 act
924 368 173 53 strongly
1113 380 64 26 are
1197 375 41 29 to
1256 366 47 37 be
1321 366 130 37 avoid-

67 428 61 39 ed,
185 428 128 38 These
333 435 125 30 excite
477 426 58 38 for
555 425 65 39 the
639 426 104 45 time,
765 424 67 38 but
852 424 108 38 when
976 422 99 38 their
1095 421 128 38 action
1242 421 31 35 is
1287 432 90 24 over
1389 419 66 38 the

64 495 107 38 parts
190 495 65 24 are
274 494 89 37 only
383 481 73 37 still
488 479 144 39 farther
661 478 223 45 exhausted,
906 478 160 37 become
1097 487 113 25 again
1239 471 216 47 distended,

67 535 79 39 and
167 549 88 36 may
273 548 90 38 pass
381 535 84 37 into
483 545 208 41 gangrene.
748 532 90 38 The
856 531 147 39 disease
1025 530 32 38 is
1084 543 22 24 a
1135 529 73 37 loss
1235 526 46 38 of
1305 538 151 25 muscu-

66 589 59 38 lar
156 598 129 29 action
316 588 126 38 which
467 588 31 38 is
526 588 63 38 left
623 587 47 50 by
691 585 65 39 the
788 585 296 44 inflammation,
1118 581 78 39 and
1224 581 30 37 it
1285 591 170 39 requires

70 651 68 31 the
158 651 101 30 most
277 642 162 39 delicate
459 648 283 32 management.
799 639 38 38 It
866 638 67 39 has
961 639 213 49 frequently
1193 647 50 25 an
1272 644 189 39 alarming

67 710 255 38 appearance,
342 696 77 38 and
441 709 84 38 may
546 696 103 38 leave
679 694 58 37 for
756 707 22 23 a
797 692 263 39 considerable
1088 699 92 29 time
1213 702 22 23 a
1263 685 196 52 deranged

66 759 132 30 action
217 751 45 39 of
275 759 67 31 the
359 764 120 37 parts,
499 748 126 40 which
645 747 105 39 often
765 759 169 26 assumes
958 754 64 29 the
1042 744 216 38 characters
1276 739 44 40 of
1348 751 114 39 orga-

65 819 66 24 nic
150 819 45 25 or
215 805 226 39 mesenteric
470 803 161 39 disease.
685 802 41 37 A
754 801 88 51 boy,
861 799 96 39 aged
978 810 76 35 six,
1076 797 77 38 had
1175 803 110 31 acute
1311 806 89 38 pain
1420 791 41 38 in

70 868 69 30 the
158 859 207 46 abdomen,
387 857 118 39 much
526 855 198 39 increased
753 854 51 52 by
824 866 173 38 pressure
1027 852 77 38 and
1132 851 49 51 by
1200 848 229 52 inspiration
1446 860 12 30 ;

67 913 123 45 short,
210 913 164 39 anxious
406 910 233 52 breathing;
668 908 109 51 pulse
805 905 208 51 extremely
1043 905 189 51 frequent.
1291 902 67 37 He
1391 911 75 25 was

69 967 89 39 bled
178 967 97 38 from
298 974 66 30 the
385 978 100 33 arm,
506 964 78 38 and
604 963 92 38 took
716 975 106 25 some
839 961 165 38 laxative
1017 959 189 38 medicine
1225 954 124 39 which
1371 965 94 38 ope-

68 1030 126 37 rated,
212 1020 77 39 and
310 1019 50 38 he
379 1033 75 24 was
473 1030 91 38 very
583 1016 116 39 much
719 1014 178 39 relieved.
928 1013 68 38 He
1015 1012 93 38 then
1127 1011 68 38 did
1214 1008 81 39 well
1312 1006 59 40 for
1389 1014 77 28 two

71 1089 110 36 clay^,
203 1074 125 44 when,
349 1085 52 25 on
421 1072 158 50 visiting
612 1070 80 37 him
724 1075 40 31 at
796 1067 123 52 night,
943 1066 18 38 I
995 1065 120 39 found
1148 1066 81 36 him
1260 1056 206 54 oppressed

70 1127 78 39 and
167 1135 148 31 restless
333 1142 12 29 ;
375 1132 268 31 countenance
662 1122 187 44 anxious;
879 1133 107 37 pulse
1005 1119 121 37 above
1149 1122 75 32 14-0
1242 1131 9 29 ;
1283 1115 65 37 the
1369 1110 98 52 belly

71 1181 186 39 enlarged
273 1179 77 39 and
368 1185 241 46 tympanitic,
618 1175 77 39 and
710 1173 146 53 painful
871 1187 49 24 on
937 1185 186 38 pressure.
1144 1170 222 50 Injections,
1376 1177 92 25 con-

68 1234 154 53 taining
234 1234 96 39 bark
344 1234 40 37 in
398 1232 171 51 powder,
578 1230 75 38 and
667 1242 104 25 some
780 1229 165 37 tincture
957 1226 45 38 of
1007 1223 228 45 assafeetida,
1245 1232 98 26 were
1353 1231 114 38 given

73 1303 112 37 every
206 1289 109 38 three
335 1287 123 38 hours
484 1284 94 38 with
597 1291 109 45 great
737 1282 120 46 relief,
877 1280 95 38 with
1001 1278 170 46 friction,
1204 1276 71 38 &c.
1330 1270 139 40 Under

73 1343 78 40 this
170 1350 209 31 treatment
397 1350 66 29 the
482 1339 179 39 affection
683 1350 95 25 soon
797 1334 194 44 subsided,
1013 1332 76 38 and
1109 1332 41 37 in
1170 1344 23 24 a
1211 1328 69 38 few
1299 1326 93 38 days
1420 1323 51 38 he

72 1412 76 24 was
168 1397 88 39 able
275 1404 41 31 to
335 1395 47 39 be
401 1402 69 32 out
488 1393 46 39 of
547 1392 87 45 bed,
663 1391 71 38 but
759 1389 50 38 he
836 1386 208 41 continued
1078 1384 119 41 feeble
1225 1381 76 39 and
1329 1377 142 44 sallow,

73 1451 93 39 with
187 1464 106 25 some
312 1449 143 53 cough,
477 1447 77 39 bad
574 1445 183 52 appetite,
778 1443 177 51 frequent
982 1440 125 52 pulse>
1124 1437 76 39 and
1232 1449 23 25 a
1285 1430 185 42 withered

75 1505 212 40 emaciated
309 1514 253 41 appearance.
620 1499 126 51 Being
765 1505 84 31 sent
868 1505 40 29 to
930 1505 63 28 the
1011 1505 164 36 country
1195 1490 48 36 he
1262 1485 205 40 recovered

72 1559 217 54 gradually,
306 1558 78 39 and
403 1557 32 39 is
453 1569 86 25 now
558 1555 40 37 in
619 1552 145 52 perfect
781 1549 144 46 health,
946 1549 68 37 but
1034 1547 48 37 he
1111 1540 208 42 continued
1339 1550 40 26 in
1398 1540 67 34 the

75 1628 98 24 state
193 1614 125 38 which
342 1611 19 38 I
380 1611 98 38 have
496 1606 225 42 mentioned
751 1606 57 36 for
836 1602 141 40 several
1010 1597 168 38 months.
1236 1594 21 38 I
1290 1605 63 25 am
1383 1602 88 39 per-

77 1667 146 40 suaded
241 1667 84 39 that
344 1678 117 35 many
477 1676 118 32 cases,
610 1659 199 53 especially
829 1658 41 37 in
885 1653 187 42 children,
1092 1647 124 41 which
1239 1658 149 27 assume
1405 1652 16 29 t
1434 1655 37 26 le

76 1734 246 37 appearance
341 1718 44 39 of
400 1716 227 40 mesenteric
646 1713 158 41 disease,
823 1705 153 41 depend
1005 1717 104 25 upon
1130 1717 23 24 a
1171 1702 150 38 morbid
1341 1709 133 28 condi-

77 1785 85 29 tion
177 1773 44 40 of
234 1783 66 29 the
315 1772 192 39 muscular
526 1770 128 38 action
673 1763 46 39 of
731 1771 65 31 the
815 1760 122 45 canal,
959 1757 125 39 which
1105 1757 171 38 impedes
1295 1762 65 29 the
1379 1763 89 38 pro-

79 1843 82 26 cess
180 1827 45 39 of
235 1828 192 48 digestion
447 1824 76 40 and
544 1817 262 42 assimilation.
863 1815 41 37 It
919 1814 29 36 is
968 1810 145 40 treated
1131 1811 49 50 by
1200 1808 102 52 good
1323 1818 56 25 air
1394 1808 79 34 and

82 1883 184 44 exercise,
289 1880 105 39 tepid
419 1876 106 45 bath,
545 1874 157 38 friction
722 1869 46 40 of
793 1876 65 32 the
885 1866 206 44 abdomen,
1111 1863 89 39 with
1221 1868 128 45 gentle
1367 1870 106 27 com-

81 1937 193 53 pression,
304 1933 78 39 and
415 1927 197 40 vegetable
640 1925 148 43 bitters,
810 1936 40 25 as
881 1929 66 32 the
971 1917 178 41 Colombo
1178 1914 170 54 powder,
1369 1924 105 27 com-

83 1992 118 41 bined
219 1989 92 40 with
330 1983 104 43 small
454 1982 111 37 doses
585 1980 45 39 of
643 1977 171 40 rhubarb
829 1989 45 25 or
893 1988 113 24 aloes.

137 2048 40 38 3.
206 2047 39 37 A
263 2053 96 29 state
378 2036 179 40 different
576 2034 99 38 from
705 2032 65 39 the
797 2029 155 45 former,
974 2027 39 38 in
1034 2025 124 39 which
1184 2031 66 30 the
1280 2025 192 35 abdomen

83 2103 34 39 is
151 2094 207 45 somewhat
394 2087 181 43 enlarged
609 2088 69 37 but
709 2086 113 44 hard,
860 2082 139 39 almost
1027 2077 242 50 resembling,
1299 2074 40 37 in
1372 2084 106 26 some

85 2165 119 33 cases,
225 2163 22 24 a
265 2161 101 25 mass
394 2144 46 40 of
465 2154 161 28 organic
654 2140 155 39 disease.
867 2136 98 39 This
997 2135 31 37 is
1055 2148 23 23 a
1108 2128 225 42 formidable
1351 2137 125 38 symp-

86 2216 98 35 tom,
205 2204 70 38 but
304 2200 33 40 if
358 2201 30 37 it
407 2210 116 27 occur
541 2195 97 39 after
663 2194 67 39 the
758 2189 276 44 inflammation
1064 2187 31 37 is
1123 2181 173 42 subdued
1327 2188 31 30 it
1389 2191 89 38 may

86 2263 51 37 be
157 2255 207 43 recovered
383 2253 111 39 from.
561 2249 89 38 The
669 2254 136 32 nature
823 2245 45 39 of
880 2245 30 37 it
930 2244 30 37 is
979 2255 171 25 obscure.
1209 2237 39 37 It
1265 2236 31 37 is
1315 2245 163 27 certain-

87 2316 39 43 ly
146 2309 214 43 connected
380 2306 89 40 with
490 2316 105 27 some
614 2303 140 37 degree
773 2299 45 39 of
831 2295 190 43 intestinal
1041 2294 221 41 distention,
1284 2291 68 35 but
1383 2294 31 30 it
1445 2298 32 24 is

90 2377 73 33 not
182 2372 229 43 tympanitic
427 2376 12 31 ;
468 2360 30 38 it
517 2359 31 38 is
567 2356 94 39 hard
682 2354 75 39 and
780 2363 119 36 tense,
919 2357 215 32 sometimes
1148 2343 146 54 painful
1308 2354 52 25 on
1374 2351 104 64 pre^

93 2435 103 31 sure,
226 2419 78 39 and
328 2418 69 38 has
429 2429 50 24 an
513 2409 191 52 alarming
734 2418 250 40 appearance.
1039 2403 37 37 A
1099 2411 132 41 young
1258 2407 104 33 man,
1382 2399 96 69 ag^

95 2483 69 38 17,
184 2472 128 40 whom
334 2473 19 37 I
377 2466 182 42 attended
588 2465 40 38 in
658 2477 24 24 a
710 2475 127 25 severe
856 2458 128 40 attack
1018 2454 47 40 of
1091 2460 184 36 enteritis,
1296 2461 73 25 was
1401 2450 55 31 Ire

94 2534 102 38 from
228 2525 216 41 complaint
475 2523 119 38 about
623 2517 64 39 the
719 2515 68 39 7th
817 2515 74 50 day
911 2511 97 39 from
1042 2517 65 30 the
1137 2514 100 31 attac
1267 2529 8 8 .
1443 2508 35 69 ^

99 2585 71 42 9th
189 2583 59 40 his
268 2593 106 41 pulse
390 2577 127 39 began
537 2584 40 30 to
598 2572 72 41 rise
689 2569 139 54 again;
851 2566 76 41 and
946 2565 59 39 his
1023 2562 113 52 belly,
1153 2568 144 43 especia
1322 2565 24 40 y
1366 2565 22 25 a
