1817 3171
991 297 89 40 180

852 865 108 37 THE
991 865 238 38 SIAMIRI.

687 957 215 37 Callithrix
920 970 179 25 sciureus
1168 958 232 38 Geoffroy.

877 1062 131 37 Plate
1040 1062 167 38 XXIII.

365 1155 112 38 Simia
503 1157 148 44 sciurea,
680 1156 193 36 Linnaeus
946 1155 156 46 Siamiri,
1126 1157 185 35 callithrix
1338 1169 169 33 sciureus,
1536 1155 186 48 Geoffroy

417 1222 120 36 Saint
553 1221 176 45 Hilaire^
761 1221 183 36 Annales
972 1222 54 35 du
1053 1222 204 44 Museum^,
1284 1235 76 23 xix.
1385 1235 33 34 p.
1447 1221 276 47 113.—Sagoin

418 1300 145 31 siamiri,
587 1287 260 35 Desmaresi''s
865 1287 294 45 Mammalogie,
1182 1300 33 34 p.
1243 1286 174 37 87.—Le
1443 1286 159 46 Saimiri,
1628 1287 96 35 Fre-

420 1353 105 35 deric
546 1352 160 44 Cuvier^
730 1351 180 37 Histoire
928 1352 216 36 Naturelle
1164 1353 65 35 des
1250 1352 286 47 Mammiferes.

435 1494 118 44 This
576 1492 222 45 beautiful
821 1492 90 45 and
941 1492 145 45 active
1119 1493 118 45 little
1272 1492 167 45 animal
1466 1493 36 44 is
1534 1493 194 59 scarcely

369 1585 121 31 more
511 1575 113 38 than
647 1575 78 38 ten
749 1568 150 45 inches
923 1568 47 45 in
999 1569 169 60 length,
1205 1570 224 44 exclusive
1453 1567 50 47 of
1528 1569 78 45 the
1629 1569 97 52 tail,

372 1646 147 45 which
554 1645 36 44 is
624 1646 204 43 between
867 1645 195 44 thirteen
1102 1646 89 43 and
1230 1644 215 53 fourteen,
1483 1645 89 44 and
1596 1660 132 29 when

374 1722 166 51 seated,
575 1721 78 44 the
689 1720 155 44 height
883 1719 51 45 of
958 1721 77 44 the
1066 1722 111 43 back
1212 1736 92 29 was
1336 1736 106 44 only
1470 1722 135 43 about
1646 1720 83 45 six.

377 1799 97 44 The
497 1812 139 45 upper
659 1802 121 54 parts
804 1795 49 46 of
867 1796 77 44 the
972 1798 119 58 body
1115 1812 73 29 are
1211 1795 50 46 of
1276 1812 26 29 a
1323 1797 407 60 greenish-yellow,

377 1874 148 45 which
570 1887 198 30 assumes
813 1887 27 29 a
882 1872 181 60 grayish
1102 1879 90 38 tint
1231 1888 57 29 on
1326 1878 78 39 the
1448 1872 152 45 thighs
1645 1873 90 44 and

378 1966 148 36 aiTTis;
562 1949 78 45 the
663 1947 103 54 feet,
790 1949 107 59 legs,
923 1949 89 44 and
1035 1947 231 46 fore-arms
1290 1964 73 29 are
1386 1949 179 44 reddish
1588 1955 147 38 chest-

378 2033 100 47 nut,
520 2025 90 45 and
648 2025 78 44 the
769 2025 137 44 lower
949 2040 121 45 parts
1107 2040 73 30 are
1223 2040 158 45 nearly
1420 2025 151 44 white.
1641 2025 96 44 The

380 2117 177 30 muzzle
580 2101 36 44 is
641 2100 50 46 of
705 2116 27 28 a
755 2101 159 44 darker
936 2101 146 44 colour
1104 2107 111 38 than
1239 2107 78 39 the
1340 2107 89 39 rest
1453 2099 50 47 of
1527 2101 78 45 the
1629 2099 107 55 face,

383 2178 163 53 which,
574 2177 112 45 with
715 2183 78 38 the
824 2192 110 37 ears,
970 2176 37 45 is
1041 2177 350 45 flesh-coloured.
1461 2178 97 44 The
1591 2177 82 44 tail
1703 2177 37 45 is

384 2255 131 45 black
551 2261 48 37 at
637 2259 78 38 the
753 2252 81 45 tip.
903 2253 97 45 The
1039 2254 129 52 nails,
1211 2259 157 39 except
1406 2259 126 39 those
1568 2268 56 30 on
1663 2253 78 45 the

384 2331 202 51 thumbs,
611 2330 115 44 have
750 2344 27 29 a
799 2329 247 45 somewhat
1070 2328 262 47 claw-fomi.

453 2407 43 44 A
521 2406 141 60 living
684 2420 236 46 specimen,
938 2405 147 45 which
1104 2406 203 45 Frederic
1326 2406 164 45 Cuvier
1509 2405 231 53 describes,

389 2482 112 46 from
523 2482 79 45 the
628 2482 146 45 Royal
806 2481 217 54 Gardens,
1057 2497 93 29 was
1178 2497 108 45 very
1318 2481 173 61 playful
1518 2481 88 44 and
1633 2481 110 59 good

390 2558 242 46 tempered.
714 2558 44 45 It
788 2573 135 30 never
952 2558 109 45 used
1091 2558 59 46 its
1172 2559 82 45 tail
1287 2556 64 47 for
1378 2572 27 31 a
1435 2571 194 46 support,
1656 2556 89 45 and
