2113 3404
445 246 86 42 430

940 262 86 34 THE
1058 265 242 35 DISORDERS
1333 271 52 30 OE
1417 272 175 32 SPKISCH.

447 374 55 55 by
528 375 72 42 the
625 376 173 44 bedside
823 380 104 42 with
952 380 64 46 his
1041 382 77 42 left
1141 384 114 44 hand
1278 387 44 41 in
1347 388 72 42 the
1441 390 113 54 right
1589 391 114 42 hand
1735 394 46 39 of
1811 393 64 42 his
1908 394 150 52 father,

447 458 85 30 was
554 447 181 43 startled
759 449 56 55 by
840 451 155 56 feeling
1019 453 64 42 his
1107 454 139 44 father
1269 471 116 41 press
1408 458 66 43 his
1506 459 112 43 hand
1652 462 254 55 repeatedly.
1967 464 89 41 The

446 529 76 28 son
547 531 98 41 may
668 518 109 44 have
801 521 104 42 been
931 523 210 43 mistaken
1167 526 43 40 in
1235 527 202 56 thinking
1461 529 94 42 that
1586 531 73 42 the
1690 546 195 40 pressure
1918 546 84 28 was
2035 548 25 27 a

447 599 191 44 message
676 593 43 38 to
758 591 103 51 him,
898 594 344 43 communicated
1280 597 181 56 through
1498 599 72 42 the
1609 601 101 55 only
1747 602 182 42 channel
1965 603 94 41 that

446 659 219 42 remained
698 663 258 52 open,—the
989 678 195 40 pressure
1217 681 98 40 may
1348 668 108 42 have
1488 670 106 41 been
1627 673 233 41 automatic
1887 673 84 41 and
1993 674 63 40 in-

446 729 230 57 voluntary
693 732 149 51 ;—but
865 733 21 40 I
910 734 126 41 think
1061 735 33 40 it
1118 737 153 41 within
1294 737 72 42 the
1388 739 138 42 limits
1543 741 45 40 of
1609 741 241 53 possibility
1871 743 94 41 that
1988 744 72 42 the

446 815 76 27 son
543 815 85 28 was
647 801 114 55 right
778 803 44 40 in
841 803 67 42 his
926 804 186 54 opinion.
1164 806 88 42 The
1271 821 94 28 case
1385 822 84 29 was
1487 823 80 28 one
1583 810 44 41 of
1649 811 166 55 rapidly
1834 814 227 54 spreading

446 871 136 42 lesion
616 872 43 40 in
694 872 73 41 the
799 886 118 40 pons,
943 874 151 51 which,
1125 875 110 41 after
1267 878 176 55 causing
1476 893 147 28 severe
1659 882 220 55 neuralgia
1912 883 43 41 in
1990 884 73 42 the

447 942 115 54 right
584 942 90 42 side
698 943 44 40 of
764 943 73 42 the
862 943 100 51 face,
984 945 156 42 caused
1162 945 79 42 left
1262 946 268 58 hemiplegia,
1553 951 84 40 and
1661 951 103 42 then
1795 958 267 36 ophthalmo-

448 1013 140 54 plegia
606 1013 83 41 and
708 1014 155 53 partial
881 1014 116 54 right
1016 1016 269 54 hemiplegia,
1302 1017 116 52 with,
1435 1019 259 57 ultimately,
1713 1027 207 49 apparent
1934 1037 129 28 coma.

449 1084 127 42 Some
599 1084 230 55 voluntary
855 1090 138 36 motor
1014 1100 143 40 power
1173 1101 100 41 may
1297 1088 107 42 have
1425 1089 190 56 lingered
1637 1091 45 41 in
1705 1092 74 42 the
1802 1093 116 54 right
1940 1093 126 50 hand,

449 1169 109 28 even
592 1155 125 42 when
751 1155 72 41 the
855 1156 169 54 patient
1056 1171 98 35 was,
1177 1162 43 36 to
1253 1158 58 40 all
1343 1173 274 40 appearance,
1638 1161 45 41 in
1717 1176 24 27 a
1773 1163 217 41 condition
2023 1165 43 40 of

449 1225 107 55 deep
589 1239 130 28 coma.
784 1226 20 40 I
840 1226 191 41 mention
1064 1226 73 42 the
1169 1241 95 28 case
1297 1227 179 43 because
1509 1230 35 40 it
1575 1231 123 41 made
1733 1246 24 26 a
1788 1245 100 42 very
1921 1237 145 50 strong

449 1296 256 54 impression
735 1310 116 40 upon
886 1310 78 28 me.
1028 1297 126 42 Since
1186 1298 205 55 knowing
1423 1299 43 41 of
1497 1300 47 41 it,
1567 1300 21 40 I
1621 1301 109 41 have
1763 1301 172 55 always,
1963 1303 100 41 each

449 1367 175 49 session,
643 1367 104 41 been
773 1367 162 41 careful
958 1371 44 37 to
1025 1368 77 41 ask
1126 1382 72 40 my
1215 1369 198 41 students
1436 1373 44 37 to
1504 1370 98 41 bear
1624 1371 44 40 in
1692 1371 122 42 mind
1838 1372 72 42 the
1934 1373 134 54 possi-

450 1438 126 54 bility
600 1437 96 42 that
717 1452 24 26 a
763 1438 168 54 patient
953 1439 104 40 with
1080 1452 144 28 severe
1256 1439 135 42 lesion
1425 1440 43 41 of
1500 1440 73 42 the
1605 1456 107 40 pons
1736 1456 98 41 may
1859 1442 134 42 really
2015 1443 51 41 be

451 1508 235 50 conscious,
708 1508 165 54 though
895 1508 254 55 apparently
1173 1513 222 38 comatose.

510 1669 191 41 Lesions
733 1678 46 32 in
813 1679 85 30 the
931 1668 174 42 Second
1138 1669 194 42 Tkophic
1364 1670 168 42 Kealm.

511 1788 53 40 In
588 1787 74 41 the
686 1786 216 54 foregoing
925 1791 121 37 notes
1069 1800 114 41 upon
1206 1787 158 42 lesions
1386 1788 44 39 in
1453 1787 72 43 the
1549 1790 92 40 first
1663 1789 165 54 trophic
1860 1791 129 40 realm
2025 1792 42 40 of

450 1859 73 40 the
546 1861 298 51 speech-tract,
867 1857 21 41 I
913 1857 109 41 have
1044 1857 131 41 taken
1199 1858 72 41 the
1294 1862 95 49 part
1420 1858 45 40 of
1493 1858 74 42 the
1600 1864 111 36 tract
1742 1859 65 41 for
1839 1860 73 41 the
1945 1861 120 41 vocal

450 1927 266 41 mechanism
758 1926 85 41 and
888 1926 70 42 the
996 1931 96 50 part
1136 1928 61 40 for
1240 1927 72 42 the
1354 1928 90 41 oral
1488 1928 271 42 articulative
1803 1930 262 42 mechanism

451 1997 196 55 together
669 2013 9 37 ;
725 1997 180 41 because
948 1997 103 54 they
1094 1997 56 42 lie
1192 1998 44 40 in
1274 1998 315 54 juxtaposition
1643 1999 262 54 throughout
1957 2001 112 41 their

451 2083 158 28 course,
656 2068 83 41 and
786 2068 123 41 when
953 2068 180 42 affected
1181 2068 56 54 by
1284 2068 163 42 disease
1493 2083 70 27 are
1609 2069 155 42 almost
1810 2070 257 54 necessarily

450 2139 204 42 involved
687 2139 203 54 together.
956 2139 89 40 But
1081 2138 44 41 in
1165 2153 94 26 now
1299 2139 184 55 treating
1520 2140 43 40 of
1601 2139 71 41 the
1710 2140 155 41 second
1903 2140 166 41 trophic

450 2210 147 42 realm,
622 2210 35 41 it
691 2209 90 42 will
813 2210 51 41 be
895 2210 96 41 best
1023 2210 64 40 for
1119 2223 49 27 us
1201 2213 42 36 to
1277 2209 101 41 take
1409 2210 73 41 the
1515 2215 85 36 two
1631 2223 116 41 parts
1779 2211 43 40 of
1854 2210 73 41 the
1958 2215 111 36 tract

451 2280 267 56 separately;
750 2281 180 40 because
953 2279 101 42 each
1080 2288 106 45 part,
1209 2279 224 54 springing
1455 2280 107 40 from
1586 2280 54 40 its
1663 2294 92 26 own
1787 2279 215 42 root-cells
2023 2280 43 40 in

452 2351 74 41 the
549 2350 202 42 medulla,
775 2350 35 40 is
834 2349 234 41 continued
1093 2354 42 35 to
1159 2349 55 40 its
1237 2349 216 40 muscular
1475 2349 276 41 distribution
1776 2349 42 41 in
1855 2350 72 40 the
1960 2350 108 40 form

452 2422 44 40 of
517 2426 194 37 separate
736 2420 85 41 and
843 2420 181 41 distinct
1046 2423 138 37 motor
1207 2433 162 36 nerves,
1394 2419 138 41 which
1556 2433 78 27 can
1657 2420 135 41 easily
1815 2420 51 41 be
1889 2419 179 42 affected

452 2492 57 41 by
532 2491 164 42 disease
719 2490 342 55 independently
1083 2490 46 41 of
1148 2489 101 42 each
1273 2489 131 42 other.
1467 2489 22 41 I
1512 2489 110 42 shall
1646 2491 90 39 first
1768 2489 197 41 consider
1998 2490 70 41 the

451 2562 160 42 lesions
633 2561 47 42 of
698 2561 73 41 the
794 2575 128 27 nerve
946 2559 165 42 trunks,
1134 2559 83 41 and
1240 2559 104 42 then
1367 2559 73 42 the
1463 2559 158 42 lesions
1648 2559 44 41 of
1723 2559 73 42 the
1829 2560 239 55 medullary

452 2632 142 42 nuclei
618 2632 107 41 from
751 2631 139 41 which
914 2631 102 52 they
1041 2643 171 41 spring;
1244 2629 83 41 and
1353 2630 18 39 I
1395 2629 110 41 shall
1530 2629 123 54 begin
1687 2629 104 40 with
1825 2629 72 42 the
1931 2634 138 37 motor

454 2715 153 28 nerves
630 2702 43 40 of
697 2703 71 39 the
791 2700 135 42 Vocal
951 2699 281 42 Mechanism.

515 2843 35 41 1.
583 2842 167 41 Lesions
771 2842 49 40 in
842 2841 64 41 the
927 2839 153 43 Second
1106 2839 176 53 Trophic
1302 2838 148 41 Realm
1473 2838 48 54 of
1537 2838 63 40 the
1623 2838 133 41 Motor
1776 2838 122 41 Tract
1909 2839 78 54 for
2007 2839 63 40 the

465 2914 125 42 Vocal
626 2910 421 44 Mechanism.—The
1089 2909 148 42 reader
1279 2908 86 42 will
1409 2908 237 42 remember
1687 2908 95 41 that
1822 2908 71 42 the
1936 2913 135 36 motor

455 2998 153 28 nerves
632 2985 63 40 for
718 2982 73 42 the
823 2982 154 40 larynx
1010 2979 99 42 take
1143 2979 111 41 their
1286 2979 138 54 origin
1456 2979 45 40 in
1534 2977 73 43 the
1639 2978 188 42 medulla
1861 2979 103 39 from
1998 2977 73 41 the

458 3054 257 43 nerve-cells
747 3053 46 42 of
821 3052 74 42 the
927 3050 382 56 spinal-accessory
1343 3049 204 43 nucleus;
1594 3049 97 42 that
1732 3049 72 41 the
1836 3048 236 41 root-fibres
