2113 3404
370 204 83 41 356

867 216 86 34 THE
986 219 240 33 DISORDERS
1259 223 52 31 OF
1343 222 173 34 SPEECH.

370 334 187 54 produce
599 335 74 42 the
716 336 114 42 word
862 337 44 44 in
941 340 183 54 writing,
1155 341 36 41 is
1223 348 43 35 to
1308 343 125 41 make
1464 357 25 27 a
1523 344 193 42 draioing
1746 346 107 40 from
1892 346 94 41 that

370 403 149 56 image.
582 405 136 43 There
741 421 78 27 can
843 407 51 42 be
916 422 56 28 no
997 408 137 44 doubt
1165 410 93 42 that
1290 411 120 43 there
1443 413 36 41 is
1511 414 126 41 much
1672 414 117 41 truth
1824 414 41 40 in
1901 415 84 41 this

372 473 204 44 doctrine.
639 476 88 42 The
767 478 84 41 fact
884 478 106 52 that,
1021 493 46 28 as
1099 493 62 29 we
1194 480 107 43 have
1333 496 112 37 seen,
1467 483 72 42 the
1562 484 263 42 destruction
1848 485 43 40 of
1914 485 71 41 the

372 544 141 42 visual
535 550 144 38 centre
702 546 33 42 C
758 547 36 42 is
817 547 261 44 destructive
1101 551 45 40 of
1166 550 71 42 the
1260 565 142 41 power
1419 553 45 40 of
1484 554 182 55 writing,
1683 554 35 42 is
1747 555 237 41 corrobora-

374 614 88 42 tive
496 615 44 42 of
573 615 45 43 it.
681 617 101 51 But,
804 618 162 55 thougli
993 633 61 28 we
1089 624 125 50 grant
1252 621 71 42 the
1360 621 263 57 importance
1661 624 46 42 of
1740 625 71 41 the
1851 625 134 41 visual

372 685 162 55 images
570 690 43 37 at
650 687 33 41 C
720 686 45 43 in
800 687 181 42 relation
1017 694 41 35 to
1091 690 183 55 writing,
1297 691 21 41 I
1342 691 52 41 do
1418 699 74 35 not
1524 693 126 41 think
1674 708 61 28 we
1757 694 152 42 should
1932 709 52 27 on

372 755 96 41 that
489 761 183 36 account
694 757 186 54 imagine
903 757 95 42 that
1021 758 72 42 the
1115 760 337 53 graphic-motor
1473 762 157 56 images
1653 766 44 38 at
1718 765 40 40 D
1777 779 69 27 are
1867 765 47 41 of
1931 778 55 28 no

371 825 267 55 importance
661 826 226 42 whatever.
950 826 83 43 We
1055 828 154 42 should
1232 831 234 41 remember
1489 831 93 41 that
1605 832 71 42 the
1698 837 288 50 congenitally

372 894 134 52 blind,
530 896 95 41 who
648 895 108 42 have
780 910 54 27 no
856 896 141 42 visual
1020 897 159 56 images
1203 903 45 36 at
1268 899 69 51 all,
1360 913 78 28 can
1460 907 73 48 yet
1556 901 50 41 be
1624 902 165 42 trained
1808 907 42 37 to
1868 909 120 35 write

371 979 47 28 or
449 965 119 55 print
599 965 113 42 their
743 980 148 28 names
924 965 45 44 in
1003 968 199 54 ordinary
1236 968 266 43 characters.1
1566 970 175 55 Having
1773 986 54 26 no
1850 972 137 41 visual

375 1036 171 54 images,
570 1035 121 43 these
713 1037 291 54 congenitally
1030 1038 119 41 blind
1173 1053 174 40 persons
1380 1045 115 36 must
1526 1040 167 55 depend
1725 1055 262 41 exclusively

374 1121 115 40 upon
529 1106 72 42 the
638 1106 324 55 psycho-motor
997 1109 224 41 memories
1258 1110 46 40 of
1339 1110 302 55 writing—the
1683 1116 20 14 "
1720 1112 268 41 kinesthetic

374 1176 260 42 memories"
658 1178 45 40 of
722 1177 73 42 the
817 1182 81 46 act,
919 1192 45 28 as
988 1177 178 43 Bastiau
1193 1179 140 42 would
1366 1184 106 37 term
1503 1181 128 41 them.
1696 1181 52 51 If,
1769 1182 135 55 again,
1926 1196 62 28 we

373 1262 210 41 compare,
605 1248 45 41 in
674 1262 77 27 our
778 1263 96 27 own
897 1263 188 40 persons,
1104 1264 78 27 our
1204 1251 166 40 facility
1392 1251 44 40 in
1461 1251 169 55 writing
1655 1252 103 41 with
1780 1252 73 41 the
1876 1252 112 41 right

371 1320 116 41 hand
507 1319 104 41 with
628 1333 77 27 our
718 1319 316 42 awkwardness
1053 1321 44 40 in
1119 1321 170 41 writing
1309 1321 101 41 with
1430 1322 73 41 the
1520 1321 90 52 left,
1629 1335 61 29 we
1704 1322 110 41 shall
1831 1322 49 42 be
1894 1322 94 42 able

373 1395 43 37 to
438 1390 154 42 realize
613 1390 97 41 how
739 1390 130 42 much
892 1404 114 28 more
1039 1390 74 42 the
1144 1391 116 55 right
1282 1391 115 42 hand
1421 1392 75 41 has
1519 1391 172 43 learned
1725 1397 41 36 to
1797 1392 53 42 do
1883 1393 102 40 than

374 1461 161 42 merely
567 1466 44 36 to
648 1461 120 41 draw
801 1461 73 41 the
905 1461 141 41 visual
1079 1461 160 55 images
1276 1462 175 42 revived
1485 1462 150 42 within
1674 1463 71 41 the
1777 1467 142 37 centre
1943 1463 42 41 C.

371 1532 144 41 When
539 1546 62 27 we
625 1531 121 42 write
771 1531 103 41 with
899 1531 71 42 the
992 1531 80 42 left
1104 1532 112 41 hand
1241 1546 45 27 or
1308 1533 104 41 with
1434 1533 73 41 the
1530 1533 100 49 foot,
1652 1547 62 28 we
1737 1533 65 50 do,
1822 1532 166 51 indeed,

372 1601 210 42 carefully
606 1601 85 41 and
715 1601 260 55 laboriously
999 1601 118 41 draw
1139 1601 120 42 these
1288 1602 138 41 visual
1458 1602 184 56 images;
1674 1603 77 41 but
1773 1603 125 41 when
1926 1617 62 27 we

372 1678 121 36 write
516 1672 103 41 with
644 1672 73 42 the
739 1672 117 56 right
879 1671 115 42 hand
1025 1686 60 27 we
1110 1672 146 41 utilize
1279 1672 89 42 also
1391 1673 73 41 the
1486 1672 321 55 psycho-motor
1830 1673 157 41 images

372 1744 95 41 that
489 1758 71 27 are
583 1743 208 54 probably
814 1743 143 41 stored
978 1748 45 35 at
1045 1743 51 41 D.
1159 1743 137 41 These
1318 1757 70 27 are
1410 1743 217 54 promptly
1646 1743 172 41 revived
1842 1743 55 54 by
1915 1743 72 41 the

373 1814 141 42 visual
535 1814 160 41 images
718 1818 44 36 at
785 1812 44 42 C,
851 1812 85 42 and
961 1812 102 42 they
1085 1827 70 27 are
1177 1813 277 41 exteriorized
1483 1827 46 27 or
1561 1813 205 41 executed
1789 1813 103 41 with
1917 1813 71 41 the

373 1885 168 42 facility
566 1884 140 41 which
729 1897 140 28 comes
892 1883 44 41 of
957 1883 199 55 practice.

431 1954 320 44 Nevertheless,
770 1954 34 41 it
826 1959 159 36 cannot
1007 1954 51 41 be
1080 1953 155 42 denied
1258 1954 94 41 that
1373 1954 74 41 the
1469 1958 143 37 centre
1635 1954 39 41 D
1694 1954 75 41 has
1789 1953 140 42 fallen,
1947 1954 43 40 of

371 2028 99 41 late,
493 2027 108 41 from
625 2026 72 42 the
718 2025 188 55 position
940 2026 45 39 of
1004 2025 103 54 high
1139 2025 265 54 importance
1435 2024 47 41 in
1507 2024 183 42 relation
1722 2029 43 36 to
1787 2024 201 54 agraphia

373 2098 95 41 that
489 2098 36 40 it
546 2095 207 44 occupied
783 2095 45 41 in
854 2095 72 42 the
959 2095 176 41 opinion
1168 2096 45 39 of
1243 2095 162 41 writers
1437 2108 54 27 on
1523 2094 177 55 aphasia
1731 2108 113 28 some
1867 2107 122 41 years

372 2184 88 27 ago.
523 2168 91 42 The
637 2170 146 38 recent
804 2165 295 42 observations
1122 2166 54 53 by
1195 2164 203 57 Dejerine
1421 2165 84 41 and
1528 2163 177 43 S^rieux
1720 2164 104 41 with
1842 2164 146 54 regard

372 2245 44 37 to
439 2240 74 42 the
547 2244 145 37 centre
715 2238 45 42 C,
783 2237 85 41 and
890 2237 56 41 its
968 2236 203 42 relations
1204 2240 42 37 to
1279 2235 213 56 agraphia,
1514 2235 109 42 have
1654 2235 110 43 done
1797 2234 124 42 much
1947 2241 41 34 to

373 2310 222 42 diminish,
616 2308 45 43 in
683 2308 75 42 the
781 2313 175 37 current
978 2307 210 41 estimate,
1212 2307 71 41 the
1305 2307 265 53 importance
1601 2306 44 41 of
1678 2306 71 41 the
1770 2310 144 37 centre
1935 2305 51 41 D.

375 2381 202 55 Opinion,
598 2392 232 28 moreover,
852 2392 45 26 as
921 2391 62 27 we
1006 2376 108 42 have
1137 2390 112 28 seen,
1272 2376 35 41 is
1340 2376 169 41 coming
1539 2375 136 42 round
1710 2381 41 35 to
1774 2375 214 54 recognise

373 2451 124 42 again
523 2450 72 42 the
619 2448 119 42 truth
762 2448 43 41 of
829 2447 71 42 the
922 2447 71 41 old
1014 2447 110 41 view
1147 2447 46 40 of
1216 2447 237 41 Trousseau
1474 2445 85 42 and
1587 2445 153 50 others,
1763 2445 95 41 that
1888 2445 43 40 in
1964 2459 24 27 a

371 2523 115 41 large
508 2533 184 28 number
713 2518 46 41 of
778 2531 116 28 cases
916 2517 47 41 of
987 2516 176 55 aphasia
1185 2516 45 40 in
1252 2515 142 41 which
1427 2515 71 42 the
1532 2515 165 55 patient
1727 2520 157 36 cannot
1915 2530 71 27 ex-

372 2606 119 42 press
515 2589 174 42 himself
711 2588 46 41 in
783 2592 169 36 writing
984 2586 73 42 the
1079 2586 202 55 agraphia
1302 2586 36 40 is
1361 2585 134 54 really
1519 2585 82 42 due
1635 2590 43 37 to
1705 2585 72 42 the
1798 2585 190 42 amnesia

373 2661 185 44 verbalis
581 2663 97 38 that
699 2657 172 43 attends
893 2670 114 41 upon
1030 2656 189 55 aphasia,
1241 2655 192 42 whether
1463 2655 73 42 the
1567 2655 135 42 lesion
1736 2655 50 42 be
1815 2660 44 36 at
1880 2655 42 41 A
1943 2669 45 27 or

371 2738 45 38 at
438 2733 50 41 B.

431 2804 45 42 It
499 2801 142 43 would
664 2800 51 42 be
737 2797 255 44 interesting
1013 2797 34 40 if
1071 2811 61 27 we
1153 2795 126 43 could
1305 2795 108 43 have
1445 2796 144 42 before
1614 2809 48 28 us
1685 2795 71 42 the
1780 2794 143 43 record
1945 2795 43 40 of

372 2890 26 29 a
433 2887 97 31 case
567 2872 45 42 in
647 2869 141 42 which
826 2882 24 29 a
886 2867 127 42 small
1050 2866 86 43 and
1172 2866 178 42 isolated
1386 2865 134 43 lesion
1553 2865 85 41 had
1669 2864 224 55 destroyed
1915 2865 72 41 the

418 2969 11 22 1
448 2967 103 44 This,
563 2965 50 35 by
627 2963 64 36 the
705 2961 178 36 kindness
901 2959 40 37 of
952 2960 56 35 W.
1027 2960 46 35 H.
1092 2958 247 49 Ulingworth,
1354 2958 63 36 the
1438 2956 298 45 Head-Teacher,
1754 2956 17 36 I
1786 2956 93 35 have
1896 2955 92 36 been

370 3026 155 40 enabled
544 3029 37 31 to
600 3022 118 47 verify
736 3021 50 47 by
804 3019 168 49 personal
990 3019 232 36 observation
1239 3022 38 32 at
1294 3017 64 37 the
1377 3017 219 46 Edinburgh
1616 3016 111 35 Blind
1746 3015 167 47 Asylum.
