<?xml version="1.0" encoding="UTF-8"?>
<alto xmlns="http://www.loc.gov/standards/alto/ns-v2#" xmlns:xsi="http://www.w3.org/2001/XMLSchema-instance" xsi:schemaLocation="http://www.loc.gov/standards/alto/ns-v2# http://www.loc.gov/standards/alto/alto.xsd">
  <Description>
    <MeasurementUnit>pixel</MeasurementUnit>
    <sourceImageInformation>
      <fileName>b22371321_abbyy.xml</fileName>
    </sourceImageInformation>
    <OCRProcessing ID="OCR_1">
      <preProcessingStep>
        <processingDateTime>2015-10-31T03:55:19</processingDateTime>
        <processingAgency>intranda GmbH, www.intranda.com</processingAgency>
        <processingSoftware>
          <softwareCreator>intranda GmbH, Germany</softwareCreator>
          <softwareName>intranda OCR Module for TaskManager</softwareName>
          <softwareVersion>1.0r42</softwareVersion>
        </processingSoftware>
      </preProcessingStep>
      <ocrProcessingStep>
        <processingSoftware>
          <softwareCreator>ABBYY (BIT Software), Russia</softwareCreator>
          <softwareName>FineReader Engine</softwareName>
          <softwareVersion>10</softwareVersion>
        </processingSoftware>
      </ocrProcessingStep>
    </OCRProcessing>
  </Description>
  <Layout>
    <Page PHYSICAL_IMG_NR="22" ID="PAGE_22" WIDTH="2287" HEIGHT="3957">
      <TopMargin ID="TopMargin_1" HPOS="1126" VPOS="156" WIDTH="66" HEIGHT="50">
        <TextBlock ID="TextBlock_63" HPOS="1126" VPOS="156" WIDTH="66" HEIGHT="50">
          <TextLine ID="TextLine_793" HPOS="1126" VPOS="156" WIDTH="66" HEIGHT="50">
            <String ID="Word_8300" HPOS="1126" VPOS="156" WIDTH="66" HEIGHT="50" CONTENT="20" />
          </TextLine>
        </TextBlock>
      </TopMargin>
      <PrintSpace ID="PrintSpace_23" HPOS="162" VPOS="278" WIDTH="1998" HEIGHT="3436">
        <TextBlock ID="TextBlock_62" HPOS="162" VPOS="278" WIDTH="1998" HEIGHT="3436">
          <TextLine ID="TextLine_794" HPOS="178" VPOS="288" WIDTH="1967" HEIGHT="78">
            <String ID="Word_8301" HPOS="178" VPOS="302" WIDTH="183" HEIGHT="49" CONTENT="nature" />
            <SP ID="SP_7508" HPOS="362" VPOS="303" WIDTH="25" HEIGHT="0" />
            <String ID="Word_8302" HPOS="388" VPOS="296" WIDTH="228" HEIGHT="54" CONTENT="through" />
            <SP ID="SP_7509" HPOS="617" VPOS="296" WIDTH="24" HEIGHT="0" />
            <String ID="Word_8303" HPOS="642" VPOS="296" WIDTH="86" HEIGHT="52" CONTENT="the" />
            <SP ID="SP_7510" HPOS="729" VPOS="295" WIDTH="25" HEIGHT="0" />
            <String ID="Word_8304" HPOS="755" VPOS="295" WIDTH="151" HEIGHT="52" CONTENT="inlets" />
            <SP ID="SP_7511" HPOS="907" VPOS="313" WIDTH="26" HEIGHT="0" />
            <String ID="Word_8305" HPOS="934" VPOS="293" WIDTH="54" HEIGHT="54" CONTENT="of" />
            <SP ID="SP_7512" HPOS="989" VPOS="293" WIDTH="20" HEIGHT="0" />
            <String ID="Word_8306" HPOS="1010" VPOS="300" WIDTH="88" HEIGHT="46" CONTENT="the" />
            <SP ID="SP_7513" HPOS="1099" VPOS="312" WIDTH="25" HEIGHT="0" />
            <String ID="Word_8307" HPOS="1125" VPOS="310" WIDTH="198" HEIGHT="47" CONTENT="senses;" />
            <SP ID="SP_7514" HPOS="1324" VPOS="310" WIDTH="41" HEIGHT="0" />
            <String ID="Word_8308" HPOS="1366" VPOS="289" WIDTH="99" HEIGHT="55" CONTENT="and" />
            <SP ID="SP_7515" HPOS="1466" VPOS="289" WIDTH="35" HEIGHT="0" />
            <String ID="Word_8309" HPOS="1502" VPOS="290" WIDTH="65" HEIGHT="70" CONTENT="(6)" />
            <SP ID="SP_7516" HPOS="1568" VPOS="290" WIDTH="43" HEIGHT="0" />
            <String ID="Word_8310" HPOS="1612" VPOS="309" WIDTH="28" HEIGHT="34" CONTENT="a" />
            <SP ID="SP_7517" HPOS="1641" VPOS="309" WIDTH="32" HEIGHT="0" />
            <String ID="Word_8311" HPOS="1674" VPOS="294" WIDTH="211" HEIGHT="49" CONTENT="relation" />
            <SP ID="SP_7518" HPOS="1886" VPOS="308" WIDTH="25" HEIGHT="0" />
            <String ID="Word_8312" HPOS="1912" VPOS="289" WIDTH="121" HEIGHT="55" CONTENT="with" />
            <SP ID="SP_7519" HPOS="2034" VPOS="290" WIDTH="24" HEIGHT="0" />
            <String ID="Word_8313" HPOS="2059" VPOS="290" WIDTH="86" HEIGHT="54" CONTENT="the" />
          </TextLine>
          <TextLine ID="TextLine_795" HPOS="176" VPOS="364" WIDTH="1967" HEIGHT="78">
            <String ID="Word_8314" HPOS="176" VPOS="379" WIDTH="146" HEIGHT="46" CONTENT="other" />
            <SP ID="SP_7520" HPOS="323" VPOS="391" WIDTH="40" HEIGHT="0" />
            <String ID="Word_8315" HPOS="364" VPOS="390" WIDTH="184" HEIGHT="34" CONTENT="organs" />
            <SP ID="SP_7521" HPOS="549" VPOS="390" WIDTH="27" HEIGHT="0" />
            <String ID="Word_8316" HPOS="577" VPOS="371" WIDTH="55" HEIGHT="52" CONTENT="of" />
            <SP ID="SP_7522" HPOS="633" VPOS="371" WIDTH="38" HEIGHT="0" />
            <String ID="Word_8317" HPOS="672" VPOS="370" WIDTH="87" HEIGHT="53" CONTENT="the" />
            <SP ID="SP_7523" HPOS="760" VPOS="369" WIDTH="43" HEIGHT="0" />
            <String ID="Word_8318" HPOS="804" VPOS="369" WIDTH="154" HEIGHT="70" CONTENT="body," />
            <SP ID="SP_7524" HPOS="959" VPOS="374" WIDTH="25" HEIGHT="0" />
            <String ID="Word_8319" HPOS="985" VPOS="367" WIDTH="225" HEIGHT="53" CONTENT="through" />
            <SP ID="SP_7525" HPOS="1211" VPOS="367" WIDTH="36" HEIGHT="0" />
            <String ID="Word_8320" HPOS="1248" VPOS="371" WIDTH="87" HEIGHT="47" CONTENT="the" />
            <SP ID="SP_7526" HPOS="1336" VPOS="384" WIDTH="36" HEIGHT="0" />
            <String ID="Word_8321" HPOS="1373" VPOS="384" WIDTH="218" HEIGHT="34" CONTENT="nervous" />
            <SP ID="SP_7527" HPOS="1592" VPOS="383" WIDTH="38" HEIGHT="0" />
            <String ID="Word_8322" HPOS="1631" VPOS="369" WIDTH="188" HEIGHT="65" CONTENT="system" />
            <SP ID="SP_7528" HPOS="1820" VPOS="364" WIDTH="26" HEIGHT="0" />
            <String ID="Word_8323" HPOS="1847" VPOS="364" WIDTH="296" HEIGHT="54" CONTENT="distributed" />
          </TextLine>
          <TextLine ID="TextLine_796" HPOS="176" VPOS="437" WIDTH="1967" HEIGHT="79">
            <String ID="Word_8324" HPOS="176" VPOS="447" WIDTH="322" HEIGHT="52" CONTENT="throughout" />
            <SP ID="SP_7529" HPOS="499" VPOS="450" WIDTH="25" HEIGHT="0" />
            <String ID="Word_8325" HPOS="525" VPOS="445" WIDTH="89" HEIGHT="52" CONTENT="the" />
            <SP ID="SP_7530" HPOS="615" VPOS="444" WIDTH="30" HEIGHT="0" />
            <String ID="Word_8326" HPOS="646" VPOS="443" WIDTH="152" HEIGHT="54" CONTENT="body." />
            <SP ID="SP_7531" HPOS="799" VPOS="443" WIDTH="78" HEIGHT="0" />
            <String ID="Word_8327" HPOS="878" VPOS="443" WIDTH="164" HEIGHT="53" CONTENT="These" />
            <SP ID="SP_7532" HPOS="1043" VPOS="442" WIDTH="37" HEIGHT="0" />
            <String ID="Word_8328" HPOS="1081" VPOS="442" WIDTH="127" HEIGHT="52" CONTENT="have" />
            <SP ID="SP_7533" HPOS="1209" VPOS="460" WIDTH="38" HEIGHT="0" />
            <String ID="Word_8329" HPOS="1248" VPOS="458" WIDTH="197" HEIGHT="52" CONTENT="already" />
            <SP ID="SP_7534" HPOS="1446" VPOS="438" WIDTH="41" HEIGHT="0" />
            <String ID="Word_8330" HPOS="1488" VPOS="438" WIDTH="127" HEIGHT="54" CONTENT="been" />
            <SP ID="SP_7535" HPOS="1616" VPOS="457" WIDTH="40" HEIGHT="0" />
            <String ID="Word_8331" HPOS="1657" VPOS="437" WIDTH="297" HEIGHT="72" CONTENT="sufficiently" />
            <SP ID="SP_7536" HPOS="1955" VPOS="438" WIDTH="41" HEIGHT="0" />
            <String ID="Word_8332" HPOS="1997" VPOS="438" WIDTH="146" HEIGHT="54" CONTENT="dwelt" />
          </TextLine>
          <TextLine ID="TextLine_797" HPOS="178" VPOS="511" WIDTH="1618" HEIGHT="81">
            <String ID="Word_8333" HPOS="178" VPOS="539" WIDTH="140" HEIGHT="35" CONTENT="upon" />
            <SP ID="SP_7537" HPOS="319" VPOS="520" WIDTH="24" HEIGHT="0" />
            <String ID="Word_8334" HPOS="344" VPOS="520" WIDTH="152" HEIGHT="65" CONTENT="here;" />
            <SP ID="SP_7538" HPOS="497" VPOS="524" WIDTH="39" HEIGHT="0" />
            <String ID="Word_8335" HPOS="537" VPOS="524" WIDTH="123" HEIGHT="66" CONTENT="they" />
            <SP ID="SP_7539" HPOS="661" VPOS="538" WIDTH="25" HEIGHT="0" />
            <String ID="Word_8336" HPOS="687" VPOS="518" WIDTH="104" HEIGHT="52" CONTENT="will" />
            <SP ID="SP_7540" HPOS="792" VPOS="518" WIDTH="24" HEIGHT="0" />
            <String ID="Word_8337" HPOS="817" VPOS="516" WIDTH="191" HEIGHT="54" CONTENT="receive" />
            <SP ID="SP_7541" HPOS="1009" VPOS="516" WIDTH="25" HEIGHT="0" />
            <String ID="Word_8338" HPOS="1035" VPOS="515" WIDTH="150" HEIGHT="53" CONTENT="fuller" />
            <SP ID="SP_7542" HPOS="1186" VPOS="534" WIDTH="26" HEIGHT="0" />
            <String ID="Word_8339" HPOS="1213" VPOS="519" WIDTH="251" HEIGHT="48" CONTENT="attention" />
            <SP ID="SP_7543" HPOS="1465" VPOS="533" WIDTH="26" HEIGHT="0" />
            <String ID="Word_8340" HPOS="1492" VPOS="511" WIDTH="304" HEIGHT="55" CONTENT="afterwards." />
          </TextLine>
          <TextLine ID="TextLine_798" HPOS="254" VPOS="585" WIDTH="1888" HEIGHT="71">
            <String ID="Word_8341" HPOS="254" VPOS="599" WIDTH="48" HEIGHT="48" CONTENT="2." />
            <SP ID="SP_7544" HPOS="303" VPOS="594" WIDTH="42" HEIGHT="0" />
            <String ID="Word_8342" HPOS="346" VPOS="594" WIDTH="107" HEIGHT="52" CONTENT="But" />
            <SP ID="SP_7545" HPOS="454" VPOS="598" WIDTH="24" HEIGHT="0" />
            <String ID="Word_8343" HPOS="479" VPOS="594" WIDTH="87" HEIGHT="52" CONTENT="the" />
            <SP ID="SP_7546" HPOS="567" VPOS="592" WIDTH="26" HEIGHT="0" />
            <String ID="Word_8344" HPOS="594" VPOS="592" WIDTH="144" HEIGHT="53" CONTENT="brain" />
            <SP ID="SP_7547" HPOS="739" VPOS="592" WIDTH="32" HEIGHT="0" />
            <String ID="Word_8345" HPOS="772" VPOS="592" WIDTH="91" HEIGHT="52" CONTENT="has" />
            <SP ID="SP_7548" HPOS="864" VPOS="611" WIDTH="34" HEIGHT="0" />
            <String ID="Word_8346" HPOS="899" VPOS="591" WIDTH="106" HEIGHT="53" CONTENT="also" />
            <SP ID="SP_7549" HPOS="1006" VPOS="610" WIDTH="26" HEIGHT="0" />
            <String ID="Word_8347" HPOS="1033" VPOS="610" WIDTH="29" HEIGHT="33" CONTENT="a" />
            <SP ID="SP_7550" HPOS="1063" VPOS="589" WIDTH="23" HEIGHT="0" />
            <String ID="Word_8348" HPOS="1087" VPOS="589" WIDTH="85" HEIGHT="53" CONTENT="life" />
            <SP ID="SP_7551" HPOS="1173" VPOS="609" WIDTH="27" HEIGHT="0" />
            <String ID="Word_8349" HPOS="1201" VPOS="589" WIDTH="55" HEIGHT="53" CONTENT="of" />
            <SP ID="SP_7552" HPOS="1257" VPOS="589" WIDTH="34" HEIGHT="0" />
            <String ID="Word_8350" HPOS="1292" VPOS="587" WIDTH="272" HEIGHT="66" CONTENT="nutrition," />
            <SP ID="SP_7553" HPOS="1565" VPOS="606" WIDTH="27" HEIGHT="0" />
            <String ID="Word_8351" HPOS="1593" VPOS="606" WIDTH="72" HEIGHT="46" CONTENT="or," />
            <SP ID="SP_7554" HPOS="1666" VPOS="587" WIDTH="25" HEIGHT="0" />
            <String ID="Word_8352" HPOS="1692" VPOS="586" WIDTH="41" HEIGHT="52" CONTENT="if" />
            <SP ID="SP_7555" HPOS="1734" VPOS="586" WIDTH="39" HEIGHT="0" />
            <String ID="Word_8353" HPOS="1774" VPOS="605" WIDTH="74" HEIGHT="33" CONTENT="we" />
            <SP ID="SP_7556" HPOS="1849" VPOS="605" WIDTH="36" HEIGHT="0" />
            <String ID="Word_8354" HPOS="1886" VPOS="585" WIDTH="165" HEIGHT="71" CONTENT="might" />
            <SP ID="SP_7557" HPOS="2052" VPOS="590" WIDTH="36" HEIGHT="0" />
            <String ID="Word_8355" HPOS="2089" VPOS="605" WIDTH="53" HEIGHT="34" CONTENT="so" />
          </TextLine>
          <TextLine ID="TextLine_799" HPOS="178" VPOS="659" WIDTH="1965" HEIGHT="79">
            <String ID="Word_8356" HPOS="178" VPOS="668" WIDTH="96" HEIGHT="53" CONTENT="call" />
            <SP ID="SP_7558" HPOS="275" VPOS="667" WIDTH="41" HEIGHT="0" />
            <String ID="Word_8357" HPOS="317" VPOS="667" WIDTH="58" HEIGHT="65" CONTENT="it," />
            <SP ID="SP_7559" HPOS="376" VPOS="687" WIDTH="41" HEIGHT="0" />
            <String ID="Word_8358" HPOS="418" VPOS="687" WIDTH="29" HEIGHT="34" CONTENT="a" />
            <SP ID="SP_7560" HPOS="448" VPOS="687" WIDTH="40" HEIGHT="0" />
            <String ID="Word_8359" HPOS="489" VPOS="666" WIDTH="281" HEIGHT="55" CONTENT="vegetative" />
            <SP ID="SP_7561" HPOS="771" VPOS="666" WIDTH="42" HEIGHT="0" />
            <String ID="Word_8360" HPOS="814" VPOS="666" WIDTH="104" HEIGHT="52" CONTENT="life." />
            <SP ID="SP_7562" HPOS="919" VPOS="665" WIDTH="75" HEIGHT="0" />
            <String ID="Word_8361" HPOS="995" VPOS="665" WIDTH="68" HEIGHT="53" CONTENT="In" />
            <SP ID="SP_7563" HPOS="1064" VPOS="670" WIDTH="36" HEIGHT="0" />
            <String ID="Word_8362" HPOS="1101" VPOS="663" WIDTH="103" HEIGHT="53" CONTENT="this" />
            <SP ID="SP_7564" HPOS="1205" VPOS="663" WIDTH="37" HEIGHT="0" />
            <String ID="Word_8363" HPOS="1243" VPOS="663" WIDTH="67" HEIGHT="52" CONTENT="its" />
            <SP ID="SP_7565" HPOS="1311" VPOS="668" WIDTH="38" HEIGHT="0" />
            <String ID="Word_8364" HPOS="1350" VPOS="668" WIDTH="114" HEIGHT="47" CONTENT="true" />
            <SP ID="SP_7566" HPOS="1465" VPOS="681" WIDTH="44" HEIGHT="0" />
            <String ID="Word_8365" HPOS="1510" VPOS="680" WIDTH="205" HEIGHT="34" CONTENT="organic" />
            <SP ID="SP_7567" HPOS="1716" VPOS="660" WIDTH="34" HEIGHT="0" />
            <String ID="Word_8366" HPOS="1751" VPOS="660" WIDTH="84" HEIGHT="52" CONTENT="life" />
            <SP ID="SP_7568" HPOS="1836" VPOS="664" WIDTH="32" HEIGHT="0" />
            <String ID="Word_8367" HPOS="1869" VPOS="659" WIDTH="140" HEIGHT="54" CONTENT="there" />
            <SP ID="SP_7569" HPOS="2010" VPOS="659" WIDTH="36" HEIGHT="0" />
            <String ID="Word_8368" HPOS="2047" VPOS="659" WIDTH="41" HEIGHT="53" CONTENT="is" />
            <SP ID="SP_7570" HPOS="2089" VPOS="679" WIDTH="26" HEIGHT="0" />
            <String ID="Word_8369" HPOS="2116" VPOS="679" WIDTH="27" HEIGHT="34" CONTENT="a" />
          </TextLine>
          <TextLine ID="TextLine_800" HPOS="178" VPOS="733" WIDTH="1965" HEIGHT="72">
            <String ID="Word_8370" HPOS="178" VPOS="741" WIDTH="246" HEIGHT="53" CONTENT="nutritive" />
            <SP ID="SP_7571" HPOS="425" VPOS="760" WIDTH="37" HEIGHT="0" />
            <String ID="Word_8371" HPOS="463" VPOS="740" WIDTH="331" HEIGHT="54" CONTENT="assimilation" />
            <SP ID="SP_7572" HPOS="795" VPOS="760" WIDTH="38" HEIGHT="0" />
            <String ID="Word_8372" HPOS="834" VPOS="739" WIDTH="55" HEIGHT="54" CONTENT="of" />
            <SP ID="SP_7573" HPOS="890" VPOS="739" WIDTH="33" HEIGHT="0" />
            <String ID="Word_8373" HPOS="924" VPOS="737" WIDTH="215" HEIGHT="55" CONTENT="suitable" />
            <SP ID="SP_7574" HPOS="1140" VPOS="756" WIDTH="43" HEIGHT="0" />
            <String ID="Word_8374" HPOS="1184" VPOS="735" WIDTH="230" HEIGHT="55" CONTENT="material" />
            <SP ID="SP_7575" HPOS="1415" VPOS="735" WIDTH="42" HEIGHT="0" />
            <String ID="Word_8375" HPOS="1458" VPOS="736" WIDTH="132" HEIGHT="52" CONTENT="from" />
            <SP ID="SP_7576" HPOS="1591" VPOS="741" WIDTH="38" HEIGHT="0" />
            <String ID="Word_8376" HPOS="1630" VPOS="735" WIDTH="88" HEIGHT="53" CONTENT="the" />
            <SP ID="SP_7577" HPOS="1719" VPOS="733" WIDTH="43" HEIGHT="0" />
            <String ID="Word_8377" HPOS="1763" VPOS="733" WIDTH="157" HEIGHT="54" CONTENT="blood" />
            <SP ID="SP_7578" HPOS="1921" VPOS="733" WIDTH="35" HEIGHT="0" />
            <String ID="Word_8378" HPOS="1957" VPOS="733" WIDTH="65" HEIGHT="72" CONTENT="by" />
            <SP ID="SP_7579" HPOS="2023" VPOS="739" WIDTH="36" HEIGHT="0" />
            <String ID="Word_8379" HPOS="2060" VPOS="734" WIDTH="83" HEIGHT="53" CONTENT="the" />
          </TextLine>
          <TextLine ID="TextLine_801" HPOS="177" VPOS="807" WIDTH="1968" HEIGHT="76">
            <String ID="Word_8380" HPOS="177" VPOS="815" WIDTH="288" HEIGHT="65" CONTENT="nerve-cell," />
            <SP ID="SP_7580" HPOS="466" VPOS="835" WIDTH="28" HEIGHT="0" />
            <String ID="Word_8381" HPOS="495" VPOS="815" WIDTH="99" HEIGHT="54" CONTENT="and" />
            <SP ID="SP_7581" HPOS="595" VPOS="815" WIDTH="25" HEIGHT="0" />
            <String ID="Word_8382" HPOS="621" VPOS="835" WIDTH="28" HEIGHT="33" CONTENT="a" />
            <SP ID="SP_7582" HPOS="650" VPOS="834" WIDTH="23" HEIGHT="0" />
            <String ID="Word_8383" HPOS="674" VPOS="819" WIDTH="303" HEIGHT="48" CONTENT="restoration" />
            <SP ID="SP_7583" HPOS="978" VPOS="820" WIDTH="25" HEIGHT="0" />
            <String ID="Word_8384" HPOS="1004" VPOS="813" WIDTH="210" HEIGHT="70" CONTENT="thereby" />
            <SP ID="SP_7584" HPOS="1215" VPOS="831" WIDTH="27" HEIGHT="0" />
            <String ID="Word_8385" HPOS="1243" VPOS="812" WIDTH="55" HEIGHT="53" CONTENT="of" />
            <SP ID="SP_7585" HPOS="1299" VPOS="812" WIDTH="32" HEIGHT="0" />
            <String ID="Word_8386" HPOS="1332" VPOS="817" WIDTH="88" HEIGHT="46" CONTENT="the" />
            <SP ID="SP_7586" HPOS="1421" VPOS="829" WIDTH="26" HEIGHT="0" />
            <String ID="Word_8387" HPOS="1448" VPOS="809" WIDTH="196" HEIGHT="54" CONTENT="statical" />
            <SP ID="SP_7587" HPOS="1645" VPOS="809" WIDTH="26" HEIGHT="0" />
            <String ID="Word_8388" HPOS="1672" VPOS="808" WIDTH="323" HEIGHT="54" CONTENT="equilibrium" />
            <SP ID="SP_7588" HPOS="1996" VPOS="827" WIDTH="26" HEIGHT="0" />
            <String ID="Word_8389" HPOS="2023" VPOS="814" WIDTH="122" HEIGHT="47" CONTENT="after" />
          </TextLine>
          <TextLine ID="TextLine_802" HPOS="179" VPOS="882" WIDTH="1965" HEIGHT="79">
            <String ID="Word_8390" HPOS="179" VPOS="889" WIDTH="122" HEIGHT="54" CONTENT="each" />
            <SP ID="SP_7589" HPOS="302" VPOS="889" WIDTH="26" HEIGHT="0" />
            <String ID="Word_8391" HPOS="329" VPOS="889" WIDTH="196" HEIGHT="72" CONTENT="display" />
            <SP ID="SP_7590" HPOS="526" VPOS="909" WIDTH="25" HEIGHT="0" />
            <String ID="Word_8392" HPOS="552" VPOS="889" WIDTH="55" HEIGHT="53" CONTENT="of" />
            <SP ID="SP_7591" HPOS="608" VPOS="889" WIDTH="21" HEIGHT="0" />
            <String ID="Word_8393" HPOS="630" VPOS="907" WIDTH="202" HEIGHT="52" CONTENT="energy." />
            <SP ID="SP_7592" HPOS="833" VPOS="888" WIDTH="77" HEIGHT="0" />
            <String ID="Word_8394" HPOS="911" VPOS="888" WIDTH="107" HEIGHT="52" CONTENT="The" />
            <SP ID="SP_7593" HPOS="1019" VPOS="906" WIDTH="26" HEIGHT="0" />
            <String ID="Word_8395" HPOS="1046" VPOS="891" WIDTH="172" HEIGHT="49" CONTENT="extent" />
            <SP ID="SP_7594" HPOS="1219" VPOS="891" WIDTH="24" HEIGHT="0" />
            <String ID="Word_8396" HPOS="1244" VPOS="887" WIDTH="55" HEIGHT="51" CONTENT="of" />
            <SP ID="SP_7595" HPOS="1300" VPOS="887" WIDTH="32" HEIGHT="0" />
            <String ID="Word_8397" HPOS="1333" VPOS="890" WIDTH="88" HEIGHT="47" CONTENT="the" />
            <SP ID="SP_7596" HPOS="1422" VPOS="904" WIDTH="30" HEIGHT="0" />
            <String ID="Word_8398" HPOS="1453" VPOS="884" WIDTH="246" HEIGHT="53" CONTENT="nutritive" />
            <SP ID="SP_7597" HPOS="1700" VPOS="903" WIDTH="23" HEIGHT="0" />
            <String ID="Word_8399" HPOS="1724" VPOS="902" WIDTH="163" HEIGHT="34" CONTENT="repair" />
            <SP ID="SP_7598" HPOS="1888" VPOS="902" WIDTH="34" HEIGHT="0" />
            <String ID="Word_8400" HPOS="1923" VPOS="882" WIDTH="99" HEIGHT="53" CONTENT="and" />
            <SP ID="SP_7599" HPOS="2023" VPOS="882" WIDTH="36" HEIGHT="0" />
            <String ID="Word_8401" HPOS="2060" VPOS="882" WIDTH="84" HEIGHT="53" CONTENT="the" />
          </TextLine>
          <TextLine ID="TextLine_803" HPOS="178" VPOS="957" WIDTH="1964" HEIGHT="75">
            <String ID="Word_8402" HPOS="178" VPOS="963" WIDTH="179" HEIGHT="53" CONTENT="mould" />
            <SP ID="SP_7600" HPOS="358" VPOS="964" WIDTH="25" HEIGHT="0" />
            <String ID="Word_8403" HPOS="384" VPOS="964" WIDTH="163" HEIGHT="52" CONTENT="which" />
            <SP ID="SP_7601" HPOS="548" VPOS="963" WIDTH="24" HEIGHT="0" />
            <String ID="Word_8404" HPOS="573" VPOS="963" WIDTH="41" HEIGHT="53" CONTENT="it" />
            <SP ID="SP_7602" HPOS="615" VPOS="968" WIDTH="25" HEIGHT="0" />
            <String ID="Word_8405" HPOS="641" VPOS="969" WIDTH="143" HEIGHT="47" CONTENT="takes" />
            <SP ID="SP_7603" HPOS="785" VPOS="982" WIDTH="37" HEIGHT="0" />
            <String ID="Word_8406" HPOS="823" VPOS="967" WIDTH="139" HEIGHT="48" CONTENT="must" />
            <SP ID="SP_7604" HPOS="963" VPOS="967" WIDTH="26" HEIGHT="0" />
            <String ID="Word_8407" HPOS="990" VPOS="960" WIDTH="192" HEIGHT="72" CONTENT="plainly" />
            <SP ID="SP_7605" HPOS="1183" VPOS="959" WIDTH="24" HEIGHT="0" />
            <String ID="Word_8408" HPOS="1208" VPOS="959" WIDTH="64" HEIGHT="54" CONTENT="be" />
            <SP ID="SP_7606" HPOS="1273" VPOS="959" WIDTH="25" HEIGHT="0" />
            <String ID="Word_8409" HPOS="1299" VPOS="958" WIDTH="310" HEIGHT="54" CONTENT="determined" />
            <SP ID="SP_7607" HPOS="1610" VPOS="957" WIDTH="31" HEIGHT="0" />
            <String ID="Word_8410" HPOS="1642" VPOS="957" WIDTH="68" HEIGHT="71" CONTENT="by" />
            <SP ID="SP_7608" HPOS="1711" VPOS="964" WIDTH="25" HEIGHT="0" />
            <String ID="Word_8411" HPOS="1737" VPOS="964" WIDTH="85" HEIGHT="46" CONTENT="the" />
            <SP ID="SP_7609" HPOS="1823" VPOS="977" WIDTH="27" HEIGHT="0" />
            <String ID="Word_8412" HPOS="1851" VPOS="961" WIDTH="170" HEIGHT="50" CONTENT="extent" />
            <SP ID="SP_7610" HPOS="2022" VPOS="962" WIDTH="25" HEIGHT="0" />
            <String ID="Word_8413" HPOS="2048" VPOS="957" WIDTH="94" HEIGHT="53" CONTENT="and" />
          </TextLine>
          <TextLine ID="TextLine_804" HPOS="178" VPOS="1031" WIDTH="1972" HEIGHT="72">
            <String ID="Word_8414" HPOS="178" VPOS="1037" WIDTH="131" HEIGHT="53" CONTENT="form" />
            <SP ID="SP_7611" HPOS="310" VPOS="1058" WIDTH="28" HEIGHT="0" />
            <String ID="Word_8415" HPOS="339" VPOS="1037" WIDTH="54" HEIGHT="54" CONTENT="of" />
            <SP ID="SP_7612" HPOS="394" VPOS="1037" WIDTH="33" HEIGHT="0" />
            <String ID="Word_8416" HPOS="428" VPOS="1043" WIDTH="88" HEIGHT="47" CONTENT="the" />
            <SP ID="SP_7613" HPOS="517" VPOS="1057" WIDTH="38" HEIGHT="0" />
            <String ID="Word_8417" HPOS="556" VPOS="1042" WIDTH="154" HEIGHT="48" CONTENT="waste" />
            <SP ID="SP_7614" HPOS="711" VPOS="1056" WIDTH="35" HEIGHT="0" />
            <String ID="Word_8418" HPOS="747" VPOS="1036" WIDTH="166" HEIGHT="53" CONTENT="which" />
            <SP ID="SP_7615" HPOS="914" VPOS="1036" WIDTH="29" HEIGHT="0" />
            <String ID="Word_8419" HPOS="944" VPOS="1036" WIDTH="90" HEIGHT="52" CONTENT="has" />
            <SP ID="SP_7616" HPOS="1035" VPOS="1034" WIDTH="35" HEIGHT="0" />
            <String ID="Word_8420" HPOS="1071" VPOS="1034" WIDTH="127" HEIGHT="54" CONTENT="been" />
            <SP ID="SP_7617" HPOS="1199" VPOS="1039" WIDTH="33" HEIGHT="0" />
            <String ID="Word_8421" HPOS="1233" VPOS="1039" WIDTH="88" HEIGHT="48" CONTENT="the" />
            <SP ID="SP_7618" HPOS="1322" VPOS="1053" WIDTH="34" HEIGHT="0" />
            <String ID="Word_8422" HPOS="1357" VPOS="1033" WIDTH="262" HEIGHT="54" CONTENT="condition" />
            <SP ID="SP_7619" HPOS="1620" VPOS="1051" WIDTH="25" HEIGHT="0" />
            <String ID="Word_8423" HPOS="1646" VPOS="1032" WIDTH="56" HEIGHT="53" CONTENT="of" />
            <SP ID="SP_7620" HPOS="1703" VPOS="1032" WIDTH="38" HEIGHT="0" />
            <String ID="Word_8424" HPOS="1742" VPOS="1032" WIDTH="87" HEIGHT="52" CONTENT="the" />
            <SP ID="SP_7621" HPOS="1830" VPOS="1031" WIDTH="44" HEIGHT="0" />
            <String ID="Word_8425" HPOS="1875" VPOS="1031" WIDTH="194" HEIGHT="72" CONTENT="display" />
            <SP ID="SP_7622" HPOS="2070" VPOS="1051" WIDTH="25" HEIGHT="0" />
            <String ID="Word_8426" HPOS="2096" VPOS="1032" WIDTH="54" HEIGHT="53" CONTENT="of" />
          </TextLine>
          <TextLine ID="TextLine_805" HPOS="177" VPOS="1106" WIDTH="1968" HEIGHT="74">
            <String ID="Word_8427" HPOS="177" VPOS="1111" WIDTH="234" HEIGHT="53" CONTENT="function" />
            <SP ID="SP_7623" HPOS="412" VPOS="1131" WIDTH="22" HEIGHT="0" />
            <String ID="Word_8428" HPOS="435" VPOS="1134" WIDTH="9" HEIGHT="31" CONTENT=":" />
            <SP ID="SP_7624" HPOS="445" VPOS="1117" WIDTH="40" HEIGHT="0" />
            <String ID="Word_8429" HPOS="486" VPOS="1117" WIDTH="86" HEIGHT="47" CONTENT="the" />
            <SP ID="SP_7625" HPOS="573" VPOS="1130" WIDTH="36" HEIGHT="0" />
            <String ID="Word_8430" HPOS="610" VPOS="1110" WIDTH="229" HEIGHT="53" CONTENT="material" />
            <SP ID="SP_7626" HPOS="840" VPOS="1110" WIDTH="40" HEIGHT="0" />
            <String ID="Word_8431" HPOS="881" VPOS="1110" WIDTH="194" HEIGHT="53" CONTENT="change" />
            <SP ID="SP_7627" HPOS="1076" VPOS="1129" WIDTH="39" HEIGHT="0" />
            <String ID="Word_8432" HPOS="1116" VPOS="1128" WIDTH="56" HEIGHT="34" CONTENT="or" />
            <SP ID="SP_7628" HPOS="1173" VPOS="1128" WIDTH="31" HEIGHT="0" />
            <String ID="Word_8433" HPOS="1205" VPOS="1114" WIDTH="154" HEIGHT="47" CONTENT="waste" />
            <SP ID="SP_7629" HPOS="1360" VPOS="1108" WIDTH="36" HEIGHT="0" />
            <String ID="Word_8434" HPOS="1397" VPOS="1108" WIDTH="54" HEIGHT="52" CONTENT="in" />
            <SP ID="SP_7630" HPOS="1452" VPOS="1113" WIDTH="28" HEIGHT="0" />
            <String ID="Word_8435" HPOS="1481" VPOS="1113" WIDTH="88" HEIGHT="47" CONTENT="the" />
            <SP ID="SP_7631" HPOS="1570" VPOS="1126" WIDTH="31" HEIGHT="0" />
            <String ID="Word_8436" HPOS="1602" VPOS="1126" WIDTH="217" HEIGHT="33" CONTENT="nervous" />
            <SP ID="SP_7632" HPOS="1820" VPOS="1125" WIDTH="26" HEIGHT="0" />
            <String ID="Word_8437" HPOS="1847" VPOS="1106" WIDTH="110" HEIGHT="65" CONTENT="cell," />
            <SP ID="SP_7633" HPOS="1958" VPOS="1125" WIDTH="28" HEIGHT="0" />
            <String ID="Word_8438" HPOS="1987" VPOS="1106" WIDTH="158" HEIGHT="53" CONTENT="which" />
          </TextLine>
          <TextLine ID="TextLine_806" HPOS="178" VPOS="1180" WIDTH="1967" HEIGHT="76">
            <String ID="Word_8439" HPOS="178" VPOS="1191" WIDTH="87" HEIGHT="47" CONTENT="the" />
            <SP ID="SP_7634" HPOS="266" VPOS="1205" WIDTH="25" HEIGHT="0" />
            <String ID="Word_8440" HPOS="292" VPOS="1186" WIDTH="207" HEIGHT="70" CONTENT="activity" />
            <SP ID="SP_7635" HPOS="500" VPOS="1204" WIDTH="27" HEIGHT="0" />
            <String ID="Word_8441" HPOS="528" VPOS="1185" WIDTH="55" HEIGHT="53" CONTENT="of" />
            <SP ID="SP_7636" HPOS="584" VPOS="1185" WIDTH="20" HEIGHT="0" />
            <String ID="Word_8442" HPOS="605" VPOS="1205" WIDTH="65" HEIGHT="33" CONTENT="an" />
            <SP ID="SP_7637" HPOS="671" VPOS="1184" WIDTH="24" HEIGHT="0" />
            <String ID="Word_8443" HPOS="696" VPOS="1184" WIDTH="110" HEIGHT="54" CONTENT="idea" />
            <SP ID="SP_7638" HPOS="807" VPOS="1184" WIDTH="24" HEIGHT="0" />
            <String ID="Word_8444" HPOS="832" VPOS="1184" WIDTH="213" HEIGHT="71" CONTENT="implies," />
            <SP ID="SP_7639" HPOS="1046" VPOS="1183" WIDTH="26" HEIGHT="0" />
            <String ID="Word_8445" HPOS="1073" VPOS="1183" WIDTH="43" HEIGHT="53" CONTENT="is" />
            <SP ID="SP_7640" HPOS="1117" VPOS="1203" WIDTH="25" HEIGHT="0" />
            <String ID="Word_8446" HPOS="1143" VPOS="1182" WIDTH="233" HEIGHT="54" CONTENT="replaced" />
            <SP ID="SP_7641" HPOS="1377" VPOS="1182" WIDTH="31" HEIGHT="0" />
            <String ID="Word_8447" HPOS="1409" VPOS="1182" WIDTH="129" HEIGHT="53" CONTENT="from" />
            <SP ID="SP_7642" HPOS="1539" VPOS="1187" WIDTH="33" HEIGHT="0" />
            <String ID="Word_8448" HPOS="1573" VPOS="1182" WIDTH="87" HEIGHT="52" CONTENT="the" />
            <SP ID="SP_7643" HPOS="1661" VPOS="1181" WIDTH="37" HEIGHT="0" />
            <String ID="Word_8449" HPOS="1699" VPOS="1181" WIDTH="153" HEIGHT="53" CONTENT="blood" />
            <SP ID="SP_7644" HPOS="1853" VPOS="1181" WIDTH="26" HEIGHT="0" />
            <String ID="Word_8450" HPOS="1880" VPOS="1180" WIDTH="265" HEIGHT="70" CONTENT="according" />
          </TextLine>
          <TextLine ID="TextLine_807" HPOS="176" VPOS="1255" WIDTH="1969" HEIGHT="75">
            <String ID="Word_8451" HPOS="176" VPOS="1265" WIDTH="54" HEIGHT="46" CONTENT="to" />
            <SP ID="SP_7645" HPOS="231" VPOS="1265" WIDTH="44" HEIGHT="0" />
            <String ID="Word_8452" HPOS="276" VPOS="1265" WIDTH="88" HEIGHT="47" CONTENT="the" />
            <SP ID="SP_7646" HPOS="365" VPOS="1279" WIDTH="36" HEIGHT="0" />
            <String ID="Word_8453" HPOS="402" VPOS="1259" WIDTH="179" HEIGHT="53" CONTENT="mould" />
            <SP ID="SP_7647" HPOS="582" VPOS="1259" WIDTH="37" HEIGHT="0" />
            <String ID="Word_8454" HPOS="620" VPOS="1279" WIDTH="56" HEIGHT="33" CONTENT="or" />
            <SP ID="SP_7648" HPOS="677" VPOS="1279" WIDTH="38" HEIGHT="0" />
            <String ID="Word_8455" HPOS="716" VPOS="1264" WIDTH="203" HEIGHT="66" CONTENT="pattern" />
            <SP ID="SP_7649" HPOS="920" VPOS="1278" WIDTH="25" HEIGHT="0" />
            <String ID="Word_8456" HPOS="946" VPOS="1259" WIDTH="55" HEIGHT="52" CONTENT="of" />
            <SP ID="SP_7650" HPOS="1002" VPOS="1259" WIDTH="38" HEIGHT="0" />
            <String ID="Word_8457" HPOS="1041" VPOS="1264" WIDTH="84" HEIGHT="47" CONTENT="the" />
            <SP ID="SP_7651" HPOS="1126" VPOS="1277" WIDTH="37" HEIGHT="0" />
            <String ID="Word_8458" HPOS="1164" VPOS="1257" WIDTH="275" HEIGHT="72" CONTENT="particular" />
            <SP ID="SP_7652" HPOS="1440" VPOS="1257" WIDTH="37" HEIGHT="0" />
            <String ID="Word_8459" HPOS="1478" VPOS="1257" WIDTH="148" HEIGHT="64" CONTENT="idea;" />
            <SP ID="SP_7653" HPOS="1627" VPOS="1275" WIDTH="40" HEIGHT="0" />
            <String ID="Word_8460" HPOS="1668" VPOS="1255" WIDTH="198" HEIGHT="53" CONTENT="statical" />
            <SP ID="SP_7654" HPOS="1867" VPOS="1255" WIDTH="23" HEIGHT="0" />
            <String ID="Word_8461" HPOS="1891" VPOS="1255" WIDTH="113" HEIGHT="53" CONTENT="idea" />
            <SP ID="SP_7655" HPOS="2005" VPOS="1259" WIDTH="23" HEIGHT="0" />
            <String ID="Word_8462" HPOS="2029" VPOS="1255" WIDTH="116" HEIGHT="53" CONTENT="thus" />
          </TextLine>
          <TextLine ID="TextLine_808" HPOS="176" VPOS="1329" WIDTH="1970" HEIGHT="75">
            <String ID="Word_8463" HPOS="176" VPOS="1333" WIDTH="263" HEIGHT="71" CONTENT="following" />
            <SP ID="SP_7656" HPOS="440" VPOS="1339" WIDTH="22" HEIGHT="0" />
            <String ID="Word_8464" HPOS="463" VPOS="1333" WIDTH="229" HEIGHT="53" CONTENT="through" />
            <SP ID="SP_7657" HPOS="693" VPOS="1333" WIDTH="24" HEIGHT="0" />
            <String ID="Word_8465" HPOS="718" VPOS="1339" WIDTH="88" HEIGHT="47" CONTENT="the" />
            <SP ID="SP_7658" HPOS="807" VPOS="1352" WIDTH="26" HEIGHT="0" />
            <String ID="Word_8466" HPOS="834" VPOS="1352" WIDTH="191" HEIGHT="52" CONTENT="agency" />
            <SP ID="SP_7659" HPOS="1026" VPOS="1352" WIDTH="27" HEIGHT="0" />
            <String ID="Word_8467" HPOS="1054" VPOS="1332" WIDTH="55" HEIGHT="53" CONTENT="of" />
            <SP ID="SP_7660" HPOS="1110" VPOS="1332" WIDTH="32" HEIGHT="0" />
            <String ID="Word_8468" HPOS="1143" VPOS="1332" WIDTH="243" HEIGHT="52" CONTENT="nutritive" />
            <SP ID="SP_7661" HPOS="1387" VPOS="1351" WIDTH="30" HEIGHT="0" />
            <String ID="Word_8469" HPOS="1418" VPOS="1336" WIDTH="275" HEIGHT="47" CONTENT="attraction" />
            <SP ID="SP_7662" HPOS="1694" VPOS="1349" WIDTH="25" HEIGHT="0" />
            <String ID="Word_8470" HPOS="1720" VPOS="1349" WIDTH="141" HEIGHT="33" CONTENT="upon" />
            <SP ID="SP_7663" HPOS="1862" VPOS="1336" WIDTH="24" HEIGHT="0" />
            <String ID="Word_8471" HPOS="1887" VPOS="1336" WIDTH="88" HEIGHT="46" CONTENT="the" />
            <SP ID="SP_7664" HPOS="1976" VPOS="1348" WIDTH="24" HEIGHT="0" />
            <String ID="Word_8472" HPOS="2001" VPOS="1335" WIDTH="145" HEIGHT="47" CONTENT="waste" />
          </TextLine>
          <TextLine ID="TextLine_809" HPOS="176" VPOS="1404" WIDTH="1970" HEIGHT="74">
            <String ID="Word_8473" HPOS="176" VPOS="1406" WIDTH="230" HEIGHT="54" CONTENT="through" />
            <SP ID="SP_7665" HPOS="407" VPOS="1406" WIDTH="24" HEIGHT="0" />
            <String ID="Word_8474" HPOS="432" VPOS="1406" WIDTH="288" HEIGHT="53" CONTENT="functional" />
            <SP ID="SP_7666" HPOS="721" VPOS="1406" WIDTH="31" HEIGHT="0" />
            <String ID="Word_8475" HPOS="753" VPOS="1407" WIDTH="259" HEIGHT="52" CONTENT="repulsion" />
            <SP ID="SP_7667" HPOS="1013" VPOS="1426" WIDTH="28" HEIGHT="0" />
            <String ID="Word_8476" HPOS="1042" VPOS="1407" WIDTH="54" HEIGHT="52" CONTENT="of" />
            <SP ID="SP_7668" HPOS="1097" VPOS="1407" WIDTH="36" HEIGHT="0" />
            <String ID="Word_8477" HPOS="1134" VPOS="1407" WIDTH="161" HEIGHT="52" CONTENT="active" />
            <SP ID="SP_7669" HPOS="1296" VPOS="1406" WIDTH="37" HEIGHT="0" />
            <String ID="Word_8478" HPOS="1334" VPOS="1406" WIDTH="128" HEIGHT="52" CONTENT="idea." />
            <SP ID="SP_7670" HPOS="1463" VPOS="1405" WIDTH="77" HEIGHT="0" />
            <String ID="Word_8479" HPOS="1541" VPOS="1405" WIDTH="121" HEIGHT="53" CONTENT="This" />
            <SP ID="SP_7671" HPOS="1663" VPOS="1424" WIDTH="39" HEIGHT="0" />
            <String ID="Word_8480" HPOS="1703" VPOS="1423" WIDTH="207" HEIGHT="52" CONTENT="organic" />
            <SP ID="SP_7672" HPOS="1911" VPOS="1423" WIDTH="37" HEIGHT="0" />
            <String ID="Word_8481" HPOS="1949" VPOS="1423" WIDTH="197" HEIGHT="52" CONTENT="process" />
          </TextLine>
          <TextLine ID="TextLine_810" HPOS="179" VPOS="1478" WIDTH="1966" HEIGHT="74">
            <String ID="Word_8482" HPOS="179" VPOS="1481" WIDTH="55" HEIGHT="53" CONTENT="of" />
            <SP ID="SP_7673" HPOS="235" VPOS="1481" WIDTH="20" HEIGHT="0" />
            <String ID="Word_8483" HPOS="256" VPOS="1500" WIDTH="163" HEIGHT="34" CONTENT="repair" />
            <SP ID="SP_7674" HPOS="420" VPOS="1480" WIDTH="24" HEIGHT="0" />
            <String ID="Word_8484" HPOS="445" VPOS="1480" WIDTH="42" HEIGHT="53" CONTENT="is" />
            <SP ID="SP_7675" HPOS="488" VPOS="1500" WIDTH="29" HEIGHT="0" />
            <String ID="Word_8485" HPOS="518" VPOS="1486" WIDTH="92" HEIGHT="48" CONTENT="not" />
            <SP ID="SP_7676" HPOS="611" VPOS="1486" WIDTH="26" HEIGHT="0" />
            <String ID="Word_8486" HPOS="638" VPOS="1480" WIDTH="200" HEIGHT="72" CONTENT="usually" />
            <SP ID="SP_7677" HPOS="839" VPOS="1500" WIDTH="25" HEIGHT="0" />
            <String ID="Word_8487" HPOS="865" VPOS="1481" WIDTH="243" HEIGHT="53" CONTENT="attended" />
            <SP ID="SP_7678" HPOS="1109" VPOS="1481" WIDTH="24" HEIGHT="0" />
            <String ID="Word_8488" HPOS="1134" VPOS="1481" WIDTH="122" HEIGHT="52" CONTENT="with" />
            <SP ID="SP_7679" HPOS="1257" VPOS="1481" WIDTH="27" HEIGHT="0" />
            <String ID="Word_8489" HPOS="1285" VPOS="1480" WIDTH="399" HEIGHT="63" CONTENT="consciousness," />
            <SP ID="SP_7680" HPOS="1685" VPOS="1499" WIDTH="28" HEIGHT="0" />
            <String ID="Word_8490" HPOS="1714" VPOS="1479" WIDTH="100" HEIGHT="52" CONTENT="and" />
            <SP ID="SP_7681" HPOS="1815" VPOS="1479" WIDTH="42" HEIGHT="0" />
            <String ID="Word_8491" HPOS="1858" VPOS="1484" WIDTH="86" HEIGHT="66" CONTENT="yet" />
            <SP ID="SP_7682" HPOS="1945" VPOS="1478" WIDTH="23" HEIGHT="0" />
            <String ID="Word_8492" HPOS="1969" VPOS="1478" WIDTH="40" HEIGHT="52" CONTENT="it" />
            <SP ID="SP_7683" HPOS="2010" VPOS="1484" WIDTH="25" HEIGHT="0" />
            <String ID="Word_8493" HPOS="2036" VPOS="1498" WIDTH="109" HEIGHT="51" CONTENT="may" />
          </TextLine>
          <TextLine ID="TextLine_811" HPOS="179" VPOS="1553" WIDTH="1963" HEIGHT="71">
            <String ID="Word_8494" HPOS="179" VPOS="1554" WIDTH="218" HEIGHT="54" CONTENT="obtrude" />
            <SP ID="SP_7684" HPOS="398" VPOS="1555" WIDTH="40" HEIGHT="0" />
            <String ID="Word_8495" HPOS="439" VPOS="1555" WIDTH="141" HEIGHT="53" CONTENT="itself" />
            <SP ID="SP_7685" HPOS="581" VPOS="1555" WIDTH="38" HEIGHT="0" />
            <String ID="Word_8496" HPOS="620" VPOS="1555" WIDTH="110" HEIGHT="53" CONTENT="into" />
            <SP ID="SP_7686" HPOS="731" VPOS="1574" WIDTH="45" HEIGHT="0" />
            <String ID="Word_8497" HPOS="777" VPOS="1574" WIDTH="383" HEIGHT="34" CONTENT="consciousness" />
            <SP ID="SP_7687" HPOS="1161" VPOS="1575" WIDTH="22" HEIGHT="0" />
            <String ID="Word_8498" HPOS="1184" VPOS="1577" WIDTH="9" HEIGHT="30" CONTENT=":" />
            <SP ID="SP_7688" HPOS="1194" VPOS="1575" WIDTH="44" HEIGHT="0" />
            <String ID="Word_8499" HPOS="1239" VPOS="1574" WIDTH="52" HEIGHT="33" CONTENT="as" />
            <SP ID="SP_7689" HPOS="1292" VPOS="1560" WIDTH="43" HEIGHT="0" />
            <String ID="Word_8500" HPOS="1336" VPOS="1554" WIDTH="88" HEIGHT="53" CONTENT="the" />
            <SP ID="SP_7690" HPOS="1425" VPOS="1555" WIDTH="42" HEIGHT="0" />
            <String ID="Word_8501" HPOS="1468" VPOS="1555" WIDTH="230" HEIGHT="52" CONTENT="function" />
            <SP ID="SP_7691" HPOS="1699" VPOS="1573" WIDTH="39" HEIGHT="0" />
            <String ID="Word_8502" HPOS="1739" VPOS="1553" WIDTH="55" HEIGHT="53" CONTENT="of" />
            <SP ID="SP_7692" HPOS="1795" VPOS="1553" WIDTH="40" HEIGHT="0" />
            <String ID="Word_8503" HPOS="1836" VPOS="1572" WIDTH="97" HEIGHT="52" CONTENT="any" />
            <SP ID="SP_7693" HPOS="1934" VPOS="1572" WIDTH="39" HEIGHT="0" />
            <String ID="Word_8504" HPOS="1974" VPOS="1572" WIDTH="168" HEIGHT="46" CONTENT="organ," />
          </TextLine>
          <TextLine ID="TextLine_812" HPOS="177" VPOS="1627" WIDTH="1967" HEIGHT="73">
            <String ID="Word_8505" HPOS="177" VPOS="1629" WIDTH="164" HEIGHT="53" CONTENT="which" />
            <SP ID="SP_7694" HPOS="342" VPOS="1630" WIDTH="24" HEIGHT="0" />
            <String ID="Word_8506" HPOS="367" VPOS="1648" WIDTH="238" HEIGHT="52" CONTENT="proceeds" />
            <SP ID="SP_7695" HPOS="606" VPOS="1649" WIDTH="26" HEIGHT="0" />
            <String ID="Word_8507" HPOS="633" VPOS="1649" WIDTH="144" HEIGHT="33" CONTENT="when" />
            <SP ID="SP_7696" HPOS="778" VPOS="1649" WIDTH="24" HEIGHT="0" />
            <String ID="Word_8508" HPOS="803" VPOS="1629" WIDTH="67" HEIGHT="53" CONTENT="all" />
            <SP ID="SP_7697" HPOS="871" VPOS="1629" WIDTH="23" HEIGHT="0" />
            <String ID="Word_8509" HPOS="895" VPOS="1629" WIDTH="42" HEIGHT="53" CONTENT="is" />
            <SP ID="SP_7698" HPOS="938" VPOS="1649" WIDTH="26" HEIGHT="0" />
            <String ID="Word_8510" HPOS="965" VPOS="1629" WIDTH="110" HEIGHT="53" CONTENT="well" />
            <SP ID="SP_7699" HPOS="1076" VPOS="1629" WIDTH="26" HEIGHT="0" />
            <String ID="Word_8511" HPOS="1103" VPOS="1635" WIDTH="216" HEIGHT="47" CONTENT="without" />
            <SP ID="SP_7700" HPOS="1320" VPOS="1635" WIDTH="26" HEIGHT="0" />
            <String ID="Word_8512" HPOS="1347" VPOS="1629" WIDTH="223" HEIGHT="70" CONTENT="exciting" />
            <SP ID="SP_7701" HPOS="1571" VPOS="1648" WIDTH="26" HEIGHT="0" />
            <String ID="Word_8513" HPOS="1598" VPOS="1647" WIDTH="95" HEIGHT="52" CONTENT="any" />
            <SP ID="SP_7702" HPOS="1694" VPOS="1647" WIDTH="26" HEIGHT="0" />
            <String ID="Word_8514" HPOS="1721" VPOS="1628" WIDTH="270" HEIGHT="64" CONTENT="sensation," />
            <SP ID="SP_7703" HPOS="1992" VPOS="1627" WIDTH="20" HEIGHT="0" />
            <String ID="Word_8515" HPOS="2013" VPOS="1627" WIDTH="131" HEIGHT="65" CONTENT="does," />
          </TextLine>
          <TextLine ID="TextLine_813" HPOS="179" VPOS="1702" WIDTH="1967" HEIGHT="72">
            <String ID="Word_8516" HPOS="179" VPOS="1722" WIDTH="160" HEIGHT="34" CONTENT="under" />
            <SP ID="SP_7704" HPOS="340" VPOS="1723" WIDTH="15" HEIGHT="0" />
            <String ID="Word_8517" HPOS="356" VPOS="1703" WIDTH="289" HEIGHT="54" CONTENT="conditions" />
            <SP ID="SP_7705" HPOS="646" VPOS="1723" WIDTH="16" HEIGHT="0" />
            <String ID="Word_8518" HPOS="663" VPOS="1704" WIDTH="55" HEIGHT="53" CONTENT="of" />
            <SP ID="SP_7706" HPOS="719" VPOS="1704" WIDTH="12" HEIGHT="0" />
            <String ID="Word_8519" HPOS="732" VPOS="1704" WIDTH="244" HEIGHT="66" CONTENT="disorder," />
            <SP ID="SP_7707" HPOS="977" VPOS="1724" WIDTH="17" HEIGHT="0" />
            <String ID="Word_8520" HPOS="995" VPOS="1704" WIDTH="117" HEIGHT="70" CONTENT="give" />
            <SP ID="SP_7708" HPOS="1113" VPOS="1723" WIDTH="17" HEIGHT="0" />
            <String ID="Word_8521" HPOS="1131" VPOS="1703" WIDTH="97" HEIGHT="53" CONTENT="rise" />
            <SP ID="SP_7709" HPOS="1229" VPOS="1709" WIDTH="14" HEIGHT="0" />
            <String ID="Word_8522" HPOS="1244" VPOS="1709" WIDTH="55" HEIGHT="48" CONTENT="to" />
            <SP ID="SP_7710" HPOS="1300" VPOS="1723" WIDTH="21" HEIGHT="0" />
            <String ID="Word_8523" HPOS="1322" VPOS="1704" WIDTH="220" HEIGHT="52" CONTENT="unusual" />
            <SP ID="SP_7711" HPOS="1543" VPOS="1704" WIDTH="16" HEIGHT="0" />
            <String ID="Word_8524" HPOS="1560" VPOS="1708" WIDTH="256" HEIGHT="48" CONTENT="sensation" />
            <SP ID="SP_7712" HPOS="1817" VPOS="1721" WIDTH="19" HEIGHT="0" />
            <String ID="Word_8525" HPOS="1837" VPOS="1721" WIDTH="55" HEIGHT="34" CONTENT="or" />
            <SP ID="SP_7713" HPOS="1893" VPOS="1708" WIDTH="15" HEIGHT="0" />
            <String ID="Word_8526" HPOS="1909" VPOS="1708" WIDTH="53" HEIGHT="47" CONTENT="to" />
            <SP ID="SP_7714" HPOS="1963" VPOS="1722" WIDTH="18" HEIGHT="0" />
            <String ID="Word_8527" HPOS="1982" VPOS="1702" WIDTH="164" HEIGHT="53" CONTENT="actual" />
          </TextLine>
          <TextLine ID="TextLine_814" HPOS="174" VPOS="1776" WIDTH="1971" HEIGHT="73">
            <String ID="Word_8528" HPOS="174" VPOS="1797" WIDTH="119" HEIGHT="51" CONTENT="pain" />
            <SP ID="SP_7715" HPOS="294" VPOS="1797" WIDTH="18" HEIGHT="0" />
            <String ID="Word_8529" HPOS="313" VPOS="1799" WIDTH="15" HEIGHT="44" CONTENT=";" />
            <SP ID="SP_7716" HPOS="329" VPOS="1797" WIDTH="40" HEIGHT="0" />
            <String ID="Word_8530" HPOS="370" VPOS="1797" WIDTH="56" HEIGHT="34" CONTENT="so" />
            <SP ID="SP_7717" HPOS="427" VPOS="1783" WIDTH="25" HEIGHT="0" />
            <String ID="Word_8531" HPOS="453" VPOS="1783" WIDTH="89" HEIGHT="48" CONTENT="the" />
            <SP ID="SP_7718" HPOS="543" VPOS="1797" WIDTH="25" HEIGHT="0" />
            <String ID="Word_8532" HPOS="569" VPOS="1778" WIDTH="205" HEIGHT="53" CONTENT="organic" />
            <SP ID="SP_7719" HPOS="775" VPOS="1778" WIDTH="22" HEIGHT="0" />
            <String ID="Word_8533" HPOS="798" VPOS="1778" WIDTH="87" HEIGHT="53" CONTENT="life" />
            <SP ID="SP_7720" HPOS="886" VPOS="1797" WIDTH="17" HEIGHT="0" />
            <String ID="Word_8534" HPOS="904" VPOS="1779" WIDTH="56" HEIGHT="52" CONTENT="of" />
            <SP ID="SP_7721" HPOS="961" VPOS="1779" WIDTH="20" HEIGHT="0" />
            <String ID="Word_8535" HPOS="982" VPOS="1778" WIDTH="87" HEIGHT="53" CONTENT="the" />
            <SP ID="SP_7722" HPOS="1070" VPOS="1777" WIDTH="24" HEIGHT="0" />
            <String ID="Word_8536" HPOS="1095" VPOS="1777" WIDTH="161" HEIGHT="67" CONTENT="brain," />
            <SP ID="SP_7723" HPOS="1257" VPOS="1798" WIDTH="19" HEIGHT="0" />
            <String ID="Word_8537" HPOS="1277" VPOS="1778" WIDTH="160" HEIGHT="52" CONTENT="which" />
            <SP ID="SP_7724" HPOS="1438" VPOS="1778" WIDTH="25" HEIGHT="0" />
            <String ID="Word_8538" HPOS="1464" VPOS="1777" WIDTH="198" HEIGHT="72" CONTENT="usually" />
            <SP ID="SP_7725" HPOS="1663" VPOS="1797" WIDTH="19" HEIGHT="0" />
            <String ID="Word_8539" HPOS="1683" VPOS="1797" WIDTH="171" HEIGHT="52" CONTENT="passes" />
            <SP ID="SP_7726" HPOS="1855" VPOS="1797" WIDTH="25" HEIGHT="0" />
            <String ID="Word_8540" HPOS="1881" VPOS="1776" WIDTH="264" HEIGHT="72" CONTENT="peaceably" />
          </TextLine>
          <TextLine ID="TextLine_815" HPOS="175" VPOS="1851" WIDTH="1969" HEIGHT="73">
            <String ID="Word_8541" HPOS="175" VPOS="1852" WIDTH="216" HEIGHT="52" CONTENT="without" />
            <SP ID="SP_7727" HPOS="392" VPOS="1857" WIDTH="25" HEIGHT="0" />
            <String ID="Word_8542" HPOS="418" VPOS="1852" WIDTH="227" HEIGHT="72" CONTENT="exciting" />
            <SP ID="SP_7728" HPOS="646" VPOS="1871" WIDTH="23" HEIGHT="0" />
            <String ID="Word_8543" HPOS="670" VPOS="1871" WIDTH="400" HEIGHT="46" CONTENT="consciousness," />
            <SP ID="SP_7729" HPOS="1071" VPOS="1872" WIDTH="28" HEIGHT="0" />
            <String ID="Word_8544" HPOS="1100" VPOS="1872" WIDTH="114" HEIGHT="52" CONTENT="may" />
            <SP ID="SP_7730" HPOS="1215" VPOS="1872" WIDTH="28" HEIGHT="0" />
            <String ID="Word_8545" HPOS="1244" VPOS="1872" WIDTH="160" HEIGHT="33" CONTENT="under" />
            <SP ID="SP_7731" HPOS="1405" VPOS="1872" WIDTH="33" HEIGHT="0" />
            <String ID="Word_8546" HPOS="1439" VPOS="1857" WIDTH="188" HEIGHT="48" CONTENT="certain" />
            <SP ID="SP_7732" HPOS="1628" VPOS="1871" WIDTH="36" HEIGHT="0" />
            <String ID="Word_8547" HPOS="1665" VPOS="1851" WIDTH="288" HEIGHT="53" CONTENT="conditions" />
            <SP ID="SP_7733" HPOS="1954" VPOS="1857" WIDTH="25" HEIGHT="0" />
            <String ID="Word_8548" HPOS="1980" VPOS="1851" WIDTH="164" HEIGHT="53" CONTENT="thrust" />
          </TextLine>
          <TextLine ID="TextLine_816" HPOS="175" VPOS="1925" WIDTH="1968" HEIGHT="73">
            <String ID="Word_8549" HPOS="175" VPOS="1926" WIDTH="143" HEIGHT="52" CONTENT="itself" />
            <SP ID="SP_7734" HPOS="319" VPOS="1925" WIDTH="50" HEIGHT="0" />
            <String ID="Word_8550" HPOS="370" VPOS="1925" WIDTH="217" HEIGHT="54" CONTENT="forward" />
            <SP ID="SP_7735" HPOS="588" VPOS="1926" WIDTH="51" HEIGHT="0" />
            <String ID="Word_8551" HPOS="640" VPOS="1926" WIDTH="110" HEIGHT="53" CONTENT="into" />
            <SP ID="SP_7736" HPOS="751" VPOS="1946" WIDTH="43" HEIGHT="0" />
            <String ID="Word_8552" HPOS="795" VPOS="1946" WIDTH="380" HEIGHT="34" CONTENT="consciousness" />
            <SP ID="SP_7737" HPOS="1176" VPOS="1946" WIDTH="41" HEIGHT="0" />
            <String ID="Word_8553" HPOS="1218" VPOS="1926" WIDTH="99" HEIGHT="54" CONTENT="and" />
            <SP ID="SP_7738" HPOS="1318" VPOS="1926" WIDTH="39" HEIGHT="0" />
            <String ID="Word_8554" HPOS="1358" VPOS="1927" WIDTH="224" HEIGHT="71" CONTENT="produce" />
            <SP ID="SP_7739" HPOS="1583" VPOS="1946" WIDTH="39" HEIGHT="0" />
            <String ID="Word_8555" HPOS="1623" VPOS="1945" WIDTH="295" HEIGHT="35" CONTENT="anomalous" />
            <SP ID="SP_7740" HPOS="1919" VPOS="1945" WIDTH="41" HEIGHT="0" />
            <String ID="Word_8556" HPOS="1961" VPOS="1925" WIDTH="182" HEIGHT="55" CONTENT="effects." />
          </TextLine>
          <TextLine ID="TextLine_817" HPOS="175" VPOS="2000" WIDTH="1968" HEIGHT="71">
            <String ID="Word_8557" HPOS="175" VPOS="2000" WIDTH="173" HEIGHT="52" CONTENT="When" />
            <SP ID="SP_7741" HPOS="349" VPOS="2005" WIDTH="25" HEIGHT="0" />
            <String ID="Word_8558" HPOS="375" VPOS="2000" WIDTH="103" HEIGHT="52" CONTENT="this" />
            <SP ID="SP_7742" HPOS="479" VPOS="2000" WIDTH="25" HEIGHT="0" />
            <String ID="Word_8559" HPOS="505" VPOS="2000" WIDTH="245" HEIGHT="71" CONTENT="happens," />
            <SP ID="SP_7743" HPOS="751" VPOS="2008" WIDTH="26" HEIGHT="0" />
            <String ID="Word_8560" HPOS="778" VPOS="2008" WIDTH="86" HEIGHT="45" CONTENT="the" />
            <SP ID="SP_7744" HPOS="865" VPOS="2020" WIDTH="25" HEIGHT="0" />
            <String ID="Word_8561" HPOS="891" VPOS="2001" WIDTH="265" HEIGHT="53" CONTENT="abnormal" />
            <SP ID="SP_7745" HPOS="1157" VPOS="2001" WIDTH="23" HEIGHT="0" />
            <String ID="Word_8562" HPOS="1181" VPOS="2001" WIDTH="145" HEIGHT="53" CONTENT="effect" />
            <SP ID="SP_7746" HPOS="1327" VPOS="2002" WIDTH="24" HEIGHT="0" />
            <String ID="Word_8563" HPOS="1352" VPOS="2002" WIDTH="42" HEIGHT="51" CONTENT="is" />
            <SP ID="SP_7747" HPOS="1395" VPOS="2021" WIDTH="25" HEIGHT="0" />
            <String ID="Word_8564" HPOS="1421" VPOS="2006" WIDTH="93" HEIGHT="47" CONTENT="not" />
            <SP ID="SP_7748" HPOS="1515" VPOS="2006" WIDTH="24" HEIGHT="0" />
            <String ID="Word_8565" HPOS="1540" VPOS="2001" WIDTH="237" HEIGHT="52" CONTENT="manifest" />
            <SP ID="SP_7749" HPOS="1778" VPOS="2001" WIDTH="14" HEIGHT="0" />
            <String ID="Word_8566" HPOS="1793" VPOS="2001" WIDTH="54" HEIGHT="52" CONTENT="in" />
            <SP ID="SP_7750" HPOS="1848" VPOS="2020" WIDTH="29" HEIGHT="0" />
            <String ID="Word_8567" HPOS="1878" VPOS="2000" WIDTH="265" HEIGHT="64" CONTENT="sensation," />
          </TextLine>
          <TextLine ID="TextLine_818" HPOS="173" VPOS="2073" WIDTH="1972" HEIGHT="74">
            <String ID="Word_8568" HPOS="173" VPOS="2073" WIDTH="80" HEIGHT="54" CONTENT="for" />
            <SP ID="SP_7751" HPOS="254" VPOS="2078" WIDTH="24" HEIGHT="0" />
            <String ID="Word_8569" HPOS="279" VPOS="2074" WIDTH="88" HEIGHT="52" CONTENT="the" />
            <SP ID="SP_7752" HPOS="368" VPOS="2073" WIDTH="25" HEIGHT="0" />
            <String ID="Word_8570" HPOS="394" VPOS="2073" WIDTH="343" HEIGHT="72" CONTENT="hemispheres" />
            <SP ID="SP_7753" HPOS="738" VPOS="2093" WIDTH="28" HEIGHT="0" />
            <String ID="Word_8571" HPOS="767" VPOS="2075" WIDTH="54" HEIGHT="52" CONTENT="of" />
            <SP ID="SP_7754" HPOS="822" VPOS="2075" WIDTH="20" HEIGHT="0" />
            <String ID="Word_8572" HPOS="843" VPOS="2074" WIDTH="87" HEIGHT="54" CONTENT="the" />
            <SP ID="SP_7755" HPOS="931" VPOS="2075" WIDTH="23" HEIGHT="0" />
            <String ID="Word_8573" HPOS="955" VPOS="2075" WIDTH="163" HEIGHT="65" CONTENT="brain," />
            <SP ID="SP_7756" HPOS="1119" VPOS="2095" WIDTH="28" HEIGHT="0" />
            <String ID="Word_8574" HPOS="1148" VPOS="2095" WIDTH="54" HEIGHT="33" CONTENT="as" />
            <SP ID="SP_7757" HPOS="1203" VPOS="2095" WIDTH="24" HEIGHT="0" />
            <String ID="Word_8575" HPOS="1228" VPOS="2075" WIDTH="364" HEIGHT="72" CONTENT="physiologists" />
            <SP ID="SP_7758" HPOS="1593" VPOS="2094" WIDTH="25" HEIGHT="0" />
            <String ID="Word_8576" HPOS="1619" VPOS="2075" WIDTH="112" HEIGHT="53" CONTENT="well" />
            <SP ID="SP_7759" HPOS="1732" VPOS="2074" WIDTH="23" HEIGHT="0" />
            <String ID="Word_8577" HPOS="1756" VPOS="2074" WIDTH="166" HEIGHT="66" CONTENT="know," />
            <SP ID="SP_7760" HPOS="1923" VPOS="2095" WIDTH="28" HEIGHT="0" />
            <String ID="Word_8578" HPOS="1952" VPOS="2094" WIDTH="81" HEIGHT="34" CONTENT="are" />
            <SP ID="SP_7761" HPOS="2034" VPOS="2094" WIDTH="23" HEIGHT="0" />
            <String ID="Word_8579" HPOS="2058" VPOS="2080" WIDTH="87" HEIGHT="47" CONTENT="not" />
          </TextLine>
          <TextLine ID="TextLine_819" HPOS="176" VPOS="2147" WIDTH="1967" HEIGHT="74">
            <String ID="Word_8580" HPOS="176" VPOS="2147" WIDTH="237" HEIGHT="53" CONTENT="sensitive" />
            <SP ID="SP_7762" HPOS="414" VPOS="2148" WIDTH="23" HEIGHT="0" />
            <String ID="Word_8581" HPOS="438" VPOS="2148" WIDTH="54" HEIGHT="52" CONTENT="in" />
            <SP ID="SP_7763" HPOS="493" VPOS="2154" WIDTH="24" HEIGHT="0" />
            <String ID="Word_8582" HPOS="518" VPOS="2148" WIDTH="114" HEIGHT="53" CONTENT="that" />
            <SP ID="SP_7764" HPOS="633" VPOS="2153" WIDTH="25" HEIGHT="0" />
            <String ID="Word_8583" HPOS="659" VPOS="2167" WIDTH="179" HEIGHT="47" CONTENT="sense;" />
            <SP ID="SP_7765" HPOS="839" VPOS="2149" WIDTH="40" HEIGHT="0" />
            <String ID="Word_8584" HPOS="880" VPOS="2149" WIDTH="96" HEIGHT="53" CONTENT="but" />
            <SP ID="SP_7766" HPOS="977" VPOS="2150" WIDTH="24" HEIGHT="0" />
            <String ID="Word_8585" HPOS="1002" VPOS="2150" WIDTH="41" HEIGHT="52" CONTENT="it" />
            <SP ID="SP_7767" HPOS="1044" VPOS="2149" WIDTH="23" HEIGHT="0" />
            <String ID="Word_8586" HPOS="1068" VPOS="2149" WIDTH="43" HEIGHT="53" CONTENT="is" />
            <SP ID="SP_7768" HPOS="1112" VPOS="2149" WIDTH="27" HEIGHT="0" />
            <String ID="Word_8587" HPOS="1140" VPOS="2149" WIDTH="259" HEIGHT="71" CONTENT="displayed" />
            <SP ID="SP_7769" HPOS="1400" VPOS="2149" WIDTH="19" HEIGHT="0" />
            <String ID="Word_8588" HPOS="1420" VPOS="2150" WIDTH="53" HEIGHT="51" CONTENT="in" />
            <SP ID="SP_7770" HPOS="1474" VPOS="2154" WIDTH="18" HEIGHT="0" />
            <String ID="Word_8589" HPOS="1493" VPOS="2150" WIDTH="87" HEIGHT="52" CONTENT="the" />
            <SP ID="SP_7771" HPOS="1581" VPOS="2150" WIDTH="17" HEIGHT="0" />
            <String ID="Word_8590" HPOS="1599" VPOS="2150" WIDTH="323" HEIGHT="71" CONTENT="involuntary" />
            <SP ID="SP_7772" HPOS="1923" VPOS="2170" WIDTH="21" HEIGHT="0" />
            <String ID="Word_8591" HPOS="1945" VPOS="2168" WIDTH="198" HEIGHT="52" CONTENT="appear-" />
          </TextLine>
          <TextLine ID="TextLine_820" HPOS="176" VPOS="2222" WIDTH="1969" HEIGHT="72">
            <String ID="Word_8592" HPOS="176" VPOS="2241" WIDTH="123" HEIGHT="33" CONTENT="ance" />
            <SP ID="SP_7773" HPOS="300" VPOS="2240" WIDTH="27" HEIGHT="0" />
            <String ID="Word_8593" HPOS="328" VPOS="2222" WIDTH="55" HEIGHT="52" CONTENT="of" />
            <SP ID="SP_7774" HPOS="384" VPOS="2222" WIDTH="21" HEIGHT="0" />
            <String ID="Word_8594" HPOS="406" VPOS="2222" WIDTH="275" HEIGHT="52" CONTENT="emotional" />
            <SP ID="SP_7775" HPOS="682" VPOS="2222" WIDTH="37" HEIGHT="0" />
            <String ID="Word_8595" HPOS="720" VPOS="2222" WIDTH="138" HEIGHT="53" CONTENT="ideas" />
            <SP ID="SP_7776" HPOS="859" VPOS="2223" WIDTH="25" HEIGHT="0" />
            <String ID="Word_8596" HPOS="885" VPOS="2223" WIDTH="54" HEIGHT="52" CONTENT="in" />
            <SP ID="SP_7777" HPOS="940" VPOS="2243" WIDTH="26" HEIGHT="0" />
            <String ID="Word_8597" HPOS="967" VPOS="2242" WIDTH="399" HEIGHT="47" CONTENT="consciousness," />
            <SP ID="SP_7778" HPOS="1367" VPOS="2243" WIDTH="28" HEIGHT="0" />
            <String ID="Word_8598" HPOS="1396" VPOS="2224" WIDTH="100" HEIGHT="52" CONTENT="and" />
            <SP ID="SP_7779" HPOS="1497" VPOS="2224" WIDTH="37" HEIGHT="0" />
            <String ID="Word_8599" HPOS="1535" VPOS="2230" WIDTH="311" HEIGHT="64" CONTENT="consequent" />
            <SP ID="SP_7780" HPOS="1847" VPOS="2230" WIDTH="34" HEIGHT="0" />
            <String ID="Word_8600" HPOS="1882" VPOS="2242" WIDTH="263" HEIGHT="35" CONTENT="confusion" />
          </TextLine>
          <TextLine ID="TextLine_821" HPOS="177" VPOS="2295" WIDTH="1967" HEIGHT="74">
            <String ID="Word_8601" HPOS="177" VPOS="2296" WIDTH="55" HEIGHT="51" CONTENT="of" />
            <SP ID="SP_7781" HPOS="233" VPOS="2296" WIDTH="21" HEIGHT="0" />
            <String ID="Word_8602" HPOS="255" VPOS="2296" WIDTH="256" HEIGHT="70" CONTENT="thought;" />
            <SP ID="SP_7782" HPOS="512" VPOS="2301" WIDTH="40" HEIGHT="0" />
            <String ID="Word_8603" HPOS="553" VPOS="2301" WIDTH="87" HEIGHT="47" CONTENT="the" />
            <SP ID="SP_7783" HPOS="641" VPOS="2315" WIDTH="25" HEIGHT="0" />
            <String ID="Word_8604" HPOS="667" VPOS="2296" WIDTH="196" HEIGHT="53" CONTENT="statical" />
            <SP ID="SP_7784" HPOS="864" VPOS="2297" WIDTH="23" HEIGHT="0" />
            <String ID="Word_8605" HPOS="888" VPOS="2297" WIDTH="111" HEIGHT="53" CONTENT="idea" />
            <SP ID="SP_7785" HPOS="1000" VPOS="2297" WIDTH="25" HEIGHT="0" />
            <String ID="Word_8606" HPOS="1026" VPOS="2297" WIDTH="233" HEIGHT="54" CONTENT="becomes" />
            <SP ID="SP_7786" HPOS="1260" VPOS="2317" WIDTH="26" HEIGHT="0" />
            <String ID="Word_8607" HPOS="1287" VPOS="2317" WIDTH="203" HEIGHT="51" CONTENT="energy," />
            <SP ID="SP_7787" HPOS="1491" VPOS="2317" WIDTH="28" HEIGHT="0" />
            <String ID="Word_8608" HPOS="1520" VPOS="2303" WIDTH="90" HEIGHT="48" CONTENT="not" />
            <SP ID="SP_7788" HPOS="1611" VPOS="2303" WIDTH="24" HEIGHT="0" />
            <String ID="Word_8609" HPOS="1636" VPOS="2298" WIDTH="228" HEIGHT="53" CONTENT="through" />
            <SP ID="SP_7789" HPOS="1865" VPOS="2299" WIDTH="24" HEIGHT="0" />
            <String ID="Word_8610" HPOS="1890" VPOS="2304" WIDTH="86" HEIGHT="47" CONTENT="the" />
            <SP ID="SP_7790" HPOS="1977" VPOS="2317" WIDTH="24" HEIGHT="0" />
            <String ID="Word_8611" HPOS="2002" VPOS="2297" WIDTH="142" HEIGHT="53" CONTENT="usual" />
          </TextLine>
          <TextLine ID="TextLine_822" HPOS="175" VPOS="2368" WIDTH="1969" HEIGHT="74">
            <String ID="Word_8612" HPOS="175" VPOS="2374" WIDTH="134" HEIGHT="48" CONTENT="train" />
            <SP ID="SP_7791" HPOS="310" VPOS="2388" WIDTH="25" HEIGHT="0" />
            <String ID="Word_8613" HPOS="336" VPOS="2370" WIDTH="56" HEIGHT="52" CONTENT="of" />
            <SP ID="SP_7792" HPOS="393" VPOS="2370" WIDTH="20" HEIGHT="0" />
            <String ID="Word_8614" HPOS="414" VPOS="2369" WIDTH="320" HEIGHT="67" CONTENT="association," />
            <SP ID="SP_7793" HPOS="735" VPOS="2370" WIDTH="29" HEIGHT="0" />
            <String ID="Word_8615" HPOS="765" VPOS="2370" WIDTH="93" HEIGHT="53" CONTENT="but" />
            <SP ID="SP_7794" HPOS="859" VPOS="2370" WIDTH="21" HEIGHT="0" />
            <String ID="Word_8616" HPOS="881" VPOS="2370" WIDTH="71" HEIGHT="72" CONTENT="by" />
            <SP ID="SP_7795" HPOS="953" VPOS="2391" WIDTH="24" HEIGHT="0" />
            <String ID="Word_8617" HPOS="978" VPOS="2389" WIDTH="179" HEIGHT="35" CONTENT="reason" />
            <SP ID="SP_7796" HPOS="1158" VPOS="2389" WIDTH="16" HEIGHT="0" />
            <String ID="Word_8618" HPOS="1175" VPOS="2372" WIDTH="56" HEIGHT="52" CONTENT="of" />
            <SP ID="SP_7797" HPOS="1232" VPOS="2372" WIDTH="19" HEIGHT="0" />
            <String ID="Word_8619" HPOS="1252" VPOS="2377" WIDTH="88" HEIGHT="48" CONTENT="the" />
            <SP ID="SP_7798" HPOS="1341" VPOS="2391" WIDTH="20" HEIGHT="0" />
            <String ID="Word_8620" HPOS="1362" VPOS="2372" WIDTH="260" HEIGHT="53" CONTENT="abnormal" />
            <SP ID="SP_7799" HPOS="1623" VPOS="2372" WIDTH="19" HEIGHT="0" />
            <String ID="Word_8621" HPOS="1643" VPOS="2372" WIDTH="236" HEIGHT="53" CONTENT="stimulus" />
            <SP ID="SP_7800" HPOS="1880" VPOS="2373" WIDTH="24" HEIGHT="0" />
            <String ID="Word_8622" HPOS="1905" VPOS="2373" WIDTH="130" HEIGHT="52" CONTENT="from" />
            <SP ID="SP_7801" HPOS="2036" VPOS="2379" WIDTH="25" HEIGHT="0" />
            <String ID="Word_8623" HPOS="2062" VPOS="2371" WIDTH="82" HEIGHT="53" CONTENT="the" />
          </TextLine>
          <TextLine ID="TextLine_823" HPOS="176" VPOS="2443" WIDTH="1968" HEIGHT="74">
            <String ID="Word_8624" HPOS="176" VPOS="2443" WIDTH="145" HEIGHT="52" CONTENT="inner" />
            <SP ID="SP_7802" HPOS="322" VPOS="2443" WIDTH="43" HEIGHT="0" />
            <String ID="Word_8625" HPOS="366" VPOS="2443" WIDTH="104" HEIGHT="53" CONTENT="life." />
            <SP ID="SP_7803" HPOS="471" VPOS="2444" WIDTH="76" HEIGHT="0" />
            <String ID="Word_8626" HPOS="548" VPOS="2444" WIDTH="142" HEIGHT="52" CONTENT="Thus" />
            <SP ID="SP_7804" HPOS="691" VPOS="2445" WIDTH="31" HEIGHT="0" />
            <String ID="Word_8627" HPOS="723" VPOS="2445" WIDTH="42" HEIGHT="52" CONTENT="it" />
            <SP ID="SP_7805" HPOS="766" VPOS="2445" WIDTH="36" HEIGHT="0" />
            <String ID="Word_8628" HPOS="803" VPOS="2445" WIDTH="43" HEIGHT="53" CONTENT="is" />
            <SP ID="SP_7806" HPOS="847" VPOS="2451" WIDTH="35" HEIGHT="0" />
            <String ID="Word_8629" HPOS="883" VPOS="2451" WIDTH="111" HEIGHT="47" CONTENT="that" />
            <SP ID="SP_7807" HPOS="995" VPOS="2451" WIDTH="30" HEIGHT="0" />
            <String ID="Word_8630" HPOS="1026" VPOS="2452" WIDTH="90" HEIGHT="46" CONTENT="the" />
            <SP ID="SP_7808" HPOS="1117" VPOS="2465" WIDTH="29" HEIGHT="0" />
            <String ID="Word_8631" HPOS="1147" VPOS="2465" WIDTH="238" HEIGHT="52" CONTENT="presence" />
            <SP ID="SP_7809" HPOS="1386" VPOS="2465" WIDTH="26" HEIGHT="0" />
            <String ID="Word_8632" HPOS="1413" VPOS="2447" WIDTH="55" HEIGHT="53" CONTENT="of" />
            <SP ID="SP_7810" HPOS="1469" VPOS="2447" WIDTH="40" HEIGHT="0" />
            <String ID="Word_8633" HPOS="1510" VPOS="2446" WIDTH="213" HEIGHT="66" CONTENT="alcohol," />
            <SP ID="SP_7811" HPOS="1724" VPOS="2466" WIDTH="29" HEIGHT="0" />
            <String ID="Word_8634" HPOS="1754" VPOS="2466" WIDTH="55" HEIGHT="34" CONTENT="or" />
            <SP ID="SP_7812" HPOS="1810" VPOS="2466" WIDTH="30" HEIGHT="0" />
            <String ID="Word_8635" HPOS="1841" VPOS="2465" WIDTH="137" HEIGHT="34" CONTENT="some" />
            <SP ID="SP_7813" HPOS="1979" VPOS="2465" WIDTH="26" HEIGHT="0" />
            <String ID="Word_8636" HPOS="2006" VPOS="2446" WIDTH="138" HEIGHT="54" CONTENT="other" />
          </TextLine>
          <TextLine ID="TextLine_824" HPOS="177" VPOS="2517" WIDTH="1962" HEIGHT="76">
            <String ID="Word_8637" HPOS="177" VPOS="2517" WIDTH="126" HEIGHT="52" CONTENT="such" />
            <SP ID="SP_7814" HPOS="304" VPOS="2517" WIDTH="25" HEIGHT="0" />
            <String ID="Word_8638" HPOS="330" VPOS="2517" WIDTH="200" HEIGHT="53" CONTENT="foreign" />
            <SP ID="SP_7815" HPOS="531" VPOS="2537" WIDTH="26" HEIGHT="0" />
            <String ID="Word_8639" HPOS="558" VPOS="2523" WIDTH="168" HEIGHT="65" CONTENT="agent," />
            <SP ID="SP_7816" HPOS="727" VPOS="2519" WIDTH="29" HEIGHT="0" />
            <String ID="Word_8640" HPOS="757" VPOS="2519" WIDTH="54" HEIGHT="52" CONTENT="in" />
            <SP ID="SP_7817" HPOS="812" VPOS="2526" WIDTH="25" HEIGHT="0" />
            <String ID="Word_8641" HPOS="838" VPOS="2519" WIDTH="87" HEIGHT="54" CONTENT="the" />
            <SP ID="SP_7818" HPOS="926" VPOS="2519" WIDTH="26" HEIGHT="0" />
            <String ID="Word_8642" HPOS="953" VPOS="2519" WIDTH="153" HEIGHT="54" CONTENT="blood" />
            <SP ID="SP_7819" HPOS="1107" VPOS="2520" WIDTH="26" HEIGHT="0" />
            <String ID="Word_8643" HPOS="1134" VPOS="2521" WIDTH="101" HEIGHT="51" CONTENT="will" />
            <SP ID="SP_7820" HPOS="1236" VPOS="2521" WIDTH="25" HEIGHT="0" />
            <String ID="Word_8644" HPOS="1262" VPOS="2521" WIDTH="158" HEIGHT="52" CONTENT="excite" />
            <SP ID="SP_7821" HPOS="1421" VPOS="2521" WIDTH="22" HEIGHT="0" />
            <String ID="Word_8645" HPOS="1444" VPOS="2521" WIDTH="109" HEIGHT="53" CONTENT="into" />
            <SP ID="SP_7822" HPOS="1554" VPOS="2540" WIDTH="27" HEIGHT="0" />
            <String ID="Word_8646" HPOS="1582" VPOS="2521" WIDTH="208" HEIGHT="72" CONTENT="activity" />
            <SP ID="SP_7823" HPOS="1791" VPOS="2521" WIDTH="24" HEIGHT="0" />
            <String ID="Word_8647" HPOS="1816" VPOS="2521" WIDTH="136" HEIGHT="53" CONTENT="ideas" />
            <SP ID="SP_7824" HPOS="1953" VPOS="2541" WIDTH="26" HEIGHT="0" />
            <String ID="Word_8648" HPOS="1980" VPOS="2520" WIDTH="159" HEIGHT="54" CONTENT="which" />
          </TextLine>
          <TextLine ID="TextLine_825" HPOS="176" VPOS="2590" WIDTH="1967" HEIGHT="75">
            <String ID="Word_8649" HPOS="176" VPOS="2590" WIDTH="66" HEIGHT="53" CONTENT="lie" />
            <SP ID="SP_7825" HPOS="243" VPOS="2610" WIDTH="25" HEIGHT="0" />
            <String ID="Word_8650" HPOS="269" VPOS="2596" WIDTH="90" HEIGHT="47" CONTENT="out" />
            <SP ID="SP_7826" HPOS="360" VPOS="2596" WIDTH="26" HEIGHT="0" />
            <String ID="Word_8651" HPOS="387" VPOS="2592" WIDTH="56" HEIGHT="51" CONTENT="of" />
            <SP ID="SP_7827" HPOS="444" VPOS="2592" WIDTH="19" HEIGHT="0" />
            <String ID="Word_8652" HPOS="464" VPOS="2597" WIDTH="88" HEIGHT="47" CONTENT="the" />
            <SP ID="SP_7828" HPOS="553" VPOS="2610" WIDTH="25" HEIGHT="0" />
            <String ID="Word_8653" HPOS="579" VPOS="2592" WIDTH="149" HEIGHT="53" CONTENT="usual" />
            <SP ID="SP_7829" HPOS="729" VPOS="2592" WIDTH="25" HEIGHT="0" />
            <String ID="Word_8654" HPOS="755" VPOS="2594" WIDTH="124" HEIGHT="71" CONTENT="path" />
            <SP ID="SP_7830" HPOS="880" VPOS="2594" WIDTH="26" HEIGHT="0" />
            <String ID="Word_8655" HPOS="907" VPOS="2595" WIDTH="55" HEIGHT="52" CONTENT="of" />
            <SP ID="SP_7831" HPOS="963" VPOS="2595" WIDTH="22" HEIGHT="0" />
            <String ID="Word_8656" HPOS="986" VPOS="2594" WIDTH="318" HEIGHT="65" CONTENT="association," />
            <SP ID="SP_7832" HPOS="1305" VPOS="2614" WIDTH="27" HEIGHT="0" />
            <String ID="Word_8657" HPOS="1333" VPOS="2595" WIDTH="166" HEIGHT="52" CONTENT="which" />
            <SP ID="SP_7833" HPOS="1500" VPOS="2595" WIDTH="23" HEIGHT="0" />
            <String ID="Word_8658" HPOS="1524" VPOS="2600" WIDTH="88" HEIGHT="48" CONTENT="the" />
            <SP ID="SP_7834" HPOS="1613" VPOS="2615" WIDTH="25" HEIGHT="0" />
            <String ID="Word_8659" HPOS="1639" VPOS="2601" WIDTH="195" HEIGHT="47" CONTENT="utmost" />
            <SP ID="SP_7835" HPOS="1835" VPOS="2601" WIDTH="33" HEIGHT="0" />
            <String ID="Word_8660" HPOS="1869" VPOS="2601" WIDTH="197" HEIGHT="47" CONTENT="tension" />
            <SP ID="SP_7836" HPOS="2067" VPOS="2614" WIDTH="24" HEIGHT="0" />
            <String ID="Word_8661" HPOS="2092" VPOS="2593" WIDTH="51" HEIGHT="54" CONTENT="of" />
          </TextLine>
          <TextLine ID="TextLine_826" HPOS="177" VPOS="2665" WIDTH="1965" HEIGHT="75">
            <String ID="Word_8662" HPOS="177" VPOS="2683" WIDTH="386" HEIGHT="35" CONTENT="consciousness" />
            <SP ID="SP_7837" HPOS="564" VPOS="2685" WIDTH="25" HEIGHT="0" />
            <String ID="Word_8663" HPOS="590" VPOS="2666" WIDTH="172" HEIGHT="53" CONTENT="would" />
            <SP ID="SP_7838" HPOS="763" VPOS="2667" WIDTH="24" HEIGHT="0" />
            <String ID="Word_8664" HPOS="788" VPOS="2668" WIDTH="87" HEIGHT="52" CONTENT="fail" />
            <SP ID="SP_7839" HPOS="876" VPOS="2668" WIDTH="24" HEIGHT="0" />
            <String ID="Word_8665" HPOS="901" VPOS="2673" WIDTH="54" HEIGHT="49" CONTENT="to" />
            <SP ID="SP_7840" HPOS="956" VPOS="2688" WIDTH="26" HEIGHT="0" />
            <String ID="Word_8666" HPOS="983" VPOS="2688" WIDTH="195" HEIGHT="46" CONTENT="arouse," />
            <SP ID="SP_7841" HPOS="1179" VPOS="2689" WIDTH="27" HEIGHT="0" />
            <String ID="Word_8667" HPOS="1207" VPOS="2669" WIDTH="102" HEIGHT="53" CONTENT="and" />
            <SP ID="SP_7842" HPOS="1310" VPOS="2669" WIDTH="15" HEIGHT="0" />
            <String ID="Word_8668" HPOS="1326" VPOS="2669" WIDTH="164" HEIGHT="53" CONTENT="which" />
            <SP ID="SP_7843" HPOS="1491" VPOS="2669" WIDTH="24" HEIGHT="0" />
            <String ID="Word_8669" HPOS="1516" VPOS="2674" WIDTH="88" HEIGHT="49" CONTENT="the" />
            <SP ID="SP_7844" HPOS="1605" VPOS="2689" WIDTH="15" HEIGHT="0" />
            <String ID="Word_8670" HPOS="1621" VPOS="2670" WIDTH="100" HEIGHT="52" CONTENT="will" />
            <SP ID="SP_7845" HPOS="1722" VPOS="2670" WIDTH="24" HEIGHT="0" />
            <String ID="Word_8671" HPOS="1747" VPOS="2675" WIDTH="182" HEIGHT="48" CONTENT="cannot" />
            <SP ID="SP_7846" HPOS="1930" VPOS="2675" WIDTH="24" HEIGHT="0" />
            <String ID="Word_8672" HPOS="1955" VPOS="2688" WIDTH="187" HEIGHT="52" CONTENT="repress" />
          </TextLine>
          <TextLine ID="TextLine_827" HPOS="177" VPOS="2739" WIDTH="1965" HEIGHT="77">
            <String ID="Word_8673" HPOS="177" VPOS="2758" WIDTH="93" HEIGHT="33" CONTENT="nor" />
            <SP ID="SP_7847" HPOS="271" VPOS="2758" WIDTH="25" HEIGHT="0" />
            <String ID="Word_8674" HPOS="297" VPOS="2739" WIDTH="213" HEIGHT="53" CONTENT="control." />
            <SP ID="SP_7848" HPOS="511" VPOS="2740" WIDTH="78" HEIGHT="0" />
            <String ID="Word_8675" HPOS="590" VPOS="2740" WIDTH="315" HEIGHT="54" CONTENT="Whosoever" />
            <SP ID="SP_7849" HPOS="906" VPOS="2761" WIDTH="14" HEIGHT="0" />
            <String ID="Word_8676" HPOS="921" VPOS="2742" WIDTH="100" HEIGHT="54" CONTENT="will" />
            <SP ID="SP_7850" HPOS="1022" VPOS="2744" WIDTH="24" HEIGHT="0" />
            <String ID="Word_8677" HPOS="1047" VPOS="2744" WIDTH="62" HEIGHT="53" CONTENT="be" />
            <SP ID="SP_7851" HPOS="1110" VPOS="2762" WIDTH="25" HEIGHT="0" />
            <String ID="Word_8678" HPOS="1136" VPOS="2748" WIDTH="51" HEIGHT="47" CONTENT="at" />
            <SP ID="SP_7852" HPOS="1188" VPOS="2748" WIDTH="24" HEIGHT="0" />
            <String ID="Word_8679" HPOS="1213" VPOS="2750" WIDTH="88" HEIGHT="46" CONTENT="the" />
            <SP ID="SP_7853" HPOS="1302" VPOS="2762" WIDTH="24" HEIGHT="0" />
            <String ID="Word_8680" HPOS="1327" VPOS="2744" WIDTH="144" HEIGHT="71" CONTENT="pains" />
            <SP ID="SP_7854" HPOS="1472" VPOS="2764" WIDTH="20" HEIGHT="0" />
            <String ID="Word_8681" HPOS="1493" VPOS="2744" WIDTH="56" HEIGHT="53" CONTENT="of" />
            <SP ID="SP_7855" HPOS="1550" VPOS="2744" WIDTH="20" HEIGHT="0" />
            <String ID="Word_8682" HPOS="1571" VPOS="2744" WIDTH="268" HEIGHT="72" CONTENT="attending" />
            <SP ID="SP_7856" HPOS="1840" VPOS="2750" WIDTH="22" HEIGHT="0" />
            <String ID="Word_8683" HPOS="1863" VPOS="2750" WIDTH="54" HEIGHT="48" CONTENT="to" />
            <SP ID="SP_7857" HPOS="1918" VPOS="2744" WIDTH="19" HEIGHT="0" />
            <String ID="Word_8684" HPOS="1938" VPOS="2744" WIDTH="77" HEIGHT="53" CONTENT="his" />
            <SP ID="SP_7858" HPOS="2016" VPOS="2763" WIDTH="20" HEIGHT="0" />
            <String ID="Word_8685" HPOS="2037" VPOS="2761" WIDTH="105" HEIGHT="35" CONTENT="own" />
          </TextLine>
          <TextLine ID="TextLine_828" HPOS="177" VPOS="2812" WIDTH="1962" HEIGHT="77">
            <String ID="Word_8686" HPOS="177" VPOS="2812" WIDTH="135" HEIGHT="71" CONTENT="daily" />
            <SP ID="SP_7859" HPOS="313" VPOS="2833" WIDTH="30" HEIGHT="0" />
            <String ID="Word_8687" HPOS="344" VPOS="2832" WIDTH="293" HEIGHT="52" CONTENT="experience" />
            <SP ID="SP_7860" HPOS="638" VPOS="2833" WIDTH="24" HEIGHT="0" />
            <String ID="Word_8688" HPOS="663" VPOS="2815" WIDTH="103" HEIGHT="53" CONTENT="will" />
            <SP ID="SP_7861" HPOS="767" VPOS="2816" WIDTH="24" HEIGHT="0" />
            <String ID="Word_8689" HPOS="792" VPOS="2815" WIDTH="105" HEIGHT="53" CONTENT="find" />
            <SP ID="SP_7862" HPOS="898" VPOS="2815" WIDTH="24" HEIGHT="0" />
            <String ID="Word_8690" HPOS="923" VPOS="2817" WIDTH="112" HEIGHT="53" CONTENT="that" />
            <SP ID="SP_7863" HPOS="1036" VPOS="2818" WIDTH="37" HEIGHT="0" />
            <String ID="Word_8691" HPOS="1074" VPOS="2817" WIDTH="137" HEIGHT="53" CONTENT="ideas" />
            <SP ID="SP_7864" HPOS="1212" VPOS="2817" WIDTH="33" HEIGHT="0" />
            <String ID="Word_8692" HPOS="1246" VPOS="2817" WIDTH="286" HEIGHT="72" CONTENT="frequently" />
            <SP ID="SP_7865" HPOS="1533" VPOS="2838" WIDTH="26" HEIGHT="0" />
            <String ID="Word_8693" HPOS="1560" VPOS="2818" WIDTH="127" HEIGHT="54" CONTENT="arise" />
            <SP ID="SP_7866" HPOS="1688" VPOS="2818" WIDTH="32" HEIGHT="0" />
            <String ID="Word_8694" HPOS="1721" VPOS="2818" WIDTH="110" HEIGHT="54" CONTENT="into" />
            <SP ID="SP_7867" HPOS="1832" VPOS="2838" WIDTH="26" HEIGHT="0" />
            <String ID="Word_8695" HPOS="1859" VPOS="2818" WIDTH="280" HEIGHT="54" CONTENT="conscious-" />
          </TextLine>
          <TextLine ID="TextLine_829" HPOS="175" VPOS="2887" WIDTH="1963" HEIGHT="77">
            <String ID="Word_8696" HPOS="175" VPOS="2906" WIDTH="116" HEIGHT="33" CONTENT="ness" />
            <SP ID="SP_7868" HPOS="292" VPOS="2906" WIDTH="16" HEIGHT="0" />
            <String ID="Word_8697" HPOS="309" VPOS="2887" WIDTH="216" HEIGHT="53" CONTENT="without" />
            <SP ID="SP_7869" HPOS="526" VPOS="2893" WIDTH="16" HEIGHT="0" />
            <String ID="Word_8698" HPOS="543" VPOS="2908" WIDTH="97" HEIGHT="51" CONTENT="any" />
            <SP ID="SP_7870" HPOS="641" VPOS="2908" WIDTH="17" HEIGHT="0" />
            <String ID="Word_8699" HPOS="659" VPOS="2895" WIDTH="242" HEIGHT="64" CONTENT="apparent" />
            <SP ID="SP_7871" HPOS="902" VPOS="2895" WIDTH="18" HEIGHT="0" />
            <String ID="Word_8700" HPOS="921" VPOS="2892" WIDTH="213" HEIGHT="53" CONTENT="relation" />
            <SP ID="SP_7872" HPOS="1135" VPOS="2896" WIDTH="25" HEIGHT="0" />
            <String ID="Word_8701" HPOS="1161" VPOS="2896" WIDTH="54" HEIGHT="48" CONTENT="to" />
            <SP ID="SP_7873" HPOS="1216" VPOS="2897" WIDTH="25" HEIGHT="0" />
            <String ID="Word_8702" HPOS="1242" VPOS="2897" WIDTH="146" HEIGHT="48" CONTENT="those" />
            <SP ID="SP_7874" HPOS="1389" VPOS="2912" WIDTH="14" HEIGHT="0" />
            <String ID="Word_8703" HPOS="1404" VPOS="2892" WIDTH="290" HEIGHT="72" CONTENT="previously" />
            <SP ID="SP_7875" HPOS="1695" VPOS="2913" WIDTH="20" HEIGHT="0" />
            <String ID="Word_8704" HPOS="1716" VPOS="2898" WIDTH="177" HEIGHT="61" CONTENT="active," />
            <SP ID="SP_7876" HPOS="1894" VPOS="2913" WIDTH="16" HEIGHT="0" />
            <String ID="Word_8705" HPOS="1911" VPOS="2898" WIDTH="227" HEIGHT="58" CONTENT="without," />
          </TextLine>
          <TextLine ID="TextLine_830" HPOS="176" VPOS="2961" WIDTH="1963" HEIGHT="69">
            <String ID="Word_8706" HPOS="176" VPOS="2961" WIDTH="52" HEIGHT="51" CONTENT="in" />
            <SP ID="SP_7877" HPOS="229" VPOS="2961" WIDTH="25" HEIGHT="0" />
            <String ID="Word_8707" HPOS="255" VPOS="2961" WIDTH="121" HEIGHT="65" CONTENT="fact," />
            <SP ID="SP_7878" HPOS="377" VPOS="2981" WIDTH="27" HEIGHT="0" />
            <String ID="Word_8708" HPOS="405" VPOS="2981" WIDTH="96" HEIGHT="49" CONTENT="any" />
            <SP ID="SP_7879" HPOS="502" VPOS="2981" WIDTH="25" HEIGHT="0" />
            <String ID="Word_8709" HPOS="528" VPOS="2963" WIDTH="289" HEIGHT="67" CONTENT="possibility" />
            <SP ID="SP_7880" HPOS="818" VPOS="2984" WIDTH="28" HEIGHT="0" />
            <String ID="Word_8710" HPOS="847" VPOS="2965" WIDTH="55" HEIGHT="52" CONTENT="of" />
            <SP ID="SP_7881" HPOS="903" VPOS="2965" WIDTH="37" HEIGHT="0" />
            <String ID="Word_8711" HPOS="941" VPOS="2967" WIDTH="309" HEIGHT="63" CONTENT="explaining," />
            <SP ID="SP_7882" HPOS="1251" VPOS="2987" WIDTH="26" HEIGHT="0" />
            <String ID="Word_8712" HPOS="1278" VPOS="2969" WIDTH="166" HEIGHT="61" CONTENT="quoad" />
            <SP ID="SP_7883" HPOS="1445" VPOS="2969" WIDTH="32" HEIGHT="0" />
            <String ID="Word_8713" HPOS="1478" VPOS="2986" WIDTH="394" HEIGHT="44" CONTENT="consciousness," />
            <SP ID="SP_7884" HPOS="1873" VPOS="2987" WIDTH="35" HEIGHT="0" />
            <String ID="Word_8714" HPOS="1909" VPOS="2987" WIDTH="112" HEIGHT="43" CONTENT="why" />
            <SP ID="SP_7885" HPOS="2022" VPOS="2987" WIDTH="24" HEIGHT="0" />
            <String ID="Word_8715" HPOS="2047" VPOS="2966" WIDTH="92" HEIGHT="54" CONTENT="and" />
          </TextLine>
          <TextLine ID="TextLine_831" HPOS="177" VPOS="3034" WIDTH="536" HEIGHT="72">
            <String ID="Word_8716" HPOS="177" VPOS="3034" WIDTH="204" HEIGHT="53" CONTENT="whence" />
            <SP ID="SP_7886" HPOS="382" VPOS="3040" WIDTH="24" HEIGHT="0" />
            <String ID="Word_8717" HPOS="407" VPOS="3040" WIDTH="120" HEIGHT="66" CONTENT="they" />
            <SP ID="SP_7887" HPOS="528" VPOS="3054" WIDTH="25" HEIGHT="0" />
            <String ID="Word_8718" HPOS="554" VPOS="3054" WIDTH="159" HEIGHT="35" CONTENT="come." />
          </TextLine>
          <TextLine ID="TextLine_832" HPOS="252" VPOS="3109" WIDTH="1885" HEIGHT="61">
            <String ID="Word_8719" HPOS="252" VPOS="3109" WIDTH="75" HEIGHT="51" CONTENT="To" />
            <SP ID="SP_7888" HPOS="328" VPOS="3127" WIDTH="25" HEIGHT="0" />
            <String ID="Word_8720" HPOS="354" VPOS="3109" WIDTH="136" HEIGHT="52" CONTENT="what" />
            <SP ID="SP_7889" HPOS="491" VPOS="3109" WIDTH="25" HEIGHT="0" />
            <String ID="Word_8721" HPOS="517" VPOS="3109" WIDTH="89" HEIGHT="53" CONTENT="has" />
            <SP ID="SP_7890" HPOS="607" VPOS="3109" WIDTH="26" HEIGHT="0" />
            <String ID="Word_8722" HPOS="634" VPOS="3109" WIDTH="132" HEIGHT="54" CONTENT="been" />
            <SP ID="SP_7891" HPOS="767" VPOS="3109" WIDTH="26" HEIGHT="0" />
            <String ID="Word_8723" HPOS="794" VPOS="3109" WIDTH="170" HEIGHT="54" CONTENT="before" />
            <SP ID="SP_7892" HPOS="965" VPOS="3128" WIDTH="34" HEIGHT="0" />
            <String ID="Word_8724" HPOS="1000" VPOS="3110" WIDTH="109" HEIGHT="53" CONTENT="said" />
            <SP ID="SP_7893" HPOS="1110" VPOS="3110" WIDTH="25" HEIGHT="0" />
            <String ID="Word_8725" HPOS="1136" VPOS="3114" WIDTH="55" HEIGHT="52" CONTENT="of" />
            <SP ID="SP_7894" HPOS="1192" VPOS="3114" WIDTH="36" HEIGHT="0" />
            <String ID="Word_8726" HPOS="1229" VPOS="3133" WIDTH="338" HEIGHT="35" CONTENT="unconscious" />
            <SP ID="SP_7895" HPOS="1568" VPOS="3135" WIDTH="40" HEIGHT="0" />
            <String ID="Word_8727" HPOS="1609" VPOS="3115" WIDTH="188" HEIGHT="54" CONTENT="mental" />
            <SP ID="SP_7896" HPOS="1798" VPOS="3115" WIDTH="37" HEIGHT="0" />
            <String ID="Word_8728" HPOS="1836" VPOS="3122" WIDTH="166" HEIGHT="48" CONTENT="action" />
            <SP ID="SP_7897" HPOS="2003" VPOS="3122" WIDTH="38" HEIGHT="0" />
            <String ID="Word_8729" HPOS="2042" VPOS="3115" WIDTH="95" HEIGHT="53" CONTENT="this" />
          </TextLine>
          <TextLine ID="TextLine_833" HPOS="176" VPOS="3183" WIDTH="1963" HEIGHT="77">
            <String ID="Word_8730" HPOS="176" VPOS="3200" WIDTH="138" HEIGHT="34" CONTENT="more" />
            <SP ID="SP_7898" HPOS="315" VPOS="3200" WIDTH="25" HEIGHT="0" />
            <String ID="Word_8731" HPOS="341" VPOS="3202" WIDTH="114" HEIGHT="50" CONTENT="may" />
            <SP ID="SP_7899" HPOS="456" VPOS="3202" WIDTH="26" HEIGHT="0" />
            <String ID="Word_8732" HPOS="483" VPOS="3202" WIDTH="112" HEIGHT="34" CONTENT="now" />
            <SP ID="SP_7900" HPOS="596" VPOS="3183" WIDTH="25" HEIGHT="0" />
            <String ID="Word_8733" HPOS="622" VPOS="3183" WIDTH="63" HEIGHT="53" CONTENT="be" />
            <SP ID="SP_7901" HPOS="686" VPOS="3203" WIDTH="26" HEIGHT="0" />
            <String ID="Word_8734" HPOS="713" VPOS="3183" WIDTH="353" HEIGHT="54" CONTENT="addedthat" />
            <SP ID="SP_7902" HPOS="1067" VPOS="3189" WIDTH="27" HEIGHT="0" />
            <String ID="Word_8735" HPOS="1095" VPOS="3186" WIDTH="86" HEIGHT="53" CONTENT="the" />
            <SP ID="SP_7903" HPOS="1182" VPOS="3188" WIDTH="36" HEIGHT="0" />
            <String ID="Word_8736" HPOS="1219" VPOS="3188" WIDTH="122" HEIGHT="72" CONTENT="deep" />
            <SP ID="SP_7904" HPOS="1342" VPOS="3188" WIDTH="37" HEIGHT="0" />
            <String ID="Word_8737" HPOS="1380" VPOS="3188" WIDTH="134" HEIGHT="55" CONTENT="basis" />
            <SP ID="SP_7905" HPOS="1515" VPOS="3209" WIDTH="35" HEIGHT="0" />
            <String ID="Word_8738" HPOS="1551" VPOS="3191" WIDTH="55" HEIGHT="52" CONTENT="of" />
            <SP ID="SP_7906" HPOS="1607" VPOS="3191" WIDTH="34" HEIGHT="0" />
            <String ID="Word_8739" HPOS="1642" VPOS="3190" WIDTH="66" HEIGHT="53" CONTENT="all" />
            <SP ID="SP_7907" HPOS="1709" VPOS="3190" WIDTH="40" HEIGHT="0" />
            <String ID="Word_8740" HPOS="1750" VPOS="3191" WIDTH="188" HEIGHT="53" CONTENT="mental" />
            <SP ID="SP_7908" HPOS="1939" VPOS="3191" WIDTH="39" HEIGHT="0" />
            <String ID="Word_8741" HPOS="1979" VPOS="3190" WIDTH="160" HEIGHT="53" CONTENT="action" />
          </TextLine>
          <TextLine ID="TextLine_834" HPOS="176" VPOS="3254" WIDTH="1960" HEIGHT="73">
            <String ID="Word_8742" HPOS="176" VPOS="3255" WIDTH="88" HEIGHT="52" CONTENT="lies" />
            <SP ID="SP_7909" HPOS="265" VPOS="3255" WIDTH="25" HEIGHT="0" />
            <String ID="Word_8743" HPOS="291" VPOS="3255" WIDTH="54" HEIGHT="52" CONTENT="in" />
            <SP ID="SP_7910" HPOS="346" VPOS="3261" WIDTH="25" HEIGHT="0" />
            <String ID="Word_8744" HPOS="372" VPOS="3261" WIDTH="87" HEIGHT="47" CONTENT="the" />
            <SP ID="SP_7911" HPOS="460" VPOS="3275" WIDTH="35" HEIGHT="0" />
            <String ID="Word_8745" HPOS="496" VPOS="3257" WIDTH="202" HEIGHT="70" CONTENT="organic" />
            <SP ID="SP_7912" HPOS="699" VPOS="3257" WIDTH="31" HEIGHT="0" />
            <String ID="Word_8746" HPOS="731" VPOS="3257" WIDTH="87" HEIGHT="54" CONTENT="life" />
            <SP ID="SP_7913" HPOS="819" VPOS="3277" WIDTH="25" HEIGHT="0" />
            <String ID="Word_8747" HPOS="845" VPOS="3259" WIDTH="56" HEIGHT="52" CONTENT="of" />
            <SP ID="SP_7914" HPOS="902" VPOS="3259" WIDTH="37" HEIGHT="0" />
            <String ID="Word_8748" HPOS="940" VPOS="3257" WIDTH="87" HEIGHT="55" CONTENT="the" />
            <SP ID="SP_7915" HPOS="1028" VPOS="3257" WIDTH="28" HEIGHT="0" />
            <String ID="Word_8749" HPOS="1057" VPOS="3257" WIDTH="161" HEIGHT="69" CONTENT="brain," />
            <SP ID="SP_7916" HPOS="1219" VPOS="3267" WIDTH="34" HEIGHT="0" />
            <String ID="Word_8750" HPOS="1254" VPOS="3267" WIDTH="88" HEIGHT="48" CONTENT="the" />
            <SP ID="SP_7917" HPOS="1343" VPOS="3281" WIDTH="40" HEIGHT="0" />
            <String ID="Word_8751" HPOS="1384" VPOS="3264" WIDTH="371" HEIGHT="54" CONTENT="characteristic" />
            <SP ID="SP_7918" HPOS="1756" VPOS="3284" WIDTH="34" HEIGHT="0" />
            <String ID="Word_8752" HPOS="1791" VPOS="3266" WIDTH="56" HEIGHT="52" CONTENT="of" />
            <SP ID="SP_7919" HPOS="1848" VPOS="3266" WIDTH="36" HEIGHT="0" />
            <String ID="Word_8753" HPOS="1885" VPOS="3265" WIDTH="159" HEIGHT="54" CONTENT="which" />
            <SP ID="SP_7920" HPOS="2045" VPOS="3265" WIDTH="40" HEIGHT="0" />
            <String ID="Word_8754" HPOS="2086" VPOS="3266" WIDTH="50" HEIGHT="52" CONTENT="in" />
          </TextLine>
          <TextLine ID="TextLine_835" HPOS="175" VPOS="3328" WIDTH="1961" HEIGHT="74">
            <String ID="Word_8755" HPOS="175" VPOS="3328" WIDTH="173" HEIGHT="53" CONTENT="health" />
            <SP ID="SP_7921" HPOS="349" VPOS="3329" WIDTH="25" HEIGHT="0" />
            <String ID="Word_8756" HPOS="375" VPOS="3329" WIDTH="58" HEIGHT="65" CONTENT="is," />
            <SP ID="SP_7922" HPOS="434" VPOS="3336" WIDTH="28" HEIGHT="0" />
            <String ID="Word_8757" HPOS="463" VPOS="3330" WIDTH="111" HEIGHT="52" CONTENT="that" />
            <SP ID="SP_7923" HPOS="575" VPOS="3331" WIDTH="25" HEIGHT="0" />
            <String ID="Word_8758" HPOS="601" VPOS="3331" WIDTH="40" HEIGHT="52" CONTENT="it" />
            <SP ID="SP_7924" HPOS="642" VPOS="3337" WIDTH="34" HEIGHT="0" />
            <String ID="Word_8759" HPOS="677" VPOS="3350" WIDTH="239" HEIGHT="52" CONTENT="proceeds" />
            <SP ID="SP_7925" HPOS="917" VPOS="3353" WIDTH="38" HEIGHT="0" />
            <String ID="Word_8760" HPOS="956" VPOS="3331" WIDTH="217" HEIGHT="57" CONTENT="without" />
            <SP ID="SP_7926" HPOS="1174" VPOS="3340" WIDTH="34" HEIGHT="0" />
            <String ID="Word_8761" HPOS="1209" VPOS="3336" WIDTH="397" HEIGHT="55" CONTENT="consciousness." />
            <SP ID="SP_7927" HPOS="1607" VPOS="3339" WIDTH="81" HEIGHT="0" />
            <String ID="Word_8762" HPOS="1689" VPOS="3339" WIDTH="81" HEIGHT="52" CONTENT="He" />
            <SP ID="SP_7928" HPOS="1771" VPOS="3359" WIDTH="29" HEIGHT="0" />
            <String ID="Word_8763" HPOS="1801" VPOS="3339" WIDTH="164" HEIGHT="54" CONTENT="whose" />
            <SP ID="SP_7929" HPOS="1966" VPOS="3340" WIDTH="34" HEIGHT="0" />
            <String ID="Word_8764" HPOS="2001" VPOS="3340" WIDTH="135" HEIGHT="53" CONTENT="brain" />
          </TextLine>
          <TextLine ID="TextLine_836" HPOS="176" VPOS="3402" WIDTH="1960" HEIGHT="78">
            <String ID="Word_8765" HPOS="176" VPOS="3402" WIDTH="174" HEIGHT="53" CONTENT="makes" />
            <SP ID="SP_7930" HPOS="351" VPOS="3403" WIDTH="25" HEIGHT="0" />
            <String ID="Word_8766" HPOS="377" VPOS="3403" WIDTH="105" HEIGHT="53" CONTENT="him" />
            <SP ID="SP_7931" HPOS="483" VPOS="3423" WIDTH="26" HEIGHT="0" />
            <String ID="Word_8767" HPOS="510" VPOS="3405" WIDTH="262" HEIGHT="53" CONTENT="conscious" />
            <SP ID="SP_7932" HPOS="773" VPOS="3410" WIDTH="41" HEIGHT="0" />
            <String ID="Word_8768" HPOS="815" VPOS="3405" WIDTH="111" HEIGHT="53" CONTENT="that" />
            <SP ID="SP_7933" HPOS="927" VPOS="3407" WIDTH="38" HEIGHT="0" />
            <String ID="Word_8769" HPOS="966" VPOS="3407" WIDTH="63" HEIGHT="51" CONTENT="he" />
            <SP ID="SP_7934" HPOS="1030" VPOS="3407" WIDTH="34" HEIGHT="0" />
            <String ID="Word_8770" HPOS="1065" VPOS="3407" WIDTH="90" HEIGHT="54" CONTENT="has" />
            <SP ID="SP_7935" HPOS="1156" VPOS="3428" WIDTH="27" HEIGHT="0" />
            <String ID="Word_8771" HPOS="1184" VPOS="3429" WIDTH="28" HEIGHT="33" CONTENT="a" />
            <SP ID="SP_7936" HPOS="1213" VPOS="3410" WIDTH="25" HEIGHT="0" />
            <String ID="Word_8772" HPOS="1239" VPOS="3410" WIDTH="143" HEIGHT="53" CONTENT="brain" />
            <SP ID="SP_7937" HPOS="1383" VPOS="3411" WIDTH="38" HEIGHT="0" />
            <String ID="Word_8773" HPOS="1422" VPOS="3411" WIDTH="43" HEIGHT="53" CONTENT="is" />
            <SP ID="SP_7938" HPOS="1466" VPOS="3431" WIDTH="32" HEIGHT="0" />
            <String ID="Word_8774" HPOS="1499" VPOS="3419" WIDTH="92" HEIGHT="46" CONTENT="not" />
            <SP ID="SP_7939" HPOS="1592" VPOS="3419" WIDTH="33" HEIGHT="0" />
            <String ID="Word_8775" HPOS="1626" VPOS="3412" WIDTH="127" HEIGHT="66" CONTENT="well," />
            <SP ID="SP_7940" HPOS="1754" VPOS="3412" WIDTH="33" HEIGHT="0" />
            <String ID="Word_8776" HPOS="1788" VPOS="3412" WIDTH="93" HEIGHT="54" CONTENT="but" />
            <SP ID="SP_7941" HPOS="1882" VPOS="3414" WIDTH="33" HEIGHT="0" />
            <String ID="Word_8777" HPOS="1916" VPOS="3414" WIDTH="87" HEIGHT="66" CONTENT="ill;" />
            <SP ID="SP_7942" HPOS="2004" VPOS="3434" WIDTH="40" HEIGHT="0" />
            <String ID="Word_8778" HPOS="2045" VPOS="3413" WIDTH="91" HEIGHT="54" CONTENT="and" />
          </TextLine>
          <TextLine ID="TextLine_837" HPOS="173" VPOS="3476" WIDTH="1954" HEIGHT="83">
            <String ID="Word_8779" HPOS="173" VPOS="3476" WIDTH="227" HEIGHT="70" CONTENT="thought" />
            <SP ID="SP_7943" HPOS="401" VPOS="3483" WIDTH="24" HEIGHT="0" />
            <String ID="Word_8780" HPOS="426" VPOS="3478" WIDTH="111" HEIGHT="52" CONTENT="that" />
            <SP ID="SP_7944" HPOS="538" VPOS="3478" WIDTH="15" HEIGHT="0" />
            <String ID="Word_8781" HPOS="554" VPOS="3478" WIDTH="42" HEIGHT="53" CONTENT="is" />
            <SP ID="SP_7945" HPOS="597" VPOS="3497" WIDTH="21" HEIGHT="0" />
            <String ID="Word_8782" HPOS="619" VPOS="3497" WIDTH="265" HEIGHT="35" CONTENT="conscious" />
            <SP ID="SP_7946" HPOS="885" VPOS="3499" WIDTH="18" HEIGHT="0" />
            <String ID="Word_8783" HPOS="904" VPOS="3481" WIDTH="55" HEIGHT="52" CONTENT="of" />
            <SP ID="SP_7947" HPOS="960" VPOS="3480" WIDTH="20" HEIGHT="0" />
            <String ID="Word_8784" HPOS="981" VPOS="3480" WIDTH="139" HEIGHT="55" CONTENT="itself" />
            <SP ID="SP_7948" HPOS="1121" VPOS="3482" WIDTH="20" HEIGHT="0" />
            <String ID="Word_8785" HPOS="1142" VPOS="3482" WIDTH="42" HEIGHT="53" CONTENT="is" />
            <SP ID="SP_7949" HPOS="1185" VPOS="3502" WIDTH="26" HEIGHT="0" />
            <String ID="Word_8786" HPOS="1212" VPOS="3489" WIDTH="91" HEIGHT="47" CONTENT="not" />
            <SP ID="SP_7950" HPOS="1304" VPOS="3489" WIDTH="19" HEIGHT="0" />
            <String ID="Word_8787" HPOS="1324" VPOS="3486" WIDTH="199" HEIGHT="52" CONTENT="natural" />
            <SP ID="SP_7951" HPOS="1524" VPOS="3486" WIDTH="20" HEIGHT="0" />
            <String ID="Word_8788" HPOS="1545" VPOS="3486" WIDTH="99" HEIGHT="53" CONTENT="and" />
            <SP ID="SP_7952" HPOS="1645" VPOS="3486" WIDTH="24" HEIGHT="0" />
            <String ID="Word_8789" HPOS="1670" VPOS="3487" WIDTH="205" HEIGHT="71" CONTENT="healthy" />
            <SP ID="SP_7953" HPOS="1876" VPOS="3493" WIDTH="14" HEIGHT="0" />
            <String ID="Word_8790" HPOS="1891" VPOS="3488" WIDTH="236" HEIGHT="71" CONTENT="thought." />
          </TextLine>
          <TextLine ID="TextLine_838" HPOS="176" VPOS="3550" WIDTH="1953" HEIGHT="81">
            <String ID="Word_8791" HPOS="176" VPOS="3550" WIDTH="133" HEIGHT="51" CONTENT="How" />
            <SP ID="SP_7954" HPOS="310" VPOS="3550" WIDTH="18" HEIGHT="0" />
            <String ID="Word_8792" HPOS="329" VPOS="3550" WIDTH="127" HEIGHT="54" CONTENT="little" />
            <SP ID="SP_7955" HPOS="457" VPOS="3570" WIDTH="26" HEIGHT="0" />
            <String ID="Word_8793" HPOS="484" VPOS="3558" WIDTH="303" HEIGHT="65" CONTENT="competent," />
            <SP ID="SP_7956" HPOS="788" VPOS="3558" WIDTH="22" HEIGHT="0" />
            <String ID="Word_8794" HPOS="811" VPOS="3553" WIDTH="139" HEIGHT="65" CONTENT="then," />
            <SP ID="SP_7957" HPOS="951" VPOS="3554" WIDTH="21" HEIGHT="0" />
            <String ID="Word_8795" HPOS="973" VPOS="3554" WIDTH="41" HEIGHT="53" CONTENT="is" />
            <SP ID="SP_7958" HPOS="1015" VPOS="3573" WIDTH="27" HEIGHT="0" />
            <String ID="Word_8796" HPOS="1043" VPOS="3557" WIDTH="376" HEIGHT="55" CONTENT="consciousness" />
            <SP ID="SP_7959" HPOS="1420" VPOS="3564" WIDTH="24" HEIGHT="0" />
            <String ID="Word_8797" HPOS="1445" VPOS="3564" WIDTH="55" HEIGHT="48" CONTENT="to" />
            <SP ID="SP_7960" HPOS="1501" VPOS="3578" WIDTH="25" HEIGHT="0" />
            <String ID="Word_8798" HPOS="1527" VPOS="3560" WIDTH="183" HEIGHT="71" CONTENT="supply" />
            <SP ID="SP_7961" HPOS="1711" VPOS="3566" WIDTH="21" HEIGHT="0" />
            <String ID="Word_8799" HPOS="1733" VPOS="3561" WIDTH="87" HEIGHT="53" CONTENT="the" />
            <SP ID="SP_7962" HPOS="1821" VPOS="3563" WIDTH="17" HEIGHT="0" />
            <String ID="Word_8800" HPOS="1839" VPOS="3563" WIDTH="128" HEIGHT="53" CONTENT="facts" />
            <SP ID="SP_7963" HPOS="1968" VPOS="3581" WIDTH="26" HEIGHT="0" />
            <String ID="Word_8801" HPOS="1995" VPOS="3563" WIDTH="53" HEIGHT="52" CONTENT="of" />
            <SP ID="SP_7964" HPOS="2049" VPOS="3563" WIDTH="20" HEIGHT="0" />
            <String ID="Word_8802" HPOS="2070" VPOS="3579" WIDTH="59" HEIGHT="35" CONTENT="an" />
          </TextLine>
          <TextLine ID="TextLine_839" HPOS="176" VPOS="3623" WIDTH="1948" HEIGHT="81">
            <String ID="Word_8803" HPOS="176" VPOS="3623" WIDTH="259" HEIGHT="55" CONTENT="inductive" />
            <SP ID="SP_7965" HPOS="436" VPOS="3645" WIDTH="42" HEIGHT="0" />
            <String ID="Word_8804" HPOS="479" VPOS="3645" WIDTH="193" HEIGHT="35" CONTENT="science" />
            <SP ID="SP_7966" HPOS="673" VPOS="3646" WIDTH="41" HEIGHT="0" />
            <String ID="Word_8805" HPOS="715" VPOS="3628" WIDTH="56" HEIGHT="51" CONTENT="of" />
            <SP ID="SP_7967" HPOS="772" VPOS="3628" WIDTH="38" HEIGHT="0" />
            <String ID="Word_8806" HPOS="811" VPOS="3627" WIDTH="139" HEIGHT="54" CONTENT="mind" />
            <SP ID="SP_7968" HPOS="951" VPOS="3628" WIDTH="24" HEIGHT="0" />
            <String ID="Word_8807" HPOS="976" VPOS="3629" WIDTH="9" HEIGHT="51" CONTENT="!" />
            <SP ID="SP_7969" HPOS="986" VPOS="3629" WIDTH="79" HEIGHT="0" />
            <String ID="Word_8808" HPOS="1066" VPOS="3630" WIDTH="400" HEIGHT="74" CONTENT="Pneurnatology" />
            <SP ID="SP_7970" HPOS="1467" VPOS="3653" WIDTH="27" HEIGHT="0" />
            <String ID="Word_8809" HPOS="1495" VPOS="3653" WIDTH="98" HEIGHT="33" CONTENT="was" />
            <SP ID="SP_7971" HPOS="1594" VPOS="3653" WIDTH="38" HEIGHT="0" />
            <String ID="Word_8810" HPOS="1633" VPOS="3639" WIDTH="51" HEIGHT="48" CONTENT="at" />
            <SP ID="SP_7972" HPOS="1685" VPOS="3639" WIDTH="38" HEIGHT="0" />
            <String ID="Word_8811" HPOS="1724" VPOS="3654" WIDTH="94" HEIGHT="34" CONTENT="one" />
            <SP ID="SP_7973" HPOS="1819" VPOS="3643" WIDTH="33" HEIGHT="0" />
            <String ID="Word_8812" HPOS="1853" VPOS="3643" WIDTH="120" HEIGHT="46" CONTENT="time" />
            <SP ID="SP_7974" HPOS="1974" VPOS="3655" WIDTH="36" HEIGHT="0" />
            <String ID="Word_8813" HPOS="2011" VPOS="3634" WIDTH="113" HEIGHT="54" CONTENT="sub-" />
          </TextLine>
        </TextBlock>
      </PrintSpace>
    </Page>
  </Layout>
</alto>
