2113 3404
801 275 87 32 THE
922 271 241 39 DlSOnbEKS
1195 276 53 34 OF
1280 274 175 36 SFEEClt.

316 253 82 49 156

317 390 264 45 understood
603 408 79 29 me.
743 394 146 44 When
912 396 306 57 Cunningham
1236 411 86 28 was
1345 397 105 42 with
1472 410 80 37 me,
1573 397 153 55 asking
1743 397 187 42 Lapland

319 475 181 40 woman,
523 464 84 42 and
640 465 75 43 she
748 466 192 42 frowned
972 471 44 38 at
1047 467 92 42 him
1171 467 84 42 and
1284 481 80 28 me.
1427 466 85 42 She
1533 466 73 42 did
1628 472 76 36 not
1723 467 127 42 know
1872 483 60 29 we

321 547 111 29 were
456 534 101 43 deaf
575 535 83 42 and
686 536 146 43 dumb,
853 537 80 42 but
964 537 250 42 afterwards
1246 536 76 42 she
1352 537 127 41 knew
1502 535 95 43 that
1618 550 61 29 we
1701 551 109 29 were
1841 538 96 43 deaf

319 604 86 42 and
428 604 145 45 dumb.
634 606 122 43 Then
790 606 76 43 she
898 607 132 54 spoke
1062 610 45 38 to
1139 619 51 29 us
1222 605 131 42 about
1383 605 216 43 reindeers
1621 606 84 42 and
1727 606 105 52 elks,
1853 609 80 42 and

321 675 154 43 smiled
496 680 46 38 at
563 690 51 28 us
637 677 154 41 much.'
810 676 20 16 "

381 746 40 41 4.
453 746 88 42 The
565 760 117 42 early
700 746 296 56 employment
1014 746 43 42 of
1079 746 74 42 the
1169 745 210 56 language
1396 746 47 42 of
1459 746 121 43 vocal
1599 752 109 46 tone,
1726 747 122 43 facial
1867 762 67 28 ex-

322 817 207 54 pression,
546 817 84 42 and
648 821 183 51 gesture,
849 817 57 54 by
923 830 145 41 young
1085 816 206 52 children,
1308 816 76 43 has
1402 817 106 42 been
1526 817 172 43 already
1716 817 162 42 treated
1896 821 40 39 of

322 887 47 41 in
386 901 25 28 a
426 887 158 42 former
601 887 194 55 chapter;
817 887 86 41 and
919 887 36 41 it
971 886 77 43 has
1066 886 89 42 also
1171 886 107 43 been
1297 887 149 42 shown
1465 887 97 42 how
1579 901 102 29 soon
1703 888 103 42 they
1823 888 113 42 learn

322 963 44 36 to
384 958 168 42 imitate
568 956 314 43 mechanically
896 956 74 43 the
985 956 160 43 sounds
1163 957 46 41 of
1219 957 149 42 words,
1383 957 73 42 the
1471 958 106 41 cries
1591 958 46 42 of
1648 958 194 51 animals,
1855 960 81 41 and

323 1027 123 42 other
479 1027 172 49 sounds,
673 1027 58 55 by
753 1026 74 43 the
849 1040 170 42 process
1043 1027 43 42 of
1108 1026 217 43 echolalia.
1388 1028 89 42 The
1499 1028 271 55 philologists
1790 1029 43 41 of
1868 1029 70 43 the

323 1097 225 43 Imitative
571 1097 155 43 School
747 1097 72 55 lay
841 1101 130 38 stress
1002 1111 118 41 upon
1151 1097 73 42 the
1257 1098 87 42 fact
1375 1098 95 42 that
1501 1112 25 28 a
1556 1099 129 51 child,
1707 1099 232 56 ordinarily

323 1168 183 50 trained,
527 1167 161 43 always
711 1181 97 29 uses
826 1167 372 43 Onomatopoietic
1216 1171 130 39 terms
1364 1182 45 28 as
1431 1169 56 41 its
1505 1183 146 28 names
1669 1169 63 42 for
1749 1170 188 42 animals.

325 1237 286 43 Bow-wow
633 1238 36 42 is
690 1237 175 43 learned
887 1252 46 28 as
956 1238 74 42 the
1052 1252 126 28 name
1201 1238 65 42 for
1287 1252 25 28 a
1333 1238 92 56 dog,
1446 1249 119 31 moo
1591 1239 62 41 for
1675 1253 23 27 a
1720 1253 100 35 cow,
1840 1238 99 44 baa

324 1309 66 42 for
411 1323 25 27 a
457 1308 142 56 sheep,
630 1308 86 42 and
735 1318 205 43 gee-gee
962 1309 65 41 for
1058 1323 24 27 a
1114 1309 132 42 horse.
1309 1308 116 43 Thus
1457 1309 73 42 the
1563 1309 116 42 child
1710 1310 36 42 is
1777 1311 163 41 trained

325 1385 44 36 to
403 1380 128 41 know
564 1380 90 41 that
685 1394 28 26 a
743 1379 133 42 sound
907 1393 99 40 may
1026 1380 127 41 stand
1174 1379 77 55 for
1282 1393 28 27 a
1341 1380 129 41 thing.
1532 1384 21 37 "
1570 1380 138 52 This,"
1741 1394 97 41 says
1871 1381 70 42 Mr

326 1451 165 41 Farrar,
513 1454 21 17 "
549 1450 35 42 is
607 1449 74 43 the
703 1454 113 37 most
839 1449 184 43 difficult
1044 1449 143 43 lesson
1213 1450 45 41 of
1288 1449 58 42 all
1377 1450 221 56 language,
1620 1450 84 42 and
1728 1451 136 51 when,
1886 1451 55 56 by

327 1521 75 42 the
424 1534 76 29 use
522 1521 47 41 of
587 1534 24 28 a
632 1521 82 41 few
737 1520 151 42 words,
910 1519 75 43 the
1008 1519 117 43 child
1148 1519 76 43 has
1246 1534 105 28 once
1373 1520 175 43 learned
1569 1521 221 41 it—when
1812 1521 34 41 it
1868 1521 72 41 lias

329 1605 105 28 once
456 1590 234 43 succeeded
724 1590 46 41 in
803 1589 199 42 catching
1033 1589 89 42 this
1154 1589 264 57 elementary
1441 1591 387 55 conception—the
1859 1596 84 37 rest

329 1661 168 42 follows
519 1667 107 36 with
649 1660 270 55 astonishing
932 1660 200 55 rapidity.
1194 1660 150 42 Hence
1368 1674 103 42 very
1493 1661 82 42 few
1597 1661 345 44 onomatopoeias,

330 1732 86 42 and
439 1731 120 43 these
580 1730 219 42 borrowed
824 1730 111 42 from
957 1730 73 42 the
1053 1734 265 38 commonest
1339 1730 85 42 and
1456 1730 197 56 simplest
1685 1731 170 55 objects,
1877 1745 66 28 are

332 1801 216 42 sufficient
569 1801 66 41 for
656 1800 74 42 the
751 1813 195 41 purpose.
999 1832 7 9 .
1042 1833 7 8 .
1083 1833 7 8 .
1154 1800 89 41 But
1274 1799 96 42 how
1391 1799 36 43 is
1450 1799 53 43 he
1526 1804 43 37 to
1590 1800 119 42 learn
1730 1800 87 41 this
1838 1814 106 27 mar-

333 1872 166 41 vellous
522 1871 139 42 lesson
682 1873 13 40 ?
757 1868 118 57 Only
897 1870 58 55 by
972 1870 228 55 observing
1218 1870 298 55 instinctively
1534 1870 106 50 that,
1654 1870 115 43 since
1786 1872 158 41 certain

332 1942 147 55 things
500 1955 97 42 give
620 1941 115 42 forth
757 1941 164 42 certain
942 1941 173 41 sounds,
1136 1941 73 41 the
1231 1941 231 41 repetition
1484 1941 45 41 of
1552 1941 73 42 the
1647 1941 148 52 sound,
1817 1942 57 41 by
1894 1955 53 28 an

332 2011 237 44 inevitable
586 2011 196 42 working
798 2011 44 42 of
859 2011 73 42 the
950 2010 83 42 law
1050 2011 44 41 of
1110 2010 268 43 association,
1395 2010 149 43 recalls
1561 2011 73 42 the
1652 2012 140 55 object
1810 2011 136 42 which

333 2083 128 43 emits
482 2083 45 41 it.
590 2082 92 42 Nor
703 2082 37 41 is
761 2082 37 41 it
819 2081 73 42 the
915 2081 201 56 slightest
1145 2081 213 42 objection
1391 2086 43 37 to
1460 2082 88 42 this
1579 2086 44 38 to
1654 2096 76 28 say
1751 2082 95 42 that
1877 2082 69 41 the

335 2153 117 43 child
469 2153 100 42 does
590 2157 77 37 not
688 2152 119 42 learn
829 2151 75 43 the
926 2151 316 56 onomatopoeia
1263 2152 65 41 for
1349 2151 128 43 itself,
1501 2152 77 42 but
1604 2152 141 42 learns
1775 2152 37 42 it
1842 2152 105 41 from

333 2225 59 41 its
429 2238 138 28 nurse.
632 2222 247 56 Supposing
914 2222 97 42 that
1048 2236 63 28 we
1147 2228 126 49 grant
1307 2222 98 42 this,
1444 2222 114 42 what
1591 2222 99 42 does
1722 2223 36 41 it
1792 2236 128 42 prove
1936 2224 13 39 ?

337 2294 171 54 Simply
531 2293 74 42 the
628 2293 87 41 fact
736 2292 97 42 that
854 2306 129 28 every
1005 2306 130 28 nurse
1168 2292 85 41 and
1290 2306 127 28 every
1439 2293 167 41 mother
1636 2293 37 41 is
1708 2292 157 56 guided
1895 2292 54 54 by

337 2364 75 42 the
435 2363 129 50 swift,
585 2362 227 43 beautiful,
833 2362 85 42 and
941 2362 204 55 unerring
1166 2362 269 42 beneficence
1460 2362 44 42 of
1534 2362 190 42 instinct,
1747 2368 43 36 to
1812 2361 138 43 follow

338 2435 75 42 the
454 2447 106 29 very
596 2447 116 28 same
745 2445 170 42 process
945 2432 140 42 which
1120 2432 74 43 the
1222 2437 120 51 great
1374 2433 169 42 mother
1574 2433 166 42 Nature
1773 2431 177 56 adopted

340 2505 126 41 when
488 2518 103 27 man
611 2516 88 28 was
731 2516 55 28 an
817 2502 143 41 infant
988 2502 140 52 child;
1160 2517 58 27 or,
1240 2502 62 42 leC
1332 2516 51 29 us
1415 2516 87 42 say,
1523 2502 46 42 in
1600 2503 208 56 language
1840 2515 110 29 more

340 2578 200 39 reverent
561 2573 85 43 and
668 2577 77 38 not
765 2572 83 43 less
871 2576 110 47 true,
1003 2572 95 42 that
1115 2573 106 42 such
1239 2587 24 27 a
1279 2587 168 41 process
1465 2574 35 41 is
1518 2573 261 42 instinctive,
1797 2586 153 29 uncon-

342 2659 141 29 scious
505 2657 259 29 accordance
786 2642 105 41 with
915 2642 73 42 the
1009 2648 119 50 great
1145 2643 175 42 method
1342 2644 46 41 of
1406 2643 73 43 the
1502 2643 209 43 Creator."

401 2716 91 42 The
514 2714 224 43 Imitative
761 2713 154 42 School
950 2712 101 43 thus
1073 2712 103 42 hold
1209 2713 106 50 that,
1337 2714 144 42 before
1512 2718 95 38 true
1638 2714 152 55 speech
1822 2714 128 55 began

343 2791 44 38 to
421 2785 53 43 be
505 2782 249 56 developed,
785 2782 120 42 there
938 2795 86 29 was
1055 2782 209 55 probably
1295 2797 24 27 a
1350 2783 146 55 period
1528 2782 155 43 during
1711 2782 137 42 which
1881 2794 74 29 our

343 2869 218 30 ancestors
593 2852 230 44 expressed
851 2851 114 43 their
995 2851 181 43 feelings
1208 2852 45 41 in
1287 2852 73 43 the
1381 2852 210 55 language
1623 2853 45 41 of
1697 2852 119 42 vocal
1849 2857 105 42 tone,

342 2927 128 44 facial
492 2924 260 58 expression,
773 2922 86 43 and
890 2921 148 56 bodily
1059 2927 180 50 gesture.
1303 2922 118 43 They
1442 2922 166 43 believe
1639 2922 94 43 that
1765 2923 72 42 the
1868 2922 87 41 first

343 2997 271 58 suggestions
646 2994 46 44 of
720 2997 95 39 true
847 2991 155 45 speech
1038 3006 110 29 were
1178 2991 201 44 obtained
1413 2993 106 41 from
1551 2992 73 43 the
1662 2991 221 43 Imitation
1913 2987 42 44 of

343 3067 184 46 Natural
553 3065 179 44 Sounds.
