2107 3450
1651 280 82 43 129

495 293 239 33 DUMBNESS
767 293 56 32 OR
857 293 248 32 DEFECTIVE
1138 291 179 36 SPEECH.

79 414 243 59 whispered
356 416 162 44 behind
551 416 75 43 the
658 414 119 58 boy's
810 415 124 43 back,
957 414 75 44 the
1056 414 132 44 latter
1221 414 268 44 understood
1518 413 106 53 him,
1647 413 87 43 and

78 486 75 44 did
174 488 114 44 what
305 488 54 43 he
379 502 85 29 was
487 487 205 44 asked—'
709 487 125 57 Open
851 501 112 42 your
980 486 206 44 mouth';
1219 490 8 18 '
1244 486 112 43 Give
1372 500 70 29 me
1460 500 112 43 your
1587 484 147 44 hand.'

77 558 105 46 This
206 561 36 42 is
266 561 73 43 the
371 561 104 56 only
499 575 96 29 case
626 560 48 42 in
706 559 143 43 which
873 574 25 28 a
930 562 217 54 complete
1181 558 262 44 Congenital
1474 557 258 43 Dumbness

78 644 139 30 seems
236 637 43 37 to
302 633 110 42 have
435 633 109 42 been
562 632 272 43 ascertained
854 645 144 29 where
1020 631 75 43 the
1117 645 150 43 power
1283 631 48 43 of
1349 630 184 56 hearing
1551 633 181 39 existed.

83 703 343 58 Unfortunately
441 704 304 43 Waldenburg
760 718 88 29 was
865 704 106 56 only
987 704 99 43 able
1103 708 45 39 to
1165 717 205 30 examine
1386 702 76 44 the
1480 716 97 29 case
1592 701 144 43 once."

137 773 66 45 Dr
226 775 189 43 Ireland,
438 776 48 42 in
507 776 249 43 discussing
778 776 75 43 the
876 776 173 56 subject
1083 775 57 58 (p.
1170 774 119 58 275),
1312 789 100 30 says
1444 774 100 43 that
1576 786 159 42 among

76 845 223 45 imbeciles
338 853 20 16 "
379 848 119 43 there
537 849 36 41 is
611 863 25 27 a
669 848 168 43 certain
875 848 112 43 class
1026 848 98 43 who
1163 863 103 27 may
1303 848 53 42 be
1391 846 147 44 styled
1573 845 162 43 Idiotic

75 917 229 57 Aphasics,
324 920 96 42 who
438 921 169 42 remain
625 920 268 58 obstinately
911 926 135 47 mute,
1063 921 169 43 though
1255 921 36 42 it
1312 921 37 42 is
1372 919 118 44 clear
1512 922 98 40 that
1628 917 107 57 they

76 989 110 44 have
223 1005 117 30 more
382 992 282 58 intelligence
707 993 110 44 than
859 993 126 43 other
1022 993 199 43 children
1259 1007 98 29 who
1400 992 96 43 talk
1539 990 195 56 volubly.

78 1061 271 55 Sometimes,
381 1065 171 52 indeed,
585 1066 105 43 they
723 1066 113 43 have
871 1081 46 28 so
956 1066 133 43 much
1123 1065 283 44 intelligence
1445 1067 98 40 that
1578 1062 158 58 people

77 1134 138 44 doubt
252 1136 196 45 whether
484 1138 104 43 they
622 1153 72 28 are
731 1138 204 44 imbecile
970 1143 46 38 at
1049 1138 70 43 all.
1184 1138 23 42 I
1243 1138 111 42 have
1387 1151 102 29 seen
1527 1136 124 43 three
1690 1149 48 28 or

77 1207 99 43 four
198 1209 107 42 such
329 1211 157 50 cases,"
518 1211 55 43 he
606 1225 122 29 says:
763 1216 22 16 "
803 1212 106 42 they
931 1211 61 43 all
1023 1225 162 42 appear
1218 1215 44 38 to
1295 1224 71 29 me
1389 1214 45 39 to
1456 1209 54 43 be
1532 1207 204 44 imbecile

78 1277 236 44 children."
376 1281 70 43 He
470 1281 170 43 records
664 1282 57 56 (p.
748 1282 103 45 27C)
877 1282 75 42 the
975 1295 97 29 case
1095 1281 44 42 of
1162 1295 24 28 a
1208 1281 98 57 boy,
1324 1294 98 29 who
1446 1279 107 44 used
1569 1294 24 28 a
1615 1283 123 53 great

80 1364 132 43 many
236 1355 22 19 "
275 1353 159 43 Words
458 1354 44 42 of
523 1354 69 42 his
616 1368 99 28 own
737 1353 278 43 Invention."

137 1424 68 41 Dr
227 1424 53 44 V.
306 1425 306 43 Uchermann1
645 1426 44 42 of
722 1426 268 43 Christiania
1024 1425 79 43 has
1136 1424 227 44 described
1396 1424 122 43 three
1542 1438 119 29 cases
1694 1424 45 42 of

75 1494 200 56 Aphasia
299 1496 104 57 (two
428 1497 271 57 Congenital,
722 1497 86 43 and
841 1512 81 28 one
956 1498 159 42 caused
1148 1497 59 57 by
1230 1497 137 42 fright
1399 1501 45 38 at
1476 1496 76 44 the
1585 1511 79 28 age
1697 1496 47 43 of

79 1567 52 57 2|
151 1568 157 56 years).
364 1569 94 43 One
481 1570 45 42 of
547 1570 124 43 these
694 1584 119 29 cases
829 1585 87 28 was
939 1570 292 56 complicated
1254 1570 109 42 with
1381 1570 252 56 stuttering,
1651 1569 88 43 and

75 1641 184 42 another
298 1641 106 43 witli
439 1656 120 29 some
594 1642 154 57 degree
779 1643 47 42 of
860 1643 212 43 deafness.
1137 1643 123 57 They
1284 1657 114 29 were
1435 1643 170 43 treated
1630 1650 109 35 with

75 1727 119 28 some
217 1727 171 29 success
412 1718 45 38 at
487 1714 244 44 deaf-mute
764 1715 291 52 institutions,
1078 1715 59 58 by
1160 1715 76 44 the
1269 1715 147 44 ''Oral
1449 1714 224 44 Method"
1697 1714 48 43 of

75 1785 276 43 instruction.

134 1858 68 41 Dr
222 1858 69 42 W.
311 1858 47 42 B.
385 1856 222 45 Hadden2
629 1858 78 43 has
730 1859 198 57 recently
949 1859 208 43 recorded
1198 1859 122 43 three
1343 1873 108 42 very
1474 1859 265 56 interesting

76 1933 301 56 cases—boys,
400 1931 109 57 aged
541 1931 294 56 respectively
858 1945 146 38 seven,
1027 1931 168 43 eleven,
1218 1931 88 43 and
1339 1931 218 43 four,—in
1580 1930 157 52 which,

75 2005 212 57 although
320 2006 76 42 the
433 2004 281 43 intelligence
747 2003 174 43 seemed
958 2009 45 38 to
1042 2005 52 42 be
1127 2004 134 56 fairly
1295 2004 123 56 good,
1456 2004 159 43 speech
1649 2018 90 29 was

74 2092 108 41 very
205 2077 226 43 defective,
464 2076 75 43 the
573 2075 324 43 characteristic
935 2076 192 43 features
1166 2077 44 43 of
1248 2077 173 55 Lalling
1459 2076 133 57 being
1629 2090 109 42 very

73 2149 199 56 strongly
296 2147 292 58 pronounced.
652 2147 91 43 The
766 2162 118 28 cases
907 2162 72 29 are
1009 2149 238 56 especially
1266 2148 217 43 valuable,
1505 2148 232 43 inasmuch

73 2235 47 28 as
153 2221 76 42 the
262 2234 232 30 education
527 2219 45 43 of
609 2219 135 44 them,
775 2220 129 43 when
938 2221 140 43 under
1112 2222 67 42 Dr
1211 2221 227 43 Hadden's
1476 2235 98 29 care
1605 2221 48 42 in
1687 2220 52 43 St

73 2292 223 44 Thomas's
318 2292 220 57 Hospital,
561 2293 58 56 by
642 2292 74 43 the
743 2294 22 20 "
784 2292 106 44 Oral
913 2293 221 43 Method"
1167 2293 232 57 employed
1433 2293 67 43 for
1532 2293 74 43 the
1630 2293 107 43 edu-

73 2366 146 43 cation
242 2365 44 43 of
308 2365 280 43 deaf-mutes,
612 2379 87 29 was
722 2365 211 43 attended
956 2366 108 42 with
1088 2366 220 43 excellent
1329 2370 172 39 results.

133 2440 66 41 Dr
216 2437 235 44 Frederick
485 2437 188 58 Taylor3
709 2437 79 44 has
822 2438 209 43 recorded
1068 2453 25 28 a
1126 2453 108 42 very
1257 2438 267 44 interesting
1556 2453 98 29 case
1687 2439 48 42 in

72 2511 142 43 which
239 2511 74 43 the
335 2511 184 57 patient,
541 2525 26 28 a
599 2510 84 57 boy
717 2510 109 58 aged
860 2511 56 57 8^
939 2525 139 44 years,
1103 2510 97 44 who
1235 2511 86 43 had
1345 2511 111 43 been
1490 2516 45 38 to
1568 2525 165 38 school,

73 2585 128 43 could
225 2584 100 43 read
347 2583 119 43 little
500 2583 153 52 words,
676 2584 124 43 write
832 2584 48 42 in
913 2599 25 28 a
971 2584 155 43 child's
1160 2584 120 43 hand
1313 2588 45 39 to
1392 2584 229 44 dictation,
1644 2585 88 43 and

72 2672 111 42 copy
208 2656 139 44 words
372 2657 108 42 from
501 2671 24 28 a
543 2656 127 43 book,
688 2670 88 29 was
793 2661 76 52 yet
892 2671 108 29 very
1018 2657 236 43 backward
1277 2657 47 42 in
1347 2657 170 57 speech.
1582 2656 150 57 Along

71 2730 111 43 with
203 2730 76 42 the
313 2729 165 43 defects
506 2729 48 42 of
581 2729 283 43 articulation
897 2730 145 42 which
1077 2730 22 42 I
1132 2730 114 43 have
1279 2729 169 44 classed
1480 2729 143 43 under
1654 2729 77 43 the

71 2807 109 37 term
206 2805 20 17 "
244 2800 192 57 lalling,"
461 2800 88 43 this
582 2800 174 56 patient
787 2802 235 55 presented
1058 2802 76 43 the
1166 2801 267 57 interesting
1464 2800 268 57 peculiarity

71 2874 98 42 that
207 2873 54 42 he
299 2887 88 28 was
425 2872 47 42 in
504 2872 76 43 the
613 2872 126 44 habit
771 2873 47 43 of
847 2873 165 57 adding
1044 2878 45 39 to
1123 2877 117 40 most
1271 2873 48 44 of
1346 2873 70 43 his
1449 2872 283 56 imperfectly

71 2944 263 44 articulated
358 2943 142 44 words
532 2944 76 43 the
631 2945 276 56 superfluous
931 2946 210 57 syllables
1165 2947 69 50 da,
1257 2946 110 42 ccda,
1390 2960 48 28 or
1460 2945 88 43 ida.
1613 2943 121 44 Thus

120 3040 8 23 1
152 3039 170 36 Archives
340 3038 40 48 of
396 3038 155 47 Otolorjy,
568 3037 163 39 October
750 3041 90 35 1891
864 3053 8 30 ;
899 3043 81 33 trail
986 3039 140 37 slated!
1133 3052 35 36 >y
1184 3039 56 36 Dr
1253 3039 34 37 J.
1306 3039 51 36 M.
1376 3037 118 48 Mills,
1510 3038 92 37 New
1618 3037 116 36 York.

117 3103 14 21 'z
148 3100 160 37 Journal
327 3100 41 46 of
379 3100 148 36 Mental
543 3099 153 47 Science,
715 3100 87 37 Jan.
826 3102 103 35 1891.

118 3159 13 22 3
150 3158 93 38 Med.
267 3158 95 37 Chir.
387 3158 139 37 Trans.,
545 3157 73 38 vol.
639 3157 117 38 lxxiv.

1527 3217 28 37 R
