2107 3450
1712 269 87 46 287

729 280 227 32 AUDITORY
995 281 203 31 APHASIA.

142 403 96 43 that
270 403 121 43 there
424 403 36 43 is
493 415 24 32 a
549 403 110 42 form
694 402 45 43 of
771 400 344 44 word-deafness
1149 401 96 43 due,
1269 407 77 36 not
1381 405 44 39 to
1458 401 272 43 destruction
1756 402 43 41 of

142 475 75 43 the
249 489 147 30 centre
426 475 56 53 A,
505 475 81 43 but
618 480 44 38 to
695 473 271 44 destruction
999 474 48 42 of
1076 474 74 42 the
1182 473 263 43 subcortical
1469 474 131 43 fibres
1623 473 176 57 leading

141 548 111 42 from
285 547 73 43 the
391 561 95 29 ears
519 551 45 39 to
596 547 99 43 that
725 559 163 30 centre,
910 545 88 43 and
1030 545 98 43 that
1159 559 26 29 a
1216 545 140 44 lesion
1379 545 48 43 of
1449 545 90 43 this
1560 545 113 43 kind
1695 545 104 44 does

141 625 78 37 not
249 619 209 43 interfere
491 626 110 36 with
633 618 191 56 reading,
847 617 213 43 although
1093 618 38 42 it
1163 617 179 44 renders
1366 617 75 44 the
1464 617 173 57 patient
1661 617 137 43 word-

140 692 110 42 deaf.
314 692 90 42 But
423 692 87 43 this
534 691 169 44 variety
722 691 45 43 of
789 690 181 57 aphasia
988 704 141 30 seems
1147 694 44 39 to
1214 689 113 44 have
1344 689 110 44 been
1473 688 326 44 differentiated

141 764 110 42 from
283 763 177 43 clinical
492 763 279 44 observation
804 763 117 57 only,
945 763 201 43 without,
1169 776 46 30 as
1247 766 88 54 yet,
1358 762 75 43 the
1458 761 271 43 verification
1757 762 48 41 of

139 849 308 43 post-mortem
470 841 335 38 examinations.

198 907 253 57 According
482 913 45 38 to
560 909 128 43 other
713 907 271 44 authorities,
1009 908 76 43 the
1108 907 276 44 destruction
1407 907 45 43 of
1475 907 76 43 the
1574 920 149 30 centre
1745 906 55 54 A,

140 980 167 57 though
330 981 36 43 it
389 980 175 57 usually
588 981 216 58 damages,
827 981 103 43 does
952 985 80 39 not
1062 981 269 56 necessarily
1354 981 178 43 destroy
1555 980 75 43 the
1653 993 148 42 power

141 1053 47 42 of
216 1053 192 56 reading,
430 1053 185 43 because
648 1053 75 43 the
749 1053 146 43 visual
926 1053 164 43 images
1124 1058 45 38 at
1204 1053 32 43 C
1271 1068 81 29 can
1386 1053 94 43 still
1513 1052 84 44 call
1630 1066 60 42 up
1724 1052 75 42 the

141 1123 206 56 meaning
379 1123 59 57 by
461 1123 149 57 acting
641 1137 120 43 upon
794 1121 52 53 B,
869 1123 191 43 through
1093 1123 75 43 the
1201 1123 265 43 connecting
1498 1123 131 42 fibres
1655 1135 145 42 repre-

143 1195 155 43 sented
330 1195 58 57 by
411 1194 75 45 the
518 1195 91 43 line
643 1195 33 43 C
710 1194 38 43 B
785 1195 110 56 (Fig.
920 1195 56 42 3).
1043 1195 118 42 Here
1194 1195 37 42 is
1265 1209 25 28 a
1318 1195 116 42 brief
1462 1199 104 38 note
1590 1194 48 42 of
1657 1208 25 28 a
1704 1207 98 29 case

143 1268 146 42 which
312 1282 140 29 seems
475 1272 44 39 to
542 1268 120 43 show
687 1268 98 43 that
807 1268 89 42 this
918 1268 133 42 latter
1072 1268 112 42 view
1207 1267 37 43 is
1268 1267 77 43 the
1368 1270 167 40 correct
1557 1281 93 30 one.

205 1374 120 44 Case
348 1375 87 43 III.
473 1375 125 56 {This
627 1390 90 28 case
748 1390 87 28 was
866 1375 236 56 originally
1143 1375 196 42 recorded
1371 1374 49 55 by
1454 1374 44 43 C.
1536 1374 267 52 Giraudeau,

144 1447 97 42 Rev.
265 1448 51 41 de
338 1448 122 42 Med.,
484 1448 41 42 ii.
552 1448 128 50 1882,
712 1461 39 42 p.
776 1447 99 42 446.
938 1447 47 42 It
1016 1447 38 42 is
1082 1448 125 55 given
1239 1448 51 41 in
1321 1445 232 44 Amidorfs
1578 1446 225 44 Collection

141 1519 52 56 of
225 1519 131 42 Cases,
390 1519 104 42 New
536 1518 112 43 York
689 1519 110 43 Med.
842 1518 168 43 Journ.,
1052 1518 84 42 vol.
1171 1518 87 53 xli.,
1291 1532 39 42 p.
1367 1518 225 57 181).—A
1632 1519 171 52 widow,

141 1590 108 57 aged
281 1590 70 43 46.
414 1590 102 43 Had
551 1590 187 43 suffered
763 1591 67 42 for
852 1591 122 43 three
998 1590 179 43 months
1199 1590 115 43 from
1336 1595 206 39 constant
1564 1591 237 53 headache,

141 1663 86 42 and
250 1663 85 43 had
359 1663 177 43 become
559 1663 122 57 quite
706 1663 253 43 word-deaf.
1025 1664 60 42 To
1108 1663 60 42 all
1190 1664 229 56 questions
1443 1664 79 43 she
1547 1664 253 58 invariably

141 1735 179 56 replied,
353 1739 20 18 "
391 1735 139 43 What
561 1735 38 42 is
637 1735 37 42 it
714 1749 89 42 you
835 1749 76 29 say
931 1737 15 40 ?
1010 1735 23 42 I
1066 1734 122 44 don't
1221 1735 271 43 understand
1525 1750 99 42 you.
1691 1736 114 44 Cure

139 1822 71 28 me
228 1807 42 43 !"
334 1807 199 43 Hearing
550 1807 86 43 and
655 1807 118 43 sight
790 1821 113 29 were
925 1807 150 43 intact.
1140 1807 81 43 She
1239 1808 105 42 read
1359 1809 104 42 well,
1482 1809 91 42 and
1589 1810 216 42 answered

141 1881 208 56 questions
369 1880 138 42 which
527 1894 104 28 were
656 1881 171 41 written
849 1881 91 41 and
960 1880 143 42 shown
1127 1885 38 37 to
1186 1880 84 44 her.
1336 1880 88 44 She
1448 1881 101 43 died
1573 1886 230 40 comatose.

142 1956 20 17 "
180 1952 68 42 On
280 1965 202 43 autopsy,
504 1951 125 43 there
652 1965 87 29 was
772 1951 140 43 found
945 1965 25 29 a
1002 1956 192 47 tumour,
1217 1952 76 43 the
1316 1952 87 43 size
1427 1953 46 41 of
1503 1967 25 28 a
1550 1953 181 43 walnut,
1755 1955 48 41 in

142 2024 76 42 the
250 2024 213 56 posterior
495 2027 100 53 part
627 2024 45 42 of
703 2023 75 44 the
810 2023 83 44 left
925 2024 216 56 temporal
1163 2024 110 43 lobe.
1339 2025 167 43 Above,
1539 2026 38 42 it
1618 2028 186 42 reached

142 2095 76 42 the
258 2096 150 41 fissure
446 2096 45 41 of
528 2095 205 56 Sylvius;
765 2096 152 52 below,
943 2097 36 42 it
1016 2096 210 43 involved
1260 2097 348 57 three-quarters
1647 2100 48 42 of
1729 2100 76 43 the

144 2167 185 43 breadth
362 2167 44 43 of
440 2167 74 43 the
546 2168 161 42 second
740 2168 214 56 temporal
977 2168 297 45 convolution.
1340 2170 46 42 It
1408 2171 186 43 reached
1617 2171 189 44 forward

143 2245 46 37 to
234 2239 155 43 within
433 2239 121 43 three
598 2240 278 43 centimetres
920 2241 47 42 of
1006 2241 75 42 the
1126 2241 192 43 anterior
1362 2244 238 56 extremity
1642 2244 45 42 of
1729 2245 76 43 the

144 2311 213 57 temporal
380 2311 110 52 lobe,
514 2312 232 43 backward
770 2318 43 37 to
838 2313 158 42 within
1019 2327 82 30 one
1126 2314 259 44 centimetre
1415 2315 45 43 of
1493 2315 74 44 the
1590 2318 216 55 posterior

143 2385 239 56 extremity
404 2384 44 43 of
469 2385 76 42 the
568 2385 154 42 fissure
746 2385 47 42 of
811 2385 192 57 Sylvius.
1069 2386 46 42 It
1137 2387 272 43 encroached
1437 2387 188 58 slightly
1648 2404 57 28 on
1727 2390 77 44 the

142 2457 136 43 white
300 2460 172 40 matter,
495 2457 88 43 and
607 2471 87 29 was
718 2457 138 44 easily
879 2463 297 38 enucleated."

204 2531 22 41 I
259 2529 131 43 think
424 2529 89 43 this
547 2544 97 29 case
677 2530 160 43 affords
861 2534 151 54 strong
1039 2531 210 43 evidence
1271 2531 49 43 in
1343 2532 159 44 favour
1524 2534 45 43 of
1591 2534 76 45 the
1692 2535 112 44 view

143 2602 110 54 that,
275 2607 47 40 at
353 2602 114 44 least
497 2602 47 43 in
577 2617 120 30 some
729 2603 48 43 of
806 2602 122 45 these
962 2617 132 39 cases,
1116 2603 76 45 the
1214 2619 149 42 power
1385 2606 48 43 of
1456 2612 352 54 understanding

144 2675 177 57 printed
344 2689 47 28 or
413 2675 176 43 written
609 2675 157 56 speech
791 2675 37 42 is
851 2675 249 57 preserved,
1117 2676 169 58 though
1310 2676 76 44 the
1410 2692 149 42 power
1581 2679 47 42 of
1646 2680 160 44 under-

146 2747 207 45 standing
376 2747 141 44 words
540 2748 99 42 that
661 2762 72 29 are
756 2748 135 44 heard
914 2748 37 44 is
974 2749 246 57 destroyed.

207 2820 22 42 I
265 2833 101 43 may
389 2819 85 43 add
510 2819 103 43 here
647 2825 128 39 notes
810 2821 45 42 of
888 2825 88 39 two
1012 2821 126 44 other
1162 2836 120 30 cases
1305 2822 48 43 in
1377 2823 157 54 which,
1557 2839 47 29 as
1626 2825 48 43 in
1698 2825 111 45 Case

149 2891 99 52 III.,
271 2890 75 44 the
369 2891 185 56 patient,
577 2891 169 58 though
768 2893 255 53 word-deaf,
1045 2894 201 44 retained
1267 2895 77 43 the
1367 2910 148 42 power
1537 2896 47 43 of
1601 2898 191 43 reading.

210 2998 120 44 Case
354 2998 75 43 IV.
468 2999 227 47 {Recorded
723 3000 50 56 by
796 2999 65 43 Dr
892 3000 318 58 Abercromby,
1232 3003 50 41 in
1314 3003 68 43 his
1414 3004 192 56 Inquiry
1628 3006 92 42 into
1746 3006 66 42 the

147 3072 271 43 Intellectual
451 3071 179 53 Powers,
667 3086 38 42 p.
746 3073 99 53 149,
882 3073 92 43 and
1010 3074 151 55 quoted
1197 3074 51 57 by
1283 3075 117 44 Mile.
1439 3076 257 57 Slaoorlzojf,
1738 3078 71 55 Op.

147 3143 207 45 cit.).—A
395 3142 253 59 gentleman
687 3143 86 44 had
811 3145 153 43 ceased
1003 3150 46 38 to
1081 3146 272 44 understand
1390 3148 140 43 words
1565 3149 167 57 spoken
1766 3153 45 39 to
