2125 3524
368 277 54 42 52

848 298 86 33 THE
966 299 243 33 DISORDERS
1241 302 52 30 OF
1324 302 175 33 SPEECH.

371 418 99 48 may
492 409 50 43 be
574 413 255 47 anaesthesia
860 418 44 41 of
935 418 73 42 the
1040 432 176 29 mucous
1242 419 256 41 membrane.
1561 418 45 42 It
1637 417 153 44 should
1821 417 87 42 also
1934 419 47 42 he

372 479 131 43 noted
526 482 106 53 that,
664 486 109 42 after
807 487 261 55 diphtheria,
1088 489 209 42 although
1330 489 74 42 the
1436 488 209 55 paralysis
1676 488 36 42 is
1743 487 239 53 sometimes,

372 547 209 57 bilateral,
597 554 35 42 it
653 555 36 43 is
710 570 116 30 more
849 558 246 54 frequently
1115 558 231 42 unilateral
1372 558 106 42 than
1499 562 95 37 that
1616 557 83 43 due
1721 563 44 37 to
1787 557 201 58 hysteria.

433 621 88 43 The
563 625 124 43 other
726 627 118 42 toxic
884 628 242 41 conditions
1168 627 142 42 which
1344 641 71 29 are
1455 628 177 55 capable
1673 628 46 42 of
1755 629 230 56 producing

375 690 188 54 aphonia
577 694 108 42 from
704 697 212 54 paralysis
933 698 44 40 of
991 697 72 42 the
1080 697 230 42 adductors
1327 710 84 37 are,
1425 711 115 28 more
1557 697 242 55 especially,
1816 700 167 42 chronic

375 761 207 42 arsenical
600 765 237 54 poisoning,
859 766 174 42 chronic
1050 766 247 55 plumbism,
1319 767 85 41 and
1426 766 307 42 rheumatism;
1768 766 85 42 and
1878 767 106 53 here,

377 831 139 54 again,
537 833 74 42 the
643 834 211 55 paralysis
875 836 37 42 is
935 850 115 28 more
1074 836 247 55 frequently
1344 836 230 42 unilateral
1596 836 105 42 than
1724 836 95 42 that
1840 836 81 42 due
1946 843 40 37 to

378 899 203 55 hysteria,
622 903 222 56 although,
875 919 45 27 as
951 905 48 42 in
1031 905 74 42 the
1137 906 123 41 other
1291 906 255 42 conditions,
1572 906 35 41 it
1647 919 179 41 appears
1865 911 44 37 to
1939 907 50 43 be

379 973 187 40 oftenest
591 973 209 43 bilateral.
863 975 89 41 The
985 975 217 42 existence
1224 976 46 41 of
1298 975 242 55 peripheral
1570 982 182 35 neuritis
1783 975 44 43 in
1850 989 78 28 one
1949 978 43 40 of

378 1040 75 41 the
477 1046 139 37 motor
637 1056 150 29 nerves
810 1044 143 41 would
984 1045 305 55 satisfactorily
1312 1050 181 37 account
1515 1046 63 41 for
1599 1045 73 41 the
1700 1045 229 41 limitation
1952 1047 42 40 of

379 1110 74 42 the
475 1112 222 53 paralysis,
718 1113 45 41 in
787 1127 116 29 some
924 1115 44 41 of
990 1115 120 42 these
1133 1129 127 29 cases,
1282 1121 44 37 to
1348 1130 80 28 one
1450 1116 90 41 side
1562 1130 46 27 or
1630 1121 43 37 to
1695 1130 79 28 one
1797 1116 167 42 muscle.

441 1182 55 40 In
518 1181 74 43 the
613 1187 234 39 treatment
870 1185 45 40 of
943 1184 121 43 these
1097 1186 119 42 toxic
1237 1190 201 38 varieties
1472 1185 44 42 of
1551 1185 220 55 paralysis,
1794 1186 72 40 the
1888 1185 104 41 local

382 1251 297 56 employment
700 1254 45 41 of
766 1254 240 57 electricity
1029 1255 36 42 is
1088 1256 126 41 again
1245 1256 43 41 of
1318 1260 121 51 great
1471 1255 135 42 value.
1667 1255 88 41 The
1786 1261 202 35 constitu-

381 1322 136 41 tional
539 1327 111 38 state
673 1329 129 37 must,
819 1325 45 41 of
884 1339 160 37 course,
1066 1326 53 42 be
1140 1326 165 42 treated
1328 1326 106 41 with
1458 1325 270 55 appropriate
1749 1325 214 42 remedies.

444 1394 85 53 (B.)
563 1394 100 41 Still
687 1409 116 28 more
827 1395 160 56 closely
1009 1396 131 42 allied
1168 1401 44 37 to
1234 1396 233 56 hysterical
1489 1396 185 41 aphonia
1695 1396 36 41 is
1755 1396 72 41 the
1847 1395 85 42 loss
1953 1396 43 41 of

382 1463 120 42 voice
526 1464 141 41 which
690 1466 245 42 sometimes
968 1466 171 42 attends
1172 1481 116 41 upon
1321 1467 243 41 conditions
1596 1467 44 40 of
1671 1465 321 44 constitutional

384 1547 46 27 or
465 1534 200 42 Nervous
700 1535 275 55 Depression.
1038 1536 115 42 Such
1190 1537 230 41 huskiness
1457 1537 44 41 of
1537 1537 131 41 voice,
1705 1550 46 27 or
1786 1549 206 29 complete

385 1603 198 55 aphonia,
624 1605 37 42 is
702 1619 197 28 common
942 1607 170 41 enough
1152 1607 47 40 in
1241 1607 204 41 chlorosis
1493 1607 84 41 and
1618 1606 121 41 other
1780 1606 131 41 forms
1952 1606 40 41 of

385 1675 195 50 aneemia,
602 1675 138 54 being,
758 1690 56 26 no
836 1676 146 42 doubt,
1003 1677 46 40 in
1082 1676 107 42 such
1211 1690 117 28 cases
1350 1677 83 41 due
1457 1682 42 36 to
1521 1676 74 42 the
1614 1676 321 41 mal-nutrition
1952 1676 42 40 of

385 1744 75 42 the
487 1759 187 28 nervous
705 1750 173 50 system.
941 1747 44 40 It
1006 1747 37 41 is
1076 1746 101 42 also,
1198 1747 47 41 in
1266 1747 105 42 both
1394 1760 134 29 sexes,
1550 1761 24 26 a
1605 1759 197 28 common
1833 1759 160 28 accom-

384 1815 226 54 paniment
642 1816 44 41 of
722 1816 328 42 constitutional
1087 1817 318 42 neurasthenia,
1441 1816 86 42 and
1563 1817 44 41 of
1642 1816 75 42 the
1753 1815 241 42 depression

386 1885 44 41 of
480 1885 148 41 health
681 1886 85 42 and
817 1887 148 55 spirits
1015 1886 143 43 which
1209 1901 101 41 may
1361 1887 52 42 be
1464 1887 217 55 produced
1731 1886 58 55 by
1837 1886 156 41 mental

385 1956 182 42 trouble.
628 1957 45 41 It
694 1956 155 42 should
876 1957 51 42 be
949 1957 105 54 kept
1077 1957 98 41 well
1196 1957 46 41 in
1265 1957 120 41 mind
1409 1957 94 42 that
1526 1957 73 42 the
1620 1956 120 42 voice
1764 1956 35 41 is
1821 1956 45 40 in
1889 1969 106 28 close

386 2027 236 54 sympathy
654 2027 105 42 with
791 2027 74 42 the
897 2027 133 50 mind,
1052 2027 85 42 and
1169 2028 231 55 especially
1433 2034 106 35 with
1571 2027 74 41 the
1677 2027 233 42 emotions:
1941 2027 53 40 its

385 2097 138 41 sound
545 2097 37 42 is
613 2097 194 43 cheerful
828 2111 47 28 or
905 2097 76 42 sad
1011 2098 45 40 in
1090 2098 111 42 close
1225 2111 359 29 correspondence
1607 2097 104 41 with
1733 2096 72 42 the
1837 2095 158 43 mental

385 2172 111 37 state
518 2169 65 40 for
613 2168 75 42 the
719 2168 105 42 time
856 2168 138 42 being.
1055 2167 63 42 At
1140 2168 127 42 times
1298 2168 47 42 of
1372 2167 214 55 profound
1617 2167 198 42 emotion,
1836 2166 36 41 it
1899 2179 94 40 may

385 2238 174 42 become
581 2238 151 41 hoarse
753 2252 46 27 or
820 2238 169 54 husky;
1020 2238 97 41 and,
1139 2239 36 40 if
1197 2238 75 42 the
1294 2238 188 42 emotion
1504 2238 52 41 be
1578 2236 245 57 prolonged,
1844 2236 35 41 it
1901 2247 92 43 may

385 2308 54 42 be
460 2308 186 42 reduced
664 2322 107 28 even
790 2312 42 38 to
855 2322 24 27 a
897 2308 193 54 whisper.
1154 2308 89 42 The
1265 2308 149 42 reader
1432 2308 88 42 will
1538 2306 207 57 probably
1762 2319 232 29 remember

386 2379 74 41 the
483 2379 187 54 striking
691 2378 179 54 picture,
886 2378 58 54 by
963 2379 72 40 Mr
1054 2378 237 42 Archibald
1314 2378 168 41 Forbes,
1500 2378 45 41 of
1564 2376 185 44 General
1771 2374 225 49 Skobeleff,

385 2463 46 27 as
453 2449 54 41 he
530 2447 213 56 appeared
765 2461 116 41 upon
902 2447 69 42 his
994 2461 248 29 emergence
1258 2448 110 41 from
1391 2448 96 42 that
1508 2462 124 28 scene
1655 2448 46 40 of
1719 2459 189 42 carnage,
1924 2444 70 42 the

385 2519 105 41 final
522 2523 186 37 attempt
738 2521 44 37 to
814 2521 132 38 storm
979 2517 73 42 the
1084 2517 202 42 redoubts
1318 2518 46 40 of
1392 2518 354 42 Plevna:"He
1779 2530 85 28 was
1897 2516 44 41 in
1972 2527 23 27 a

383 2588 156 44 fearful
562 2592 111 38 state
697 2587 45 42 of
760 2587 263 42 excitement
1043 2587 85 41 and
1151 2587 109 56 fury,
1283 2587 67 42 his
1372 2588 191 41 uniform
1585 2602 85 27 was
1692 2586 178 44 covered
1892 2584 99 42 with

384 2659 105 42 mud
520 2658 86 42 and
628 2657 121 41 filth;
781 2656 66 42 his
880 2657 137 41 sword
1049 2657 176 42 broken,
1248 2657 67 41 his
1347 2671 113 28 cross
1492 2658 46 41 of
1567 2657 49 43 St
1639 2657 163 43 George
1825 2652 166 45 twisted

382 2729 140 44 round
544 2742 56 28 on
631 2727 67 42 his
730 2726 246 43 shoulders;
1007 2726 68 42 his
1098 2727 91 41 face
1222 2726 125 42 black
1380 2727 105 41 with
1508 2727 170 55 powder
1709 2726 84 42 and
1825 2737 168 36 smoke;

383 2801 66 41 his
472 2812 99 41 eyes
594 2796 181 58 haggard
800 2796 85 42 and
907 2795 250 52 bloodshot;
1193 2796 84 41 and
1293 2796 67 42 his
1380 2798 105 40 voice
1501 2797 111 55 quite
1622 2811 110 40 gone.
1794 2795 66 42 He
1880 2805 111 44 spoke

380 2872 50 41 in
452 2884 26 26 a
495 2869 143 42 hoarse
653 2867 187 42 whisper.
903 2866 21 41 I
949 2879 130 28 never
1096 2865 144 43 before
1261 2879 86 28 saw
1365 2866 105 42 such
1493 2879 25 28 a
1538 2866 166 54 picture
1727 2866 44 41 of
1793 2863 133 43 battle
1948 2874 42 29 as

379 2941 54 42 he
456 2936 239 59 presented.
758 2936 23 42 I
803 2950 85 28 saw
912 2935 91 42 him
1026 2936 124 41 again
1173 2935 45 41 in
1241 2934 66 43 his
1330 2940 94 38 tent
1446 2940 44 38 at
1512 2936 147 56 night;
1691 2936 52 41 he
1766 2949 85 28 was
1873 2938 115 51 quite

380 3025 111 30 calm
513 3008 85 44 and
620 3005 244 46 collected."

440 3081 81 58 (C.)
547 3078 168 45 Paresis
737 3077 46 43 of
802 3076 71 43 the
896 3075 227 44 adductors
1148 3088 97 30 may
1268 3074 50 43 be
1341 3075 215 56 produced
1581 3075 56 56 by
1655 3075 179 56 Fatigue
1855 3073 46 43 of
1920 3071 67 43 the
