1895 3217
701 289 91 34 THE
816 292 147 31 BLACK
994 291 169 32 ORANG.

1552 279 54 47 61

1270 2640 4 18 I

246 420 147 45 which
419 435 92 30 was
536 418 240 47 confirmed
798 425 46 39 to
871 434 74 29 me
975 420 64 59 by
1063 434 27 29 a
1119 434 152 46 young
1300 435 125 45 navy
1449 420 160 52 officer,

246 497 100 46 who
370 496 91 46 had
485 497 112 45 been
618 495 66 46 for
705 511 27 30 a
749 495 300 45 considerable
1067 501 112 39 time
1203 496 237 60 employed
1463 495 47 45 in
1533 496 79 46 the

245 574 136 46 rivers
421 572 50 48 of
497 574 214 46 Western
753 572 167 54 Africa,
958 572 91 46 and
1082 572 92 45 had
1213 571 323 61 opportunities
1571 572 50 46 of

246 650 232 62 observing
500 650 78 46 the
601 650 150 45 habits
775 649 51 46 of
838 649 91 45 this
954 649 178 45 species.
1203 650 111 44 This
1337 648 171 45 animal
1533 649 77 45 did

246 735 77 38 not
358 743 120 30 seem
511 726 106 47 fond
649 725 52 48 of
730 733 79 39 the
844 733 115 38 erect
994 733 194 54 posture,
1215 725 148 46 which
1392 725 36 45 it
1459 726 149 60 rarely

246 804 202 55 affected,
481 805 171 45 though
681 804 37 45 it
748 804 130 46 could
907 820 85 28 run
1016 803 177 63 nimbly
1217 820 57 29 on
1307 811 92 39 two
1430 804 88 46 feet
1543 804 63 46 for

246 898 27 28 a
296 882 120 46 short
441 882 212 45 distance.
722 882 55 44 In
801 881 91 45 this
915 896 113 38 case,
1054 881 37 45 it
1114 881 221 61 appeared
1362 888 45 38 to
1432 882 75 45 aid
1529 882 79 45 the

246 965 169 39 motion
434 958 49 46 of
497 958 58 46 its
573 959 90 61 legs
682 960 61 60 by
757 958 206 61 grasping
979 965 80 38 the
1076 958 151 45 thighs
1243 958 114 45 with
1375 958 58 45 its
1447 959 158 45 hands.

250 1036 42 44 It
315 1036 90 45 had
427 1043 123 54 great
570 1036 204 45 strength
796 1035 48 45 in
867 1036 77 44 the
969 1035 96 45 four
1086 1035 160 62 fingers
1265 1034 51 47 of
1330 1035 58 45 irts
1412 1037 196 44 superior

247 1113 278 61 extremity;
561 1113 65 45 for
662 1113 36 45 it
731 1114 151 44 would
913 1112 120 46 often
1065 1113 142 61 swing
1239 1114 63 59 by
1331 1119 128 39 them
1494 1129 54 29 on
1581 1130 26 28 a

248 1205 101 29 rope
373 1205 210 45 upwards
603 1189 49 46 of
667 1205 59 30 an
740 1190 126 53 hour,
887 1189 193 45 without
1098 1189 315 45 intermission.
1449 1190 155 46 When

248 1266 95 45 first
383 1267 227 60 procured,
651 1267 37 45 it
725 1283 92 28 was
858 1282 45 30 so
942 1266 175 60 thickly
1145 1266 183 45 covered
1359 1266 113 45 with
1508 1267 99 45 hair

247 1343 101 44 that
383 1349 79 38 the
496 1344 101 43 skin
632 1342 52 46 of
712 1350 78 38 the
821 1344 138 43 trunk
992 1343 90 44 and
1115 1343 132 44 limbs
1282 1358 94 29 w^as
1410 1344 196 60 scarcely

246 1418 171 54 visible,
442 1419 119 45 until
584 1419 78 45 the
684 1419 103 61 long
804 1420 129 45 black
950 1419 100 45 hair
1071 1435 93 28 was
1182 1420 150 44 blown
1356 1419 135 46 aside.
1558 1421 46 45 It

251 1503 71 36 ate
342 1496 172 60 readily
538 1511 136 45 every
697 1503 89 38 sort
809 1494 51 47 of
880 1495 233 47 vegetable
1143 1494 100 46 food
1257 1511 15 37 j
1309 1496 81 44 but
1424 1502 48 39 at
1506 1496 97 46 first

248 1571 74 45 did
353 1579 78 38 not
462 1587 164 45 appear
658 1579 45 39 to
730 1572 135 46 relish
902 1572 127 54 flesh,
1065 1573 169 44 though
1271 1572 36 45 it
1346 1574 178 44 seemed
1556 1580 46 39 to

244 1648 115 46 have
381 1664 203 45 pleasure
607 1648 47 46 in
677 1650 185 60 sucking
883 1647 78 47 the
983 1649 206 45 leg-bone
1213 1647 51 46 of
1288 1665 27 29 a
1337 1649 117 45 fowl.
1535 1650 67 46 At

244 1732 100 38 that
383 1725 110 46 time
537 1725 37 46 it
619 1725 77 46 did
738 1732 80 39 not
859 1725 137 46 relish
1039 1725 133 55 wine,
1213 1727 83 44 but
1340 1733 261 40 afterwards

245 1802 176 45 seemed
443 1808 46 40 to
512 1802 91 45 like
625 1801 51 55 it,
701 1802 171 46 though
895 1802 36 45 it
953 1817 137 30 never
1112 1802 130 45 could
1257 1818 167 30 endure
1442 1811 159 38 ardent

245 1877 162 61 spirits.
474 1879 46 45 It
548 1894 106 30 once
685 1885 110 38 stole
819 1894 26 29 a
867 1880 140 43 bottle
1031 1877 51 46 of
1103 1894 132 38 wine,
1266 1879 147 45 which
1445 1879 37 45 it
1512 1895 88 29 un-

245 1954 158 45 corked
426 1954 114 45 with
561 1954 60 45 its
642 1960 141 47 teeth,
801 1955 87 44 and
912 1956 140 43 began
1077 1961 43 38 to
1144 1955 145 44 drink.
1350 1955 45 45 It
1419 1957 181 44 showed

246 2045 26 29 a
296 2030 286 60 predilection
604 2029 65 46 for
697 2030 164 54 coffee;
895 2031 89 43 and
1007 2046 93 29 was
1127 2030 343 62 immoderately
1493 2031 105 46 fond

243 2106 51 45 of
309 2113 137 39 sweet
470 2106 175 46 articles
663 2105 50 47 of
727 2105 112 47 food.
907 2107 45 45 It
969 2107 180 45 learned
1166 2113 45 39 to
1227 2106 98 46 feed
1342 2107 128 47 itself
1484 2116 114 39 with

241 2199 27 29 a
290 2199 149 45 spoon,
464 2190 46 39 to
534 2184 131 45 drink
689 2190 77 39 out
790 2183 50 47 of
853 2199 27 31 a
901 2185 130 61 glass,
1057 2185 88 45 and
1169 2185 181 45 showed
1372 2200 27 30 a
1419 2188 178 58 general

241 2260 258 60 disposition
522 2266 45 40 to
589 2260 178 46 imitate
789 2267 78 39 the
890 2267 168 40 actions
1082 2261 51 46 of
1153 2277 118 31 men.
1340 2263 44 45 It
1408 2279 94 30 was
1525 2272 71 38 at-

240 2337 172 45 tracted
449 2339 62 59 by
551 2338 146 60 bright
732 2349 177 45 metals,
947 2339 176 46 seemed
1158 2346 46 39 to
1243 2346 107 39 take
1388 2340 125 60 pride
1548 2341 47 45 in

241 2414 206 61 clothing,
473 2415 89 46 and
585 2415 122 47 often
729 2424 81 54 put
835 2433 26 30 a
884 2418 160 45 cocked
1065 2418 80 45 hat
1176 2433 56 30 on
1263 2417 58 46 its
1351 2417 129 46 head.
1549 2417 45 46 It

242 2505 91 30 was
358 2491 120 60 dirty
501 2492 48 45 in
572 2492 57 46 its
652 2494 163 55 habits,
840 2494 90 46 and
951 2509 137 31 never
1104 2509 93 31 was
1219 2495 167 44 known
1405 2501 44 38 to
1469 2494 124 45 wash
