2113 3404
790 288 86 31 THE
911 288 240 33 DISORDERS
1184 290 52 31 OF
1268 289 174 33 SPEECH.

291 271 84 43 1G2

295 403 113 43 clear
429 404 107 53 that,
554 407 226 56 according
798 412 42 38 to
857 408 73 43 the
954 423 179 29 manner
1154 410 44 41 in
1217 410 137 42 which
1380 413 113 38 roots
1515 423 69 28 are
1603 412 80 52 put
1704 409 203 43 together,

297 487 64 29 we
383 488 99 43 may
505 482 153 50 expect
679 481 45 38 to
746 477 90 43 find
867 479 120 42 three
1007 478 130 43 kinds
1159 480 47 41 of
1232 479 244 55 languages,
1497 492 46 28 or
1563 478 118 43 three
1703 483 139 50 stages
1863 479 44 42 in

299 545 73 42 the
408 547 178 54 gradual
623 549 231 41 formation
890 550 46 40 of
974 549 316 55 speech:—(1.)
1329 549 133 42 Roots
1499 563 99 41 may
1635 549 51 42 be
1723 548 104 43 used
1863 563 45 29 as

300 618 151 51 words,
472 620 103 42 each
599 624 92 38 root
712 620 250 56 preserving
983 620 56 41 its
1062 619 81 41 full
1171 620 332 55 independence.
1569 620 73 55 (2.)
1675 621 100 40 Two
1796 625 113 37 roots

299 701 100 41 may
422 688 51 42 be
492 689 150 54 joined
664 689 195 42 together
881 694 43 37 to
943 690 108 40 form
1074 688 150 42 words,
1241 689 85 41 and
1342 687 46 44 in
1407 689 119 42 these
1548 688 263 43 compounds
1833 702 78 28 one

299 762 94 37 root
425 772 100 42 may
555 758 90 43 lose
674 759 58 42 its
768 758 334 55 independence.
1167 758 76 55 (3.)
1274 759 101 41 Two
1407 763 113 37 roots
1552 772 99 41 may
1682 758 53 42 be
1766 757 146 55 joined

301 828 195 55 together
527 834 43 37 to
593 831 108 40 form
734 828 151 42 words,
907 827 84 43 and
1022 828 47 41 in
1098 827 120 43 these
1250 828 264 42 compounds
1546 828 103 42 both
1672 833 112 37 roots
1815 842 97 41 may

301 897 88 42 lose
411 898 114 42 their
545 899 334 54 independence.

359 972 20 15 "
394 967 136 43 What
551 968 165 55 applies
738 972 44 37 to
806 973 84 36 two
912 972 115 37 roots
1049 967 166 55 applies
1238 972 42 37 to
1304 967 118 43 three
1444 982 47 28 or
1512 968 96 42 four
1630 981 46 28 or
1699 967 148 43 more."
1865 968 14 24 1

358 1038 77 55 (1.)
467 1039 186 41 Radical
688 1038 382 43 Stage.—Chinese
1106 1038 37 42 is
1177 1038 74 43 the
1286 1038 257 57 interesting
1579 1038 197 43 example
1811 1038 44 42 of
1890 1053 25 28 a

298 1107 211 57 language
531 1109 46 42 in
600 1109 141 42 which
764 1108 103 43 each
890 1112 94 38 root
1005 1108 37 42 is
1064 1122 25 28 a
1109 1109 312 55 monosyllabic
1443 1109 126 51 word,
1593 1109 245 55 preserving
1859 1110 55 41 its

299 1178 81 41 full
403 1179 336 56 independence,
761 1179 84 42 and
878 1179 161 55 having
1059 1179 57 42 its
1145 1193 98 28 own
1273 1184 258 38 substantial
1554 1179 210 42 meaning.
1827 1180 87 41 The

299 1249 249 55 expression
580 1254 21 17 "
615 1250 124 42 With
773 1263 25 29 a
829 1249 112 42 stick
957 1249 21 15 "
1011 1249 143 42 would
1185 1250 46 41 in
1263 1249 128 42 Latin
1422 1250 52 42 be
1505 1249 226 56 expressed
1764 1248 56 55 by
1843 1249 72 42 the

299 1317 137 55 single
470 1319 115 41 word
617 1319 153 42 haculo,
792 1319 79 41 but
902 1318 47 41 in
972 1318 183 43 Chinese
1177 1319 59 41 by
1268 1318 74 42 the
1373 1323 84 38 two
1481 1320 137 41 words
1640 1328 36 42 y
1702 1328 157 42 cang:
1881 1329 34 40 y

297 1387 163 57 having
497 1389 73 42 the
607 1390 203 42 meaning
847 1393 21 18 "
883 1389 234 54 employ";
1158 1403 46 28 so
1240 1389 96 41 that
1371 1390 75 41 the
1485 1391 247 54 expression
1768 1406 147 28 means

296 1458 192 57 literally
522 1461 208 41 "employ
763 1458 148 44 stick."
973 1459 88 42 The
1093 1460 250 41 expression
1376 1464 79 37 "at
1491 1460 267 42 home"—in
1789 1461 125 42 Latin

299 1528 222 43 clomi—is,
538 1529 46 42 in
603 1530 196 42 Chinese,
821 1527 150 43 uo-li:
995 1525 67 45 do
1086 1529 201 42 meaning
1304 1533 20 17 "
1340 1529 170 42 house,"
1532 1530 84 41 and
1635 1527 35 43 li
1689 1531 226 54 originally

295 1600 23 18 "
334 1597 175 45 inside."
570 1599 136 42 There
728 1600 37 41 is
786 1614 56 27 no
864 1605 116 36 trace
1013 1600 46 40 of
1085 1612 216 42 grammar
1321 1599 46 40 in
1396 1599 172 41 ancient
1602 1599 183 43 Chinese
1803 1616 7 26 :
1844 1601 72 41 the

297 1668 189 54 genitive
519 1682 107 29 case,
648 1670 65 41 for
744 1670 208 42 instance,
984 1670 36 41 is
1052 1669 275 55 represented
1359 1669 160 55 simply
1551 1670 57 54 by
1638 1670 172 55 placing
1841 1671 74 41 the

297 1739 119 41 word
438 1739 96 42 that
556 1740 36 42 is
624 1740 46 41 in
693 1740 74 42 the
800 1740 188 49 genitive
1010 1741 93 40 first
1134 1740 47 40 in
1212 1739 255 42 order,—"a
1498 1753 100 27 man
1621 1741 44 40 of
1695 1741 72 41 the
1790 1741 123 48 king-

298 1808 135 42 dom"
471 1809 128 56 being
634 1810 130 56 given
801 1825 45 27 as
882 1809 137 43 koue
1052 1809 219 56 kingdom,
1299 1807 77 55 jin
1411 1823 100 27 man
1548 1810 92 54 (the
1677 1811 238 55 kingdom's

297 1879 131 55 man).
492 1880 89 43 The
612 1886 118 50 parts
752 1882 47 41 of
828 1882 155 55 speech
1007 1895 70 28 are
1100 1880 269 42 determined
1389 1880 58 55 by
1470 1879 73 42 the
1564 1880 189 55 position
1775 1882 44 40 of
1841 1881 72 42 the

298 1950 138 42 words
459 1950 46 41 in
522 1951 74 42 the
614 1953 390 41 sentence:—thus
1021 1961 102 31 ngo
1144 1950 58 42 ta
1221 1949 53 42 ni
1292 1964 146 28 means
1460 1955 20 16 "
1496 1950 23 41 I
1537 1950 98 42 beat
1652 1951 96 42 thee
1764 1951 45 52 ";
1840 1953 77 40 but

297 2019 53 43 ni
370 2020 59 42 ta
448 2031 103 43 ngo
576 2022 141 41 would
740 2036 126 28 mean
889 2026 21 18 "
925 2023 107 41 thou
1054 2022 167 41 beatest
1237 2020 103 42 me."
1401 2020 89 42 The
1513 2020 208 54 adjective
1743 2021 78 41 has
1843 2021 73 42 the

298 2094 114 41 force
445 2094 44 41 of
525 2108 55 26 an
613 2093 213 55 adjective
857 2093 182 42 because
1070 2091 152 56 placed
1254 2091 144 42 before
1430 2104 25 28 a
1491 2105 127 27 noun.
1680 2091 90 41 The
1801 2105 115 27 same

299 2164 116 41 word
447 2163 151 56 placed
633 2163 143 42 before
810 2177 24 28 a
867 2163 103 41 verb
1006 2162 143 41 would
1184 2162 108 41 have
1326 2160 74 42 the
1434 2160 114 41 force
1582 2161 46 40 of
1657 2174 55 27 an
1747 2161 167 41 adverb.

297 2235 93 41 "In
428 2233 220 52 Chinese,"
681 2248 98 28 says
816 2234 111 42 Prof.
967 2233 173 42 Miiller,
1170 2237 92 36 "no
1300 2230 188 55 analysis
1531 2231 47 40 of
1615 2244 84 41 any
1735 2231 109 41 kind
1881 2230 36 42 is

298 2305 202 42 required
516 2304 67 42 for
604 2304 73 42 the
699 2305 224 41 discovery
941 2304 46 41 of
1004 2304 57 41 its
1079 2307 259 50 component
1355 2305 127 51 parts.
1545 2301 45 41 It
1605 2301 36 41 is
1664 2315 23 27 a
1708 2301 208 54 language

299 2375 47 41 in
369 2375 140 42 which
532 2388 55 28 no
610 2374 269 42 coalescence
901 2374 47 41 of
975 2377 115 38 roots
1123 2373 77 41 has
1229 2372 130 42 taken
1385 2371 130 54 place.
1578 2371 140 55 Every
1744 2370 114 41 word
1881 2370 35 40 is

302 2460 23 27 a
347 2449 104 38 root,
474 2444 85 42 and
580 2458 130 29 every
732 2448 94 37 root
848 2444 36 41 is
907 2458 23 27 a
954 2443 127 42 word.
1144 2443 44 41 It
1209 2442 48 42 is,
1279 2442 45 41 in
1348 2441 98 49 fact,
1467 2440 73 42 the
1564 2445 112 37 most
1697 2452 218 44 primitive

302 2530 118 28 stage
451 2516 46 41 in
526 2515 143 41 which
692 2528 62 28 we
777 2528 78 28 can
889 2527 184 42 suppose
1104 2513 165 41 human
1301 2511 208 55 language
1533 2515 42 36 to
1608 2510 108 41 have
1740 2508 174 43 existed.

302 2587 44 42 It
367 2586 37 42 is
425 2585 212 56 language
658 2598 151 28 comme
829 2584 34 41 il
875 2584 137 54 faut;
1044 2583 36 41 it
1101 2582 36 42 is
1161 2582 116 42 what
1301 2595 62 28 we
1387 2580 154 42 should
1567 2579 216 54 naturally
1807 2577 107 44 have

302 2656 207 43 expected
533 2655 59 41 all
613 2654 232 55 languages
867 2657 44 38 to
932 2653 88 42 be."

362 2727 74 56 (2.)
475 2726 84 42 The
590 2724 319 56 Agglutinative
939 2721 250 45 Stage.—In
1233 2721 73 42 the
1349 2720 156 43 second
1545 2724 119 52 great
1700 2733 134 41 group
1876 2718 45 41 of

302 2799 245 54 languages,
568 2795 73 43 the
663 2794 228 42 Turanian,
914 2806 64 29 we
1009 2792 110 42 have
1151 2791 74 42 the
1261 2805 134 42 group
1429 2794 43 38 to
1510 2791 152 49 which,
1693 2789 224 53 according

302 2873 42 37 to
368 2867 220 42 Professor
606 2865 173 49 Miiller,
801 2864 56 41 by
880 2863 65 41 far
966 2862 73 42 the
1060 2861 159 56 largest
1240 2862 184 40 number
1440 2861 46 41 of
1499 2860 230 55 languages
1751 2859 161 54 belong.

301 2945 55 41 It,
378 2944 45 41 in
446 2943 99 50 fact,
568 2953 231 30 comprises
821 2938 57 42 all
901 2938 73 42 the
995 2937 232 55 languages
1249 2936 162 55 spoken
1434 2935 44 42 in
1502 2936 105 41 Asia
1628 2935 84 42 and
1734 2934 180 48 Europe,

300 3017 156 41 except
486 3012 122 43 those
640 3011 96 43 that
766 3009 155 43 belong
943 3012 44 38 to
1009 3007 72 42 the
1103 3007 148 55 Aryan
1284 3005 85 43 and
1402 3005 179 43 Semitic
1616 3003 195 44 families.
1873 3004 42 40 It

818 3083 9 27 '
857 3083 86 37 Max
964 3081 149 38 Miiller,
1131 3080 72 37 vol.
1224 3080 23 36 i.
1267 3092 34 38 p.
1322 3082 82 35 330.
