2107 3450
1665 306 83 41 163

526 313 361 34 CLASSIFICATION
924 312 55 34 OF
1012 313 286 34 LANGUAGES.

95 435 37 46 is
158 438 72 44 the
247 443 101 52 type
372 435 286 59 particularly
677 434 326 44 characteristic
1026 434 47 43 of"
1093 435 74 42 the
1190 448 119 30 races
1335 434 143 43 which
1503 435 113 43 have
1638 436 111 42 been

94 517 45 37 at
161 526 80 28 one
276 512 116 41 time,
415 524 46 28 or
493 523 70 28 are
596 522 111 29 even
743 512 45 38 at
827 507 73 43 the
938 511 179 52 present
1150 506 98 57 day,
1270 507 46 43 of
1348 507 205 43 nomadic
1591 507 158 42 habits.

94 583 54 42 In
173 584 45 41 it,
246 588 84 37 two
353 586 116 38 roots
492 594 102 29 may
626 580 54 43 be
709 579 151 57 joined
892 579 222 56 together;
1146 579 89 43 and
1260 578 47 43 in
1331 578 123 44 these
1478 579 271 56 compounds

92 668 81 28 one
196 659 93 37 root
311 667 100 27 may
434 652 89 42 lose
547 651 56 43 its
622 650 340 43 independence.
1018 649 66 43 Its
1108 654 120 52 parts
1252 650 44 42 of
1319 649 158 57 speech
1500 650 112 43 have
1636 650 111 42 been

93 724 301 43 considerably
428 722 275 45 elaborated;
735 722 76 43 the
834 735 143 29 nouns
1001 720 166 59 having
1200 721 275 44 declensions
1497 722 88 43 and
1618 736 133 37 cases,

90 795 85 42 and
199 794 74 43 the
305 795 128 43 verbs
455 793 305 57 conjugations
783 793 87 43 and
894 797 161 39 tenses.
1117 793 92 43 The
1242 794 129 42 verbs
1394 808 73 29 are
1500 793 96 44 said
1626 798 44 38 to
1694 794 53 42 be

88 865 286 57 particularly
396 866 227 43 elaborate.
688 865 189 43 Turkish
908 865 38 43 is
969 879 80 29 one
1073 865 45 42 of
1141 865 74 44 the
1237 866 99 43 best
1357 866 225 43 examples
1606 866 47 42 of
1673 865 73 44 the

89 953 148 41 group.
313 939 54 41 In
401 938 299 43 Turkish—to
734 938 103 43 take
860 952 82 29 one
975 951 49 30 or
1055 941 88 40 two
1168 943 376 52 examples,—the
1571 938 179 58 general

92 1011 96 41 idea
221 1011 44 42 of
295 1009 180 44 loving
512 1012 46 41 in
604 1010 74 44 the
715 1015 193 38 abstract
950 1010 37 43 is
1026 1011 235 56 expressed
1300 1012 59 57 by
1394 1012 75 43 the
1506 1017 96 38 root
1639 1022 104 33 sev.

91 1082 240 44 Whatever
352 1083 221 43 additions
606 1083 53 43 be
682 1084 127 42 made
833 1089 44 37 to
899 1082 91 44 this
1012 1087 96 39 root
1130 1084 57 56 by
1211 1084 324 57 agglutination
1559 1085 47 42 of
1624 1084 126 44 other

93 1155 222 56 syllables,
347 1156 37 42 it
416 1156 164 56 always
614 1156 191 43 remains
828 1156 124 43 itself
973 1155 276 58 unchanged,
1282 1157 86 42 and
1391 1157 37 43 is
1452 1172 133 28 never
1608 1157 139 43 modi-

94 1228 94 51 lied,
223 1243 46 28 as
303 1229 73 43 the
408 1230 186 42 English
625 1227 93 45 fall
748 1229 51 43 is,
836 1229 46 43 in
914 1227 112 53 fell;
1070 1243 47 29 or
1153 1227 128 45 take
1319 1229 50 43 is,
1406 1230 47 41 in
1491 1228 145 44 took.
1704 1231 45 41 It

94 1300 199 44 becomes
316 1301 76 43 the
414 1304 231 54 participle
668 1301 190 55 loving,
885 1318 47 28 or
954 1302 76 42 the
1047 1315 120 27 noun
1189 1298 157 55 lover,
1370 1303 58 55 by
1451 1303 75 42 the
1549 1303 200 42 addition

92 1374 45 42 of
175 1386 225 32 er,—sev
411 1374 53 55 +
479 1377 232 42 er;—and
755 1376 47 42 in
849 1376 90 42 this
974 1374 110 42 form
1127 1373 37 42 it
1201 1373 37 42 is
1286 1374 107 43 used
1431 1389 47 28 as
1517 1375 75 43 the
1630 1376 119 50 verb,

92 1449 243 43 sever-im
383 1450 130 42 being
561 1449 21 40 I
621 1449 109 41 love,
769 1456 265 34 sever-sen
1084 1444 110 42 thou
1245 1444 155 52 lovest,
1443 1446 88 42 and
1580 1460 48 29 so
1681 1461 68 28 on.

93 1518 247 45 Sev-mek
370 1521 38 41 is
432 1524 44 38 to
507 1520 124 43 love;
664 1515 341 47 sev-ish-mek
1028 1517 38 42 is
1089 1520 45 38 to
1166 1515 99 43 love
1289 1530 82 28 one
1394 1522 209 38 another;
1636 1527 114 33 sev-

92 1589 196 45 in-mek
309 1592 37 42 is
370 1596 43 38 to
435 1590 99 44 love
556 1589 178 44 oneself,
757 1604 47 28 or
826 1588 159 52 rather,
1008 1592 45 39 to
1076 1587 158 56 rejoice
1258 1587 87 42 and
1368 1588 53 43 be
1444 1588 180 58 happy.1

151 1663 54 41 In
240 1663 271 42 illustrating
543 1662 75 42 the
653 1675 157 28 nature
842 1660 45 42 of
919 1660 91 42 this
1045 1658 323 58 agglutinative
1404 1673 139 42 group
1580 1661 45 43 of
1655 1662 95 42 lan-

91 1749 171 42 guages,
283 1735 68 43 Dr
374 1736 219 41 Eomanes
615 1748 101 29 uses
749 1733 75 43 the
856 1732 189 57 English
1081 1731 121 43 word
1235 1730 435 47 un-cost-li-ness,
1706 1736 46 41 in

91 1807 141 43 which
256 1807 105 44 each
385 1807 186 57 syllable
592 1809 248 40 represents
873 1819 22 28 a
919 1809 384 49 root,—although
1337 1803 45 45 in
1407 1820 119 30 some
1550 1807 45 43 of
1617 1808 137 53 them,

92 1892 46 29 as
156 1879 44 42 in
218 1880 74 43 the
311 1880 185 43 syllable
513 1877 36 44 li
569 1879 140 57 (like),
726 1878 75 43 the
820 1882 94 38 root
931 1877 80 43 has
1030 1876 189 44 suffered
1242 1877 167 43 serious
1427 1877 324 47 deterioration.

93 1952 164 57 Strung
287 1953 200 43 together
529 1953 94 41 into
661 1965 81 29 one
780 1950 133 52 word,
950 1950 76 42 the
1059 1948 210 58 syllables
1303 1950 112 43 have
1453 1955 77 52 yet
1568 1951 186 44 distinct

93 2025 227 57 meanings
344 2023 144 45 which
512 2039 80 28 can
615 2023 94 44 still
731 2023 53 43 be
806 2021 267 58 recognised,
1091 2021 169 57 though
1283 2022 46 42 in
1354 2037 120 29 some
1498 2039 120 29 cases
1644 2032 108 35 with

94 2096 228 57 difficulty.
386 2097 73 42 He
498 2110 111 42 says,
632 2101 20 16 "
669 2096 43 42 If
744 2094 59 43 all
837 2109 78 27 our
949 2093 142 43 words
1124 2093 87 42 had
1246 2093 110 44 been
1392 2095 168 44 formed
1585 2111 55 28 on
1676 2097 77 43 the

94 2172 105 50 type
232 2167 45 42 of
301 2166 87 43 this
421 2165 201 44 example
655 2168 9 18 '
681 2162 319 52 uncostliness/
1022 2162 186 57 English
1234 2163 146 43 would
1413 2164 113 44 have
1549 2165 113 45 been
1695 2181 58 29 an

92 2243 320 51 agglutinative
434 2236 254 58 language."
752 2235 115 43 Prof.
891 2235 109 43 Max
1023 2234 171 44 Miiller
1215 2249 114 43 says,
1350 2240 22 19 "
1390 2237 92 43 The
1504 2245 248 50 agglutina-

93 2310 92 44 tive
208 2310 236 58 languages
469 2324 202 43 preserve
694 2309 74 43 the
791 2308 333 44 consciousness
1145 2308 44 42 of
1213 2308 115 43 their
1349 2314 132 47 roots,
1498 2311 88 43 and
1609 2312 145 44 there-

95 2383 90 42 fore
218 2383 53 42 do
309 2388 78 37 not
409 2383 127 42 allow
572 2381 120 44 them
733 2386 44 38 to
816 2381 52 42 be
902 2380 186 43 affected
1128 2380 60 57 by
1226 2380 209 57 phonetic
1473 2386 253 56 corruption
1747 2402 11 39 ;

93 2455 86 41 and
204 2454 164 57 though
404 2455 103 42 they
533 2454 111 43 have
667 2453 86 43 lost
775 2452 76 44 the
874 2452 332 43 consciousness
1230 2453 47 42 of
1297 2453 74 44 the
1394 2455 187 58 original
1605 2472 148 28 mean-

93 2528 75 55 ing
184 2527 47 42 of
249 2526 114 44 their
380 2526 318 51 terminations,
718 2526 104 56 they
842 2525 84 43 feel
946 2525 234 57 distinctly
1204 2525 74 43 the
1301 2526 235 46 difference
1554 2529 199 46 between

94 2599 74 43 the
191 2599 287 57 significative
502 2603 95 38 root
619 2598 86 43 and
730 2598 75 43 the
829 2597 248 57 modifying
1099 2603 250 39 elements."

157 2673 77 55 (3.)
270 2672 84 42 The
377 2672 273 57 Inflectional
674 2670 292 45 Stage.—The
990 2670 118 43 third
1132 2677 122 51 great
1275 2686 138 42 group
1437 2675 47 42 of
1503 2674 251 46 languages,

93 2743 98 42 that
223 2743 45 42 in
293 2741 141 46 which
469 2749 86 37 two
579 2758 47 28 or
659 2757 119 29 more
806 2756 130 38 roots,
964 2742 151 57 joined
1151 2743 202 55 together
1385 2750 45 38 to
1453 2747 111 43 form
1599 2750 156 52 words,

92 2829 116 43 may,
230 2815 46 42 in
310 2816 121 43 these
464 2816 283 57 compounds,
769 2815 61 43 all
862 2815 91 43 lose
986 2814 117 45 their
1135 2815 347 58 independence,
1508 2821 37 43 is
1578 2821 99 44 that
1709 2824 46 42 of

93 2887 75 43 the
203 2888 275 43 Inflectional
510 2888 247 57 languages,
792 2888 47 42 of
859 2888 145 42 which
1039 2887 123 44 there
1195 2903 72 29 are
1301 2895 87 39 two
1421 2892 205 56 families,
1659 2896 95 54 viz.,

92 2960 76 43 the
191 2960 181 43 Semitic
393 2961 86 43 and
511 2961 74 44 the
607 2961 164 58 Aryan.
837 2959 45 45 It
904 2961 37 43 is
963 2961 177 43 curious
1164 2962 97 43 that
1284 2963 76 43 the
1382 2964 156 58 higher
1560 2969 194 42 civilisa-

91 3034 92 41 tion
219 3033 44 42 of
285 3032 75 44 the
392 3033 135 44 world
550 3034 78 43 has
651 3034 123 52 been,
798 3037 44 39 to
866 3048 25 28 a
912 3037 116 39 most
1059 3034 275 45 remarkable
1357 3044 166 48 extent,
1541 3040 146 58 owing
1709 3045 45 39 to

143 3127 12 23 1
183 3126 73 37 For
282 3125 63 38 the
374 3126 128 47 above,
531 3128 74 37 and
635 3140 114 37 many
778 3127 118 48 other,
917 3127 191 50 examples
1135 3127 40 37 of
1200 3128 165 40 Chinese
1390 3131 76 38 and
1494 3132 180 49 Turkish,
1695 3147 61 25 see

95 3188 86 37 Max
206 3187 149 37 Miiller,
376 3188 69 36 vol.
468 3189 21 35 i.
