2113 3404
850 217 87 30 THE
969 216 243 33 DISORDERS
1244 219 51 31 OF
1327 219 173 31 SPEECH.

352 203 85 41 274

352 332 196 55 Aphasia
569 335 46 41 in
639 333 140 46 which
802 335 73 43 the
898 337 180 55 patient,
1101 337 163 57 though
1287 338 254 56 speechless,
1563 353 85 29 was
1679 344 75 51 yet
1780 342 192 50 musical,

353 403 86 43 and
476 405 96 43 able
610 410 43 38 to
690 407 106 42 hum
836 407 210 57 correctly
1077 412 127 39 tunes
1238 409 185 42 without
1453 410 147 42 words.
1664 410 52 42 In
1754 425 79 29 one
1870 426 100 42 very

355 475 170 43 curious
549 490 106 37 case,
677 491 56 29 an
755 477 175 56 aphasic
951 478 180 55 patient,
1155 479 165 55 though
1342 480 158 42 unable
1523 484 43 38 to
1587 479 133 56 speak,
1743 481 124 43 could
1898 488 74 50 yet

355 545 95 56 sing
470 560 118 42 songs
607 549 104 41 with
742 548 65 42 the
836 548 134 42 words
1002 549 465 56 correctly,—perhaps
1498 550 56 55 by
1578 550 70 42 aid
1679 550 44 42 of
1754 551 72 42 the
1857 556 20 17 "
1895 566 75 27 un-

356 616 211 44 educated
599 618 389 43 Speech-centres"
1020 619 43 41 of
1100 619 73 42 the
1212 623 193 51 opposite
1443 619 279 57 hemisphere.
1784 620 116 44 Most
1931 623 43 41 of

356 687 123 42 these
501 701 130 39 cases,
648 701 55 29 no
727 688 146 51 doubt,
889 688 110 42 have
1023 688 108 42 been
1154 702 117 29 cases
1293 690 43 41 of
1357 693 138 38 motor
1516 690 184 55 aphasia.
1762 690 43 43 It
1826 692 36 42 is
1885 692 89 42 still

359 771 24 28 a
405 759 202 54 question
629 759 65 41 for
710 758 306 55 investigation
1035 759 95 41 how
1150 759 64 41 far
1231 758 72 42 the
1322 759 179 42 musical
1518 760 164 55 faculty
1696 761 36 42 is
1750 761 223 44 destroyed

360 839 47 27 or
444 825 264 43 diminished
745 826 58 54 by
835 825 263 43 destructive
1130 825 136 43 lesion
1300 826 46 42 of
1377 827 72 42 the
1478 827 81 42 left
1591 829 197 55 auditory
1820 835 153 38 centre.

362 896 93 42 One
477 896 37 42 is
536 895 199 43 disposed
760 899 43 38 to
826 896 129 41 think
988 895 96 43 that
1118 896 137 42 music
1291 900 119 38 must
1442 897 154 55 belong
1631 902 43 38 to
1707 899 103 41 both
1842 900 133 42 hemi-

361 966 174 55 spheres
558 966 44 42 of
626 966 72 42 the
721 966 135 50 brain,
878 971 45 37 at
945 966 110 42 least
1086 966 43 41 in
1165 980 45 28 so
1242 966 65 42 far
1337 980 46 29 as
1414 966 37 43 it
1481 967 37 43 is
1550 981 25 28 a
1599 969 169 41 natural
1789 970 83 55 gift
1892 970 84 42 and

361 1041 77 37 not
461 1036 163 43 merely
646 1049 56 29 an
723 1037 202 42 acquired
949 1040 74 39 art.
1088 1037 88 41 But
1207 1036 45 42 in
1275 1050 80 29 one
1376 1037 202 43 recorded
1599 1051 106 30 case,
1730 1043 40 38 to
1794 1040 138 41 which
1956 1041 18 40 I

362 1121 101 42 may
486 1107 249 43 afterwards
758 1107 110 43 have
891 1108 195 42 occasion
1110 1112 44 37 to
1176 1108 124 50 refer,
1317 1108 335 44 word-deafness
1675 1111 167 41 seemed
1864 1116 42 36 to
1929 1111 51 43 be

362 1178 239 42 associated
624 1178 107 42 with
754 1192 24 28 a
800 1178 86 42 loss
909 1179 46 41 of
984 1178 74 42 the
1091 1191 144 42 power
1268 1179 47 41 of
1345 1179 294 55 appreciating
1671 1181 145 42 music.
1878 1182 101 43 This

365 1249 180 55 subject,
579 1248 85 42 and
699 1262 131 42 many
864 1249 44 41 of
941 1248 74 43 the
1050 1248 144 42 others
1228 1253 44 37 to
1309 1248 141 43 which
1488 1249 23 41 I
1548 1249 109 43 have
1689 1250 108 42 been
1831 1251 148 56 briefly

365 1319 221 56 referring,
609 1334 69 28 are
699 1319 136 56 really
858 1320 188 42 subjects
1069 1320 65 41 for
1155 1319 144 42 future
1321 1319 318 56 investigation.
1691 1319 62 43 As
1785 1325 74 51 yet
1879 1321 101 56 they

365 1390 111 43 have
498 1390 196 43 received
716 1395 70 37 too
809 1390 116 43 little
947 1390 227 43 attention.

428 1520 180 55 Having
630 1520 172 42 already
825 1520 125 42 made
973 1533 24 28 a
1018 1533 101 28 note
1142 1519 43 41 of
1207 1533 115 28 some
1345 1518 44 42 of
1411 1519 72 42 the
1507 1519 149 42 earlier
1673 1520 311 43 contributions

368 1595 44 38 to
430 1591 74 42 the
521 1591 225 42 literature
765 1590 43 42 of
829 1590 206 56 Aphasia,
1054 1590 22 41 I
1099 1603 100 41 may
1216 1589 111 52 here,
1344 1589 46 41 in
1413 1589 258 56 concluding
1692 1590 86 42 this
1800 1597 186 36 chapter,

369 1675 278 42 supplement
669 1661 73 42 the
764 1661 75 42 list
870 1661 58 55 by
950 1660 160 42 adding
1141 1673 24 27 a
1198 1663 100 38 note
1332 1659 44 42 of
1408 1673 24 28 a
1466 1659 83 43 few
1571 1660 46 42 of
1650 1660 73 42 the
1756 1675 118 28 more
1906 1662 78 41 im-

368 1736 177 51 portant
566 1731 318 43 contributions
906 1731 43 41 of
971 1745 24 27 a
1016 1730 110 42 later
1147 1729 108 42 date.

429 1803 23 40 I
488 1803 110 41 have
634 1801 175 43 already
835 1801 186 42 referred
1055 1806 56 44 to,
1133 1800 85 41 and
1248 1799 248 56 frequently
1519 1801 158 54 quoted
1709 1801 120 52 from,
1851 1802 136 42 Kuss-

370 1873 153 42 maul's
560 1873 176 41 treatise
773 1886 55 28 on
866 1872 74 42 the
971 1871 299 42 Disturbances
1306 1870 49 55 of
1381 1869 155 56 Speech,
1600 1871 44 41 It
1685 1872 224 42 continues
1945 1878 42 36 to

370 1945 54 41 be
458 1943 186 56 perhaps
678 1943 76 41 the
786 1941 161 43 richest
983 1941 116 42 mine
1133 1954 63 28 we
1232 1940 110 42 have
1380 1941 46 41 of
1459 1941 275 42 information
1771 1956 114 41 upon
1917 1943 71 41 the

374 2015 169 54 subject
563 2013 231 55 generally.
857 2011 245 43 Bateman's
1125 2011 199 42 valuable
1347 2011 117 41 work
1495 2011 24 41 I
1550 2011 109 42 have
1690 2011 89 43 also
1808 2013 181 42 referred

375 2090 53 37 to.
491 2085 43 41 A
566 2083 158 43 second
757 2083 164 43 edition
954 2083 43 41 of
1029 2082 36 41 it
1097 2095 86 28 was
1214 2081 230 55 published
1476 2081 47 41 in
1558 2082 123 42 1890.
1743 2083 99 41 Two
1872 2083 119 42 other

373 2156 200 42 treatises
610 2155 45 41 of
686 2158 121 52 great
842 2153 126 42 value
1007 2152 211 52 are—(1),
1249 2152 111 41 That
1394 2151 43 42 of
1469 2151 202 53 Bernard,
1691 2152 63 42 De
1775 2151 217 45 VAphasie

376 2226 91 55 (1st
498 2225 62 42 ed.
587 2224 126 41 1885,
746 2223 89 42 2nd
861 2223 61 42 ed.
959 2222 144 55 1889),
1126 2221 142 41 which
1299 2221 288 54 incorporates
1619 2221 73 42 the
1723 2222 199 42 teaching
1951 2224 45 40 of

377 2297 222 42 Professor
631 2294 213 42 Charcot;
880 2293 85 42 and
997 2293 79 54 (2),
1108 2295 94 38 that
1233 2291 43 41 of
1313 2291 65 41 Dr
1408 2292 108 41 Eoss
1549 2292 45 40 of
1621 2292 288 50 Manchester,
1933 2292 60 43 On

379 2367 211 56 Aphasia,
611 2364 123 45 1887.
788 2364 139 55 Many
949 2364 239 40 important
1210 2362 312 41 contributions
1544 2366 44 37 to
1605 2362 74 42 the
1700 2362 165 42 subject
1887 2363 104 40 have

380 2451 90 29 also
492 2437 109 41 been
624 2435 124 42 made
770 2434 46 42 in
839 2433 73 43 the
935 2433 133 42 shape
1100 2432 44 42 of
1175 2431 198 55 chapters
1404 2445 117 41 upon
1551 2431 37 43 it
1617 2432 47 41 in
1686 2432 138 43 works
1847 2447 53 27 on
1923 2433 71 42 the

380 2508 201 42 Nervous
631 2505 182 55 System.
890 2503 174 41 Among
1100 2502 121 41 these
1257 2515 97 41 may
1391 2501 53 43 be
1485 2502 386 56 mentioned—(1),
1907 2504 86 41 The

383 2588 198 29 chapters
603 2571 47 43 in
671 2572 66 41 Dr
759 2570 212 42 Bastian's
994 2569 140 42 works
1156 2582 54 28 on
1236 2569 85 41 The
1341 2569 141 41 Brain
1504 2583 46 27 as
1565 2583 59 28 an
1643 2569 138 55 Organ
1799 2571 49 55 of
1862 2570 134 51 Mind,

384 2645 133 42 1880;
543 2642 86 42 and
650 2655 54 29 on
726 2641 249 55 Paralysis:
1002 2639 201 55 Cerebral,
1225 2639 175 50 Bulbar,
1421 2640 88 40 and
1530 2638 164 57 Spinal,
1718 2641 136 53 1886;
1875 2641 77 56 (2),
1973 2655 24 27 a

383 2729 178 29 chapter
581 2713 45 41 in
650 2712 220 42 Professor
893 2710 208 42 Grainger
1133 2708 216 43 Stewart's
1371 2709 130 49 work,
1532 2709 76 42 An
1638 2710 291 43 Introduction
1959 2715 37 37 to

382 2786 66 41 the
479 2783 137 55 Study
647 2783 50 41 of
721 2782 65 42 the
816 2781 188 43 Diseases
1034 2781 50 41 of
1109 2779 64 42 the
1208 2778 186 43 Nervous
1429 2778 168 56 System,
1631 2781 140 52 1884;
1817 2781 77 54 (3),
1924 2780 72 43 the

383 2869 178 29 chapter
582 2853 45 43 in
650 2853 65 41 Dr
735 2852 199 42 Ferrier's
956 2850 120 42 work
1097 2863 54 28 on
1187 2849 83 42 The
1294 2849 229 42 Functions
1544 2850 49 55 of
1606 2851 63 41 the
1690 2850 151 51 Brain,
1865 2851 107 42 1886
1989 2865 9 37 ;

383 2925 76 55 (4),
482 2923 74 43 the
588 2922 178 42 chapter
798 2922 46 41 in
878 2921 67 42 Dr
979 2919 208 44 Gowers's
1209 2918 120 42 work
1360 2932 55 28 on
1446 2919 185 42 Diseases
1659 2919 50 56 of
1731 2920 64 41 the
1815 2919 182 42 Nervous

379 2995 170 58 System,
574 2993 124 43 1888.
