1933 3217
449 338 214 32 SYNOPSIS
686 338 52 33 OF
762 339 90 31 THE
877 341 226 32 SIMIAD^.

1383 335 90 41 215

257 469 41 34 of
320 474 62 30 the
409 469 145 36 nostrils
581 469 126 47 longer
734 476 89 31 than
857 471 62 36 the
943 473 101 47 jaws.
1102 471 47 37 In
1181 479 62 30 the
1265 485 120 35 young
1413 474 62 36 the

258 534 140 36 muzzle
417 535 29 35 is
464 534 149 37 shorter.
672 536 165 37 Inhabits
858 543 62 30 the
941 543 97 30 coast
1064 539 41 34 of
1119 537 155 38 Guinea.

102 600 132 36 Plate
266 599 205 37 XVI—3.
501 600 40 37 C.
573 613 231 33 porcarius,
833 602 61 36 the
924 602 348 38 Chacma.—Simia
1305 605 170 46 porcaria,

261 663 123 36 Linn.
440 664 112 47 Papio
581 664 179 47 porcaiius
792 665 69 34 aiul
899 675 174 40 coniatus,
1106 668 144 37 Babuin
1287 681 82 35 pore
1404 672 69 33 and

255 729 167 46 chevelu,
455 728 124 51 Geoff.
613 731 110 37 Ann.
767 728 55 36 du
852 733 114 37 Mus.
997 747 76 24 xix.
1110 747 34 35 p.
1177 733 71 37 102
1277 735 70 35 and
1389 734 83 37 103.

261 794 170 46 Chacma,
451 796 47 35 F.
515 796 98 36 Cuv.
629 798 110 35 Hist.
756 799 101 35 Hat.
879 798 66 37 des
965 799 203 37 Mammif.
1219 797 255 49 Cynocephale

257 861 161 44 chacma,
455 861 134 37 Desm.
622 863 168 37 Mamm.
823 877 33 35 p.
888 864 62 37 69.
1020 864 114 38 Simia
1170 868 141 39 ursina?
1340 865 133 36 Penn.

257 924 313 48 Greenish-black,
602 929 117 47 palest
746 943 45 22 on
822 930 62 35 the
903 931 75 36 fore
998 939 78 40 part
1105 932 40 35 of
1168 937 62 29 the
1258 931 188 35 shoulders
1463 944 11 30 ;

255 991 79 36 hair
365 991 86 48 long
479 1005 99 35 upon
620 1000 63 30 the
714 997 105 44 neck,
850 997 38 34 in
918 997 62 35 the
1005 998 93 35 form
1121 997 41 36 of
1183 1009 21 22 a
1233 1009 107 23 mane
1358 1010 11 31 ;
1397 997 76 34 face

258 1059 116 35 violet
396 1059 106 34 black
521 1072 12 32 ;
561 1073 112 34 upper
700 1062 136 47 eyelids
862 1064 120 35 white.
1050 1062 150 36 Female
1229 1069 155 29 without
1412 1063 62 35 the

254 1135 118 23 maue.
435 1123 167 38 Inhabits
623 1125 182 38 Southern
826 1127 138 47 Africa,
984 1128 96 37 Cape
1101 1129 40 35 of
1156 1127 106 37 Good
1282 1127 119 48 Hope.

203 1189 35 35 4.
273 1187 41 37 C.
349 1201 255 34 HAMADRYAs,
638 1191 199 45 Dog-faced
878 1193 149 37 Baboon
1097 1193 114 37 Simia
1247 1193 225 44 hamadryas,

254 1253 123 36 Linn.
422 1253 198 49 Dog-faced
639 1270 78 35 ape,
737 1259 131 35 Penn.
933 1258 181 44 Tartarin,
1139 1258 127 51 Geoff.
1286 1259 111 36 Ann.
1419 1259 55 35 du

256 1320 113 35 Mus.
389 1332 75 23 xix.
490 1333 33 34 p.
547 1321 72 37 103
638 1336 12 31 •,
679 1324 48 35 F.
758 1324 99 36 Cuv.
892 1325 111 36 Hist.
1033 1326 102 35 Nat.
1170 1325 67 37 des
1265 1325 205 45 Mammif.

257 1384 251 47 Cynocephale
537 1390 161 44 tartarin,
719 1390 133 36 Desm.
873 1390 170 36 Mamm.
1074 1404 34 34 p.
1147 1391 61 36 69.
1282 1390 189 36 Blackish-

255 1472 84 34 gi-ay
358 1452 123 46 tinged
501 1455 87 37 with
607 1457 149 44 browm;
785 1458 79 35 hair
880 1460 42 34 of
931 1457 61 36 the
1004 1458 76 35 fore
1095 1463 96 41 parts
1202 1457 100 47 long,
1317 1458 156 44 forming

255 1536 21 23 a
293 1524 131 47 shaggy
442 1535 107 23 mane
565 1535 12 32 ;
605 1523 75 34 face
698 1523 89 35 flesh
800 1524 135 35 colour.
994 1521 150 37 Female
1158 1524 71 34 and
1244 1535 120 34 young
1383 1522 89 35 watli

255 1590 99 35 short
387 1601 171 30 muzzles,
587 1588 168 35 coloured
791 1588 96 36 blue.
975 1588 166 36 Inhabits
1170 1587 125 45 Moco,
1327 1589 144 34 borders

255 1656 41 34 of
308 1655 63 36 the
391 1654 146 36 Persian
558 1652 105 46 Gulf,
681 1653 145 36 Arabia.

440 1758 136 37 Genus
601 1758 166 36 XVI.—
779 1759 143 47 Papio.,
946 1759 186 35 Brisson.

154 1852 231 36 Proportions
409 1852 110 36 much
549 1858 160 30 stronger
734 1853 88 35 than
845 1851 257 48 Cynocephali,
1122 1852 69 34 and
1211 1851 257 47 distinguished

99 1919 93 35 from
222 1918 101 35 them
355 1919 47 45 by
425 1919 62 34 the
513 1918 65 35 tail
605 1919 107 45 being
739 1930 88 35 very
851 1918 113 44 short,
994 1917 132 35 almost
1152 1929 21 23 a
1198 1917 175 43 tubercle,
1398 1918 70 34 and

101 1985 273 46 pci-pendicular
392 1990 37 28 to
444 1983 62 35 the
526 1982 117 36 dorsal
662 1983 86 36 line.
805 1982 191 36 Dentition
1016 1995 88 33 very
1123 1981 188 48 powerful.

102 2048 135 36 Plate
263 2047 124 36 XVII
461 2048 31 35 1.
528 2047 43 36 P.
605 2060 186 33 mormon,
819 2048 63 36 the
912 2047 348 36 Mandril—Simia
1286 2059 181 36 mormon,

260 2114 121 35 Linn.
425 2112 215 48 Variegated
655 2113 165 42 Baboon,
1017 2113 179 45 Mandril,
1354 2113 112 37 .rifnrt.

259 2180 55 34 du
331 2179 113 35 Mus.
465 2191 74 24 xix.
560 2192 32 34 p.
617 2179 72 36 104
709 2192 11 32 ;
738 2179 49 35 F.
807 2179 98 36 Cuv.
922 2179 109 35 Hist.
1053 2179 101 35 Nat.
1177 2178 65 36 des
1262 2179 203 46 Mammif.

260 2243 251 48 Cjmocephale
531 2246 169 44 mandril,
724 2246 134 35 Desm.
885 2245 168 36 Mamm.
1073 2256 33 35 p.
1128 2242 60 40 70.
1246 2243 220 38 Yellowish-

261 2310 108 45 olive,
385 2311 121 35 tinged
520 2313 87 33 wixh
622 2323 85 34 gray
721 2312 127 43 above,
868 2310 156 36 beneath
1039 2310 132 44 white;
1188 2311 109 36 beard
1313 2312 154 46 yellow;

258 2375 141 36 muzzle
425 2377 177 35 furrowed
620 2389 11 31 ;
657 2376 104 46 livid,
785 2377 67 35 but
870 2377 120 35 bright
1008 2377 63 35 red
1090 2377 71 34 and
1181 2377 97 36 blue.
1337 2377 45 35 In
1404 2378 61 35 the

259 2454 120 34 young
397 2442 61 35 the
477 2442 148 35 furrows
644 2442 45 35 do
708 2448 64 29 not
790 2454 138 35 appear.
986 2442 165 36 Inhabits
1179 2441 138 46 Africa,
1338 2455 44 23 on
1404 2444 62 34 tlie

261 2507 97 36 Gold
377 2509 69 33 and
468 2506 144 37 Guinea
630 2514 106 30 coast.

103 2570 79 38 Pla
189 2585 47 22 TE
251 2572 147 35 XVIII
473 2572 35 35 2.
527 2572 41 35 P.
585 2585 273 33 LEUcoPH^us,
874 2573 62 35 the
953 2572 95 36 Drill
1121 2571 114 37 Simia
1248 2573 217 36 leucopha-a,

264 2638 43 35 F.
331 2637 98 36 Cuv.
449 2638 109 36 Ann.
581 2638 53 35 du
652 2639 114 35 Mus.
791 2640 48 34 ix.
857 2652 11 31 *,
896 2639 110 36 Hist.
1035 2638 101 36 Nat.
1167 2638 65 36 des
1257 2639 201 36 Mammif.

1267 2709 27 39 2
1315 2719 30 29 D
