2107 3450
642 264 180 32 MENTAL
854 264 294 34 IMPAIRMENT.

1637 256 77 41 271

966 367 9 15 t

67 389 180 43 himself
268 389 36 43 is
326 391 77 40 apt
426 391 43 39 to
494 386 220 44 complain
739 385 97 43 that
868 385 54 43 he
956 386 280 56 experiences
1269 386 179 57 fatigue,
1471 386 86 43 and
1589 385 133 44 head-

67 460 116 43 ache,
198 459 86 43 and
305 459 268 57 irritability,
588 459 35 43 if
645 459 54 43 he
723 458 169 56 applies
911 458 179 44 himself
1112 465 45 37 to
1175 459 165 43 menial
1356 459 121 42 work
1494 460 226 55 requiring

65 531 236 57 prolonged
324 531 85 43 and
433 531 115 43 close
571 530 230 44 attention.

125 604 55 42 In
201 618 26 28 a
248 603 116 57 large
386 603 252 57 proportion
662 602 46 42 of
737 616 131 30 cases,
892 602 74 44 the
998 602 89 44 loss
1120 603 45 43 of
1197 602 168 44 mental
1398 616 147 43 power
1567 601 86 43 and
1677 602 48 42 of

68 675 271 43 self-control
362 675 38 43 is
423 674 195 44 obvious.
682 674 121 44 Very
826 674 120 44 often
980 674 75 44 the
1087 674 174 58 patient
1292 675 38 43 is
1363 674 162 44 unable
1549 678 44 39 to
1619 674 102 43 take

66 762 87 42 any
175 752 99 52 part
305 748 47 41 in
386 747 235 57 managing
652 746 202 44 business
887 747 157 43 affairs,
1067 747 223 43 dementia
1322 747 132 58 being
1475 747 123 57 quite
1620 760 100 43 pro-

65 817 230 45 nounced.1
347 819 65 43 As
430 819 37 43 is
485 832 46 30 so
546 818 119 43 often
685 818 75 44 the
778 832 97 30 case
892 819 47 43 in
957 819 178 43 organic
1150 819 166 43 disease
1332 818 47 44 of
1399 818 75 44 the
1490 818 140 43 brain,
1645 817 75 44 the

63 894 171 55 patient
256 905 102 29 may
380 892 54 42 be
456 891 91 43 also
570 905 106 30 very
699 891 239 44 emotional
960 892 86 43 and
1070 891 140 44 easily
1234 891 156 44 moved
1413 896 45 38 to
1484 900 124 34 tears.

123 965 56 42 In
202 978 117 29 some
338 977 131 30 cases,
487 963 223 44 delusions
727 963 89 43 and
833 963 343 44 hallucinations
1195 978 72 29 are
1284 962 254 57 developed,
1556 976 47 29 so
1621 961 98 43 that

64 1037 73 43 the
161 1040 171 53 patient
351 1036 201 44 becomes
576 1035 137 58 really
737 1036 172 43 Insane.
974 1037 23 41 I
1022 1036 130 43 think
1175 1037 123 42 there
1321 1050 81 29 can
1424 1036 54 43 be
1501 1049 56 28 no
1581 1034 139 44 doubt

64 1109 98 43 that
198 1110 69 42 Dr
303 1109 184 43 Bastian
518 1109 38 42 is
589 1109 119 57 right
740 1108 128 44 when
901 1108 55 44 he
989 1123 101 28 says
1122 1109 99 42 that
1253 1108 275 43 destruction
1562 1107 47 42 of
1643 1106 76 44 the

66 1182 188 56 Sensory
277 1181 350 44 speech-centres
659 1182 37 42 is
730 1181 132 43 much
885 1195 119 29 more
1028 1181 245 43 dangerous
1295 1185 47 39 to
1366 1181 75 42 the
1464 1179 124 43 mind
1611 1179 108 43 than

63 1254 273 43 destruction
372 1254 47 42 of
446 1253 76 44 the
559 1253 150 44 Motor
751 1267 114 30 ones.
928 1253 253 43 Delusions,
1216 1253 88 42 and
1343 1252 378 52 Hallucinations,

63 1326 87 42 and
173 1325 235 43 Hebetude
431 1325 45 42 of
508 1325 123 42 mind
665 1339 71 29 are
763 1324 215 43 certainly
999 1338 120 29 more
1152 1323 252 44 commonly
1427 1328 92 38 met
1541 1323 109 42 with
1673 1323 47 41 in

63 1411 118 29 cases
219 1397 45 42 of
299 1397 188 42 Sensory
510 1396 107 43 than
657 1396 43 42 of
737 1396 150 42 Motor
908 1395 209 57 Aphasia.
1183 1396 184 42 Bastian
1400 1394 320 57 provisionally

62 1469 257 42 formulates
352 1468 75 42 the
460 1467 228 43 following
724 1482 47 28 as
809 1482 25 27 a
872 1467 199 57 working
1108 1467 259 57 hypothesis
1387 1470 93 40 :—"
1498 1466 114 43 That
1644 1466 76 43 the

62 1541 219 42 tendency
313 1544 44 38 to
390 1538 168 44 mental
590 1539 285 56 impairment
900 1539 110 43 with
1042 1539 194 57 aphasia,
1258 1539 88 43 and
1379 1539 76 43 the
1488 1538 155 57 degree
1677 1539 47 42 of

61 1612 107 44 such
187 1611 294 57 impairment,
497 1611 105 51 will,
617 1611 125 42 other
756 1611 150 56 things
922 1611 133 57 being
1069 1611 142 57 equal,
1226 1612 195 42 increase
1438 1626 46 28 as
1499 1611 163 43 lesions
1677 1611 48 43 of

60 1684 75 42 the
156 1682 82 44 left
259 1681 292 44 Hemisphere
570 1681 144 43 which
736 1682 190 56 produce
950 1683 181 56 aphasia
1160 1683 153 43 recede
1337 1683 47 42 in
1409 1683 83 42 site
1515 1683 111 42 from
1646 1683 75 42 the

60 1754 118 43 third
214 1752 163 43 frontal
414 1752 297 54 convolution,
742 1754 87 42 and
866 1754 221 56 approach
1126 1755 75 43 the
1234 1755 206 56 occipital
1478 1754 134 44 lobe."
1677 1753 46 43 It

59 1840 139 29 seems
217 1840 104 42 very
339 1825 208 57 probable
569 1825 99 43 that
688 1826 197 57 growing
908 1827 259 56 experience
1186 1827 92 43 will
1301 1842 105 29 soon
1432 1831 183 40 convert
1633 1827 89 43 this

60 1902 21 18 "
98 1899 198 56 working
318 1897 258 57 hypothesis
592 1897 19 17 "
635 1898 95 43 into
753 1912 55 29 an
832 1898 269 44 established
1125 1899 96 44 law.

120 2040 422 43 Echolalia.—We
573 2040 113 44 have
710 2055 115 38 seen,
847 2041 48 43 in
917 2043 243 43 connexion
1189 2043 110 44 with
1321 2058 79 29 our
1423 2045 136 43 study
1581 2045 47 43 of
1648 2045 76 45 the

61 2112 168 58 Speech
252 2113 46 41 of
320 2112 73 43 the
417 2112 174 55 Insane,
612 2113 100 43 that
743 2113 229 44 Echolalia
1003 2115 37 43 is
1073 2120 151 52 pretty
1246 2116 121 44 often
1401 2117 230 45 exhibited
1663 2119 60 57 by

59 2186 195 56 patients
279 2184 95 43 who
397 2199 71 29 are
490 2185 76 43 the
589 2186 193 56 subjects
815 2187 48 42 of
889 2187 251 44 Dementia.
1204 2188 64 44 As
1301 2190 240 44 Dementia
1573 2191 37 43 is
1643 2199 79 35 not

59 2271 268 30 uncommon
358 2257 47 42 in
438 2257 247 43 connexion
719 2257 107 43 with
861 2258 211 57 Aphasia,
1104 2260 76 42 the
1218 2260 230 44 Echolalia
1481 2261 159 44 which,
1674 2264 47 41 in

59 2346 92 28 rare
176 2345 130 37 cases,
322 2331 38 42 is
383 2329 227 45 exhibited
634 2330 58 57 by
706 2331 195 56 patients
917 2332 109 43 with
1043 2332 266 57 right-sided
1333 2334 284 58 Hemiplegia
1635 2336 88 43 and

59 2418 117 28 more
209 2417 47 29 or
287 2402 86 44 less
405 2402 197 57 Aphasic
635 2403 283 44 disturbance
957 2405 45 42 of
1040 2406 173 56 speech,
1246 2406 160 44 should
1443 2408 192 56 perhaps
1667 2409 55 43 be

60 2475 243 43 attributed
324 2474 148 44 rather
495 2480 44 38 to
562 2475 76 44 the
659 2476 240 43 Dementia
921 2477 109 43 than
1054 2482 44 39 to
1121 2478 75 43 the
1213 2478 211 58 Aphasia.
1490 2481 91 43 But
1598 2481 124 44 there

59 2562 71 30 are
152 2562 119 29 some
288 2562 107 43 very
414 2547 175 44 curious
612 2548 87 43 and
722 2563 94 29 rare
839 2563 119 30 cases
982 2550 47 43 of
1048 2550 199 57 Aphasia
1269 2552 192 44 without
1482 2553 239 45 Dementia

59 2622 47 42 in
129 2621 144 43 which
296 2620 75 44 the
394 2620 171 57 patient
587 2635 81 29 can
700 2626 152 52 repeat
874 2622 120 43 what
1025 2623 56 44 he
1115 2624 138 53 hears,
1277 2625 86 44 and
1396 2626 190 58 perhaps
1610 2642 113 43 copy

62 2700 174 51 writing
269 2694 98 42 that
397 2693 56 44 he
478 2708 107 38 sees,
608 2694 86 43 and
727 2699 76 52 yet
834 2695 53 43 be
912 2696 158 57 totally
1094 2697 163 44 unable
1280 2702 45 39 to
1349 2699 273 44 understand
1646 2701 75 43 the

62 2767 138 43 words
221 2766 56 44 he
301 2766 103 44 thus
426 2772 171 51 repeats
628 2781 48 29 or
708 2768 158 56 copies.
929 2768 106 45 This
1067 2770 38 43 is
1138 2784 26 30 a
1196 2775 97 39 true
1326 2772 242 45 Echolalia.
1631 2774 92 43 The

61 2839 321 43 consideration
405 2839 45 43 of
481 2839 91 44 this
598 2839 309 57 phenomenon
931 2841 92 43 will
1056 2843 214 56 probably
1295 2844 53 44 be
1380 2846 206 43 resumed
1618 2846 47 42 in
1699 2861 25 28 a

60 2912 148 43 future
223 2912 190 56 chapter.
467 2912 64 45 At
544 2917 188 51 present,
750 2913 21 43 I
788 2914 198 43 mention
1004 2914 75 44 the
1093 2915 309 57 phenomenon
1420 2918 106 57 only
1542 2923 44 39 to
1602 2919 120 43 show

109 3067 11 24 1
148 3067 74 38 For
247 3079 22 25 a
294 3067 209 37 discussion
529 3067 41 38 of
592 3067 66 38 the
685 3068 283 51 Medico-Legal
985 3070 180 38 relations
1183 3071 41 37 of
1247 3072 181 49 Aphasia,
1448 3085 59 26 see
1530 3074 197 47 Bateman,

62 3128 54 37 On
133 3128 179 49 Aphasia,
332 3128 105 50 chap.
459 3141 34 25 x.
547 3129 69 38 See
635 3129 79 39 also
736 3130 182 48 Bernard,
937 3132 55 37 De
1011 3132 199 49 VAphasie,
1231 3133 107 49 chap.
1358 3146 37 25 x.
