2113 3404
395 322 87 43 474
652 337 86 30 THE
772 337 273 33 PHYSIOLOGY
1079 339 53 31 OF
1164 340 86 31 THE
1282 341 481 33 LARYNX—APPENDIX.

396 449 166 47 agencies
588 449 123 37 which
737 463 86 36 may
840 452 89 36 tend
947 457 38 32 to
1011 453 93 37 raise
1122 465 40 25 or
1187 454 113 37 lower
1317 455 63 37 the
1404 461 103 43 pitch
1526 456 39 37 of
1587 457 63 35 the
1667 461 114 31 notes,
1799 456 63 36 the
1888 459 134 34 special

397 506 123 35 action
546 506 39 36 of
607 507 89 36 each
723 507 39 36 of
784 508 64 36 the
873 509 168 46 muscles,
1063 510 64 36 the
1152 511 226 36 mechanism
1404 513 39 35 of
1465 513 63 36 the
1554 513 144 36 falsetto
1723 513 113 35 voice,
1862 525 59 23 are
1947 512 76 35 still

398 561 178 37 involved
593 563 39 35 in
651 575 20 26 a
686 568 101 43 great
805 565 129 47 degree
955 565 39 36 of
1014 566 116 36 douht
1148 567 73 35 and
1239 568 194 36 obscurity.
1487 570 45 34 In
1558 569 63 36 the
1647 569 189 36 following
1861 568 161 35 remarks

401 617 17 35 I
439 618 96 35 shall
554 620 78 35 first
649 625 86 31 note
753 621 143 47 shortly
910 635 21 23 a
948 623 158 35 number
1120 624 39 34 of
1174 624 229 47 phenomena
1420 626 151 47 bearing
1589 638 99 35 upon
1706 625 101 35 these
1825 625 198 47 questions,

401 674 123 36 which
551 687 87 36 may
663 677 46 36 be
735 678 176 36 observed
937 679 39 35 in
1003 679 64 35 the
1092 680 119 47 living
1236 681 97 47 body
1352 694 7 29 ;
1393 682 84 44 and,
1503 682 183 47 secondly,
1715 682 17 35 I
1759 682 96 35 shall
1884 681 139 35 adduce

402 730 91 36 such
512 732 175 36 evidence
704 746 39 23 as
760 746 87 35 may
864 734 46 36 be
936 735 163 36 afforded
1125 735 50 48 by
1192 749 22 23 a
1238 738 109 34 series
1372 737 39 36 of
1434 742 245 43 experiments
1703 737 203 48 performed
1924 748 100 35 upon

403 787 64 35 the
485 789 91 35 dead
598 789 143 36 larynx.

454 847 61 43 1st,
542 845 122 36 When
683 846 63 35 the
764 846 276 47 laryngoscopic
1057 847 133 36 mirror
1206 849 31 34 is
1254 847 129 50 placed
1401 854 37 31 at
1456 849 62 36 the
1535 850 93 35 back
1652 850 38 35 of
1714 850 62 35 the
1803 854 131 30 throat,
1953 848 71 36 and

404 900 63 36 the
485 901 212 37 individual
716 903 193 35 examined
928 904 31 34 is
977 903 143 36 desired
1138 907 37 32 to
1194 904 117 36 sound
1329 917 20 23 a
1369 905 101 35 vocal
1488 910 96 31 note,
1607 908 19 17 "
1642 905 63 36 the
1730 905 103 36 cords
1858 917 59 23 are
1942 916 82 24 seen

402 961 39 31 to
460 969 102 24 come
579 959 168 46 together
764 958 92 36 with
875 959 206 47 surprising
1098 960 228 47 mobility,"1
1345 961 73 35 and
1436 961 96 35 their
1550 962 105 35 edges
1673 973 59 24 are
1749 961 143 36 thrown
1910 961 79 35 into
2006 972 21 24 a

403 1017 93 31 state
523 1014 39 35 of
584 1014 106 37 rapid
716 1015 198 36 vibration.
979 1016 47 35 In
1051 1016 102 35 these
1180 1017 278 35 circumstances
1484 1018 30 34 it
1539 1018 30 34 is
1595 1022 37 31 to
1656 1017 45 36 be
1727 1029 301 34 observed,—(a.)

404 1069 99 36 That
524 1070 63 35 the
613 1071 205 35 vibrations
843 1071 136 48 during
996 1083 21 24 a
1034 1071 72 36 low
1131 1076 87 31 note
1235 1084 60 23 are
1321 1072 192 48 distinctly
1531 1073 141 36 visible,
1690 1073 68 36 but
1783 1085 37 24 as
1837 1073 63 35 the
1924 1078 102 41 pitch

403 1125 39 36 of
457 1126 63 36 the
538 1127 102 35 voice
657 1127 33 35 is
707 1127 118 36 raised
844 1127 88 47 they
951 1127 148 36 become
1117 1140 100 23 more
1240 1128 73 35 and
1331 1141 100 23 more
1456 1129 105 36 rapid
1579 1130 72 35 and
1678 1128 260 48 consequently
1957 1128 70 36 less

403 1182 165 46 distinct,
587 1183 111 44 until,
717 1183 40 35 in
779 1183 63 36 the
868 1183 91 47 high
984 1188 114 40 notes,
1117 1184 64 36 the
1207 1184 102 36 cords
1335 1197 134 35 appear
1493 1186 103 46 quite
1621 1186 221 35 motionless.
1894 1184 62 48 (6.)
1982 1184 46 35 In

402 1251 49 23 no
469 1243 83 43 part
571 1240 38 35 of
632 1239 98 35 their
746 1240 178 47 posterior
941 1240 82 36 half
1037 1253 59 23 are
1114 1241 63 35 the
1195 1241 104 35 vocal
1318 1241 102 36 cords
1438 1254 84 23 ever
1539 1254 85 23 seen
1641 1249 37 28 to
1697 1254 100 23 come
1814 1242 78 34 into
1909 1239 121 37 actual

404 1301 155 31 contact.
611 1297 106 35 Even
734 1296 65 36 the
816 1297 124 46 points
958 1297 40 35 of
1013 1297 64 36 the
1094 1297 105 36 vocal
1217 1310 182 34 processes
1417 1298 39 36 of
1478 1298 64 36 the
1558 1298 192 46 arytenoid
1768 1298 186 35 cartilages
1971 1308 59 24 are

404 1352 190 47 separated
620 1352 50 47 by
688 1365 20 23 a
725 1365 144 23 narrow
896 1353 170 45 interval,
1086 1353 122 36 which
1234 1354 192 35 continues
1445 1354 38 35 of
1505 1354 64 35 the
1587 1366 97 23 same
1710 1354 70 35 size
1797 1354 40 34 in
1862 1353 62 35 the
1941 1352 89 46 high

402 1412 104 32 notes
525 1409 40 35 of
579 1408 64 36 the
661 1412 82 33 true
760 1410 103 34 voice
880 1421 39 23 as
935 1409 42 35 in
991 1409 64 36 the
1072 1409 72 36 low
1161 1423 9 30 ;
1196 1410 68 35 but
1279 1409 107 36 when
1404 1410 62 35 the
1481 1410 120 35 sound
1617 1411 31 34 is
1665 1410 106 35 made
1785 1414 36 31 to
1839 1421 80 35 pass
1936 1408 93 35 from

403 1464 64 36 the
485 1469 82 31 true
583 1465 104 36 voice
704 1466 80 35 into
802 1465 63 36 the
887 1477 99 24 same
1004 1470 85 31 note
1108 1466 39 35 of
1169 1465 63 36 the
1249 1465 157 36 falsetto,
1425 1466 62 35 the
1513 1466 104 35 vocal
1634 1477 180 36 processes
1838 1464 192 46 distinctly

404 1521 185 47 approach
615 1521 88 36 each
730 1521 115 36 other,
873 1534 38 23 so
936 1522 83 35 that
1043 1522 64 35 the
1134 1522 114 35 chink
1274 1522 164 35 between
1465 1522 103 35 them
1594 1522 30 35 is
1650 1521 234 36 diminished.
1951 1519 78 36 The

405 1578 188 47 epiglottis
628 1578 255 36 overshadows
916 1578 63 36 the
1011 1579 159 35 anterior
1205 1578 88 36 ends
1323 1578 39 36 of
1391 1578 64 35 the
1484 1578 103 35 cords
1621 1591 38 23 so
1689 1577 111 36 much
1832 1577 80 35 that
1942 1577 29 34 it
2002 1577 29 33 is

405 1634 214 36 impossible
646 1635 92 35 with
765 1635 63 36 the
853 1635 263 47 laryngoscope
1141 1639 39 31 to
1197 1635 68 35 tell
1283 1635 164 35 whether
1472 1635 89 35 they
1579 1647 84 23 ever
1688 1646 99 24 come
1806 1634 78 34 into
1909 1632 120 36 actual

407 1695 145 32 contact
569 1704 38 23 so
626 1703 38 24 as
681 1696 38 31 to
738 1703 105 24 cause
861 1691 63 35 the
950 1692 186 35 vibration
1153 1696 37 30 to
1210 1703 98 23 cease
1333 1691 41 35 in
1399 1691 81 35 that
1504 1694 82 44 part
1605 1692 39 34 of
1666 1691 96 35 their
1787 1694 133 31 extent,
1971 1689 60 46 (c.)

405 1747 55 36 As
477 1749 64 35 the
558 1748 102 36 voice
681 1748 89 35 rises
795 1748 40 35 in
861 1748 64 36 the
951 1748 105 35 scale,
1075 1747 91 36 both
1192 1747 89 36 false
1306 1747 74 35 and
1405 1751 81 31 true
1513 1747 102 35 cords
1641 1759 59 23 are
1726 1745 187 47 evidently
1930 1756 100 24 more

407 1805 75 36 and
499 1817 101 24 more
618 1804 184 36 stretched
820 1817 8 31 ;
855 1804 63 36 the
936 1804 189 47 epiglottis
1150 1808 37 31 at
1213 1804 63 35 the
1299 1815 98 23 same
1422 1803 90 35 time
1529 1803 31 35 is
1585 1815 85 23 seen
1687 1807 37 31 to
1749 1803 45 35 be
1811 1802 125 35 drawn
1961 1800 70 36 for-

407 1861 120 35 wards
544 1862 74 34 and
635 1860 172 36 upwards
824 1860 159 35 towards
1001 1860 63 35 the
1083 1864 147 43 tongue,
1247 1872 39 23 as
1303 1859 147 46 already
1469 1858 196 36 described.

456 1918 57 35 2d,
542 1918 38 35 If
594 1930 83 23 now
695 1930 48 23 an
761 1921 251 32 examination
1030 1916 39 36 of
1091 1916 63 36 the
1171 1920 124 32 throat
1311 1916 46 35 be
1374 1916 107 34 made
1498 1915 92 35 with
1615 1915 63 35 the
1696 1915 125 46 finger,
1839 1914 30 34 it
1886 1912 78 36 will
1989 1912 44 35 be

407 1974 119 36 found
551 1974 83 36 that
659 1974 135 35 during
811 1973 64 36 the
900 1985 221 35 production
1145 1972 39 36 of
1205 1972 85 36 base
1315 1983 105 24 notes
1436 1971 64 35 the
1526 1976 122 42 cavity
1665 1970 39 35 of
1726 1970 64 35 the
1810 1981 170 35 pharynx
2002 1968 32 35 is

407 2030 100 36 large
525 2031 73 35 and
617 2032 201 46 capacious,
837 2031 70 35 but
925 2031 40 35 in
983 2030 63 35 the
1072 2029 132 35 higher
1228 2028 116 36 treble
1362 2033 103 31 tones
1482 2028 47 35 its
1550 2027 185 36 muscular
1752 2026 102 36 walls
1871 2038 59 23 are
1952 2037 82 23 con-

408 2088 141 35 tracted
567 2099 101 24 more
686 2087 73 35 and
777 2099 101 23 more
896 2098 38 24 as
953 2086 62 35 the
1033 2086 102 35 voice
1153 2085 161 36 ascends,
1333 2084 61 35 till
1414 2084 63 35 the
1495 2084 116 47 finger
1627 2084 31 34 is
1676 2083 66 36 felt
1759 2087 36 32 to
1811 2083 46 35 be
1873 2081 160 46 actually

409 2144 154 47 grasped
588 2148 134 31 within
749 2143 113 36 them.
914 2142 91 36 This
1030 2154 209 24 narrowing
1266 2141 39 35 of
1327 2141 63 35 the
1417 2141 122 46 cavity
1557 2152 85 34 may
1659 2140 45 35 be
1730 2138 173 36 observed
1929 2141 36 33 to
1992 2137 42 36 be

409 2200 157 47 slightly
592 2204 141 43 greater
762 2201 40 34 in
830 2199 64 36 the
925 2199 89 35 false
1044 2210 103 24 voice
1173 2198 91 35 than
1293 2198 42 34 in
1364 2197 64 35 the
1456 2201 93 40 true,
1577 2196 64 35 the
1668 2195 103 48 pitch
1798 2194 39 36 of
1862 2194 63 35 the
1951 2198 85 30 note

410 2257 209 35 remaining
637 2256 64 35 the
720 2268 109 23 same.

459 2313 57 36 3d,
543 2313 80 35 The
649 2313 191 35 condition
866 2311 40 36 of
932 2311 63 35 the
1022 2315 72 31 soft
1119 2313 121 44 palate
1266 2307 118 40 varies
1411 2320 87 34 very
1524 2307 113 35 much
1663 2307 134 46 during
1823 2310 211 42 phonation.

412 2369 47 36 In
477 2369 63 36 the
558 2373 220 44 production
797 2368 40 37 of
858 2368 73 36 low
947 2379 115 24 notes,
1082 2367 30 35 it
1136 2367 32 34 is
1193 2366 119 35 raised
1338 2377 38 24 so
1401 2377 37 23 as
1464 2369 38 31 to
1527 2363 94 36 form
1647 2375 21 24 a
1692 2368 149 30 vaulted
1860 2361 95 45 arch,
1975 2361 62 36 the

411 2426 161 36 isthmus
590 2425 39 37 of
651 2425 65 36 the
734 2425 122 36 fauces
882 2425 31 35 is
931 2424 136 46 widely
1086 2435 104 35 open,
1209 2423 74 35 and
1300 2422 63 35 the
1381 2420 115 37 uvula
1513 2420 31 35 is
1563 2420 39 35 of
1624 2420 47 35 its
1690 2418 146 37 natural
1853 2419 70 34 size
1941 2430 8 31 ;
1975 2418 63 35 the

410 2483 143 36 levator
578 2482 116 47 palati
720 2493 115 24 seems
859 2481 65 35 the
949 2492 90 24 only
1064 2479 139 36 muscle
1231 2479 40 35 in
1296 2479 130 35 action.
1481 2477 46 35 In
1554 2476 62 36 the
1646 2475 92 47 high
1763 2479 114 40 notes,
1903 2486 46 23 on
1974 2473 63 36 the

412 2540 106 35 other
545 2539 113 35 hand,
684 2538 65 35 the
777 2537 120 36 whole
925 2536 39 36 of
987 2536 64 35 the
1078 2535 157 36 muscles
1262 2546 98 24 seem
1387 2538 38 31 to
1452 2533 45 36 be
1523 2531 183 46 violently
1733 2529 217 44 contracted,
1976 2528 63 36 the

413 2595 160 36 interval
591 2595 167 35 between
775 2594 65 35 the
860 2593 179 47 posterior
1061 2591 129 48 pillars
1208 2590 40 36 of
1269 2590 63 36 the
1350 2590 122 35 fauces
1497 2589 30 35 is
1552 2587 157 36 reduced
1722 2591 37 30 to
1777 2584 208 37 one-fourth
2004 2585 40 34 of

412 2651 50 36 its
478 2651 149 36 natural
645 2651 82 35 size,
746 2649 64 37 the
827 2649 117 36 uvula
961 2649 210 46 disappears
1196 2658 134 24 almost
1351 2645 167 46 entirely,
1536 2643 73 36 and
1626 2643 63 35 the
1706 2642 176 47 posterior
1898 2640 88 46 edge
2004 2639 40 36 of

413 2708 65 36 the
494 2707 123 49 palate
635 2719 86 23 may
739 2707 45 35 be
802 2706 67 35 felt
887 2705 92 36 with
997 2704 62 35 the
1075 2704 116 35 finger
1208 2707 38 31 to
1263 2702 46 35 be
1327 2705 103 43 quite
1454 2700 92 35 hard
1567 2699 72 36 and
1657 2703 111 31 tense.
1819 2696 77 36 The
1914 2707 125 24 velum

413 2763 206 48 altogether
636 2766 166 44 presents
819 2773 48 23 an
884 2771 225 37 appearance
1128 2757 201 37 somewhat
1345 2757 77 35 like
1440 2756 62 35 the
1515 2755 82 36 roof
1611 2755 38 35 of
1662 2767 21 22 a
1700 2753 123 45 house,
1837 2753 48 35 its
1902 2751 136 36 central

413 2822 77 35 line
509 2821 110 35 being
637 2819 112 36 much
767 2830 177 24 elevated,
963 2816 125 37 whilst
1105 2816 48 35 its
1171 2815 95 36 sides
1284 2825 101 35 slope
1404 2812 188 48 obliquely
1607 2809 237 45 downwards,
1863 2808 121 46 owing
2001 2812 37 30 to

412 2878 66 36 the
505 2877 226 36 contraction
762 2874 40 36 of
827 2874 65 36 the
925 2872 282 48 palato-glossus
1229 2870 72 36 and
1327 2873 383 43 palato-pharyngeus.
1762 2866 79 35 The
1875 2863 161 37 elevated

413 2933 123 48 palate
551 2933 86 36 thus
652 2932 217 36 constitutes
883 2942 21 24 a
917 2929 96 36 fixed
1027 2940 107 36 point
1146 2928 94 35 from
1256 2926 119 36 which
1391 2925 62 36 the
1471 2923 374 49 palato-pharyngeus
1858 2932 83 34 may
1958 2918 80 48 pull

414 3002 101 23 upon
546 2990 47 35 its
619 2988 105 37 other
748 2987 246 37 attachments
1018 2989 38 32 to
1082 2983 64 37 the
1170 2982 87 37 wall
1282 2982 39 36 of
1349 2981 61 36 the
1441 2981 168 47 pharynx
1635 2979 70 36 and
1734 2978 62 36 the
1820 2977 67 36 alse
1914 2976 38 35 of
1975 2974 62 36 the

413 3045 149 48 thyroid
583 3045 181 48 cartilage.

1136 3107 7 15 1
1166 3103 151 29 Czermak,
