2125 3524
873 304 86 31 THE
993 305 242 32 DISORDERS
1267 307 52 30 OF
1350 307 175 32 SPEECH.

391 288 53 41 72

388 417 153 43 mirror
572 420 167 43 surface
772 435 78 29 can
881 423 97 55 give
1010 423 103 56 only
1136 437 25 28 a
1181 423 209 43 distorted
1422 426 138 54 image
1592 426 44 41 of
1667 440 24 28 a
1722 427 111 56 body
1855 437 139 46 placed

388 486 145 45 before
570 490 45 43 it.
679 491 155 57 Owing
865 498 43 36 to
940 493 73 42 the
1046 493 141 55 faulty
1219 493 233 51 reflection,
1483 494 72 43 the
1593 500 100 38 tone
1725 497 101 42 thus
1857 502 137 46 suffers

387 557 109 45 loss:
530 559 35 42 it
595 561 37 42 is
655 563 256 42 weakened;
941 563 36 42 it
1008 565 100 40 does
1131 567 75 37 not
1238 576 121 42 carry
1383 564 89 52 far;
1501 577 57 38 or,
1581 565 116 42 what
1730 567 35 41 is
1797 567 71 43 the
1890 583 104 33 same

390 628 135 56 thing,
547 631 35 42 it
613 631 111 43 loses
746 633 56 42 its
825 633 168 42 metal."

448 700 196 51 Further,
666 702 74 42 the
762 702 157 42 Velum
944 703 139 41 Palati
1106 703 84 41 and
1213 702 73 42 the
1309 701 272 56 Pharyngeal
1605 704 110 51 wall,
1731 706 43 40 in
1799 707 140 58 acting
1957 724 39 31 as

389 770 215 43 reflectors
636 772 44 42 of
712 772 72 42 the
805 772 314 51 sound-waves,
1141 786 71 28 are
1235 777 76 37 not
1332 773 170 54 passive
1531 773 84 42 and
1645 774 122 42 inert.
1830 776 106 43 Both
1958 781 38 43 in

391 840 155 54 speech
569 841 85 42 and
676 842 46 41 in
740 855 116 41 song,
873 842 103 54 they
995 856 71 28 are
1088 842 246 55 constantly
1353 843 46 41 in
1416 856 25 28 a
1457 851 112 34 state
1590 845 46 40 of
1653 850 119 49 great
1794 849 203 44 muscular

389 910 194 55 activity.
648 912 52 40 In
723 912 167 54 speech,
913 911 73 42 the
1009 912 206 54 Pharynx
1238 911 144 43 shares
1404 912 105 42 with
1541 913 73 42 the
1638 914 100 41 Oral
1769 917 142 54 cavity
1933 920 63 44 the

391 978 107 54 duty
523 980 46 39 of
597 979 183 55 shaping
801 980 74 41 the
898 980 264 55 Resonating
1194 981 234 41 Chambers
1457 982 64 40 for
1551 982 72 42 the
1646 983 181 53 vowels;
1857 987 79 41 and
1959 989 38 42 in

391 1063 106 41 song
519 1049 72 41 the
615 1050 271 54 Pharyngeal
910 1050 145 54 cavity
1078 1050 36 41 is
1137 1051 246 41 contracted
1412 1064 46 28 or
1480 1051 211 56 enlarged,
1715 1053 224 45 shortened
1958 1072 40 28 or

390 1119 241 54 elongated,
653 1120 43 40 in
720 1120 234 55 sympathy
978 1120 104 41 with
1106 1120 72 41 the
1200 1120 120 54 pitch
1343 1121 43 40 of
1410 1120 72 42 the
1506 1123 321 55 notes,—being
1858 1125 44 40 in
1934 1127 62 43 the

392 1189 171 55 highest
580 1196 121 35 notes
724 1189 229 42 shortened
976 1190 84 41 and
1083 1189 259 50 contracted,
1357 1190 85 41 and
1463 1191 43 40 in
1525 1191 73 41 the
1620 1191 149 43 lowest
1786 1200 213 36 elongated

392 1260 85 41 and
501 1259 212 55 enlarged,
737 1266 42 35 to
802 1274 24 27 a
847 1260 268 42 remarkable
1140 1260 161 42 degree.
1364 1261 102 41 This
1489 1266 199 37 constant
1709 1263 179 55 activity
1912 1279 86 42 may

392 1331 101 55 help
518 1337 42 36 to
583 1331 174 42 explain
779 1331 57 42 its
857 1331 161 41 known
1040 1331 189 54 liability
1248 1336 42 36 to
1314 1329 317 58 inflammatory
1649 1333 212 41 irritation
1886 1336 112 43 when

393 1402 276 42 overworked
701 1402 58 55 by
791 1401 148 55 public
970 1401 217 55 speaking.
1262 1401 122 42 Even
1417 1401 180 55 dryness
1629 1403 45 40 of
1702 1403 73 42 the
1809 1405 189 41 Pharynx

393 1473 100 41 tells
526 1472 318 42 unfavourably
873 1486 56 28 on
960 1472 74 42 the
1063 1472 144 52 voice;
1238 1472 96 50 and,
1361 1472 231 56 naturally,
1618 1473 163 43 disease
1814 1474 74 42 has
1919 1478 81 40 still

393 1557 117 27 more
534 1543 173 41 marked
731 1543 158 42 effects.

453 1612 188 43 Schech1
669 1613 119 55 gives
819 1626 24 27 a
876 1626 103 28 very
1012 1611 187 42 detailed
1230 1615 182 37 account
1443 1612 47 41 of
1517 1612 75 42 the
1624 1618 173 49 present
1828 1619 107 37 state
1963 1616 40 41 of

394 1683 254 56 knowledge
671 1697 44 27 as
738 1688 43 36 to
804 1683 73 41 the
900 1683 234 49 causation,
1155 1687 254 49 symptoms,
1432 1682 83 40 and
1547 1687 232 38 treatment
1807 1685 46 39 of
1880 1685 119 41 Folli-

394 1768 119 27 cular
530 1753 278 55 Pharyngitis
825 1769 8 36 ;
859 1753 83 41 and
962 1753 72 41 the
1052 1752 170 42 subject
1239 1751 88 40 will
1344 1751 89 41 also
1452 1752 50 41 be
1520 1752 133 41 found
1675 1753 100 54 ably
1795 1754 205 43 discussed

394 1825 47 40 in
464 1824 69 42 Sir
555 1823 156 42 Morell
733 1822 288 43 Mackenzie's
1044 1822 118 42 work
1184 1835 56 28 on
1262 1821 72 41 the
1356 1821 189 42 Diseases
1575 1823 50 54 of
1649 1823 64 41 the
1739 1824 154 42 Throat
1922 1825 79 41 and

393 1894 115 41 Nose.

455 1965 43 40 It
520 1977 191 41 appears,
733 1977 45 28 as
801 1962 73 42 the
896 1962 136 42 result
1055 1962 43 41 of
1123 1966 147 37 recent
1298 1961 284 49 observation,
1606 1961 94 42 that
1721 1963 72 42 the
1815 1964 185 41 affection

393 2035 51 41 is,
471 2034 47 42 in
547 2035 58 42 its
637 2034 182 54 slighter
850 2033 185 55 degrees,
1068 2031 280 55 exceedingly
1374 2044 207 28 common.
1645 2032 162 43 Schech
1837 2048 95 41 goes
1961 2047 39 28 so

396 2106 66 40 far
495 2117 46 29 as
576 2110 43 36 to
654 2118 77 28 say
762 2108 97 37 that
888 2104 118 41 there
1040 2103 37 41 is
1112 2101 188 43 scarcely
1335 2115 25 27 a
1389 2114 145 42 grown
1568 2116 97 27 man
1701 2104 94 40 who
1824 2104 35 42 is
1892 2111 108 47 quite

394 2177 88 40 free
511 2176 109 40 from
663 2189 117 27 some
822 2178 177 37 amount
1042 2173 43 41 of
1115 2186 202 41 granular
1359 2171 163 54 change
1560 2171 46 41 in
1648 2173 73 41 the
1752 2172 250 56 pharyngeal

394 2260 179 28 mucous
599 2246 258 41 membrane.
921 2243 218 49 Children,
1163 2257 57 40 up
1245 2247 42 37 to
1317 2242 74 42 the
1424 2254 76 42 age
1533 2242 45 40 of
1599 2243 165 42 twelve,
1786 2259 68 26 are
1883 2257 116 42 gene-

397 2317 111 40 rally
531 2317 86 40 free
650 2317 110 39 from
791 2316 60 40 it;
887 2314 86 42 and
1010 2314 72 41 the
1118 2312 154 43 female
1306 2326 74 28 sex
1415 2310 90 42 also
1539 2313 151 54 enjoys
1724 2314 274 55 comparative

398 2387 246 54 immunity.

455 2458 173 41 Among
649 2456 74 41 the
746 2454 297 56 predisposing
1063 2467 159 28 causes,
1245 2467 69 28 are
1338 2456 162 41 certain
1523 2454 325 44 constitutional
1870 2467 131 34 states,

394 2528 107 42 such
538 2541 46 27 as
621 2525 208 43 Scrofula,
859 2524 139 41 Heart
1033 2523 176 42 disease,
1237 2523 84 42 and
1357 2525 73 42 the
1466 2530 110 38 state
1612 2525 47 41 of
1690 2519 312 47 constitutional

397 2611 223 29 weakness
642 2599 97 38 that
760 2594 245 42 sometimes
1028 2593 164 41 follows
1215 2607 55 27 an
1292 2596 147 41 attack
1461 2596 44 41 of
1535 2609 81 28 one
1646 2609 48 27 or
1725 2595 121 41 other
1867 2594 44 41 of
1937 2591 63 42 the

398 2682 125 28 acute
555 2666 230 42 infectious
817 2664 196 41 diseases.
1077 2663 43 41 It
1141 2663 36 41 is
1204 2677 195 28 common
1432 2680 156 40 among
1619 2678 174 42 persons
1825 2659 175 58 engaged

398 2741 47 41 in
468 2736 276 44 occupations
766 2735 97 41 that
891 2747 156 28 expose
1080 2733 116 41 them
1230 2739 42 36 to
1305 2734 73 42 the
1409 2741 257 36 respiration
1698 2735 44 41 of
1771 2748 26 28 a
1817 2734 124 41 dusty
1962 2741 40 29 or

397 2811 170 53 impure
599 2818 279 30 atmosphere.
953 2803 45 41 It
1028 2803 37 41 is
1097 2816 208 38 common,
1337 2804 101 42 also,
1468 2805 46 41 in
1548 2804 122 42 those
1703 2803 94 42 who
1828 2813 173 32 exercise

398 2879 114 43 their
542 2890 141 28 voices
717 2872 354 58 professionally;
1102 2886 116 28 more
1251 2874 231 41 especially
1505 2875 43 39 in
1582 2887 243 41 clergymen
1855 2870 80 43 and
1961 2869 38 40 in

398 2948 192 43 military
612 2943 352 45 officers—being
987 2942 45 40 in
1054 2941 72 42 the
1148 2940 130 43 latter
1309 2941 212 55 produced
1545 2942 56 53 by
1624 2942 212 41 straining
1865 2940 42 41 of
1936 2937 64 41 the

398 3033 121 29 voice
549 3018 47 42 in
628 3029 205 30 shouting
864 3011 258 44 commands.
1185 3011 44 43 It
1261 3025 98 41 may
1394 3012 100 42 thus
1527 3012 136 42 either
1701 3012 49 42 be
1785 3006 214 54 originally

969 3096 11 23 1
1010 3096 61 45 Op.
1091 3094 68 45 cit.,
1179 3107 33 35 p.
1236 3097 77 33 122,
1332 3098 29 32 et
1378 3107 62 34 seq.
