2113 3404
842 162 86 30 THE
962 162 241 33 DISORDERS
1235 164 53 31 OF
1320 164 174 31 SPEECH.

347 148 81 41 108

346 277 74 42 the
442 283 212 50 apparent
687 294 95 29 ease
806 281 105 42 with
948 282 154 51 which,
1122 282 66 42 for
1216 283 174 41 months
1422 282 258 55 previously,
1700 297 247 38 consonants

348 348 84 42 and
458 350 155 43 vowels
636 351 109 43 have
768 352 108 42 been
899 353 218 54 produced
1138 353 46 41 in
1207 352 234 42 automatic
1462 352 215 56 babbling,
1699 354 84 42 and
1810 360 139 53 words,

349 419 86 42 and
453 434 107 28 even
578 421 186 55 phrases,
782 422 109 42 have
908 423 107 41 been
1033 422 262 55 reproduced
1318 422 55 54 by
1392 422 73 40 the
1484 435 166 41 process
1664 423 46 41 of
1728 424 220 50 Echolalia.

350 489 89 43 The
458 491 92 42 first
566 492 145 42 efforts
729 497 45 37 at
794 492 248 54 intelligent
1060 492 156 54 speech
1233 491 83 42 call
1333 492 93 42 into
1449 491 140 42 action
1612 492 73 43 the
1709 493 146 56 higher
1871 502 78 41 and

350 573 114 29 more
487 562 222 42 conscious
733 562 220 42 functions
976 561 46 41 of
1043 561 72 42 the
1139 561 247 49 Cerebrum,
1409 560 152 52 which,
1582 576 46 28 as
1644 569 85 49 yet,
1747 563 105 44 have
1874 566 76 46 had

348 629 115 43 little
486 645 48 28 or
549 645 56 28 no
628 645 179 28 concern
828 631 103 41 with
951 631 73 41 the
1046 643 217 42 processes
1285 630 44 41 of
1349 630 283 44 articulation.
1694 633 257 61 Everything

348 714 100 41 goes
486 705 45 38 to
562 702 118 41 show
705 702 95 41 that
831 701 74 42 the
927 701 153 54 higher
1111 705 168 37 centres
1301 714 79 28 can
1411 700 118 42 learn
1561 702 113 42 their
1694 716 96 28 own
1821 705 131 45 duties

349 771 107 41 with
479 771 151 42 regard
653 776 42 37 to
713 771 167 54 speech,
897 770 85 41 and
1003 770 113 41 train
1135 769 72 42 the
1224 769 131 42 lower
1371 771 341 54 speech-centres
1729 778 43 36 to
1788 787 164 44 prompt

350 841 85 40 and
468 845 164 50 perfect
665 840 242 51 obedience,
930 839 104 55 only
1066 840 111 41 after
1210 853 24 28 a
1266 840 148 55 period
1447 841 44 42 of
1523 843 270 53 persevering
1825 845 126 44 effort.

350 910 77 41 All
450 911 105 41 such
578 911 124 41 effort
723 910 197 42 involves
945 909 73 42 the
1041 910 188 41 exercise
1251 910 43 41 of
1315 910 274 56 intelligence
1620 912 85 42 and
1736 915 215 44 attention.

351 980 55 40 In
439 994 78 27 our
547 984 108 37 next
686 979 189 55 chapter,
899 994 63 27 we
994 979 113 42 shall
1138 979 90 41 find
1251 980 95 41 that
1366 980 73 42 the
1465 981 117 42 chief
1604 982 349 44 Developmental

351 1049 344 56 Derangements
718 1050 46 41 of
782 1049 156 55 speech
970 1063 69 28 are
1071 1054 44 37 to
1145 1049 52 42 be
1229 1054 88 37 met
1340 1050 104 42 with
1475 1051 46 41 in
1552 1051 192 42 children
1767 1053 93 42 who
1890 1068 64 30 are

350 1120 139 42 feeble
526 1120 188 50 minded,
751 1120 85 42 and
873 1120 212 42 therefore
1124 1120 211 42 defective
1373 1120 44 42 in
1453 1121 274 56 intelligence
1768 1123 84 41 and
1886 1124 67 43 the

350 1204 145 41 power
516 1191 44 41 of
581 1191 225 42 attention.
869 1191 139 42 These
1040 1191 194 41 children
1266 1205 70 28 are
1367 1191 224 55 incapable
1622 1193 46 41 of
1691 1193 175 56 making
1887 1195 66 42 the

351 1262 223 41 sustained
590 1262 122 41 effort
728 1261 201 42 required
952 1261 64 41 for
1035 1261 72 42 the
1129 1261 191 55 training
1334 1261 46 42 of
1395 1262 72 41 the
1483 1276 182 28 nervous
1687 1264 265 43 mechanism.

411 1332 122 42 Even
566 1332 46 42 in
649 1332 194 55 Preyer's
865 1332 96 55 boy,
982 1336 121 51 great
1137 1331 225 55 difficulty,
1396 1332 245 42 sometimes
1672 1333 202 54 betrayed
1901 1335 52 54 by

352 1402 144 42 efforts
519 1403 43 41 of
583 1403 224 54 straining,
829 1416 87 28 was
939 1402 206 42 observed
1171 1402 46 40 in
1239 1401 74 42 the
1336 1402 255 55 production
1615 1403 46 41 of
1684 1403 200 54 syllables
1914 1409 41 37 at

351 1473 228 41 command
620 1473 65 41 for
725 1472 75 42 the
841 1473 95 41 first
975 1472 116 42 time.
1169 1472 89 41 But
1299 1473 180 40 another
1520 1487 105 35 case,
1667 1473 196 54 reported
1902 1473 52 56 by

351 1542 61 41 M.
436 1543 67 41 W.
528 1543 293 55 Humphreys,
851 1542 218 42 Professor
1100 1541 46 42 of
1174 1542 142 41 Greek
1347 1542 46 41 in
1414 1542 260 42 Vanderbiit
1697 1543 258 51 University,

349 1612 240 42 Nashville,
626 1613 86 41 and
748 1612 184 42 referred
966 1620 44 33 to
1043 1612 56 54 by
1123 1612 161 54 Preyer
1314 1612 46 41 in
1390 1612 68 42 his
1489 1613 236 54 Appendix
1758 1612 54 56 (p.
1846 1613 108 50 257),

353 1682 191 42 exhibits
573 1683 73 41 the
673 1683 230 41 transition
936 1683 110 41 from
1078 1683 236 41 automatic
1345 1682 85 42 and
1461 1683 265 41 mechanical
1748 1683 207 56 Babbling

351 1754 85 41 and
458 1753 222 42 Echolalia
705 1757 45 38 to
782 1753 256 55 Intelligent
1070 1752 441 55 Speech-production
1544 1753 42 41 in
1623 1767 54 27 an
1709 1767 107 28 even
1849 1768 107 28 more

349 1824 186 54 striking
556 1838 190 28 manner.
808 1824 104 41 This
935 1823 130 42 child,
1087 1837 24 27 a
1143 1822 93 55 girl,
1267 1822 126 42 when
1426 1822 100 55 only
1550 1823 96 41 four
1677 1824 171 40 months
1880 1824 75 51 old,

348 1894 140 41 began
517 1894 48 41 in
596 1893 77 43 her
694 1894 207 41 babbling
923 1907 24 27 a
970 1906 170 28 curious
1172 1892 200 55 mimicry
1396 1892 43 41 of
1460 1892 74 42 the
1555 1897 122 37 tones
1700 1893 43 41 of
1764 1893 191 54 ordinary

348 1963 310 41 conversation.
722 1963 45 41 It
797 1963 37 41 is
866 1962 201 56 reported
1099 1965 108 38 that,
1231 1961 127 42 when
1389 1961 75 42 she
1487 1975 84 28 was
1598 1962 66 41 six
1687 1962 171 41 months
1879 1963 76 49 old,

349 2033 74 41 the
461 2032 275 42 articulation
773 2033 47 41 in
858 2033 120 41 these
1010 2032 209 54 babbling
1251 2032 319 42 conversations
1606 2046 86 28 was
1728 2032 228 54 singularly

348 2102 192 42 distinct.
602 2103 145 42 When
769 2103 76 42 she
878 2117 86 28 was
986 2103 120 42 eight
1139 2102 173 42 months
1335 2101 83 52 old,
1440 2102 36 41 it
1497 2116 87 28 was
1616 2102 134 42 found
1771 2102 94 41 that
1887 2102 68 42 she

350 2173 128 41 knew
500 2173 58 55 by
579 2187 127 28 name
733 2187 128 41 every
883 2187 156 41 person
1060 2173 45 41 in
1129 2172 75 42 the
1227 2171 146 51 house,
1395 2185 45 28 as
1465 2171 96 43 well
1582 2186 45 28 as
1649 2186 25 27 a
1693 2177 119 50 great
1832 2185 124 41 many

351 2243 44 40 of
438 2242 74 42 the
554 2243 162 41 objects
748 2243 164 41 around
943 2243 85 41 her.
1090 2242 63 41 At
1189 2241 72 43 the
1298 2241 201 43 eleventh
1537 2242 162 42 month,
1731 2256 73 28 she
1838 2241 119 42 could

351 2312 170 42 imitate
542 2313 108 41 with
672 2327 207 41 accuracy
901 2327 84 27 any
1009 2313 138 41 sound
1178 2312 129 56 given
1341 2313 101 41 her;
1464 2313 85 41 and
1579 2313 76 42 she
1686 2313 202 41 indulged
1914 2313 42 40 in

351 2383 290 55 monologues,
673 2384 46 40 in
751 2384 142 41 which
925 2397 76 28 she
1032 2383 106 42 used
1167 2397 25 27 a
1222 2387 121 51 great
1373 2397 132 41 many
1535 2383 87 42 real
1653 2397 46 28 or
1729 2383 225 54 imaginary

353 2453 137 41 words
514 2454 185 41 without
715 2454 217 42 reference
951 2459 42 36 to
1009 2454 211 41 meaning.
1284 2454 89 41 But
1390 2468 95 27 now
1503 2468 116 28 came
1642 2454 73 41 the
1737 2453 219 42 transition

352 2529 105 36 step.
511 2528 21 16 "
546 2524 129 42 After
698 2524 72 42 the
793 2525 93 41 first
906 2538 113 41 year,
1038 2523 74 42 her
1133 2523 168 42 facility
1323 2524 44 41 of
1390 2528 221 38 utterance
1633 2537 136 29 seems
1793 2528 41 37 to
1855 2523 101 41 have

350 2595 110 41 been
480 2593 110 43 lost;
622 2608 45 28 so
689 2594 96 42 that
806 2594 75 42 she
908 2593 194 42 watched
1126 2593 72 42 the
1227 2593 176 42 mouths
1426 2594 44 41 of
1492 2594 142 42 others
1657 2594 159 42 closely
1837 2607 118 28 when

351 2665 104 41 they
472 2678 111 28 were
599 2665 178 55 talking,
792 2665 85 41 and
894 2664 204 41 laboured
1116 2663 215 55 painfully
1347 2664 112 42 after
1473 2665 72 41 the
1561 2678 168 28 sounds.
1782 2663 175 44 Finally,

351 2735 75 42 she
464 2734 192 54 dropped
694 2735 76 42 her
807 2734 200 42 mimicry
1030 2734 43 42 of
1103 2733 224 55 language,
1359 2734 97 51 and,
1489 2739 45 37 at
1565 2736 93 40 first
1679 2748 103 41 very
1803 2733 152 52 slowly,

351 2804 203 43 acquired
587 2805 137 42 words
754 2804 106 42 with
892 2804 74 42 the
989 2803 200 42 ordinary
1211 2803 144 41 infant
1387 2809 354 48 pronunciation;
1771 2815 183 40 showing

352 2890 24 27 a
394 2873 246 57 preference
659 2876 63 41 for
743 2875 153 42 labials
916 2874 61 55 (p,
996 2872 49 48 b,
1067 2873 83 54 m),
1173 2872 83 41 and
1278 2872 186 55 linguals
1490 2873 52 54 (t,
1565 2871 45 53 d,
1630 2884 45 43 n,
1701 2873 78 41 but
1796 2876 73 37 not
1888 2869 66 54 1)."

352 2945 104 43 This
478 2958 96 29 case
596 2947 37 42 is
655 2961 55 27 no
734 2946 136 42 doubt
891 2943 281 56 exceptional,
1194 2942 84 42 and
1301 2942 158 55 Preyer
1490 2943 170 42 regards
1691 2943 36 41 it
1757 2956 55 36 as,
1838 2955 52 40 up
1913 2945 39 35 to
