2107 3450
525 281 237 37 DUMBNESS
797 283 57 32 OR
887 277 251 35 DEFECTIVE
1171 278 181 32 SPEECH.

161 411 119 44 CASE
304 412 20 41 I
335 407 246 60 IT.—(Case
597 421 89 28 seen
705 410 43 38 at
767 403 65 45 the
850 403 263 42 Institution
1125 401 79 56 for
1220 399 124 55 Deaf
1354 399 91 41 and
1463 399 155 51 Dumb,
1636 398 122 42 Hen-

99 485 148 42 derson
267 484 113 50 Bow,
401 477 290 58 Edinburgh)
753 476 152 44 Speech
939 489 91 28 now
1052 487 151 29 almost
1217 471 172 56 perfect,
1413 471 158 55 though
1584 471 174 55 patient

96 571 88 27 was
220 561 46 37 at
297 570 73 27 one
402 555 100 41 time
534 552 201 42 dumb—
738 550 105 41 This
877 547 183 57 patient,
1099 560 25 27 a
1166 544 74 42 lad
1280 543 47 42 of
1366 557 136 28 about
1540 541 218 54 eighteen,

96 626 230 56 happened
361 631 42 36 to
435 623 84 43 call
542 637 118 41 upon
683 621 75 42 Mr
791 617 293 57 Illingworth,
1118 616 76 43 the
1226 613 113 44 head
1363 612 188 56 teacher,
1576 611 127 46 when
1734 614 23 41 I

98 713 86 27 was
217 698 183 42 visiting
431 696 75 42 the
538 693 274 43 Institution.
877 691 72 43 He
982 691 36 41 is
1052 704 99 28 now
1185 687 195 58 engaged
1414 701 46 28 as
1494 701 24 27 a
1551 685 130 42 tailor
1710 685 47 41 in

94 770 74 42 the
211 773 197 38 country.
472 767 71 43 He
575 766 122 56 gives
732 779 81 28 one
847 763 76 43 the
960 762 263 56 impression
1262 761 47 43 of
1335 759 134 56 being
1507 757 187 57 perhaps
1733 772 25 28 a

93 839 116 43 little
243 839 121 42 weak
397 838 46 42 in
477 837 226 53 intellect;
736 837 93 42 but,
862 834 164 44 thanks
1060 838 43 38 to
1137 833 74 43 Mr
1245 827 314 49 Illingworth's
1590 828 168 44 careful

94 911 174 43 tuition,
307 911 37 41 is
382 909 97 43 able
515 915 44 36 to
597 922 178 30 express
811 907 181 42 himself
1026 907 46 41 in
1109 905 171 58 Speech
1314 909 124 51 quite
1480 902 151 56 easily,
1669 901 89 43 and

92 984 45 39 in
186 998 23 26 a
258 981 173 42 natural
478 995 106 41 way.
648 981 76 42 Mr
766 979 282 43 Illingworth
1092 979 78 42 has
1209 978 160 56 kindly
1411 975 233 44 furnished
1686 990 71 29 me

92 1064 108 34 with
233 1055 76 43 the
341 1055 227 43 following
601 1060 105 38 note
739 1055 47 42 of
815 1054 69 43 his
918 1059 204 38 case:—"
1142 1053 91 43 The
1266 1053 98 56 boy,
1390 1052 57 42 H.
1483 1052 63 50 E.,
1576 1051 180 43 entered

95 1128 87 42 this
225 1127 265 43 Institution
535 1132 46 37 at
623 1127 76 42 the
733 1141 78 28 age
850 1126 45 42 of
933 1140 133 28 seven
1104 1139 137 43 years.
1311 1124 87 43 His
1440 1124 185 57 hearing
1667 1138 90 28 was

93 1199 160 43 almost
295 1200 183 42 normal,
520 1200 83 42 but
643 1199 57 42 he
742 1199 86 42 had
872 1213 56 27 no
967 1212 146 42 power
1150 1198 45 42 of
1227 1196 172 57 speech,
1442 1196 87 42 and
1561 1196 75 42 did
1680 1201 79 37 not

92 1277 178 37 attempt
304 1277 44 37 to
380 1271 231 43 articulate
645 1286 24 27 a
696 1271 140 42 single
861 1270 128 42 word.
1054 1270 86 42 His
1162 1269 177 57 general
1361 1269 283 56 intelligence
1670 1284 87 28 was

93 1344 140 43 below
267 1344 76 43 the
369 1359 195 28 average.
628 1344 132 42 After
782 1343 53 42 he
868 1342 87 42 had
988 1342 110 42 been
1131 1347 47 37 at
1209 1341 149 43 school
1391 1341 66 42 for
1489 1341 99 42 four
1619 1355 140 42 years,

92 1431 57 28 an
172 1420 191 38 attempt
385 1430 87 28 was
496 1415 126 42 made
647 1421 42 36 to
724 1415 125 42 teach
882 1414 90 42 him
998 1417 45 38 to
1066 1413 138 56 speak
1238 1412 56 57 by
1322 1412 75 43 the
1432 1412 103 43 Oral
1568 1412 190 43 Method

94 1488 224 56 (previous
362 1492 42 37 to
448 1487 89 43 this
576 1487 55 42 he
674 1487 88 42 had
805 1500 165 28 always
1014 1485 353 43 communicated
1413 1485 57 55 by
1513 1484 121 57 signs
1669 1486 88 42 and

93 1560 74 41 the
210 1558 185 43 Manual
426 1558 257 56 Alphabet).
748 1557 191 43 Exactly
973 1557 75 42 the
1081 1571 120 28 same
1234 1570 151 29 means
1421 1571 112 28 were
1566 1562 191 38 adopted

91 1645 45 28 as
177 1631 107 41 with
318 1645 24 27 a
385 1630 159 43 totally
588 1630 102 43 deaf
719 1630 134 42 child,
887 1629 88 43 and
1018 1629 76 43 the
1137 1628 254 43 difficulties
1434 1629 48 41 in
1526 1634 231 53 obtaining

91 1704 75 42 the
220 1709 164 37 correct
426 1703 165 43 sounds
636 1717 111 29 were
790 1702 161 43 almost
994 1717 46 28 as
1083 1706 134 53 great.
1293 1702 133 42 After
1478 1702 99 42 four
1617 1703 141 56 years'

90 1776 267 44 instruction
389 1776 59 42 by
482 1775 74 43 the
589 1773 107 45 Oral
730 1774 200 43 Method,
963 1774 56 42 H.
1055 1775 48 42 11.
1142 1788 88 29 was
1263 1774 98 43 able
1394 1779 45 38 to
1478 1775 137 56 speak
1649 1790 108 42 very

91 1847 242 57 distinctly,
367 1848 81 42 but
481 1847 107 43 with
622 1847 137 56 slight
790 1847 254 51 hesitation,
1076 1846 160 52 which,
1268 1846 216 44 however,
1513 1862 88 28 was
1634 1847 122 58 daily

93 1921 190 43 wearing
326 1921 85 42 off;
463 1920 87 42 and
595 1920 129 42 when
767 1920 55 42 he
865 1920 81 42 left
988 1919 162 43 school,
1193 1933 25 28 a
1260 1933 105 42 year
1407 1934 92 42 ago,
1542 1919 56 44 he
1646 1935 111 43 gave

92 2007 189 42 promise
319 1992 47 42 of
396 1992 230 56 becoming
662 1992 125 56 (with
821 1995 369 40 encouragement
1223 1991 87 43 and
1342 1992 210 56 practice)
1590 2007 25 28 a
1649 2008 107 43 very

90 2065 124 57 good,
232 2066 89 42 free
344 2064 220 56 speaker."

150 2139 43 41 A
215 2137 167 44 careful
404 2137 324 43 consideration
752 2137 47 43 of
819 2151 119 29 cases
962 2137 45 42 in
1032 2137 144 43 which
1212 2138 254 43 Dumbness
1500 2153 48 28 or
1580 2139 177 48 Lallimx

91 2209 168 43 Speech
294 2213 137 38 exists
463 2208 190 42 without
690 2209 285 55 pronounced
1011 2208 258 43 Imbecility
1292 2223 47 28 or
1378 2209 230 52 Deafness,
1633 2210 122 45 leads

90 2296 94 29 one,
208 2281 22 42 I
255 2281 143 43 think,
422 2285 43 39 to
489 2281 75 43 the
587 2281 256 43 conclusion
868 2281 98 43 that
998 2281 47 42 in
1078 2281 76 43 the
1187 2286 124 52 great
1338 2282 208 57 majority
1569 2284 45 42 of
1646 2285 109 43 such

89 2369 121 29 cases
233 2355 123 42 there
378 2354 37 43 is
437 2368 56 29 an
516 2353 193 44 element
731 2354 48 42 of
798 2354 226 43 weakness
1048 2353 45 44 of
1116 2354 134 42 mind.
1314 2354 86 43 We
1422 2354 61 43 all
1502 2355 133 44 know
1657 2357 100 44 that

89 2442 119 28 some
232 2427 170 43 normal
426 2427 145 43 minds
594 2441 71 29 are
683 2426 213 57 specially
920 2432 151 38 strong
1090 2426 45 43 in
1154 2426 117 44 their
1289 2427 221 57 receptive
1533 2430 223 55 qualities,

90 2500 130 43 being
252 2500 97 43 able
382 2505 44 38 to
459 2500 275 43 accumulate
758 2500 132 43 much
923 2500 302 43 information,
1252 2500 87 42 and
1371 2505 78 53 yet
1481 2502 97 44 able
1612 2504 142 43 them-

90 2572 140 43 selves
274 2579 43 36 to
361 2573 214 56 originate
619 2573 80 43 but
741 2573 118 43 little
904 2577 97 39 that
1044 2572 38 43 is
1126 2572 234 55 valuable;
1392 2574 194 45 whereas
1629 2577 128 43 other

89 2645 158 51 minds,
281 2650 77 38 not
389 2660 47 28 so
469 2651 76 51 apt
578 2652 43 36 to
655 2646 177 56 acquire
865 2645 299 53 information,
1198 2660 72 29 are
1304 2646 242 59 strikingly
1569 2650 188 42 original

89 2717 85 43 and
198 2718 269 56 productive.
533 2719 54 42 In
620 2719 204 43 imbecile
856 2719 159 52 minds,
1039 2719 125 43 there
1193 2733 73 29 are
1289 2720 215 55 probably
1527 2722 75 44 the
1635 2737 121 30 same

89 2790 231 55 varieties;
350 2791 88 43 and
470 2806 82 29 one
585 2805 80 30 can
687 2791 91 44 find
812 2792 36 42 it
880 2792 140 44 likely
1043 2792 99 44 that
1169 2793 49 42 in
1252 2793 76 43 the
1364 2793 315 59 development
1712 2797 49 43 of

91 2862 179 56 Speech,
295 2863 144 43 which
461 2863 37 44 is
531 2878 47 29 so
604 2864 164 44 closely
801 2864 132 44 allied
956 2869 45 39 to
1024 2864 76 44 the
1135 2864 314 58 development
1471 2867 45 42 of
1538 2868 219 43 Thought,

91 2936 75 43 the
218 2937 220 56 receptive
491 2937 205 43 faculties
743 2938 252 43 sometimes
1043 2937 177 57 display
1263 2952 25 28 a
1342 2939 172 43 normal
1556 2941 201 52 activity,

93 3008 130 43 while
261 3009 74 43 the
369 3009 257 57 productive
664 3023 72 30 are
775 3009 211 57 sluggish,
1012 3010 88 43 and
1138 3010 131 43 tardy
1306 3010 44 43 in
1391 3011 119 43 their
1551 3012 206 56 develop-

92 3086 136 39 ment.
294 3081 136 44 Great
453 3082 217 43 variation
705 3082 48 43 in
787 3082 90 43 this
912 3086 173 53 respect
1117 3081 39 44 is
1193 3087 92 38 met
1318 3082 122 44 with,
1472 3098 47 28 as
1543 3098 65 29 we
1642 3083 114 44 have

91 3167 115 40 seen,
229 3168 109 30 even
362 3169 158 43 among
543 3155 280 57 pronounced
849 3154 235 44 imbeciles.
1151 3153 54 44 In
1229 3168 121 30 cases
1374 3155 45 43 of
1451 3155 136 56 slight
1617 3155 137 44 imbe-
