1933 3217
750 338 214 32 SYNOPSIS
988 338 52 32 OF
1066 339 90 31 THE
1181 340 226 32 SIMIADiE.

397 327 94 40 220

394 465 100 48 long,
523 468 217 47 prehensile,
770 470 156 47 entirely
955 471 152 35 covered
1136 471 88 36 \nth
1255 471 98 45 hair;
1382 472 232 48 gregarious;
1647 472 119 37 habits

395 532 127 49 lively,
545 535 127 36 active.

504 598 33 40 1.
567 599 41 38 C.
638 613 160 34 APELLA,
831 602 62 36 the
923 601 162 51 Weeper
1113 603 343 49 Sapajou.—Simla
1483 604 133 49 apella,
1641 605 124 36 Linn.

555 665 125 50 Sajou,
697 667 153 38 Audeb.
911 667 111 51 Sajou
1052 671 106 45 brun,
1187 669 121 49 Geoff.
1337 671 111 36 Ann.
1469 671 54 36 du
1547 672 116 35 Mas.
1685 673 76 34 xix.

554 746 34 34 p.
623 731 84 39 109.
777 733 156 49 Sapajou
966 737 113 48 sajou,
1110 737 134 36 Desm.
1278 737 169 36 Mamm.
1476 750 34 35 p.
1544 737 60 37 81.
1662 736 105 49 Deep

554 800 124 35 brown
689 812 126 33 above,
833 802 40 34 of
886 813 21 23 a
926 814 135 24 clearer
1073 804 70 34 and
1159 803 133 48 lighter
1303 804 109 36 shade
1426 803 156 37 beneath
1601 817 12 31 ;
1632 816 136 32 crown,

552 865 88 45 feet,
662 866 72 35 and
762 866 77 45 tail,
869 867 328 47 blackish-brown;
1224 870 76 36 face
1327 870 188 47 generally
1541 870 227 36 surrounded

555 931 89 35 with
674 944 21 22 a
721 931 133 47 lighter
881 932 121 37 shade.
1062 934 164 37 Inhabits
1255 935 154 37 Guiana.
1471 933 101 52 (Not
1595 936 114 36 found
1728 937 38 35 in

559 995 256 48 Brasil,—(P.
836 997 295 52 Maxirnilien.')

587 1059 77 30 This
689 1060 126 38 species
839 1061 27 29 is
888 1062 130 38 subject
1042 1065 34 27 to
1098 1063 226 31 eansiderable
1349 1064 123 39 variety
1491 1065 34 29 in
1546 1067 57 27 the
1618 1064 101 30 shade
1735 1061 39 33 of

625 1114 57 28 the
697 1111 140 31 colours.

500 1165 35 36 2.
567 1164 41 38 C.
637 1178 217 24 ROEUSTUS.
929 1166 130 38 Prince
1089 1169 264 36 Maximilien’s
1387 1168 156 49 Sapajou
1612 1167 158 50 Sapajou

555 1233 159 45 robuste,
741 1233 135 36 Desm.
915 1234 163 36 Mamm.
1112 1248 33 35 p.
1183 1235 59 37 80.
1300 1235 133 37 Brown
1450 1248 12 32 ;
1490 1248 113 35 upper
1629 1241 79 42 part
1732 1235 40 35 of

554 1298 64 37 the
637 1298 106 46 head,
771 1312 107 33 neck,
897 1301 70 35 and
986 1313 22 22 a
1026 1301 107 36 circle
1162 1303 116 35 round
1305 1301 62 37 the
1393 1302 88 45 face,
1505 1302 108 35 black
1634 1314 12 31 ;
1674 1313 97 24 aims

554 1365 97 36 clear
677 1365 215 48 yellowish;
920 1367 76 36 fore
1023 1373 79 42 part
1135 1369 41 35 of
1196 1374 65 30 the
1281 1368 94 35 neck
1404 1368 73 35 and
1508 1367 103 48 belly
1636 1368 38 35 in
1705 1367 64 36 the

555 1443 97 24 male
679 1431 253 38 chestnut-red
950 1445 11 32 ;
988 1434 38 35 in
1055 1439 62 31 the
1145 1447 123 35 young
1294 1435 70 34 and
1392 1434 164 45 females,
1578 1433 191 48 yellowish

555 1509 39 23 or
611 1498 96 36 fawn
726 1497 135 38 colour.
911 1499 166 37 Inhabits
1097 1499 129 37 Brasil.
1275 1497 119 52 (Does
1413 1505 66 31 not
1495 1512 79 36 pass
1594 1505 62 30 the
1677 1511 94 24 river

556 1562 100 37 Doce
677 1569 36 30 to
729 1564 62 36 the
812 1562 118 39 South
1003 1566 50 35 P.
1084 1564 294 53 Maximilien.')

504 1629 34 35 3.
561 1627 40 39 C.
623 1642 179 27 GRisEus,
821 1629 99 49 Gray
941 1630 387 50 Sapajou.—Sapajou
1345 1632 83 47 gris,
1446 1632 136 36 Desm.
1600 1631 169 37 Mamm.

554 1708 35 33 p.
624 1695 60 37 81.
772 1695 124 50 Sajou,
928 1697 49 36 F.
1013 1697 161 46 Cuvier,
1200 1698 110 36 Hist.
1340 1698 102 36 Nat.
1472 1697 67 37 des
1566 1697 204 47 Mammif.

560 1762 135 36 Above
719 1762 346 47 yellow'ish-brown,
1096 1763 162 47 mingled
1286 1763 88 37 with
1401 1775 88 36 gray
1506 1776 12 32 ;
1545 1765 120 35 below
1693 1765 40 34 of
1751 1777 21 22 a

554 1830 97 35 clear
675 1830 96 34 fawn
800 1840 153 30 colour;
995 1841 119 24 crown
1142 1830 135 44 black;
1313 1830 77 35 face
1424 1830 226 36 surrounded
1683 1830 89 36 with

554 1896 108 35 black
679 1908 11 32 ;
729 1900 208 31 sometimes
963 1895 111 37 white
1103 1908 97 35 upon
1220 1901 64 31 the
1303 1896 96 36 neck
1415 1896 71 36 and
1504 1896 131 36 breast.
1706 1895 64 37 In-

558 1963 119 35 habits
697 1960 156 39 Guiana.

587 2026 28 28 A
631 2024 123 38 variety
765 2025 29 30 is
805 2025 173 31 described
993 2026 42 38 by
1051 2026 192 30 Desmarest
1256 2025 80 31 Avith
1350 2028 57 28 the
1421 2033 106 31 upper
1540 2033 92 31 parts
1645 2025 129 38 yellow-

625 2077 190 35 ish-brown,
831 2077 93 38 paler
938 2078 163 34 beneath;
1121 2086 112 22 crown
1249 2077 119 35 black;
1388 2077 86 30 sides
1490 2076 38 31 of
1537 2076 56 30 the
1607 2076 100 36 head,
1719 2085 56 21 an-

624 2131 100 26 terior
731 2127 118 39 partof
855 2127 170 36 forearms,
1035 2137 99 26 neck,
1146 2127 315 37 andbreast,white;
1470 2127 71 30 face
1551 2127 221 30 flesh-colour.

626 2179 76 29 This
716 2179 28 29 is
765 2179 174 30 described
958 2179 85 30 from
1057 2188 20 21 a
1091 2180 104 39 single
1216 2188 178 30 specimen,
1410 2182 59 27 not
1483 2179 107 34 adult,
1606 2179 66 30 and
1687 2182 88 27 most

624 2231 160 38 probably
798 2231 148 34 distinct,
963 2234 56 26 the
1034 2230 167 31 markings
1214 2232 97 37 being
1326 2239 36 21 so
1377 2229 160 31 different.

505 2286 35 36 4.
558 2284 41 38 C.
615 2297 215 32 BARBATus,
844 2284 166 37 Bearded
1026 2284 480 49 Sapajou.—Cebusalbus,
1529 2282 125 49 Geoff.
1662 2283 111 37 Ann.

559 2351 55 36 du
631 2351 115 36 Mus.
766 2350 243 37 xix.112.
1083 2350 158 49 Sapajou
1271 2352 129 44 barbu,
1434 2351 135 35 Desm.
1600 2350 169 36 Mamm.

556 2432 32 34 p.
613 2417 61 37 82.
730 2416 238 49 Grayish-red
983 2430 11 32 ;
1028 2431 117 23 under
1159 2430 97 36 parts
1267 2417 145 37 reddish
1427 2430 12 32 ;
1458 2417 110 36 beard
1581 2416 193 48 lengthen-

558 2486 45 35 ed
623 2496 97 24 upon
739 2490 63 30 the
821 2483 147 46 cheeks,
999 2484 92 36 dark
1119 2490 196 39 chestnut;
1357 2483 79 36 hair
1463 2483 88 47 long
1573 2484 71 35 and
1672 2483 101 47 crisp.

559 2550 168 37 Inhabits
747 2549 155 39 Guiana.

590 2613 118 31 Varies
731 2613 176 39 according
929 2616 35 28 to
984 2622 58 22 age
1056 2616 34 27 to
1104 2621 78 31 gray
1196 2612 66 31 and
1277 2613 108 29 white.
1427 2611 65 31 We
1515 2611 84 30 have
1620 2610 156 31 followed

628 2665 193 30 Desmarest
832 2665 34 30 in
881 2665 209 39 considering
1101 2663 183 32 GeoflFroy’s
1299 2665 102 30 Cebut
1423 2664 98 30 albus
1534 2671 36 22 as
1585 2671 61 22 one
1662 2662 37 30 of
1719 2662 56 31 the

626 2725 104 22 above
744 2719 160 28 varieties.
