2113 3404
907 277 86 31 THE
1026 277 240 34 DISORDERS
1298 280 53 32 OF
1382 281 174 32 SPEECH.

405 258 84 43 266

406 388 89 45 this
532 393 196 55 syllable,
750 409 104 30 once
890 397 228 56 produced,
1144 412 143 30 recurs
1324 414 51 28 on
1417 400 58 42 all
1513 401 264 56 subsequent
1809 404 215 44 occasions

408 461 126 43 when
553 464 72 43 the
643 467 170 53 patient
830 467 103 43 tries
950 471 44 39 to
1016 469 142 55 speak.
1222 470 53 41 In
1293 470 156 52 others,
1466 472 73 42 the
1562 473 213 42 attention
1798 474 43 42 of
1862 474 160 44 friends

405 536 45 39 to
473 533 74 44 the
569 536 189 56 training
780 538 44 41 of
845 538 73 43 the
941 539 169 55 patient
1125 540 157 42 results
1304 541 45 41 in
1372 541 66 43 his
1461 543 127 55 being
1604 543 95 43 able
1718 549 44 37 to
1779 558 242 42 pronounce

407 617 117 30 some
556 606 139 56 single
721 609 128 51 word,
871 609 105 42 such
999 624 45 28 as
1066 614 21 17 "
1102 611 180 53 nurse;"
1315 611 85 43 and
1432 612 86 43 this
1550 614 247 43 afterwards
1831 617 190 41 becomes

406 673 75 43 the
498 677 221 56 recurring
735 683 232 39 utterance.
1021 680 89 42 The
1132 681 272 43 uneducated
1426 683 322 55 speech-centre
1767 685 100 42 thus
1883 685 139 44 learns

406 757 25 28 a
470 746 127 51 word,
619 761 45 27 or
700 748 164 55 phrase,
888 750 46 41 in
972 764 80 28 one
1090 764 94 42 way
1221 765 46 27 or
1304 752 190 51 another,
1515 753 96 52 and,
1643 754 160 57 having
1837 755 185 53 learned,

406 814 244 57 discharges
682 818 46 50 it,
751 819 82 41 and
867 819 36 42 it
924 819 137 51 alone,
1081 820 231 43 whenever
1343 821 73 43 the
1438 823 122 42 effort
1581 828 43 38 to
1656 825 133 54 speak
1818 825 38 43 is
1886 826 134 44 made.

405 884 64 43 As
492 885 113 44 Prof.
631 887 213 44 Gairdner
866 903 111 41 says,
999 890 36 41 it
1066 890 37 42 is
1125 890 89 42 like
1237 905 24 27 a
1282 892 289 56 barrel-organ
1601 894 94 42 that
1716 895 123 56 plays
1861 895 159 44 always

405 955 74 42 the
502 970 116 30 same
640 962 106 39 tune
769 959 126 43 when
918 960 73 42 the
1012 960 160 43 handle
1193 961 37 42 is
1252 963 164 43 turned.

465 1025 104 43 Just
591 1041 45 28 as
668 1028 73 42 the
774 1030 174 54 aphasic
974 1030 170 55 patient
1165 1045 99 41 may
1287 1032 114 42 thus,
1422 1033 45 40 in
1499 1033 145 55 trying
1666 1037 42 39 to
1741 1035 142 54 speak,
1905 1036 115 41 show

406 1095 97 43 that
534 1097 55 42 he
619 1098 38 42 is
680 1100 215 54 possessed,
917 1114 46 28 as
994 1100 37 42 it
1062 1115 122 37 were,
1206 1101 58 42 by
1287 1116 24 27 a
1342 1103 137 54 single
1511 1103 125 51 word,
1659 1118 59 28 so,
1737 1104 45 42 in
1814 1105 146 55 trying
1981 1111 42 37 to

404 1166 138 52 write,
563 1167 55 43 he
638 1183 101 40 may
762 1169 174 43 become
958 1171 233 55 possessed,
1214 1185 57 37 or,
1293 1177 43 37 to
1359 1186 74 29 use
1456 1172 111 44 Prof.
1591 1174 242 42 Gairdner's
1855 1189 168 29 expres-

405 1237 107 52 sion,
533 1243 21 16 "
568 1238 304 54 intoxicated,"
894 1241 58 56 by
974 1256 24 27 a
1030 1241 137 43 single
1198 1241 138 43 letter.
1399 1243 70 42 He
1504 1244 117 42 often
1653 1244 37 42 is
1721 1244 95 42 able
1837 1248 44 38 to
1903 1251 119 37 write

406 1308 73 42 the
502 1309 93 42 first
611 1310 86 42 and
715 1311 158 42 second
888 1311 150 42 letters
1056 1312 46 41 of
1115 1312 67 41 his
1201 1326 137 37 name,
1353 1312 91 51 but,
1461 1313 169 42 instead
1647 1314 43 41 of
1705 1314 168 42 coming
1890 1319 43 37 to
1952 1315 71 42 the

405 1379 130 51 third,
556 1380 54 43 he
628 1395 100 42 may
745 1386 147 38 repeat
914 1382 74 42 the
1010 1382 158 43 second
1190 1383 126 55 again
1337 1383 85 42 and
1443 1384 137 55 again,
1602 1398 45 27 as
1673 1385 33 40 if
1728 1385 52 41 he
1803 1385 125 41 could
1950 1391 72 36 not

404 1455 73 51 get
498 1451 73 42 the
594 1452 139 56 image
756 1453 46 41 of
814 1453 35 41 it
866 1457 43 38 to
927 1454 140 50 retire,
1086 1453 125 43 when
1230 1454 35 41 it
1286 1453 37 43 is
1345 1468 55 28 no
1422 1453 147 57 longer
1586 1455 179 42 wanted.
1827 1455 55 41 In
1904 1455 119 43 other

406 1534 129 37 cases,
558 1522 53 42 he
643 1537 98 42 may
766 1527 158 52 repeat,
947 1524 126 56 again
1097 1524 85 42 and
1214 1523 137 57 again,
1383 1538 116 28 some
1531 1524 158 56 special
1719 1524 127 43 letter
1876 1525 43 41 of
1950 1525 71 42 the

406 1605 137 38 name,
566 1593 105 42 such
694 1607 46 27 as
762 1608 43 26 m
827 1608 46 27 or
894 1609 39 26 n.

465 1661 44 42 It
542 1662 37 42 is
612 1677 24 28 a
667 1663 115 56 large
815 1664 84 41 and
932 1664 169 42 curious
1133 1664 211 55 question,
1374 1663 97 43 this,
1503 1664 131 42 about
1666 1664 72 42 the
1770 1665 251 42 non-retire-

404 1737 122 37 ment
567 1734 44 41 of
651 1734 301 42 word-images
986 1734 126 42 when
1154 1734 103 42 they
1298 1749 72 27 are
1411 1748 55 28 no
1507 1734 147 55 longer
1695 1735 181 42 wanted.
1937 1736 84 41 The

405 1803 176 43 wonder
614 1805 36 41 is
684 1804 108 43 that,
822 1805 47 41 in
911 1805 167 41 normal
1113 1805 254 42 conditions,
1403 1805 74 42 the
1510 1805 160 55 images
1703 1819 69 28 are
1809 1818 46 29 so
1891 1806 131 54 easily

406 1873 138 43 called
566 1889 72 41 up,
660 1875 84 41 and
766 1875 97 41 that
884 1875 104 55 they
1018 1889 45 28 so
1092 1875 218 55 promptly
1332 1875 129 42 retire
1485 1875 109 42 after
1615 1875 127 55 being
1761 1875 116 51 used,
1900 1876 121 42 when

406 1945 105 42 they
534 1959 70 28 are
627 1959 55 28 no
705 1945 149 56 longer
876 1945 181 42 wanted.
1109 1945 102 41 And
1233 1950 74 50 yet
1328 1945 104 55 they
1454 1949 117 38 must
1588 1949 76 38 not
1679 1946 126 41 retire
1822 1949 70 38 too
1909 1960 109 28 soon.

405 2016 84 42 We
511 2016 157 42 should
690 2020 76 38 not
787 2017 52 41 be
863 2016 95 42 able
981 2021 43 37 to
1047 2030 124 42 grasp
1193 2015 74 42 the
1290 2015 201 42 meaning
1512 2015 46 42 of
1576 2029 24 28 a
1621 2020 212 38 sentence,
1850 2030 47 28 or
1918 2030 102 28 even

407 2087 43 41 of
472 2101 24 28 a
517 2087 103 56 long
641 2087 130 42 word,
792 2087 39 41 if
851 2101 63 28 we
936 2087 126 42 could
1084 2091 76 37 not
1182 2086 138 42 retain
1342 2086 35 41 it
1398 2086 46 41 in
1466 2085 74 43 the
1556 2099 192 29 memory
1770 2100 44 28 as
1831 2100 25 27 a
1877 2086 144 49 whole,

407 2163 111 36 after
539 2157 57 42 its
619 2162 273 38 completion.
955 2156 136 42 There
1112 2156 37 42 is
1171 2170 24 28 a
1217 2156 169 42 curious
1409 2156 109 41 form
1540 2155 46 42 of
1604 2155 185 55 aphasia,
1806 2155 214 42 described

406 2228 58 55 by
487 2227 209 56 Grashey,
718 2228 46 41 in
797 2227 142 42 which
970 2227 73 42 the
1076 2227 116 42 chief
1220 2226 301 55 phenomenon
1553 2239 137 29 seems
1712 2230 43 37 to
1786 2226 52 41 be
1860 2225 73 42 the
1955 2230 65 36 too

407 2299 132 55 quick
574 2302 253 38 retirement
862 2298 44 42 of
946 2298 162 41 images
1146 2297 110 41 from
1293 2296 74 42 the
1405 2297 330 41 consciousness.
1796 2296 83 41 We
1915 2294 105 42 shall

405 2370 112 41 have
544 2374 43 37 to
620 2369 195 42 consider
845 2369 35 42 it
912 2368 255 55 by-and-by,
1189 2367 46 41 in
1257 2367 239 42 connexion
1528 2371 106 37 with
1657 2366 191 56 Aphasia
1869 2366 81 41 due
1981 2370 39 36 to

408 2440 259 42 Functional
687 2439 167 43 Causes.
918 2439 111 41 That
1046 2437 299 55 word-images
1367 2437 244 42 sometimes
1631 2437 73 41 fail
1727 2442 42 36 to
1787 2436 136 49 retire,
1941 2434 77 41 and

407 2525 97 41 give
527 2510 170 42 trouble
728 2511 58 54 by
809 2509 255 43 continuing
1085 2512 44 38 to
1152 2512 181 38 obtrude
1365 2507 258 42 themselves
1655 2521 115 41 upon
1802 2507 72 41 the
1907 2503 112 43 mind

408 2580 126 42 when
552 2580 102 41 they
673 2593 69 28 are
765 2584 77 37 not
858 2578 278 42 wantedin
1155 2577 72 42 the
1246 2578 107 40 form
1376 2577 45 41 of
1440 2581 20 16 "
1475 2575 297 56 possessions,"
1789 2574 229 42 hallucina-

408 2651 129 42 tions,
558 2664 47 28 or
626 2649 383 42 impulsionswe
1031 2649 109 41 have
1162 2647 174 55 already
1358 2661 112 28 seen,
1493 2648 42 39 in
1561 2646 239 42 connexion
1826 2650 101 36 with
1950 2643 68 42 the

408 2721 132 43 study
573 2721 48 42 of
653 2721 154 55 speech
844 2720 46 41 in
924 2719 57 42 its
1017 2718 204 42 relations
1255 2722 43 37 to
1333 2717 211 54 Insanity.
1608 2716 252 55 Something
1892 2715 43 41 of
1967 2726 52 28 an

408 2806 233 29 analogous
677 2791 155 41 failure
869 2794 44 37 to
950 2789 128 42 retire
1114 2789 49 41 is,
1202 2788 21 41 I
1265 2787 141 50 think,
1442 2786 221 43 exhibited
1700 2787 45 40 in
1783 2786 120 41 these
1939 2789 78 36 two

406 2878 273 42 phenomena
700 2861 44 42 of
766 2861 186 55 aphasia,
976 2859 73 43 the
1070 2858 239 43 Eecurring
1335 2858 258 42 Utterances
1624 2857 47 41 in
1702 2855 206 56 speaking
1940 2851 78 43 and

407 2936 73 43 the
503 2933 239 45 Eecurring
763 2933 167 41 Letters
962 2931 46 41 in
1030 2934 183 38 writing.
1276 2929 44 42 It
1347 2929 36 42 is
1416 2927 221 43 exhibited
1668 2940 100 36 also,
1790 2926 46 41 in
1866 2939 24 27 a
1921 2933 96 43 very

405 3005 258 55 interesting
695 3016 190 38 manner,
906 3002 58 56 by
994 3014 130 42 many
1146 2999 174 56 aphasic
1350 3003 191 51 patients
1573 2997 95 42 who
1700 3010 70 28 are
1800 2991 216 61 gradually

404 3091 252 31 recovering
697 3075 73 42 the
811 3086 144 44 power
997 3072 45 42 of
1081 3071 165 43 speech.
1322 3070 170 42 "What
1533 3069 36 42 is
1613 3067 87 43 this
1739 3060 272 62 gentleman's
