2113 3404
386 289 86 42 462

728 304 86 31 THE
846 305 243 33 DISORDERS
1122 307 52 31 OF
1206 308 452 32 SPEECH—APPENDIX.

386 414 45 37 be
464 427 21 24 a
518 416 141 47 typical
692 429 69 25 one
794 418 40 37 of
867 419 176 49 Multiple
1079 420 182 38 Sclerosis.
1314 422 54 36 Dr
1398 422 103 37 Muir
1529 423 65 36 has
1624 422 147 36 worked
1805 427 75 41 out,
1911 424 90 36 with

387 476 101 43 great
519 484 90 35 care,
639 473 64 37 the
732 475 239 49 microscopic
995 481 175 32 anatomy
1195 478 40 35 of
1257 478 62 36 the
1343 479 144 36 lesions,
1513 479 73 36 and
1612 479 18 35 I
1661 478 94 48 hope
1785 479 88 45 will,
1895 484 38 31 at
1956 492 47 24 an

388 528 102 48 early
517 529 95 47 date,
643 535 69 43 put
739 531 63 37 the
831 533 134 36 results
995 533 39 36 of
1061 533 58 36 his
1149 535 249 36 examination
1425 548 48 23 on
1501 535 135 36 record.
1689 535 59 36 He
1774 535 75 36 has,
1877 536 40 35 in
1943 535 63 37 the

388 585 212 45 meantime,
618 587 135 47 kindly
771 588 193 37 furnished
990 602 59 24 me
1075 590 92 36 with
1194 590 63 37 the
1275 591 188 36 following
1489 591 96 36 brief
1607 594 87 33 note
1710 591 40 36 of
1773 590 63 37 the
1862 592 146 46 general

387 641 135 36 results
540 642 39 36 of
593 643 64 36 the
675 650 320 32 examination:—

439 698 113 36 "The
582 700 141 36 central
752 713 158 24 nervous
941 705 136 44 system
1107 701 146 37 showed
1290 715 21 24 a
1339 716 89 34 very
1455 704 186 36 extensive
1677 703 72 37 and
1784 703 224 48 widespread

390 754 262 37 disseminated
682 756 176 37 sclerosis.
909 758 81 35 The
1020 758 214 48 highest-up
1263 759 111 47 patch
1403 771 73 24 was
1505 772 21 23 a
1555 759 104 36 small
1692 772 87 34 grey
1806 771 92 24 area,
1916 758 93 36 with

389 810 208 37 ill-defined
622 813 157 47 margin,
798 813 115 36 above
938 814 64 36 the
1031 815 179 46 posterior
1238 815 93 35 horn
1362 816 39 35 of
1427 815 63 35 the
1518 815 69 36 left
1615 815 187 36 ventricle.
1853 814 66 37 All
1947 814 63 37 the

388 867 103 36 basal
507 868 147 47 ganglia
672 881 48 23 on
737 869 92 36 both
847 870 96 35 sides
961 871 195 35 contained
1174 883 198 24 numerous
1390 871 177 47 irregular
1583 883 99 24 areas
1700 871 39 36 of
1753 871 257 47 degeneration

390 922 73 36 and
481 923 175 46 sclerosis,
671 925 124 35 which
811 938 92 34 gave
920 938 21 24 a
958 927 229 35 remarkable
1211 927 136 47 patchy
1364 939 232 35 appearance.
1648 927 117 36 These
1791 928 220 35 encroached

391 989 113 35 upon,
522 980 74 35 and
619 981 203 36 somewhat
838 982 203 36 narrowed,
1059 982 64 36 the
1140 983 161 35 internal
1324 983 156 47 capsule.
1532 983 80 35 The
1638 983 198 36 cerebrum,
1854 984 40 34 in
1911 983 101 36 addi-

391 1034 91 45 tion,
517 1035 148 38 showed
700 1038 148 46 general
881 1038 168 48 atrophy.
1113 1038 79 36 The
1227 1039 256 36 convolutions
1515 1051 95 23 were
1638 1051 152 23 narrow,
1824 1038 64 36 the
1920 1040 92 35 sulci

390 1092 172 36 widened
578 1106 9 30 ;
613 1093 74 36 and
705 1093 105 37 there
827 1107 74 23 was
926 1107 46 23 an
996 1106 120 24 excess
1142 1094 39 36 of
1203 1095 269 36 subarachnoid
1489 1095 103 36 fluid,
1610 1107 38 24 as
1665 1095 85 36 well
1766 1107 38 24 as
1821 1095 192 36 milkiness

392 1149 40 34 of
446 1148 64 36 the
528 1149 211 37 arachnoid.
791 1151 80 35 The
887 1150 207 44 ventricles,
1113 1151 87 43 also,
1220 1164 93 23 were
1331 1152 149 35 dilated.

440 1205 21 21 "
473 1205 81 36 The
572 1218 116 32 crura,
705 1218 104 35 pons,
829 1207 73 35 and
920 1206 167 36 medulla
1104 1207 147 36 showed
1268 1220 199 23 numerous
1486 1207 150 36 whitish
1653 1207 72 36 and
1750 1219 87 36 grey
1854 1206 158 49 patches,

391 1261 124 36 which
541 1274 91 35 gave
661 1262 65 36 the
756 1264 156 35 sections
942 1275 38 24 so
1010 1263 180 47 irregular
1217 1276 48 24 an
1292 1276 224 36 appearance
1542 1264 82 36 that
1650 1265 30 34 it
1700 1276 73 24 was
1801 1263 213 48 practically

391 1319 215 46 impossible
624 1323 37 32 to
679 1320 186 47 recognise
890 1332 114 24 many
1021 1320 39 36 of
1083 1320 63 36 the
1171 1321 143 35 normal
1341 1325 208 32 structures.
1602 1321 46 35 In
1673 1320 63 36 the
1761 1320 174 36 medulla,
1953 1319 62 36 the

390 1375 180 47 posterior
587 1380 83 42 part
688 1389 73 22 was
780 1380 96 32 most
894 1377 164 35 affected.

440 1433 20 18 "
474 1431 80 36 The
572 1432 122 47 spinal
713 1433 85 35 cord
816 1445 74 23 was
907 1433 76 35 also
1002 1433 228 47 extensively
1247 1433 187 45 involved,
1452 1434 74 36 and
1544 1433 218 48 irregularly
1779 1445 38 23 so
1835 1446 8 29 ;
1867 1433 68 35 but
1952 1431 63 36 the

391 1488 180 47 posterior
588 1488 168 36 columns
773 1489 75 36 had
866 1490 158 35 suffered
1041 1494 105 31 most.
1197 1491 53 34 At
1268 1503 113 33 many
1398 1490 120 47 places
1536 1491 62 35 the
1617 1491 143 34 outline
1780 1489 39 36 of
1841 1489 63 35 the
1929 1501 87 34 grey

393 1548 145 42 matter,
557 1545 198 48 especially
772 1545 40 35 of
825 1545 64 36 the
907 1546 178 47 posterior
1101 1545 124 45 horns,
1243 1558 73 24 was
1333 1551 103 43 quite
1453 1546 82 45 lost,
1555 1547 121 35 owing
1692 1551 38 30 to
1744 1545 63 36 the
1825 1544 190 36 encroach-

394 1605 104 31 ment
536 1601 39 35 of
613 1601 64 36 the
719 1601 174 36 sclerosis.
947 1601 66 35 All
1048 1601 64 36 the
1151 1601 167 36 columns
1353 1603 147 34 showed
1535 1602 178 36 scattered
1746 1601 149 48 patches
1931 1601 86 36 here

395 1658 74 35 and
502 1657 114 36 there,
651 1661 38 32 at
724 1658 171 35 different
927 1657 125 36 levels.
1103 1657 80 36 The
1217 1658 85 36 cord
1335 1670 38 24 as
1405 1670 22 24 a
1459 1658 120 36 whole
1611 1657 180 49 appeared
1823 1656 194 48 distinctly

398 1715 207 46 atrophied.

445 1771 21 21 "
478 1771 120 35 There
616 1771 180 47 appeared
814 1775 38 31 to
869 1770 45 36 be
933 1770 152 36 distinct
1108 1770 186 36 muscular
1320 1770 157 47 atrophy
1495 1770 39 36 of
1557 1770 63 36 the
1646 1769 112 36 limbs
1784 1769 40 35 in
1851 1769 168 36 addition

397 1831 37 32 to
453 1828 64 35 the
534 1827 149 48 general
701 1827 156 45 wasting
874 1831 155 43 present.
1082 1827 78 35 The
1178 1827 99 35 right
1294 1827 113 35 lower
1422 1826 94 36 limb
1533 1839 73 23 was
1629 1826 122 36 rather
1768 1838 99 23 more
1884 1825 138 36 wasted

396 1884 91 35 than
509 1883 64 36 the
590 1883 79 45 left,
689 1883 197 47 especially
904 1883 41 35 in
962 1883 63 35 the
1044 1882 75 36 calf
1133 1883 167 35 muscles.
1353 1882 80 35 The
1459 1894 129 24 nerves
1614 1882 41 35 in
1680 1881 155 36 relation
1860 1886 38 31 to
1923 1881 101 36 these

396 1944 101 43 parts
515 1952 95 24 were
631 1939 257 37 considerably
906 1939 228 36 attenuated.
1187 1939 118 36 These
1331 1950 94 24 were
1449 1938 90 36 kept
1564 1938 56 36 for
1643 1938 235 47 microscopic
1903 1949 119 24 exam-

396 1996 181 37 ination."

450 2111 400 39 Commentary.—This
868 2123 78 24 case
965 2110 39 36 of
1029 2110 174 36 Multiple
1223 2110 174 36 Sclerosis
1423 2109 135 36 affords
1583 2121 22 24 a
1629 2109 230 35 consecutive
1883 2108 141 47 history

397 2169 39 36 of
450 2169 64 36 the
533 2169 260 36 development
806 2168 39 36 of
859 2168 64 35 the
937 2168 137 35 disease
1092 2167 95 35 from
1199 2167 48 35 its
1261 2166 203 48 beginning
1483 2170 36 31 to
1537 2165 49 36 its
1596 2165 248 44 termination,
1857 2165 134 46 during
2003 2177 21 23 a

400 2226 149 35 chronic
566 2238 126 23 course
710 2225 39 36 of
763 2224 130 37 nearly
909 2228 65 32 ten
991 2236 113 34 years.
1157 2225 55 34 As
1229 2224 31 34 is
1277 2223 86 36 well
1381 2223 148 35 known,
1548 2221 63 35 the
1628 2221 136 35 disease
1779 2220 123 36 differs
1919 2220 40 36 in
1975 2221 48 35 its

400 2294 126 24 course
543 2282 195 36 according
748 2294 38 23 as
798 2282 30 34 it
841 2281 79 35 first
938 2281 124 35 affects
1081 2292 68 24 one
1166 2284 83 43 part
1267 2279 39 36 of
1319 2279 63 36 the
1400 2290 157 24 nervous
1575 2281 135 43 system
1728 2289 40 24 or
1781 2277 161 36 another.
1979 2277 45 35 In

400 2339 76 35 this
493 2351 91 23 case,
605 2339 17 35 1
642 2339 112 35 think
771 2337 103 36 there
891 2337 32 35 is
940 2337 144 48 ground
1096 2336 56 36 for
1163 2336 64 36 the
1238 2336 114 36 belief
1367 2339 80 32 that
1458 2334 63 36 the
1532 2338 82 43 part
1627 2334 76 34 first
1714 2333 150 36 affected
1877 2345 72 23 was
1960 2333 64 35 the

402 2395 246 36 Cerebellum.
701 2394 185 36 Probably
899 2393 63 35 the
980 2393 124 35 initial
1121 2392 99 36 blow
1232 2405 46 22 on
1296 2392 63 35 the
1377 2390 170 37 forehead
1562 2389 145 48 injured
1720 2389 63 35 the
1796 2389 230 36 Cerebellum

401 2453 51 46 by
486 2464 227 35 contre-cowp,
749 2451 73 35 and
855 2450 48 36 lit
935 2462 51 23 up
1016 2449 135 36 within
1183 2449 32 35 it
1242 2449 64 35 the
1334 2446 247 49 pathological
1607 2457 155 36 changes
1787 2445 40 36 of
1855 2449 173 32 multiple

403 2508 165 36 sclerosis
598 2519 101 25 some
728 2507 92 36 time
849 2506 123 36 before
1001 2505 65 36 the
1095 2505 138 36 disease
1263 2503 128 37 spread
1418 2507 38 31 to
1490 2502 106 36 other
1628 2506 109 42 parts.
1789 2500 90 36 This
1906 2501 121 36 would

403 2568 156 33 accoivnt
576 2563 56 36 for
648 2563 65 35 the
736 2562 75 36 fact
835 2562 82 35 that
943 2561 206 48 staggering
1174 2560 72 36 and
1272 2559 187 48 giddiness
1489 2559 39 34 in
1560 2557 163 46 walking
1740 2569 92 23 were
1860 2557 62 36 the
1951 2557 78 36 first

405 2632 205 36 symptoms
627 2624 38 31 to
683 2619 102 35 show
803 2618 233 36 themselves.
1088 2617 80 36 The
1186 2616 101 46 early
1306 2615 229 47 Nystagmus
1556 2625 85 34 may
1659 2612 75 36 also
1759 2613 92 35 have
1877 2613 91 36 been
1994 2618 41 37 of

406 2677 198 39 cerebellar
621 2676 128 36 origin.
803 2674 58 36 On
880 2673 63 36 the
962 2673 106 36 other
1084 2672 111 36 hand,
1215 2672 63 35 the
1296 2672 166 34 Staccato
1481 2669 138 47 Speech
1639 2669 80 35 that
1735 2668 177 48 appeared
1938 2668 92 36 later

405 2737 39 34 in
463 2734 64 36 the
544 2744 126 25 course
688 2731 40 36 of
742 2731 63 35 the
823 2742 80 24 case
920 2742 73 23 was
1011 2729 181 47 probably
1211 2729 71 34 due
1300 2732 37 31 to
1355 2727 63 35 the
1435 2726 168 35 invasion
1623 2725 39 35 of
1683 2725 63 35 the
1764 2725 196 36 Cerebrum
1979 2724 50 48 by

405 2792 65 36 the
488 2791 148 35 disease,
655 2788 74 36 and
747 2787 64 36 the
828 2786 181 48 paralysis
1028 2786 38 34 of
1082 2785 63 35 the
1162 2784 112 36 limbs
1292 2788 37 31 to
1347 2783 63 35 the
1431 2783 167 35 invasion
1618 2781 39 36 of
1679 2781 63 36 the
1768 2781 130 47 Spinal
1924 2781 105 37 Cord.

407 2847 142 47 Lastly,
567 2845 65 36 the
660 2843 236 37 inarticulate
914 2842 182 36 drawling
1125 2841 41 35 in
1192 2839 140 49 speech,
1351 2839 72 36 and
1453 2839 63 35 the
1543 2838 89 36 final
1658 2837 72 37 loss
1757 2839 39 35 of
1819 2837 64 37 the
1912 2850 122 35 power

407 2905 40 36 of
471 2902 238 48 swallowing,
728 2913 86 23 may
841 2900 46 35 be
914 2897 196 49 explained
1137 2897 50 36 by
1210 2896 63 36 the
1302 2896 171 36 invasion
1501 2895 39 36 of
1564 2894 63 37 the
1653 2895 134 35 bulbar
1812 2894 123 36 nuclei
1961 2894 72 36 and

406 2972 140 27 nerves.
