2125 3612
558 290 281 32 PHYSIOLOGY
872 289 54 32 OF
958 290 299 31 W1IISPKKIKG.

1687 278 54 46 '37

142 415 88 42 The
252 412 202 57 question
477 416 135 38 about
636 410 73 43 the
733 414 97 38 true
862 408 262 57 physiology
1147 408 46 42 of
1226 407 268 56 whispering
1525 409 38 42 is
1596 410 139 56 really

81 499 54 30 an
174 487 240 40 important
452 498 81 27 one
571 481 269 57 practically.
907 481 43 41 If
986 480 76 43 the
1101 480 160 56 larynx
1301 480 124 42 takes
1465 494 55 28 no
1555 486 100 50 part
1690 483 45 40 in

80 555 276 59 whispering,
379 556 119 41 then,
520 555 44 42 in
589 568 126 28 acute
738 552 246 57 laryngitis,
1007 552 36 42 it
1068 551 144 42 would
1235 551 52 42 be
1321 551 113 55 good
1467 551 190 57 practice
1691 558 44 37 to

77 628 128 42 allow
229 628 73 42 the
326 627 170 56 patient
530 632 43 36 to
608 625 189 42 whisper
828 637 47 30 as
907 623 135 43 much
1074 637 46 29 as
1153 623 55 42 he
1241 622 204 54 chooses;
1477 623 82 43 but
1593 624 37 42 if
1660 624 75 43 the

78 699 155 57 larynx
256 700 78 41 has
358 698 118 42 work
499 702 45 38 to
568 697 53 42 do
646 697 46 42 in
716 695 243 57 whispered
982 709 47 29 as
1052 695 47 42 in
1122 694 125 43 vocal
1278 695 172 55 speech,
1473 695 162 57 clearly
1658 696 76 43 the

75 786 157 41 proper
253 775 290 51 prescription
566 768 145 43 would
734 768 53 42 be
812 774 43 35 to
879 767 142 42 forbid
1045 781 110 29 even
1188 766 280 57 whispering,
1491 768 88 42 and
1604 768 131 42 allow

75 843 74 42 the
182 841 206 45 inflamed
422 846 119 50 parts
574 845 44 37 to
653 839 111 43 have
802 840 167 55 perfect
1006 843 99 38 rest.
1168 838 204 53 Further,
1405 839 47 42 in
1485 840 248 42 connexion

76 915 105 41 with
217 914 236 56 hysterical
488 912 293 43 disablement
816 912 47 42 of
894 911 75 43 the
1006 910 123 44 vocal
1164 911 138 52 cords,
1339 916 43 38 to
1419 912 52 43 be
1506 912 227 56 presently

74 985 266 44 considered,
362 986 38 41 if
428 985 74 42 the
534 984 160 43 larynx
727 984 103 43 does
863 988 77 38 not
973 984 121 42 work
1127 989 46 37 at
1205 984 60 42 all
1297 984 46 42 in
1372 984 281 57 whispering,
1676 985 59 43 its

75 1057 216 57 complete
313 1071 214 42 paralysis
552 1056 90 42 will
665 1060 78 39 not
764 1056 157 43 render
945 1056 73 43 the
1042 1057 173 55 patient
1239 1062 121 37 mute
1392 1071 49 28 or
1462 1057 274 43 speechless;

76 1131 80 42 but
177 1131 37 42 if
233 1131 57 42 its
313 1131 143 41 action
482 1130 36 42 is
537 1143 229 29 necessary
785 1143 109 28 even
918 1129 67 42 for
1007 1129 280 56 whispering,
1305 1129 107 42 then
1436 1129 58 43 its
1517 1135 217 38 complete

74 1203 217 56 paralysis
312 1216 151 28 means
486 1207 216 37 complete
731 1200 194 43 mutism.
989 1200 24 43 I
1036 1200 265 56 thoroughly
1324 1200 171 43 believe
1529 1201 98 43 that
1659 1202 75 42 the

76 1276 133 41 latter
230 1275 37 42 is
291 1274 74 43 the
387 1273 90 43 real
500 1278 114 38 state
637 1273 46 41 of
703 1273 73 41 the
800 1287 106 28 case.
970 1272 126 42 With
1122 1287 25 27 a
1169 1272 117 43 little
1312 1273 192 55 practice
1537 1287 83 29 one
1653 1288 81 28 can

75 1347 129 42 allow
228 1346 73 42 the
324 1346 65 42 air
411 1350 44 37 to
478 1359 152 41 escape
661 1344 137 42 freely
820 1344 95 42 into
940 1344 74 42 the
1049 1344 167 51 mouth,
1240 1344 191 56 through
1465 1345 74 42 the
1575 1346 160 56 widely

74 1432 110 41 open
208 1422 164 52 glottis,
394 1416 132 41 while
559 1416 75 41 the
667 1415 91 42 oral
779 1415 273 42 mechanism
1074 1415 38 42 is
1135 1415 134 55 doing
1291 1415 266 56 everything
1579 1417 98 42 that
1698 1417 38 43 is

74 1503 229 28 necessary
326 1502 53 27 on
411 1488 58 41 its
504 1493 97 49 part
632 1487 68 41 for
731 1486 75 42 the
839 1486 265 55 production
1137 1487 45 41 of
1219 1487 179 42 audible
1431 1488 184 55 speech;
1647 1490 87 42 and

72 1566 76 49 yet
171 1574 55 27 no
249 1559 158 56 speech
430 1558 93 42 will
556 1558 54 42 be
642 1556 191 44 audible,
856 1571 56 27 on
945 1561 189 38 account
1166 1557 48 42 of
1242 1557 76 43 the
1352 1558 197 42 inaction
1583 1561 48 40 of
1660 1560 75 43 the

70 1632 170 55 larynx.
303 1631 69 55 By
395 1644 96 28 way
518 1629 46 43 of
595 1628 287 56 experiment,
907 1628 22 41 I
962 1628 275 43 articulated,
1259 1627 116 44 close
1410 1635 43 36 to
1479 1629 73 43 the
1585 1644 74 29 ear
1691 1631 46 42 of

72 1718 74 41 my
171 1702 400 56 house-physician,
595 1701 74 42 the
691 1700 90 42 line
804 1701 61 41 "I
888 1700 102 42 shot
1017 1715 55 28 an
1096 1715 138 27 arrow
1258 1700 94 43 into
1380 1701 76 42 the
1479 1702 123 53 air";
1635 1703 100 53 and,

71 1777 211 42 although
305 1777 56 42 he
384 1776 82 42 felt
486 1776 76 42 the
595 1774 157 43 breath
779 1773 232 57 distinctly
1034 1774 250 56 impinging
1316 1789 119 41 upon
1470 1775 69 43 his
1572 1790 83 38 ear,
1678 1776 57 44 he

71 1849 127 41 could
223 1847 104 43 only
351 1848 127 41 make
512 1851 77 38 out
616 1845 163 43 clearly
801 1845 77 43 the
910 1845 202 43 fricative
1135 1846 142 42 sound
1310 1846 46 42 of
1388 1844 74 45 sh,
1487 1847 86 42 and
1600 1848 135 42 much

69 1920 86 43 less
178 1919 233 44 distinctly
433 1919 97 43 that
552 1919 47 42 of
619 1919 74 42 the
715 1916 78 45 r's.

129 1993 91 42 The
257 1992 143 42 simile
438 1992 48 42 of
525 1991 75 42 the
637 1990 202 43 violinist
875 1989 105 44 thus
1023 1989 127 43 holds
1192 1989 112 57 good
1343 1990 108 43 with
1490 1992 154 57 regard
1688 1998 45 38 to

71 2065 245 56 whispered
339 2063 170 57 speech,
532 2077 46 29 as
602 2063 101 43 well
725 2077 46 28 as
799 2062 109 42 with
941 2062 152 57 regard
1126 2067 45 37 to
1204 2063 158 55 speech
1397 2063 97 43 that
1525 2063 38 45 is
1596 2066 135 42 vocal.

69 2138 116 41 Both
210 2137 238 42 bow-hand
475 2135 87 43 and
594 2134 283 44 string-hand
910 2148 72 28 are
1015 2148 231 43 necessary
1267 2134 68 43 for
1366 2135 58 42 its
1457 2143 277 48 production,

70 2209 81 42 but
175 2209 73 42 the
266 2208 237 43 bow-hand
522 2207 36 42 is
577 2206 243 57 producing
837 2220 25 28 a
879 2205 201 42 fricative
1099 2205 136 53 noise,
1250 2205 175 43 instead
1444 2207 47 41 of
1504 2221 25 28 a
1546 2208 188 42 musical

68 2295 249 28 resonance.
381 2280 55 42 In
461 2280 74 42 the
558 2293 186 28 absence
767 2278 47 42 of
843 2292 25 28 a
894 2277 227 56 laryngeal
1154 2277 195 43 element
1382 2278 46 42 in
1461 2279 171 55 speech,
1656 2280 76 42 the

69 2367 105 28 only
206 2352 213 43 elements
452 2352 46 42 of
534 2365 80 29 our
651 2350 209 43 alphabet
899 2349 144 42 which
1078 2363 81 28 can
1192 2349 94 42 still
1319 2350 53 43 be
1403 2351 225 55 produced
1660 2366 72 29 are

67 2425 125 42 those
230 2425 44 42 of
306 2425 75 41 the
420 2425 96 41 first
553 2438 48 27 or
633 2422 212 43 voiceless
883 2421 178 43 column
1095 2422 48 42 of
1177 2429 279 45 consonants,
1487 2423 100 53 and,
1620 2438 112 29 even

67 2511 158 42 among
246 2496 134 43 these,
403 2496 76 43 the
502 2495 248 43 explosives
773 2508 72 29 are
873 2493 150 57 barely
1047 2493 190 53 audible,
1261 2494 184 43 because
1469 2495 123 43 there
1613 2495 38 44 is
1673 2510 59 29 no

65 2570 141 43 sound
248 2570 110 42 from
402 2569 75 43 the
514 2568 159 42 larynx
717 2567 98 42 that
853 2581 80 28 can
972 2566 112 43 have
1122 2567 356 44 communicated
1517 2573 44 38 to
1599 2569 37 41 it
1674 2581 55 31 an

66 2655 223 42 explosive
326 2640 240 56 beginning
608 2654 47 27 or
696 2654 25 27 a
765 2638 213 44 stop-like
1022 2638 299 43 termination.
1401 2639 210 43 Without
1654 2641 76 42 the

64 2727 165 43 agency
256 2713 47 42 of
330 2712 76 43 the
437 2712 165 57 glottis,
627 2712 73 42 the
734 2716 86 37 two
855 2710 151 43 voiced
1041 2710 202 43 columns
1277 2711 48 43 of
1353 2711 75 43 the
1462 2718 267 37 consonants

63 2785 86 43 and
170 2785 72 42 the
261 2783 140 43 whole
420 2784 46 42 of
486 2783 74 43 the
580 2783 161 43 vowels
759 2797 71 29 are
848 2782 237 44 inaudible.
1150 2783 56 41 In
1227 2783 74 43 the
1320 2784 186 43 absence
1525 2784 45 42 of
1593 2784 135 52 these,

64 2858 74 42 the
162 2857 171 56 patient
354 2857 37 42 is
413 2856 263 43 necessarily
699 2869 149 29 mute;
871 2855 75 43 the
969 2856 96 42 first
1087 2869 48 29 or
1157 2855 212 44 voiceless
1393 2856 178 43 column
1595 2857 133 56 being

63 2925 270 43 insufficient
355 2925 45 43 in
423 2925 124 43 itself
567 2925 66 42 for
656 2925 73 42 the
751 2938 213 42 purposes
987 2925 48 42 of
1053 2922 187 46 speech.1

110 3093 12 23 1
148 3093 55 35 As
220 3090 148 52 regards
386 3092 64 37 the
468 3093 130 37 voiced
625 3099 236 42 consonants,
877 3094 161 50 perhaps
1066 3095 30 36 it
1122 3095 128 37 would
1276 3095 47 36 he
1348 3094 124 37 better
1497 3099 38 32 to
1562 3107 64 24 say
1646 3095 83 35 that

59 3153 65 37 the
142 3158 161 43 attempt
321 3156 38 35 to
378 3154 162 48 produce
558 3155 105 36 them
683 3156 162 37 without
863 3157 65 36 the
947 3157 136 36 larynx
1109 3157 128 36 would
1264 3156 119 36 result
1409 3157 40 35 in
1477 3155 64 37 the
1570 3155 156 48 produc-

59 3216 80 34 tion
159 3217 34 34 ol
214 3215 98 36 their
331 3215 175 36 voiceless
525 3214 245 41 equivalents.
