2125 3524
372 202 53 40 80

853 213 87 31 THE
972 214 242 32 DISORDERS
1246 215 53 31 OF
1330 216 175 30 SPEECH.

370 336 154 50 except
546 331 96 42 that
663 331 101 43 each
788 346 80 28 one
890 333 37 41 is
949 334 189 41 arrested
1163 334 54 40 by
1241 332 180 42 another
1443 346 151 41 person
1618 332 44 41 in
1685 346 23 27 a
1730 334 146 55 steady
1895 340 77 42 and

369 402 169 55 regular
578 416 203 29 manner;
827 405 88 40 this
954 418 98 27 may
1090 404 51 41 be
1178 403 203 42 repeated
1419 416 45 28 as
1501 403 119 41 often
1657 416 46 29 as
1739 403 71 42 the
1845 408 129 44 active

370 472 197 42 exercise.
630 473 199 56 Massage
861 474 36 41 is
929 473 216 54 practised
1179 472 118 53 daily
1329 472 65 40 for
1425 472 132 41 about
1587 477 164 50 twenty
1788 481 188 48 minutes,

370 542 236 55 beginning
623 549 44 35 at
686 543 74 42 the
777 544 248 54 periphery;
1053 542 249 54 percussion
1321 541 46 41 of
1387 541 74 42 the
1478 542 183 41 muscles
1682 542 36 41 is
1740 544 234 46 considered

370 626 56 27 an
442 612 204 42 essential
669 617 95 50 part
786 613 47 41 of
850 613 74 41 the
949 625 201 41 massage.
1214 611 238 42 Combined
1473 612 106 40 with
1602 612 87 41 this
1711 626 69 28 are
1801 616 177 50 peculiar

370 682 164 41 lessons
556 682 43 40 in
624 683 366 53 pen-prehension
1024 681 84 41 and
1131 680 211 42 writing."
1403 680 40 41 A
1479 681 128 42 fuller
1628 686 181 37 account
1828 684 46 39 of
1899 687 79 42 this

372 752 188 49 method,
582 752 56 40 by
660 752 65 40 Dr
746 751 218 41 Theodore
998 751 120 41 Stein
1152 750 47 40 of
1227 750 241 50 Frankfort,
1491 750 105 41 with
1629 764 25 27 a
1674 750 147 42 record
1842 752 45 41 of
1912 758 67 39 ten

373 835 117 28 cases
523 820 284 43 successfully
840 820 166 42 treated
1043 820 56 54 by
1136 819 47 51 it,
1221 819 89 41 will
1349 819 50 42 be
1437 819 134 42 found
1607 820 48 41 in
1690 820 74 42 the
1801 821 179 44 Berliner

373 892 220 41 Klinische
626 890 323 54 Wochcnsclirift
971 889 66 43 for
1060 889 126 49 1882,
1207 902 39 41 p.
1271 889 95 41 527.

432 962 135 40 There
604 973 137 28 seems
778 964 44 36 to
859 960 52 40 be
948 973 55 27 no
1041 959 136 41 doubt
1212 958 97 42 that
1345 959 89 42 this
1470 960 177 41 method
1683 961 250 43 constitutes
1960 978 23 28 a

375 1030 178 43 decided
575 1043 191 28 advance
783 1029 46 41 in
853 1029 72 41 the
948 1028 292 55 therapeutics
1262 1029 44 41 of
1326 1028 195 43 Writer's
1540 1030 165 55 Cramp.
1766 1030 133 43 There
1920 1046 63 30 are

376 1100 209 49 however,
607 1111 132 41 many
760 1097 435 55 cases,—especially,
1216 1097 37 42 it
1275 1097 142 41 would
1439 1112 126 37 seem,
1587 1099 122 41 those
1731 1100 43 40 of
1796 1099 189 44 Cerebral

376 1169 258 56 origin,—in
658 1168 141 41 which
823 1182 108 28 even
953 1168 87 41 this
1063 1168 175 41 method
1261 1169 36 40 is
1327 1169 46 40 of
1401 1182 54 27 no
1478 1169 122 41 avail.
1664 1169 66 42 On
1753 1170 72 41 the
1846 1172 139 52 whole,

377 1240 223 42 therefore,
621 1238 198 42 Writer's
853 1239 171 54 Cramp,
1047 1238 125 42 when
1204 1239 46 41 of
1278 1238 101 42 long
1401 1238 199 42 duration
1631 1239 84 41 and
1736 1241 249 55 thoroughly

378 1308 244 43 confirmed,
643 1312 118 37 must
792 1307 91 42 still
914 1309 53 41 be
998 1307 204 43 regarded
1234 1322 46 28 as
1311 1322 56 27 an
1398 1308 197 42 affection
1623 1308 97 42 that
1739 1309 37 41 is
1798 1313 84 51 apt,
1903 1310 41 41 in
1965 1325 18 27 a

377 1379 116 41 large
516 1377 183 42 number
721 1377 46 41 of
784 1377 230 52 instances,
1035 1383 45 37 to
1101 1391 131 42 prove
1253 1377 234 55 persistent
1508 1378 84 41 and
1612 1378 230 42 incurable.
