2107 3450
1696 280 84 40 489

887 277 149 35 INDEX.

133 388 121 37 Goltz,
273 389 81 36 246.

131 446 208 48 Goquillot,
361 449 79 33 148.

133 503 200 47 Gottstein,
353 506 58 35 64.

136 562 112 36 Gout,
267 574 39 23 as
324 574 21 23 a
362 573 109 24 cause
490 560 40 36 of
545 560 164 48 aphasia,
729 564 82 34 390.

134 618 163 49 Gowers,
317 620 82 43 249,
418 618 83 44 274,
522 618 83 46 317,
624 620 83 42 418,
728 621 83 41 425,
831 621 84 44 428,
936 621 81 45 432,
1040 623 81 44 438,
1141 626 82 42 441,
1243 623 74 37 and
1337 628 84 34 444.

135 677 207 36 Grammar,
362 676 197 36 definition
579 675 49 47 of,
651 677 79 35 167.

135 733 305 49 Graphic-motor
457 733 165 48 aphasia,
643 736 82 33 354.

136 790 179 48 Grashey,
336 794 82 43 266,
438 792 82 35 275,
540 790 76 36 and
635 794 81 33 384.

136 848 224 48 Griesinger,
383 852 79 42 120,
484 851 80 42 184,
587 850 81 43 185,
688 848 81 37 187,
789 848 75 37 and
883 852 82 33 201.

136 906 160 37 Grimm,
317 908 81 34 168.

137 963 230 45 Guillaume,
387 967 47 33 26
452 964 76 36 and
547 964 60 36 32.

138 1022 136 48 Guilty
293 1022 224 48 expression,
537 1022 41 35 in
598 1021 184 36 children,
802 1024 57 32 94.

138 1079 186 47 Guislain,
346 1082 81 34 184.

140 1189 175 46 Hadden,
335 1189 57 37 W.
415 1190 54 35 B.,
492 1192 80 33 129.

139 1247 317 45 Hallucinations,
491 1246 141 45 verbal,
668 1246 187 47 auditory,
903 1248 69 34 192
998 1259 8 30 ;
1049 1245 292 48 psycho-motor,
1389 1250 67 33 194
1478 1260 8 30 ;
1528 1247 132 36 visual,
1700 1250 66 32 199
1791 1260 8 30 ;

234 1304 306 49 graphic-motor,
560 1307 82 34 202.

139 1363 318 45 Hallucinations,
478 1362 133 45 visual,
634 1365 68 34 199
721 1375 9 31 ;
756 1361 214 37 sometimes
989 1361 202 36 associated
1211 1361 93 36 with
1323 1361 266 48 hemianopsia,
1609 1362 81 35 353.

141 1420 212 38 Hamilton,
374 1420 61 36 Sir
452 1419 113 39 Wm,
589 1423 65 33 161
676 1420 75 36 and
770 1420 84 36 232.

142 1478 188 49 Hare-lip,
353 1479 81 36 136.

142 1537 228 36 Hartmann,
393 1539 70 34 128
481 1536 75 36 and
581 1536 78 36 136.

145 1595 126 47 Hauy,
292 1594 195 37 Valentin,
510 1595 79 36 177.

141 1652 200 37 Heinicke,
365 1656 78 33 144.

143 1710 232 46 Helmholtz,
395 1713 22 35 6
434 1711 77 36 and
530 1710 32 38 7.

143 1769 283 48 Hemianopsia,
444 1768 290 49 homonymous,
761 1768 49 36 its
837 1767 204 43 causation,
1070 1767 83 45 334,
1182 1765 83 37 336,
1292 1765 76 37 and
1395 1765 92 37 337;
1514 1764 49 36 its
1589 1775 215 25 occurrence

240 1827 42 35 in
300 1826 171 49 megrim,
490 1827 85 36 403.

147 1884 209 36 Hemming
373 1884 77 36 and
468 1884 164 48 hawing,
652 1887 81 34 209.

146 1941 214 37 Henschen,
380 1943 72 35 353
471 1942 75 36 and
565 1943 82 35 357.

145 2000 171 37 Henoch,
336 2001 83 36 379.

144 2058 164 37 Hessels,
326 2058 36 36 J.
385 2058 62 37 H.,
469 2060 80 34 174.

147 2117 215 47 Heymann,
383 2116 53 37 C,
456 2117 83 35 389.

146 2174 141 48 Hitzig,
307 2176 71 34 246
396 2174 75 36 and
490 2176 82 34 254.

150 2232 173 48 Horsley,
343 2232 143 47 Victor,
506 2236 83 42 281,
610 2232 83 46 301,
714 2233 83 45 302,
818 2231 82 37 303,
922 2233 82 42 411,
1025 2232 84 43 412,
1128 2232 84 42 414,
1230 2227 74 37 and
1323 2228 81 34 419.

150 2290 251 48 Hovelaccpue,
424 2293 78 34 164.

149 2347 160 47 Hullah,
328 2347 116 46 John,
464 2351 33 43 5,
518 2351 58 43 60,
597 2350 58 45 75,
677 2351 57 42 76,
756 2349 82 35 146,
856 2347 77 36 and
955 2349 77 33 168.

150 2405 257 49 Humphreys,
429 2406 51 35 M.
500 2405 73 37 W.,
596 2408 79 34 108.

149 2462 191 48 Hysteria,
358 2475 39 24 as
416 2474 22 25 a
456 2475 109 24 cause
583 2462 41 37 of
637 2463 166 48 aphasia,
824 2462 86 37 396.

150 2520 215 48 Hysterical
379 2520 175 49 aphonia,
574 2521 47 36 38
640 2534 8 28 ;
675 2520 168 37 mutism,
865 2524 42 31 41
928 2533 8 30 ;
964 2528 257 35 stammering,
1242 2515 45 36 53
1300 2527 8 31 ;
1331 2512 170 46 barking,
1530 2513 71 39 54;
1628 2505 182 43 sneezing,

247 2582 45 32 55
313 2591 7 30 ;
346 2590 125 36 spasm
489 2578 41 37 of
544 2578 148 48 larynx,
713 2581 56 34 56.

150 2678 239 50 Idiographic
408 2680 153 36 writing
579 2680 40 36 of
633 2679 67 37 the
720 2679 173 38 Chinese,
915 2681 81 34 172.

151 2736 209 48 Imbeciles,
380 2738 134 48 speech
533 2737 48 37 of,
606 2741 78 33 120.

152 2794 139 36 Indian
309 2795 329 48 picture-writing,
663 2798 76 34 171.

152 2852 205 37 Infectious
375 2851 132 38 fevers,
526 2864 40 25 as
584 2864 127 25 causes
730 2850 41 38 of
785 2861 165 38 aphasia,
970 2848 72 36 390
1060 2861 8 30 ;
1094 2859 39 24 as
1151 2856 126 26 causes
1296 2842 40 37 of
1350 2839 222 50 dysarthria,
1592 2836 81 36 393.

152 2909 236 37 Inflectional
406 2910 214 49 languages,
642 2910 83 36 163.

153 2967 296 49 Infra-pictorial
467 2968 177 48 auditory
663 2978 165 37 aphasia,
849 2965 71 36 364
938 2962 75 37 and
1032 2965 82 32 449.

200 3053 21 18 „
339 3053 21 18 „
460 3030 125 32 motor
601 3025 166 48 aphasia,
787 3022 85 37 366.

153 3083 187 50 Insanity,
360 3084 134 37 speech
514 3085 40 35 in
574 3085 47 35 its
640 3083 178 37 relations
836 3085 49 31 to,
908 3081 69 34 182
998 3092 7 30 ;
1032 3075 123 38 action
1174 3073 41 37 of
1237 3071 65 37 the
1328 3079 293 39 speech-centres
1647 3064 51 43 in,
1720 3063 63 34 191
1805 3072 8 31 ;

249 3142 153 53 aphasia
421 3143 51 45 in,
493 3142 84 37 393.
