2107 3450
1637 317 85 45 227

513 330 183 32 MENTAL
730 329 218 32 PERCEPTS
983 329 53 31 OF
1069 329 199 32 OBJECTS.

681 913 285 43 CHAPTER
1011 913 80 44 IX.

56 1054 210 43 Aphasia
289 1052 442 45 :—Physiological
775 1054 208 43 Preface
1008 1069 9 39 ;
1068 1065 123 31 with
1244 1054 156 42 Notes
1454 1064 122 33 upon
1629 1064 89 31 the

117 1127 208 42 Leading
362 1127 238 42 Features
633 1137 53 31 of
721 1126 224 42 Aphasia,
979 1137 94 31 and
1109 1136 117 32 upon
1260 1137 89 31 the
1382 1125 210 43 Histouy
1624 1135 93 31 and

117 1199 287 42 Literature
438 1210 54 31 of
524 1209 88 32 thb
646 1198 207 44 Subject.

564 1349 165 42 Mental
751 1348 192 56 Percepts
966 1349 51 56 of
1036 1347 162 57 Objects.

115 1463 367 42 Psychologists
518 1461 79 43 tell
630 1476 50 28 us
715 1461 97 42 that
845 1475 78 28 our
955 1461 197 55 primary
1175 1461 87 42 and
1292 1465 117 38 most
1431 1475 161 41 simple
1615 1460 99 43 idea

54 1535 48 42 of
120 1549 56 27 an
198 1535 144 55 object
363 1535 36 41 is
425 1534 166 42 formed
625 1534 58 42 by
707 1533 77 42 the
806 1533 169 42 revival
1007 1534 48 41 in
1079 1547 80 28 our
1183 1533 147 42 minds
1353 1533 47 42 of
1429 1532 76 43 the
1532 1534 184 42 impres-

53 1607 118 42 sions
203 1607 97 41 that
332 1606 74 42 the
440 1606 145 56 object
618 1605 78 43 has
732 1605 125 43 made
892 1619 119 42 upon
1041 1605 75 43 the
1140 1606 261 51 sensorium,
1424 1605 192 58 through
1640 1606 77 43 the

53 1692 154 28 organs
231 1679 47 41 of
296 1692 136 28 sense.

110 1748 127 43 With
256 1749 74 42 the
348 1749 111 42 view
478 1748 47 42 of
540 1748 205 56 bringing
762 1748 129 43 home
912 1753 43 38 to
973 1763 76 42 my
1064 1763 99 28 own
1182 1748 125 42 mind
1322 1749 76 42 the
1420 1749 122 42 truth
1563 1749 45 42 of
1627 1750 89 43 this

52 1820 286 56 proposition,
362 1820 22 41 I
408 1819 139 52 made,
571 1834 119 28 some
716 1820 108 43 time
851 1834 90 42 ago,
966 1835 25 27 a
1023 1821 134 42 series
1190 1821 47 42 of
1265 1820 118 43 little
1416 1828 301 36 experiments

54 1893 107 41 with
184 1907 24 27 a
231 1893 187 41 number
450 1892 44 42 of
527 1892 162 56 apples.
755 1892 22 42 I
802 1893 137 42 found
971 1893 122 43 these
1127 1893 299 56 experiments
1450 1894 47 42 of
1517 1894 132 43 value
1672 1901 44 36 to

52 1978 80 36 me,
155 1969 77 36 not
265 1977 45 28 as
343 1963 207 56 teaching
581 1964 221 55 anything
835 1978 97 29 new
966 1964 136 43 about
1139 1964 74 43 the
1247 1964 211 43 relations
1493 1966 44 41 of
1570 1980 143 29 sense-

51 2035 284 55 impressions
378 2041 44 36 to
460 2035 132 43 ideas,
629 2036 81 41 but
756 2050 47 28 as
850 2036 276 43 illustrating
1173 2036 126 43 those
1346 2037 212 44 relations
1606 2038 46 43 in
1692 2052 25 28 a

52 2107 124 41 vivid
208 2107 86 42 and
326 2107 261 56 interesting
614 2122 105 41 way.
787 2109 56 41 In
875 2109 76 41 the
985 2108 113 56 hope
1132 2108 99 43 that
1264 2109 106 57 they
1394 2124 115 42 may,
1542 2111 46 41 in
1622 2112 92 42 like

52 2193 194 36 manner,
269 2180 53 42 be
347 2180 172 55 helpful
541 2184 44 38 to
610 2180 74 43 the
706 2180 164 52 reader,
894 2181 22 41 I
940 2181 115 42 shall
1079 2181 102 43 here
1204 2181 130 43 make
1358 2197 24 27 a
1405 2182 115 42 brief
1543 2187 103 39 note
1669 2184 45 42 of

52 2252 132 41 them.
248 2252 122 56 They
393 2253 219 43 consisted
635 2253 164 55 simply
822 2254 47 41 in
900 2253 236 56 appealing
1159 2259 51 37 to-
1237 2254 107 43 each
1378 2256 45 41 of
1456 2255 75 43 the
1564 2270 149 30 senses

50 2323 260 57 separately,
333 2324 58 56 by
413 2338 152 29 means
588 2325 46 42 of
653 2339 57 28 an
732 2325 143 56 apple,
898 2326 87 42 and
1008 2326 44 41 in
1081 2327 220 56 watching
1325 2327 96 43 how
1447 2328 169 57 readily
1636 2330 76 43 the

50 2396 407 56 sense-impression
483 2397 145 42 would
651 2402 177 51 suggest
851 2402 44 38 to
919 2398 75 43 the
1016 2398 126 43 mind
1167 2399 74 43 the
1274 2399 98 43 idea
1400 2400 45 43 of
1477 2415 55 28 an
1557 2402 158 57 apple;

48 2468 85 42 and
158 2468 98 43 how
278 2469 74 43 the
375 2484 129 29 name
527 2484 47 28 or
597 2470 314 57 word-symbol
945 2471 203 56 "apple"
1173 2472 145 43 would
1352 2473 85 43 rise
1471 2489 61 42 up
1565 2475 47 43 in
1637 2476 75 44 the

48 2539 123 42 mind
195 2539 129 57 along
347 2540 108 43 with
479 2541 75 43 the
576 2541 108 43 idea.

106 2611 64 42 At
194 2612 72 43 the
289 2612 142 57 Eoyal
464 2613 236 57 Infirmary
726 2615 21 41 I
781 2619 76 52 got
888 2615 203 56 together
1120 2630 25 28 a
1167 2616 82 43 few
1274 2616 202 45 children
1498 2619 112 43 from
1636 2620 76 44 the

49 2684 184 55 surgical
267 2685 151 52 wards,
452 2686 98 52 and,
585 2686 164 58 having
788 2692 81 51 put
907 2688 123 43 them
1069 2689 203 56 together
1310 2690 95 43 into
1439 2706 25 28 a
1496 2707 121 28 room
1651 2694 59 57 by

49 2754 276 55 themselves,
350 2758 20 41 I
395 2758 139 43 called
559 2758 121 44 them
703 2773 82 30 one
809 2760 57 43 by
891 2774 81 29 one
996 2760 94 43 into
1113 2776 76 42 my
1214 2777 98 28 own
1336 2763 250 45 side-room.

108 2826 90 44 The
226 2829 103 51 first,
352 2844 24 27 a
408 2830 85 57 boy
516 2831 108 57 aged
657 2832 80 53 six,
761 2846 88 29 was
882 2833 154 43 shown
1069 2848 54 28 an
1158 2834 131 57 apple
1322 2835 126 58 lying
1480 2852 121 42 upon
1633 2839 77 44 the

50 2897 128 53 table,
210 2900 85 41 and
320 2915 85 28 was
438 2903 134 42 asked
607 2902 119 44 what
758 2904 36 42 it
821 2918 98 30 was.
997 2905 72 44 He
1102 2906 95 43 said
1232 2912 46 38 at
1310 2922 121 29 once,
1465 2914 20 16 "
1506 2910 44 43 It
1581 2911 38 43 is
1652 2926 58 29 an

51 2970 162 54 apple."

109 3041 89 43 The
221 3044 169 52 second,
412 3045 91 43 also
537 3061 24 28 a
593 3047 86 58 boy
702 3048 45 44 of
779 3048 81 44 six,
884 3049 87 43 had
1005 3050 69 43 his
1108 3065 103 42 eyes
1246 3052 241 57 bandaged,
1510 3054 87 43 and
1622 3069 87 30 was

50 3112 133 43 asked
205 3117 44 39 to
271 3115 126 43 smell
431 3117 74 44 the
538 3119 144 56 object
719 3127 82 50 put
840 3121 147 44 before
1025 3122 70 44 his
1131 3138 116 29 nose.
1314 3125 71 43 He
1426 3131 71 37 too
1537 3127 94 42 said
1666 3133 45 37 at

49 3196 118 39 once,
199 3188 20 17 "
240 3185 42 43 It
306 3187 36 42 is
364 3202 55 28 an
442 3190 167 55 apple."
