2113 3404
453 247 83 41 252
951 264 87 30 THE
1069 265 241 33 DISORDERS
1343 268 53 31 OF
1427 268 173 32 SPEECH.

865 347 6 11 *

451 376 64 42 for
539 379 149 52 words,
710 380 78 42 lies
811 381 44 44 in
878 383 257 41 anatomical
1159 386 238 41 connexion,
1418 386 102 41 with
1541 387 72 41 the
1631 392 165 38 centres
1811 389 139 42 which
1967 391 96 54 give

452 448 163 42 motion
640 454 43 38 to
703 451 72 42 the
793 456 171 51 tongue,
978 459 90 37 etc.,
1082 453 146 43 whilst
1246 455 71 41 the
1336 457 224 41 memories
1578 458 43 40 of
1642 458 158 42 sounds
1819 459 82 41 and
1918 460 148 50 sights,

453 519 227 43 combined
705 521 62 42 for
791 523 147 51 words,
960 523 78 43 lies
1061 524 46 41 in
1130 526 256 41 anatomical
1410 527 238 42 connexion
1679 528 104 41 with
1806 529 74 42 the
1902 534 164 38 centres

452 588 46 41 of
517 589 73 42 the
608 605 153 29 nerves
783 593 47 41 of
849 593 71 42 the
943 608 77 40 eye
1042 595 85 41 and
1149 609 71 29 ear
1236 599 15 39 ?
1273 610 57 27 or,
1348 597 44 40 in
1417 597 122 41 other
1563 598 146 50 words,
1727 598 95 42 that
1845 599 70 42 the
1933 604 131 38 situa-

451 659 92 41 tion
566 661 46 40 of
632 661 72 42 the
726 662 118 42 ideas
867 663 43 42 of
931 665 227 41 associated
1179 667 174 41 motions
1378 666 138 42 which
1548 667 108 42 form
1691 668 71 41 the
1798 669 193 43 faculties
2023 671 43 41 of

453 730 156 54 speech
650 731 37 42 is
729 738 331 49 supra-motory,
1104 735 144 41 whilst
1289 736 73 41 the
1404 737 207 41 situation
1659 738 47 40 of
1753 738 72 42 the
1866 739 116 42 ideas
2024 740 43 41 of

453 802 226 40 associated
707 803 235 50 sensations,
969 804 138 42 which
1140 805 108 41 form
1282 805 73 43 the
1387 807 162 41 faculty
1573 808 45 40 of
1647 808 113 41 word
1793 810 274 41 comprehen-

453 871 106 49 sion,
581 872 37 41 is
641 874 365 54 supra-sensory."

513 940 287 57 Considering
822 943 73 42 the
918 943 98 42 date
1039 949 44 36 at
1114 945 142 41 which
1289 946 119 41 these
1441 951 224 38 sentences
1699 962 106 28 were
1838 949 183 42 written,
2045 950 21 40 I

453 1011 129 41 think
618 1011 117 43 them
773 1027 104 40 very
913 1014 290 52 remarkable;
1235 1015 103 54 they
1361 1021 110 36 state
1503 1030 45 28 so
1571 1017 158 55 clearly
1753 1018 71 42 the
1846 1024 94 36 true
1961 1019 107 42 rela-

455 1082 214 55 tionships
692 1083 46 41 of
757 1083 167 55 speech,
947 1091 75 34 not
1045 1084 101 42 only
1170 1090 43 36 to
1236 1085 73 42 the
1331 1089 139 38 motor
1491 1091 177 38 centres,
1691 1087 79 42 but
1799 1088 89 42 also
1920 1094 43 36 to
1995 1089 74 41 the

454 1166 180 42 sensory
651 1167 47 27 or
719 1154 215 54 receptive
952 1158 176 38 centres.
1193 1155 89 42 The
1305 1170 104 40 very
1426 1160 129 38 terms
1578 1161 20 17 "
1614 1164 313 35 supra-motory
1942 1157 21 18 "
1985 1160 84 39 and

455 1223 402 55 "supra-sensory"
891 1224 87 40 will
1013 1225 131 41 recall
1187 1230 42 36 to
1261 1225 121 41 mind
1416 1226 70 41 the
1518 1230 130 38 terms
1681 1227 389 55 "psycho-motor"

455 1293 84 41 and
576 1294 433 54 "psycho-sensory"
1048 1300 44 36 at
1130 1301 173 49 present
1339 1296 105 42 used
1480 1297 57 41 by
1569 1311 115 27 some
1718 1299 45 39 of
1796 1298 72 40 the
1905 1298 162 40 French

454 1364 185 42 authors.
704 1363 94 43 The
822 1369 131 37 terms
977 1379 114 27 seem
1114 1369 43 37 to
1180 1365 187 42 indicate
1390 1366 106 41 that,
1513 1367 44 39 in
1580 1367 73 40 the
1676 1366 185 42 author's
1884 1367 185 41 opinion,

454 1434 74 42 the
551 1435 155 42 speech
730 1435 224 42 memories
986 1450 45 26 or
1064 1436 159 54 images
1256 1451 69 26 are
1357 1436 243 54 registered,
1623 1441 75 36 not
1729 1437 166 41 outside
1918 1437 53 41 of,
1994 1438 75 39 but

456 1505 154 41 within
635 1505 73 42 the
729 1510 217 51 gateways
969 1506 45 40 of
1033 1506 72 41 the
1129 1507 330 40 consciousness.
1514 1507 87 40 But
1623 1507 63 40 Dr
1708 1507 161 41 Moxon
1894 1522 83 26 was
1996 1514 75 34 not

455 1589 45 28 so
522 1575 220 41 fortunate
765 1589 45 27 as
834 1579 43 37 to
902 1575 138 55 verify
1062 1575 68 41 his
1153 1575 252 55 hypothesis
1427 1576 225 54 regarding
1673 1576 72 41 the
1768 1580 300 38 relationships

455 1645 44 41 of
519 1645 75 41 the
617 1645 154 41 speech
795 1647 223 39 memories
1042 1650 42 36 to
1118 1646 74 41 the
1223 1660 175 40 sensory
1421 1650 175 48 centres,
1619 1647 55 53 by
1697 1646 72 41 the
1801 1650 267 37 observation

455 1715 85 41 and
582 1715 146 41 record
773 1716 45 40 of
856 1715 144 42 actual
1042 1730 126 28 cases.
1245 1716 89 41 The
1375 1721 119 49 great
1535 1716 160 42 service
1738 1721 42 36 to
1821 1717 165 41 science
2028 1718 44 40 of

455 1785 224 55 recording
715 1785 143 42 actual
896 1799 116 28 cases
1049 1786 46 40 of
1128 1799 177 41 sensory
1340 1785 187 55 aphasia,
1564 1786 84 40 and
1685 1786 43 41 of
1764 1786 196 54 pointing
1995 1792 76 35 out

455 1855 160 55 clearly
640 1855 72 42 the
746 1855 276 42 distinctions
1054 1856 197 41 between
1282 1869 177 27 sensory
1490 1855 85 41 and
1608 1860 136 37 motor
1776 1856 184 54 aphasia,
1986 1870 82 26 was

454 1926 197 41 reserved
674 1926 65 40 for
762 1926 156 41 others,
940 1925 86 41 and
1048 1939 114 28 more
1185 1925 231 55 especially
1439 1926 65 40 for
1524 1925 242 42 Wernicke.

514 1997 43 41 If
589 1996 22 42 I
645 2011 109 28 were
788 2012 93 26 now
918 1998 171 54 writing
1121 2011 24 27 a
1172 1997 167 55 history
1363 1998 45 40 of
1436 1997 74 41 the
1540 1997 222 42 literature
1796 1998 45 41 of
1867 1997 203 51 Aphasia,

454 2069 35 40 it
532 2068 144 41 would
718 2069 101 41 here
851 2069 52 41 be
935 2082 227 28 necessary
1203 2069 66 40 for
1302 2082 66 28 me
1412 2072 43 37 to
1487 2068 96 54 give
1625 2082 52 26 an
1712 2074 180 35 account
1924 2068 45 41 of
1998 2068 72 42 the

454 2144 120 50 great
621 2139 182 41 number
847 2139 44 40 of
932 2139 237 41 admirable
1211 2153 152 40 papers
1406 2153 54 26 on
1503 2139 72 40 the
1618 2138 166 54 subject
1828 2139 93 40 that
1963 2152 107 27 were

454 2210 144 42 issued
624 2209 154 41 during
801 2209 74 41 the
898 2214 74 36 ten
1005 2223 46 27 or
1072 2209 147 42 fifteen
1242 2222 122 42 years
1388 2208 220 42 following
1630 2208 73 42 the
1726 2208 277 55 publication,
2025 2207 44 42 in

458 2281 125 41 1861,
606 2281 44 40 of
672 2280 169 41 Broca's
864 2279 182 55 original
1068 2293 126 28 cases.
1259 2279 42 41 It
1325 2278 141 42 would
1500 2279 52 40 be
1583 2292 225 28 necessary
1830 2278 65 41 for
1928 2291 66 28 me
2027 2282 42 36 to

457 2351 202 41 describe,
702 2351 64 40 for
807 2349 209 55 example,
1054 2349 74 41 the
1165 2353 133 37 stores
1337 2349 43 41 of
1422 2348 244 42 accurately
1708 2347 204 43 observed
1955 2361 115 28 cases

456 2420 299 43 accumulated
785 2420 57 41 by
865 2419 261 42 Trousseau1
1148 2420 46 40 in
1217 2420 173 40 France,
1409 2419 83 41 and
1511 2419 57 55 by
1585 2418 266 55 Hughlings-
1856 2417 214 42 Jackson2

455 2493 46 40 in
533 2492 87 40 this
647 2504 193 28 country.
905 2491 88 40 But
1025 2490 65 40 for
1122 2490 186 40 detailed
1340 2489 218 41 historical
1592 2489 275 40 information
1902 2489 21 39 I
1955 2493 116 36 must

456 2563 111 41 refer
609 2561 73 41 the
719 2561 149 41 reader
905 2566 43 35 to
983 2559 273 43 Kussmaul's
1289 2559 184 41 treatise,
1507 2573 47 26 or
1585 2563 43 36 to
1662 2558 71 41 the
1774 2557 173 43 learned
1987 2557 83 41 and

455 2630 201 43 valuable
701 2630 117 41 work
851 2630 43 40 of
926 2629 68 42 Sir
1025 2629 200 41 Frederic
1267 2628 210 41 Bateman
1511 2628 45 40 of
1584 2626 233 42 Norwich.3
1897 2626 23 41 I
1961 2626 109 42 shall

456 2703 101 41 here
580 2701 115 55 only,
718 2700 65 41 for
804 2701 73 40 the
899 2699 181 42 reader's
1104 2711 298 29 convenience,
1425 2697 124 41 make
1571 2697 74 41 the
1666 2697 175 41 briefest
1865 2700 97 38 note
1984 2696 43 41 of
2047 2711 25 26 a

455 2774 81 40 few
560 2772 45 41 of
627 2771 73 42 the
721 2769 172 55 leading
925 2783 151 40 papers
1100 2783 55 27 on
1178 2769 72 41 the
1272 2768 167 54 subject
1462 2767 229 55 published
1714 2767 44 41 in
1781 2766 87 42 this
1891 2779 180 41 country

456 2843 156 42 during
635 2841 73 42 the
730 2839 147 56 period
898 2838 187 43 referred
1107 2843 52 37 to.

505 2943 12 23 1
545 2942 163 46 Clinique
727 2941 187 45 Medicate,
933 2951 105 35 chap.
1058 2938 77 36 lxii.

504 3001 14 25 2
542 2999 110 37 Lond.
674 3000 109 35 Hosp.
807 2999 91 35 Clin.
919 2999 159 35 Lectures
1096 2998 71 36 and
1184 2997 153 47 Reports,
1358 2999 102 39 1864,
1481 3009 31 34 p.
1535 2997 83 36 337.

503 3063 14 22 3
545 3061 53 36 On
616 3058 178 48 Aphasia,
810 3058 73 36 and
901 3058 53 35 the
972 3056 244 37 Localization
1230 3056 40 46 of
1282 3057 54 35 the
1353 3056 150 45 Faculty
1516 3056 40 44 of
1568 3054 200 49 Language,
1785 3054 72 36 2nd
1877 3054 67 44 ed.,
1966 3056 100 33 1890.
