1972 3202
395 272 63 51 94-

626 280 92 32 THE
742 280 89 32 RED
855 280 57 32 OR
936 281 183 31 ASIATIC
1144 281 388 33 ORANG-OUTANG.

395 407 127 48 what
544 406 211 47 modified
788 406 48 46 in
870 406 127 55 form,
1024 406 114 47 with
1161 407 80 46 the
1265 407 188 47 African
1477 408 90 46 and
1590 407 176 47 Asiatic

396 500 172 47 orangs,
602 485 91 46 and
730 485 285 60 represented
1053 483 48 46 in
1139 491 79 39 the
1254 485 210 45 annexed
1502 491 76 39 cut
1612 485 52 46 of
1687 485 79 45 the

396 563 223 45 dentition
643 561 50 46 of
723 562 79 45 the
827 561 69 46 H.
920 561 246 54 leuciscus;
1208 561 49 45 in
1280 561 133 62 being
1436 562 216 46 destitute
1676 561 50 47 of
1740 577 28 30 a

393 639 113 54 tail;
542 639 92 46 and
655 639 247 61 peculiarly
925 653 280 31 remarkable
1229 637 112 47 fi’om
1364 645 78 39 the
1465 645 124 55 great
1611 639 157 61 length

394 715 52 47 of
475 722 80 41 the
588 722 195 39 anterior
813 714 294 55 extremities,
1141 715 150 45 which
1321 716 133 44 reach
1485 723 79 38 the
1596 717 172 60 ground

396 792 136 46 when
546 798 79 40 the
640 792 171 47 animal
825 792 37 46 is
880 808 156 45 placed
1059 791 48 46 in
1130 808 59 29 an
1212 800 117 38 erect
1352 792 207 62 position.
1632 793 138 45 Their

393 869 157 46 height
574 884 194 46 scarcely
792 869 187 45 exceeds
1007 868 98 46 four
1127 868 105 55 feet,
1258 870 91 45 and
1371 876 114 55 they
1508 885 138 31 never
1666 886 102 44 pos-

394 961 91 30 sess
507 952 103 39 that
633 945 194 62 gigantic
850 946 91 45 and
966 945 218 61 powerful
1206 945 127 56 form,
1354 947 150 45 which
1535 947 37 45 is
1596 946 173 46 attain-

395 1023 57 45 ed
491 1022 48 46 in
576 1038 27 30 a
637 1029 156 39 native
833 1037 116 31 state
988 1024 64 59 by
1089 1029 80 39 the
1199 1023 193 45 animals
1422 1038 70 31 we
1525 1024 117 45 have
1670 1023 100 61 just

396 1099 243 47 described.
707 1099 137 45 Their
879 1099 283 45 dispositions
1185 1099 48 45 in
1264 1115 28 29 a
1315 1099 109 46 wild
1447 1106 132 48 state,
1605 1115 165 46 appear

395 1191 88 46 shy
506 1176 91 45 and
629 1175 149 45 timid.
863 1176 131 61 They
1027 1191 75 30 are
1131 1174 49 46 in
1207 1182 118 39 most
1359 1175 224 46 instances
1616 1191 154 46 grega-

393 1252 136 54 rious,
558 1252 92 45 and
679 1252 49 45 in
757 1252 93 45 this
879 1259 171 38 respect
1073 1253 217 45 resemble
1313 1253 79 45 the
1414 1252 199 62 howling
1640 1268 131 30 mon-

393 1329 114 45 keys
538 1327 51 47 of
615 1328 225 55 America,
878 1329 149 45 which
1061 1329 37 45 is
1132 1328 169 46 farther
1333 1328 242 47 confirmed
1608 1331 61 59 by
1692 1329 79 46 the

397 1421 223 45 presence,
645 1404 48 45 in
718 1420 135 39 some,
880 1404 49 47 of
944 1406 78 44 the
1045 1405 120 61 large
1187 1406 204 60 guttural
1413 1421 142 39 sacks,
1581 1407 90 44 and
1693 1406 79 46 the

400 1481 244 46 continued
666 1481 200 62 howling
883 1482 149 44 which
1055 1483 182 44 betrays
1255 1482 118 45 their
1388 1482 185 45 haunts.
1639 1483 133 46 Some

399 1573 167 31 species
602 1573 75 30 are
710 1558 228 60 possessed
972 1557 51 47 of
1049 1574 110 45 very
1181 1564 125 56 great
1339 1558 207 61 activity,
1572 1559 91 45 and
1692 1574 81 30 use

396 1634 121 45 their
549 1635 104 59 long
687 1650 120 29 arms
857 1634 115 46 with
1006 1635 164 45 almost
1203 1650 50 30 as
1286 1635 137 45 much
1458 1635 130 46 effect
1621 1651 49 30 as
1694 1636 78 45 the

397 1711 105 61 long
519 1711 90 45 and
626 1710 248 60 prepensile
892 1710 83 45 tail
999 1711 50 45 of
1062 1711 79 45 the
1158 1711 231 61 Sapajous.
1456 1712 133 46 Some
1607 1727 166 45 appear

399 1787 132 46 again
566 1793 47 39 to
649 1788 55 45 be
740 1802 122 30 more
902 1787 198 61 sluggish
1138 1787 49 45 in
1225 1787 118 45 their
1375 1788 166 54 habits,
1577 1789 84 44 but
1696 1803 76 31 are

398 1863 230 61 possessed
651 1862 50 46 of
726 1878 59 30 an
808 1878 131 30 acute
974 1879 126 30 sense
1123 1863 51 46 of
1200 1863 118 46 sight
1342 1864 91 45 and
1453 1864 201 62 hearing,
1680 1865 92 45 and

401 1941 96 45 will
521 1941 169 45 seldom
709 1941 133 45 allow
861 1956 58 30 an
936 1940 204 46 intruder
1156 1947 47 39 to
1228 1941 220 61 approach
1471 1956 45 30 so
1534 1956 109 30 near
1661 1956 48 30 as
1724 1948 47 39 to

397 2018 161 45 render
590 2018 118 44 their
741 2032 155 30 escape
930 2017 191 46 difficult
1157 2033 48 30 or
1230 2017 248 46 uncertain.
1546 2017 156 47 When
1725 2018 48 45 in

402 2094 303 46 confinement
728 2100 113 55 they
860 2109 103 31 soon
978 2096 179 44 become
1174 2094 246 46 reconciled
1443 2095 91 45 and
1556 2095 216 61 peaceful,

402 2172 182 44 become
618 2171 213 45 attached
865 2177 46 39 to
945 2178 127 38 those
1107 2172 102 45 who
1243 2177 108 40 take
1374 2187 158 30 charge
1555 2171 51 46 of
1629 2172 143 52 them,

398 2250 84 43 but
497 2262 120 30 seem
636 2248 229 59 possessed
888 2246 50 46 of
960 2262 107 46 only
1091 2263 28 29 a
1142 2248 131 44 small
1295 2254 175 53 portion
1494 2246 50 46 of
1558 2247 216 46 intuitive

399 2323 216 46 intellect.
702 2323 131 60 They
870 2339 74 29 are
984 2324 61 44 all
1083 2330 178 39 natives
1306 2323 50 46 of
1388 2324 134 44 India
1560 2324 91 44 and
1695 2324 80 45 her

399 2400 186 54 islands,
624 2400 256 61 abounding
913 2399 47 45 in
994 2400 79 45 the
1107 2399 170 55 forests,
1303 2407 48 38 at
1380 2415 27 31 a
1436 2399 202 47 distance
1661 2399 113 47 fi'om

401 2477 150 45 which
573 2483 114 55 they
710 2492 74 30 are
813 2493 111 46 very
949 2478 168 45 seldom
1147 2476 169 55 found;
1353 2492 105 39 and,
1485 2493 135 30 when
1650 2492 124 31 occa-

402 2553 193 62 sionally
632 2554 254 46 discovered
921 2554 217 61 straying,
1164 2553 79 47 fall
1274 2570 60 30 an
1369 2570 109 46 easy
1509 2570 125 45 prey,
1661 2553 111 47 from
