2107 3450
488 282 264 32 PATHOLOGY
786 283 54 31 OF
872 282 88 32 THE
994 284 151 31 MOTOR
1177 284 370 34 SPEECII-TKACTS.
1761 275 87 46 447

195 406 73 41 the
291 409 93 38 seat
416 404 45 42 of
492 417 87 41 any
602 402 138 43 lesion
775 402 231 56 involving
1038 403 75 42 the
1146 409 123 45 tract,
1296 410 142 37 either
1461 404 45 44 in
1533 406 56 42 its
1611 407 95 41 first
1740 421 45 27 or
1808 407 43 44 in

194 477 58 42 its
274 476 158 43 second
467 475 147 42 realm,
641 488 61 28 we
726 474 157 41 should
917 478 78 38 not
1026 475 94 55 rely
1143 475 286 56 exclusively,
1453 491 45 27 or
1531 491 110 28 even
1676 479 180 50 mainly,

194 563 118 27 upon
336 548 74 42 the
432 547 175 55 specific
634 545 487 56 speech-disturbances
1154 551 190 50 present.
1407 547 139 43 There
1568 548 37 42 is
1628 552 72 39 too
1725 549 130 42 much

194 633 220 29 sameness
447 619 46 41 in
527 618 75 43 the
634 617 260 43 alterations
928 617 48 41 of
1004 617 172 55 speech,
1208 618 223 43 whatever
1462 633 100 42 may
1587 620 51 42 be
1661 619 76 44 the
1759 626 99 50 part

194 693 47 41 of
270 692 74 42 the
368 696 111 37 tract
502 689 219 43 involved,
745 695 44 35 to
824 692 190 38 warrant
1036 703 56 27 an
1116 689 224 43 exclusive
1364 690 192 43 reliance
1580 705 118 41 upon
1723 691 132 44 them.

193 763 44 42 A
269 763 134 50 thick,
431 761 203 56 slurring,
667 760 87 42 and
789 774 117 28 more
940 774 48 27 or
1019 760 86 43 less
1138 759 222 44 laborious
1395 761 282 43 articulation
1710 762 37 43 is
1781 763 75 42 the

195 834 176 43 leading
393 832 325 44 characteristic
738 832 47 42 in
810 831 153 43 nearly
986 831 60 43 all
1070 832 110 42 such
1203 846 130 29 cases.

255 907 88 41 Yet
375 906 121 42 there
529 919 70 28 are
632 904 204 43 varieties
869 904 47 41 in
950 904 75 43 the
1058 904 155 56 degree
1246 904 45 43 of
1325 904 75 44 the
1435 905 251 57 dysarthria
1714 906 144 43 which

196 992 101 27 may
321 976 252 43 sometimes
607 975 103 43 help
742 989 52 28 us
827 979 45 38 to
906 975 209 56 diagnose
1148 975 76 43 the
1258 980 94 38 seat
1384 976 46 41 of
1459 976 150 43 lesion.
1674 976 42 43 A
1749 977 110 43 total

195 1049 224 43 anarthria
459 1049 38 42 is
540 1062 119 29 more
702 1062 203 28 common
948 1047 47 42 in
1037 1047 163 43 lesions
1244 1048 45 42 of
1334 1048 76 43 the
1454 1063 111 41 pons
1608 1063 48 28 or
1698 1050 47 41 of
1786 1049 74 43 the

196 1121 193 43 medulla
415 1121 108 42 than
555 1121 47 41 in
634 1120 162 42 lesions
830 1120 47 41 of
908 1119 73 43 the
1015 1119 301 43 hemispheres
1350 1134 48 28 or
1431 1120 44 42 of
1507 1120 76 43 the
1617 1135 134 28 crura.
1817 1123 42 40 A

194 1193 162 57 special
388 1193 190 56 slurring
611 1206 118 42 upon
761 1191 193 57 Unguals
990 1206 47 27 or
1072 1191 157 43 labials
1267 1206 103 42 may
1408 1196 179 53 suggest
1623 1193 75 43 the
1738 1193 122 56 early

195 1281 120 28 stage
353 1267 44 41 of
433 1266 155 42 bulbar
625 1279 241 42 paralysis;
904 1264 87 42 and
1028 1277 24 30 a
1090 1263 122 43 nasal
1247 1264 211 56 snuffling
1493 1279 101 42 may
1627 1270 176 51 suggest
1837 1279 24 28 a

195 1353 214 42 paralysis
432 1338 44 42 of
498 1338 75 42 the
596 1343 88 37 soft
704 1337 160 56 palate,
887 1350 189 43 perhaps
1099 1336 47 42 of
1164 1336 291 57 diphtheritic
1477 1337 154 56 origin.
1698 1336 161 55 Again,

196 1410 340 57 predominance
568 1409 46 43 of
649 1409 75 42 the
766 1414 178 37 staccato
988 1409 194 43 element
1224 1409 48 41 in
1316 1409 75 43 the
1434 1410 158 55 speech
1637 1410 138 42 ought
1817 1415 44 37 to

196 1488 176 51 suggest
396 1487 205 51 multiple
623 1481 214 52 sclerosis,
854 1481 168 56 though
1045 1481 253 43 something
1321 1481 46 43 of
1385 1481 74 43 the
1476 1486 176 38 staccato
1671 1487 192 38 element

198 1570 113 41 may,
334 1569 47 29 as
406 1570 62 28 we
491 1555 113 43 have
626 1569 114 28 seen,
763 1555 54 42 be
841 1558 179 52 present
1042 1554 48 42 in
1113 1553 127 43 other
1262 1554 264 43 conditions.

259 1628 69 42 On
360 1626 76 43 the
471 1640 151 39 whole,
645 1625 213 43 however,
883 1640 63 28 we
980 1625 115 43 shall
1117 1626 55 42 do
1196 1625 115 44 well,
1334 1626 47 42 in
1405 1626 150 56 trying
1586 1629 46 39 to
1655 1626 207 44 diagnose

198 1700 74 42 the
305 1713 156 29 nature
492 1699 88 42 and
613 1698 180 43 locality
827 1699 45 42 of
904 1699 169 43 disease
1106 1699 47 42 in
1187 1713 88 42 any
1307 1713 98 29 case
1437 1699 45 42 of
1525 1699 249 56 dysarthria
1817 1714 47 29 or

198 1772 235 43 anarthria,
455 1775 80 39 not
566 1776 45 38 to
645 1775 115 39 trust
793 1775 71 38 too
899 1771 132 43 much
1055 1776 44 38 to
1130 1770 75 44 the
1229 1771 176 56 specific
1429 1771 258 44 alterations
1711 1772 44 42 of
1787 1772 76 43 the

198 1845 170 56 speech,
403 1845 93 42 but,
530 1844 151 43 whilst
717 1844 153 56 giving
909 1844 122 43 these
1071 1844 116 43 their
1224 1844 86 43 due
1350 1844 173 56 weight,
1559 1850 44 36 to
1642 1845 141 43 arrive
1818 1849 47 39 at

198 1932 80 28 our
313 1931 278 28 conclusions
625 1916 105 43 only
766 1923 113 36 after
914 1916 166 42 having
1114 1916 134 42 taken
1286 1915 114 43 fully
1434 1916 94 42 into
1564 1921 188 38 account
1787 1917 76 43 the

199 1989 243 43 associated
479 1994 246 50 symptoms
765 1989 46 41 of
847 1988 226 55 paralysis,
1111 1988 86 42 and
1237 1987 55 43 all
1337 1988 74 42 the
1449 1988 126 43 other
1618 1993 246 52 symptoms

200 2062 44 41 of
269 2061 74 42 the
367 2074 106 29 case.

260 2206 83 42 My
377 2205 99 43 task
510 2205 36 42 is
581 2218 97 28 now
711 2203 200 43 finished.
977 2204 22 41 I
1038 2204 140 43 began
1212 2204 89 43 this
1337 2204 120 42 work
1496 2205 57 55 by
1587 2206 278 57 considering

201 2279 74 42 the
309 2292 157 28 nature
500 2278 46 41 of
576 2276 306 55 Stammering,
906 2292 24 26 a
963 2277 195 42 disorder
1192 2276 157 52 which,
1373 2278 57 55 by
1455 2277 74 43 the
1557 2276 249 58 disruption
1830 2280 36 42 it

200 2352 196 42 exhibits
420 2350 44 43 in
490 2349 75 43 the
589 2349 281 42 harmonious
894 2349 146 42 action
1063 2349 45 41 of
1130 2349 75 42 the
1221 2348 124 43 vocal
1364 2349 86 42 and
1469 2349 91 42 oral
1581 2350 284 44 articulative

202 2423 307 44 mechanisms,
532 2422 37 42 is
592 2421 245 56 admirably
862 2420 125 43 fitted
1007 2425 43 38 to
1069 2420 221 43 illustrate
1308 2421 75 43 the
1402 2421 463 44 semi-independence

203 2494 46 44 of
283 2494 107 44 each
429 2494 43 42 of
513 2493 122 42 these
676 2492 305 44 mechanisms,
1020 2493 86 42 and
1145 2497 45 38 to
1229 2493 154 43 enable
1422 2507 51 29 us
1512 2499 44 37 to
1594 2495 158 43 realize
1793 2497 72 42 the

204 2565 217 44 beautiful
455 2565 302 42 coordination
792 2564 109 43 with
935 2565 157 42 which,
1115 2563 46 44 in
1196 2564 171 43 normal
1399 2565 173 56 speech,
1604 2565 106 58 they
1746 2568 117 42 work

203 2639 207 43 together.
475 2638 23 42 I
531 2638 113 43 have
677 2651 98 29 now
801 2637 187 44 finished
1022 2638 56 56 by
1103 2637 171 57 tracing
1306 2637 129 43 down
1467 2638 75 43 the
1565 2642 143 40 motor
1731 2644 134 39 tracts

202 2712 44 43 of
283 2711 75 43 the
396 2716 87 37 two
518 2711 294 43 mechanisms
846 2715 44 38 to
931 2710 116 43 their
1085 2711 311 43 terminations
1434 2711 45 41 in
1522 2712 73 42 the
1635 2713 231 43 executive

202 2783 202 44 muscles,
441 2784 87 42 and
561 2784 58 56 by
659 2784 155 57 noting
846 2784 75 42 the
961 2783 176 44 leading
1176 2784 251 43 conditions
1471 2785 47 42 of
1558 2784 168 44 disease
1769 2786 99 43 that

203 2870 100 42 may
340 2856 208 43 interfere
587 2856 107 42 with
734 2861 141 38 motor
912 2857 266 42 conduction
1216 2857 46 42 in
1302 2856 132 43 them.
1500 2857 55 42 In
1600 2857 75 44 the
1713 2872 152 30 course

202 2930 45 42 of
271 2928 76 44 the
371 2928 133 43 work,
529 2943 64 28 we
615 2928 112 43 have
750 2929 112 42 been
895 2928 72 43 led
1002 2936 43 35 to
1079 2929 202 43 consider
1309 2943 133 29 many
1465 2933 183 39 matters
1672 2930 46 42 of
1744 2935 122 52 great

203 3002 184 41 interest
418 3000 87 42 and
539 3001 296 55 importance;
869 3001 64 42 for
965 3001 37 42 it
1033 3001 38 42 is
1104 3015 25 28 a
1161 3008 122 50 great
1316 3001 172 56 subject
1522 3015 64 29 we
1619 3001 111 43 have
1754 3002 110 44 been

200 3073 349 55 discussing,a
571 3072 172 43 subject
776 3071 81 43 full
891 3072 45 42 of
968 3073 186 43 interest
1176 3073 43 41 in
1246 3072 59 43 all
1330 3073 57 43 its
1418 3073 220 43 relations.
1705 3073 22 43 I
1752 3073 112 45 hope

200 3146 99 44 that
322 3145 87 43 this
436 3144 130 43 work,
599 3159 47 28 as
680 3159 24 27 a
737 3144 300 44 contribution
1063 3151 42 36 to
1131 3146 73 42 the
1229 3145 134 43 study
1386 3146 45 41 of
1454 3145 75 43 the
1557 3145 183 58 subject,
1774 3147 87 44 will
