1817 3171
272 241 89 46 172

740 253 90 30 THE
855 252 301 33 MARIMONDA.

269 377 117 45 hook
425 382 77 40 out
539 391 91 47 any
668 378 278 46 substance.*
1016 379 73 45 He
1127 379 81 45 has
1245 395 135 30 never
1419 380 212 47 observed

269 459 79 40 the
380 469 164 45 species
575 469 79 31 use
688 454 51 54 it,
771 455 223 55 however,
1031 463 46 38 to
1114 472 170 45 convey
1320 456 99 46 food
1459 473 47 30 or
1538 473 93 46 any

270 530 153 46 article
445 537 47 40 to
515 538 78 39 the
615 532 174 45 mouth.
859 533 130 60 They
1013 532 176 47 inhabit
1212 534 78 46 the
1313 535 143 45 banks
1480 534 50 47 of
1551 535 79 45 the

271 607 230 46 Oronooko
537 608 47 45 in
621 608 217 46 immense
874 625 226 38 numbers,
1139 611 89 44 and
1264 626 72 30 are
1373 609 123 47 often
1527 627 102 30 seen

271 686 251 44 suspended
543 684 114 46 from
680 692 78 38 the
791 692 130 47 trees,
956 687 198 61 hanging
1186 694 46 38 to
1266 688 107 45 each
1408 688 126 45 other
1567 690 61 58 by

268 760 85 47 tail
389 762 91 45 and
513 762 160 53 hands,
711 762 48 45 in
794 768 77 39 the
907 769 117 39 most
1059 778 232 45 grotesque
1321 776 171 48 groups.
1561 764 67 46 At

271 845 188 39 another
480 846 126 46 time,
639 840 126 44 these
799 839 231 45 travellers
1055 840 149 44 would
1229 855 70 29 see
1322 846 141 47 them,
1488 842 143 43 under

269 921 78 39 the
370 921 117 40 most
521 916 226 60 scorching
776 931 99 38 sun,
911 916 145 45 throw
1090 917 113 44 back
1236 916 118 45 their
1376 916 129 54 head,
1542 916 90 46 fold

270 992 119 44 their
423 1007 119 30 arms
572 1008 120 44 upon
727 993 118 44 their
874 994 149 52 backs,
1057 1008 104 38 and,
1191 992 167 61 raising
1386 993 119 45 their
1527 1009 103 45 eyes

270 1074 46 39 to
341 1075 79 38 the
444 1084 100 46 sky,
568 1068 173 46 remain
765 1068 45 45 in
834 1069 91 45 this
948 1075 191 54 position
1162 1068 65 46 for
1249 1070 169 44 several
1440 1070 146 45 hours.

339 1146 97 44 The
453 1146 100 44 hair
569 1145 50 46 of
627 1146 79 45 the
725 1145 304 46 Marimonda
1047 1145 37 45 is
1102 1161 110 45 very
1227 1146 103 60 long
1347 1146 89 45 and
1455 1146 177 61 shining

271 1236 121 46 upon
414 1227 79 40 the
516 1238 141 45 upper
677 1237 153 45 parts;
856 1237 57 30 on
930 1228 78 39 the
1026 1237 143 30 under
1184 1237 122 45 parts
1330 1221 50 47 of
1395 1238 27 29 a
1444 1223 188 61 yellow-

271 1297 188 55 ish-red,
479 1298 179 61 shining
680 1298 47 45 in
750 1304 79 39 the
852 1314 85 30 sun
955 1298 114 45 with
1087 1314 27 29 a
1131 1299 159 60 golden
1311 1299 154 45 lustre.
1535 1299 96 45 The

272 1374 215 46 direction
518 1374 51 46 of
595 1375 79 45 the
704 1375 99 44 hair
837 1390 121 30 upon
991 1375 78 45 the
1102 1375 117 45 head
1252 1375 38 45 is
1323 1376 307 53 remarkable;

271 1457 103 39 that
413 1466 57 30 on
505 1452 79 44 the
617 1452 160 45 hinder
810 1458 101 54 part
947 1452 90 45 and
1073 1467 147 29 cro^vn
1253 1467 141 45 grows
1426 1451 204 55 forward,

273 1528 137 45 while
433 1534 102 39 that
558 1527 50 46 of
622 1529 78 44 the
725 1527 206 46 forehead
954 1528 37 45 is
1016 1529 196 45 directed
1235 1530 277 52 backwards,
1542 1530 90 44 and

272 1611 79 39 the
386 1611 198 54 meeting
618 1621 48 29 or
700 1605 246 60 opposition
979 1604 49 46 of
1055 1606 78 43 the
1164 1605 119 44 hairs
1314 1604 133 46 forms
1476 1621 26 29 a
1526 1605 103 53 tuft,

274 1682 149 44 which
433 1682 101 46 does
543 1688 78 38 not
631 1682 198 60 improve
844 1687 78 39 the
936 1681 328 61 physiognomy
1280 1680 50 46 of
1340 1688 76 38 the
1435 1682 193 52 animal;

273 1758 79 45 the
374 1757 94 46 face
501 1758 38 45 is
572 1758 149 45 naked
755 1758 90 45 and
877 1759 144 53 black,
1058 1765 78 37 the
1170 1758 159 44 mouth
1358 1758 274 45 surrounded

275 1835 114 45 with
412 1835 328 61 pale-coloured
760 1835 150 53 hairs;
946 1835 78 44 the
1046 1835 86 44 lips
1156 1849 72 30 are
1252 1835 181 44 capable
1457 1833 49 46 of
1531 1849 103 30 con-

276 1911 216 46 siderable
515 1910 233 47 extension
771 1910 204 55 forward,
1001 1911 90 46 and
1113 1917 78 39 the
1226 1911 88 45 end
1348 1910 49 46 of
1424 1917 79 38 the
1532 1926 103 30 nose

276 1988 38 45 is
362 1988 50 45 of
452 2004 27 29 a
523 1987 672 61 reddish-white—altogether,
1256 2003 28 30 a
1338 1987 297 46 combination

275 2066 327 45 irreconcilable
624 2071 46 39 to
694 2080 199 45 pleasing
915 2064 267 61 expression.

343 2143 44 44 It
424 2141 37 46 is
497 2157 28 30 a
558 2143 279 43 remarkable
868 2141 318 45 circumstance
1217 2147 117 48 that,
1367 2157 161 45 among
1561 2141 77 46 the

278 2218 144 46 South
457 2218 243 46 American
731 2218 201 53 Indians,
968 2233 219 30 monkeys
1227 2233 73 30 are
1345 2218 135 44 much
1518 2233 121 30 more

279 2293 256 63 frequently
559 2294 110 46 used
693 2309 48 30 as
764 2293 100 46 food
881 2300 111 39 than
1017 2309 161 46 among
1195 2294 78 46 the
1296 2293 278 46 inhabitants
1598 2293 50 46 of

339 2450 18 19 •
380 2448 81 37 Tlie
482 2456 137 29 natives
639 2454 109 32 assert
770 2449 78 37 that
866 2449 29 37 it
914 2450 106 36 fishes
1043 2449 75 37 also
1137 2449 86 38 ■with
1245 2456 60 29 the
1326 2449 68 35 end
1416 2449 40 34 of
1476 2448 70 35 tliis
1565 2461 60 35 pre

281 2515 138 36 hensile
440 2527 106 35 organ
563 2514 9 37 !
