2178 3965
1028 238 64 50 21

83 368 199 54 divided
308 369 108 54 into
442 369 256 72 theology,
718 370 347 71 demonology,
1086 371 96 53 and
1215 373 342 71 psychology;
1595 375 64 53 all
1677 382 139 47 three
1841 378 193 70 resting

83 462 65 33 on
174 449 85 47 the
290 444 233 53 evidence
569 445 55 51 of
661 445 86 52 the
791 445 144 51 inner
969 446 217 51 witness.
1265 446 352 73 Demonology
1651 450 89 52 has
1776 450 155 53 taken
1967 452 65 51 its

80 516 141 71 place
247 517 51 52 in
333 517 87 52 the
453 517 193 71 history
673 518 56 52 of
761 517 190 53 human
992 537 136 34 error
1169 519 97 52 and
1312 522 357 68 superstition;
1710 523 239 71 theology
1986 525 43 51 is

81 590 306 71 confessedly
413 610 112 33 now
551 590 111 53 best
704 591 275 70 supported
1018 591 66 71 by
1110 597 145 48 those
1282 613 111 33 who
1433 595 178 52 ascend
1651 596 128 52 from
1807 597 221 52 nature's

80 663 92 52 law
197 683 69 50 up
306 669 54 47 to
392 664 220 53 nature's
653 664 146 64 God;
842 665 96 52 and
978 665 324 71 psychology,
1331 668 255 69 generally
1612 668 250 65 forsaken,
1893 677 135 62 stays

79 736 65 52 its
170 737 86 52 fall
272 736 67 71 by
358 738 376 70 appropriating
759 738 86 52 the
873 738 294 53 discoveries
1186 740 54 51 of
1262 740 312 71 physiology,
1593 761 290 51 preserving
1909 743 117 70 only

78 809 51 52 in
154 810 65 52 its
246 810 375 53 nomenclature
656 816 87 47 the
775 812 202 52 shadow
1009 811 56 53 of
1104 812 66 52 its
1215 814 200 51 ancient
1450 815 255 70 authority
1744 816 98 52 and
1882 822 142 46 state.

79 883 82 52 On
186 884 135 52 what
347 884 300 53 foundation
682 903 94 34 can
802 905 28 32 a
857 885 191 53 science
1075 886 56 52 of
1168 886 141 52 mind
1348 905 168 52 surely
1541 892 103 48 rest
1686 908 114 33 save
1835 909 66 32 on
1939 890 88 52 the

76 956 201 53 faithful
303 957 319 54 observation
649 958 54 53 of
744 958 65 53 all
848 958 241 53 available
1127 959 267 66 instances,
1422 961 222 52 whether
1677 962 256 71 psychical
1971 982 55 33 or

77 1030 361 71 physiological
458 1031 22 53 ?

152 1104 134 52 Sucli
338 1124 82 34 are
470 1109 87 49 the
607 1123 206 35 charges
877 1104 194 54 against
1135 1105 500 55 self-consciousness
1686 1107 233 54 whereon
1980 1109 45 52 is

76 1177 224 53 founded
325 1183 88 48 the
439 1178 292 53 conclusion
769 1198 53 33 as
860 1184 54 47 to
957 1179 64 52 its
1060 1178 380 73 incompetency
1463 1203 10 30 :
1518 1186 118 65 they
1662 1181 135 53 show
1825 1181 111 53 that
1961 1182 64 52 he

76 1270 111 34 who
215 1256 239 66 attempts
479 1257 53 48 to
558 1252 278 53 illuminate
860 1257 87 48 the
973 1253 160 52 whole
1159 1271 152 34 range
1339 1254 55 52 of
1428 1254 188 52 mental
1642 1255 166 52 action
1844 1254 66 71 by
1936 1256 90 51 the

75 1324 131 70 light
233 1325 54 52 of
328 1326 77 51 his
449 1344 112 34 own
605 1326 378 52 consciousness
1021 1326 44 52 is
1116 1331 91 47 not
1248 1326 175 53 unlike
1463 1347 93 33 one
1593 1347 114 33 who
1748 1327 181 53 should
1957 1348 66 51 go

76 1397 154 54 about
256 1404 53 47 to
335 1399 282 52 illuminate
641 1404 87 47 the
755 1399 227 53 universe
1009 1399 121 52 with
1167 1419 30 33 a
1236 1399 271 72 rushlight.
1586 1402 48 51 A
1664 1401 254 53 reflection
1958 1421 67 33 on

74 1476 86 48 the
204 1477 112 47 true
359 1492 178 33 nature
569 1473 54 53 of
660 1492 377 33 consciousness
1064 1473 101 51 will
1211 1472 167 72 surely
1412 1474 125 52 tend
1574 1478 54 48 to
1668 1475 209 51 confirm
1910 1475 114 52 that

75 1545 221 71 opinion.
374 1546 314 52 Whosoever
727 1546 255 70 faithfully
1014 1546 98 52 and
1152 1546 163 71 firmly
1350 1546 308 53 endeavours
1694 1553 54 47 to
1785 1547 173 53 obtain
1997 1568 29 33 a

75 1618 200 54 definite
315 1619 112 53 idea
453 1620 54 52 of
540 1620 133 52 what
698 1620 42 52 is
768 1625 169 47 meant
974 1619 68 71 by
1078 1638 393 47 consciousness,
1499 1620 99 52 will
1632 1621 104 51 find
1774 1621 40 51 it
1842 1621 184 52 nowise

76 1712 54 33 so
170 1712 111 51 easy
309 1713 29 33 a
370 1699 182 47 matter
590 1713 52 33 as
681 1693 86 53 the
791 1694 231 52 frequent
1049 1693 99 52 and
1174 1712 150 52 ready
1351 1713 89 33 use
1467 1694 55 52 of
1561 1699 87 47 the
1682 1694 134 52 word
1858 1695 163 70 might

75 1766 171 70 imply.
325 1767 446 69 Metaphysicians,
798 1767 205 52 faithful
1029 1772 53 46 to
1110 1772 85 46 the
1219 1786 277 33 vagueness
1515 1766 55 53 of
1591 1767 133 52 their
1749 1767 154 64 ideas,
1923 1768 98 52 and

78 1839 201 54 definite
325 1840 116 71 only
468 1841 53 51 in
560 1840 293 53 unfounded
893 1846 333 64 assumption,
1255 1859 82 33 are
1374 1839 66 71 by
1466 1859 67 33 no
1569 1859 168 33 means
1764 1841 183 52 agreed
1971 1841 54 52 in

75 1918 86 48 the
187 1933 233 51 meaning
445 1914 161 52 which
632 1921 118 63 they
776 1914 168 52 attach
969 1920 54 46 to
1049 1914 70 65 it;
1161 1913 97 52 and
1284 1914 41 51 it
1352 1913 283 52 sometimes
1662 1914 221 70 happens
1912 1914 112 52 that

75 1991 86 49 the
201 2007 134 33 same
378 1988 394 69 metaphysician
811 2006 114 33 uses
965 1993 88 46 the
1083 1986 138 52 word
1265 1987 54 51 in
1361 1992 101 47 two
1508 2006 56 33 or
1603 1987 142 52 three
1797 1987 228 53 different

79 2080 164 33 senses
268 2062 56 51 in
360 2061 228 52 different
615 2066 135 65 parts
796 2062 55 51 of
872 2061 77 52 his
976 2060 133 53 book
1132 2083 10 30 :
1183 2061 41 51 it
1261 2060 44 52 is
1340 2065 51 47 at
1418 2079 94 33 one
1537 2065 123 47 time
1687 2078 338 53 synonymous

78 2135 120 52 with
225 2154 156 45 mind,
411 2140 50 47 at
488 2141 209 46 another
721 2142 122 45 time
871 2141 120 46 with
1028 2133 318 70 knowledge,
1376 2132 99 53 and
1501 2139 53 47 at
1580 2139 210 47 another
1824 2135 122 51 time
1983 2135 41 51 it

77 2208 42 52 is
145 2209 123 52 used
293 2213 54 47 to
375 2228 195 51 express
598 2229 28 32 a
653 2208 256 52 condition
930 2208 54 52 of
1006 2206 187 53 mental
1219 2207 220 52 activity.
1516 2207 132 51 That
1673 2213 141 46 there
1841 2207 183 52 should

77 2281 62 53 be
180 2283 126 51 such
337 2282 129 53 little
511 2282 244 70 certainty
795 2281 154 53 about
988 2281 112 52 that
1135 2300 140 32 upon
1331 2279 165 53 which
1537 2280 131 52 their
1722 2280 303 71 philosophy

77 2356 393 70 fundamentally
495 2374 125 34 rests
647 2360 139 48 must
812 2354 61 53 be
899 2354 207 54 allowed
1131 2358 53 48 to
1213 2353 61 53 be
1301 2373 28 33 a
1355 2353 299 53 misfortune
1680 2358 55 48 to
1761 2360 89 46 the
1867 2360 155 46 meta-

81 2430 299 70 physicians.

152 2503 157 52 What
360 2521 379 34 consciousness
790 2501 41 53 is
882 2500 97 53 will
1032 2519 184 52 appear
1267 2499 165 53 better
1482 2499 42 52 if
1570 2499 66 52 its
1681 2498 237 54 relations
1963 2499 63 53 be

79 2575 175 72 closely
283 2576 259 53 examined
579 2576 215 52 without
830 2573 273 73 prejudice.
1164 2573 53 53 It
1252 2574 102 51 will
1392 2578 122 47 then
1553 2591 183 52 appear
1755 2572 112 52 that
1905 2573 41 52 it
1983 2573 43 52 is

79 2655 89 47 not
194 2650 254 71 separable
475 2651 127 51 from
627 2649 327 70 knowledge;
995 2653 113 47 that
1145 2647 40 52 it
1221 2647 151 52 exists
1413 2646 117 70 only
1557 2666 53 32 as
1651 2666 27 32 a
1712 2651 112 64 part
1851 2646 55 52 of
1939 2647 86 52 the

82 2742 223 35 concrete
331 2723 189 53 mental
546 2729 113 58 act;
700 2723 114 52 that
838 2722 42 52 it
906 2722 89 52 has
1021 2740 65 33 no
1114 2739 137 33 more
1271 2739 166 51 power
1454 2721 54 51 of
1529 2718 347 70 withdrawing
1895 2720 129 51 from

80 2802 85 47 the
189 2798 269 69 particular
484 2798 316 70 phenomena
825 2796 100 52 and
950 2794 180 70 taking
1167 2794 94 52 full
1288 2792 101 53 and
1414 2793 93 52 fair
1535 2792 318 53 observation
1879 2793 57 51 of
1965 2793 58 64 it,

80 2874 122 48 than
228 2891 27 32 a
280 2872 98 70 boy
403 2872 90 51 has
520 2872 54 51 of
606 2872 237 68 jumping
880 2888 116 33 over
1022 2869 78 51 his
1129 2886 111 33 own
1271 2866 217 52 shadow.
1566 2866 390 52 Consciousness
1982 2867 43 51 is

81 2951 88 44 not
195 2964 27 33 a
246 2946 188 70 faculty
461 2965 55 32 or
543 2949 283 59 substance,
856 2942 94 53 but
977 2961 28 33 a
1033 2940 187 71 quality
1250 2959 55 34 or
1332 2940 240 52 attribute
1599 2939 56 53 of
1685 2944 87 46 the
1798 2944 228 47 concrete

83 3019 183 52 mental
292 3039 113 45 act;
444 3018 98 53 and
568 3019 41 51 it
637 3037 112 51 may
779 3021 128 48 exist
934 3015 53 52 in
1016 3014 229 52 different
1281 3013 205 52 degrees
1515 3013 53 51 of
1608 3013 242 69 intensity
1890 3031 55 33 or
1984 3013 41 51 it

85 3108 108 52 may
219 3091 62 53 be
307 3092 176 52 absent
510 3098 293 46 altogether.
883 3089 63 53 In
976 3108 54 32 so
1056 3088 74 52 far
1157 3107 52 33 as
1235 3087 139 52 there
1398 3086 43 52 is
1468 3086 394 63 consciousness,
1884 3086 142 51 there

83 3163 42 51 is
153 3166 236 70 certainly
414 3166 187 52 mental
622 3165 206 69 activity
850 3186 14 43 ;
906 3162 94 52 but
1025 3162 43 52 it
1092 3161 43 52 is
1161 3167 90 46 not
1267 3165 113 47 true
1404 3159 113 52 that
1543 3159 53 52 in
1622 3179 54 32 so
1703 3159 76 51 far
1806 3179 53 31 as
1886 3159 141 52 there

83 3236 43 51 is
169 3239 186 51 mental
395 3240 206 69 activity
626 3238 142 52 there
802 3238 41 51 is
880 3254 409 45 consciousness;
1331 3234 41 51 it
1410 3233 41 52 is
1488 3252 118 51 only
1633 3233 122 52 with
1782 3252 28 33 a
1836 3232 190 52 certain

85 3309 237 72 intensity
350 3313 53 51 of
426 3317 398 65 representation
850 3329 54 33 or
931 3310 298 51 conception
1257 3308 109 52 that
1394 3325 380 33 consciousness
1801 3324 222 51 appears.

84 3382 158 53 What
269 3385 112 65 else,
409 3385 139 65 then,
575 3386 42 51 is
643 3390 86 47 the
765 3382 239 54 so-called
1034 3382 364 52 interrogation
1425 3380 55 51 of
1518 3397 375 34 consciousness
1935 3377 91 52 but

87 3475 25 31 a
140 3457 383 54 self-revelation
551 3459 52 51 of
626 3464 88 46 the
739 3457 270 71 particular
1028 3455 185 53 mental
1239 3473 95 45 act,
1353 3453 167 52 whose
1548 3457 253 47 character
1825 3451 42 51 it
1893 3455 135 46 must

86 3546 146 35 needs
259 3531 141 52 share
419 3532 22 53 ?
519 3532 388 53 Consciousness
935 3548 93 33 can
1053 3547 151 33 never
1229 3527 64 52 be
1321 3547 26 31 a
1369 3523 138 55 Valid
1537 3525 98 51 and
1670 3523 358 70 unprejudiced

87 3601 226 66 witness;
349 3605 76 51 for
451 3604 246 53 although
722 3605 41 50 it
788 3603 207 52 testifies
1021 3607 54 46 to
1102 3606 87 47 the
1216 3600 246 52 existence
1484 3598 53 51 of
1560 3618 28 31 a
1613 3597 269 70 particular
1909 3597 118 50 sub-

83 3673 176 69 jective
290 3677 356 65 modification,
693 3682 83 66 yet
815 3677 144 51 when
989 3675 110 52 that
1146 3672 341 53 modification
1522 3671 89 52 has
1645 3669 248 71 anything
1919 3670 55 52 of
2005 3689 27 33 a
