1933 3217
493 310 214 32 SYNOPSIS
731 310 52 32 OF
808 310 91 30 THE
924 310 227 32 SIMIAD^.

1415 300 90 42 213

243 434 34 36 4.
305 440 58 38 M.
382 453 306 34 CYNOMOLOGUs,
708 440 238 48 Harc-lipped
975 439 168 37 Monkey
1210 439 203 38 Cercocebe
1439 441 71 47 aig-

300 515 94 29 rette
421 508 71 35 and
520 519 184 35 macaque,
738 505 124 51 Geoff.
891 506 111 36 Ann.
1031 505 55 36 du
1117 506 114 36 Mus.
1269 518 76 24 xix.
1376 519 34 35 p.
1445 506 62 36 99.

302 573 193 48 Macaque,
530 573 101 36 Cuv.
669 572 109 37 Hist.
813 573 101 36 Nat.
946 571 66 37 des
1050 571 204 45 Marnmif,
1328 571 182 47 Macaque

302 641 188 42 ordinaire,
507 639 133 35 Desm.
660 639 167 36 Mamm.
848 652 33 34 p.
911 638 61 36 62.
1029 637 80 36 The
1129 650 109 32 male,
1258 638 113 35 above
1401 638 110 44 olive,

303 705 155 37 beneath
486 704 294 48 grayish-white;
806 706 75 35 feet
908 705 107 35 black
1033 717 11 31 ;
1072 704 127 35 canine
1229 703 101 35 teeth
1363 708 149 39 strong;

303 771 138 47 length,
463 771 189 46 including
674 771 78 45 tail,
779 771 22 36 3
827 772 74 34 feet
921 770 21 36 3
964 769 135 36 inches.
1156 768 80 37 The
1254 768 134 36 female
1415 768 96 43 less;

303 837 126 35 canine
448 836 100 36 teeth
567 837 170 44 weaker;
763 837 80 35 hair
862 837 41 36 of
930 842 62 29 the
1021 848 120 23 crown
1170 835 158 35 directed
1357 834 156 36 towards

303 908 62 30 the
384 914 134 33 centre,
537 902 71 35 and
625 902 112 37 forms
755 915 21 23 a
794 903 99 35 ridge
919 914 40 23 or
985 901 73 36 tuft
1085 906 38 30 to
1151 906 63 31 the
1242 905 151 31 occiput.
1450 898 63 36 In-

303 967 118 36 habits
441 966 144 37 Guinea
603 969 71 34 and
689 969 149 35 interior
857 969 40 35 of
911 967 138 45 Africa,
1071 966 133 36 Desm.
1259 965 108 45 Java,
1387 963 125 52 Geoff.

151 1030 316 40 Vignette.—5.
489 1032 56 37 M.
563 1045 163 34 rhesus.
742 1032 144 37 Rhesus
899 1032 169 47 Monkey
1081 1044 39 23 or
1134 1031 195 47 Pig-tailed
1347 1030 162 37 Baboon.

305 1097 183 48 —Magot
517 1099 138 44 rhesus,
695 1098 117 36 Inuus
841 1099 139 44 rhesus,
1018 1096 122 52 Geoff.
1173 1097 110 35 Ann.
1313 1096 56 36 du
1399 1097 115 36 Mus.

306 1175 76 24 xix.
409 1176 32 35 p.
476 1163 67 36 101
563 1177 10 31 ;
597 1165 50 35 i^.
678 1164 99 36 Cuv.
806 1165 110 35 Hist.
947 1165 101 35 Nat.
1079 1164 66 36 des
1172 1160 204 39 Marnmif.
1433 1161 84 37 Ma-

311 1242 112 35 caque
455 1230 174 44 maimon,
665 1230 134 36 Desm.
837 1230 167 36 Mamm.
1044 1230 61 36 66.
1171 1230 25 18 “
1217 1227 128 49 Upper
1373 1234 80 42 part
1481 1229 43 35 of

310 1295 62 36 the
399 1295 93 46 body
518 1295 265 47 grayish-green
803 1308 14 33 •,
846 1296 65 35 tail
942 1296 112 45 short,
1081 1296 73 35 and
1181 1295 180 36 wrinkled
1389 1299 38 29 at
1455 1293 63 36 the

306 1361 82 35 base
403 1373 11 32 ;
441 1361 170 35 buttocks
628 1361 306 47 golden-yellow;
964 1363 224 35 extremities
1206 1360 311 47 gray.”—Desm.

309 1425 165 36 Inhabits
507 1424 152 37 Eastern
695 1426 113 36 India,
842 1429 69 34 and
940 1428 127 35 forests
1096 1440 46 22 on
1168 1426 63 36 the
1260 1427 114 34 banks
1394 1427 40 33 of
1457 1424 62 37 the

312 1491 155 46 Ganges.

259 1557 35 35 6.
316 1556 56 37 M.
393 1569 273 33 NEMESTRiNA,
679 1557 133 37 Brown
826 1558 147 36 Baboon
1044 1559 183 44 Maimon,
1246 1557 117 37 Inuus
1382 1569 140 24 nemes-

312 1623 128 43 trinus,
468 1621 121 51 Geoff.
608 1623 111 35 Ann.
739 1624 55 34 du
811 1624 114 36 Mus.
945 1636 76 24 xix.
1041 1637 33 34 p.
1099 1623 84 37 101.
1213 1623 180 36 Macaque
1409 1623 108 43 brun,

312 1687 134 36 Desm.
475 1689 166 36 Mamm.
671 1702 32 34 p.
734 1689 61 36 66.
825 1690 28 18 “
872 1688 132 37 Above
1033 1691 89 46 deep
1151 1691 151 43 brown;
1330 1690 138 34 middle
1488 1689 43 34 of

311 1752 64 37 the
393 1754 92 36 head
504 1755 70 35 and
593 1767 21 23 a
633 1755 116 35 dorsal
768 1756 96 34 band
883 1756 107 35 black
1006 1769 11 31 ;
1048 1755 65 36 tail
1141 1755 106 36 small
1274 1755 71 35 and
1365 1755 159 44 slender,

314 1819 169 47 reaching
501 1826 36 30 to
558 1826 62 30 the
639 1821 138 35 middle
798 1822 40 34 of
857 1827 62 29 the
939 1821 102 46 thigh
1057 1834 11 31 ;
1088 1821 225 35 extremities
1341 1820 71 34 and
1431 1819 94 36 head

315 1883 412 47 yellowish.”—Desm.
783 1885 166 36 Inhabits
967 1885 95 37 Java
1080 1886 70 35 and
1170 1884 180 37 Sumatra.

350 1959 260 39 TlieSynonyifiy
621 1960 38 30 of
668 1960 80 30 Nos.
766 1962 18 28 5
796 1960 66 30 and
872 1961 19 30 6
900 1961 82 30 have
994 1961 90 30 often
1093 1961 85 30 been
1190 1960 219 30 confounded.
1431 1960 97 30 Their

386 2010 159 30 situation
564 2010 29 30 is
624 2014 260 27 undetermined.
936 2011 153 39 Geofl'roy
1110 2011 114 39 places
1247 2015 93 26 them
1368 2011 79 29 with
1471 2011 56 29 the

387 2060 146 39 Barbary
556 2063 84 37 Ape,
663 2071 36 20 so
734 2063 79 29 does
841 2062 54 30 Mr
918 2062 97 37 Gray,
1043 2063 160 37 rejecting
1222 2062 138 38 entirely
1383 2061 144 30 Cuvier’s

387 2119 102 29 genus
509 2113 121 29 Inures.
671 2112 65 31 We
757 2113 84 30 have
863 2113 154 30 followed
1042 2113 203 34 Desmarest,
1267 2121 36 21 as
1323 2116 88 26 most
1430 2113 33 29 in
1477 2121 52 21 ac-

390 2170 162 22 cordance
567 2163 79 29 with
661 2172 59 21 our
734 2173 72 20 own
821 2165 132 37 opinion

352 2213 104 29 There
470 2222 64 26 are,
550 2214 28 29 it
589 2214 28 30 is
630 2214 167 38 probable,
814 2218 94 26 other
917 2215 99 30 allied
1025 2224 125 30 species
1164 2215 108 29 which
1281 2215 85 30 have
1379 2220 59 25 not
1444 2214 85 31 been

391 2272 151 30 properly
562 2264 250 31 characterised.
856 2267 191 29 Desmarest
1070 2269 165 26 mentions
1257 2275 63 20 one
1339 2267 104 29 above
1464 2269 64 26 two

390 2313 67 30 feet
476 2314 32 29 hi
521 2314 131 40 length;
666 2315 57 30 the
743 2316 86 30 back
850 2317 102 29 above
967 2316 298 35 brownish-black;
1286 2319 56 27 the
1356 2317 173 29 shoulders

391 2360 107 38 olive;
519 2368 56 26 the
587 2374 95 21 outer
692 2375 127 21 surface
834 2365 41 33 of
890 2368 54 29 the
957 2367 67 32 feet
1038 2367 279 38 yellowish-gray;
1337 2376 107 20 under
1454 2370 76 35 part

392 2414 37 30 of
462 2414 56 30 the
549 2415 112 31 throat
691 2418 241 37 grayish-white
979 2418 94 37 belly
1100 2418 188 38 yello^vish;
1319 2427 73 21 ears
1418 2417 108 35 small,

396 2465 98 30 white
507 2466 87 31 hairs
607 2468 121 29 behind
742 2468 91 30 each,

275 2533 34 39 7.
342 2531 57 37 M.
429 2545 137 25 NIGER.
597 2535 115 35 Black
741 2534 145 38 Baboon
906 2535 307 49 —Cynocepbale
1247 2549 120 35 negre,
1391 2537 133 36 Desm.

332 2599 161 36 Mamm.
514 2600 125 48 Supp.
659 2613 32 35 p.
719 2601 87 37 534.
871 2602 117 36 Black
1007 2615 77 35 ape,
1102 2602 169 38 Macacus
1290 2615 113 35 niger,
1423 2602 106 37 Zool.
