2240 3972
109 339 114 48 true
250 333 162 55 origin
438 332 56 54 of
516 331 65 55 all
606 331 207 72 things;
854 330 168 54 whilst
1048 330 333 54 Pythagoras,
1409 350 156 53 going
1590 351 216 53 perhaps
1833 334 104 53 still
1964 334 103 53 fur-

110 409 114 52 ther
248 408 107 52 into
382 413 88 47 the
495 407 326 70 unmeaning,
849 404 307 72 proclaimed
1186 424 256 44 numbers,
1473 406 159 53 which
1662 426 81 34 are
1777 427 135 34 mere
1938 409 128 52 arbi-

107 487 137 65 trary
280 480 239 71 symbols,
551 487 54 47 to
641 480 63 54 be
736 480 166 53 actual
942 479 275 53 existences
1258 479 99 52 and
1395 485 87 47 the
1522 499 225 36 essences
1785 482 55 52 of
1873 483 191 69 things.

107 556 140 52 Thus
285 556 41 52 it
359 573 99 34 was
493 554 111 53 that
639 574 133 46 man,
808 553 242 53 forgetful
1086 553 56 52 of
1175 552 78 53 his
1290 553 132 71 early
1457 553 251 73 humility,
1743 556 197 52 created
1979 557 87 53 the

106 628 120 54 laws
261 630 56 52 of
351 648 64 34 an
442 628 224 54 external
704 627 155 53 world
897 627 126 53 after
1059 632 87 47 the
1184 631 201 66 pattern
1426 628 55 51 of
1515 628 78 53 his
1630 648 111 34 own
1779 630 282 55 thoughts:

107 703 126 53 such
257 708 212 48 motives
505 722 52 33 as
591 702 63 53 he
685 702 90 52 felt
810 706 52 48 to
895 701 244 53 influence
1172 699 78 53 his
1278 720 111 33 own
1424 706 193 48 actions
1643 722 127 34 were
1805 703 117 53 held
1957 704 105 52 also

106 782 54 47 to
187 776 64 54 be
275 782 87 47 the
387 776 270 71 principles
685 775 279 72 governing
990 780 87 47 the
1103 774 236 53 relations
1366 775 55 53 of
1449 776 223 52 external
1698 777 223 69 objects;
1964 777 98 53 and

107 850 199 53 natural
347 850 317 70 phenomena
697 869 126 34 were
866 847 262 54 explained
1169 847 68 72 by
1272 849 323 70 sympathies,
1642 849 152 66 loves,
1843 851 217 66 discord,

106 923 157 54 hates.
341 926 75 51 As
454 930 87 47 the
576 923 133 53 child
744 922 270 55 attributes
1054 922 85 52 life
1177 927 53 48 to
1261 923 87 52 the
1384 923 126 52 dead
1543 923 190 71 objects
1770 925 194 52 around
2002 925 58 64 it,

106 998 242 71 speaking
371 998 124 53 with
530 1004 138 46 them
705 997 99 53 and
838 997 242 70 thinking
1113 1000 54 48 to
1199 1015 187 34 receive
1412 1016 214 33 answers
1662 998 129 52 from
1822 1003 155 58 them,
2007 1018 55 33 so

106 1072 259 65 mankind,
392 1072 53 52 in
470 1076 87 49 the
584 1071 269 53 childhood
881 1071 54 52 of
961 1071 238 69 thought,
1230 1070 195 53 assigns
1455 1071 66 52 its
1549 1071 276 53 subjective
1850 1072 211 71 feelings

106 1151 53 47 to
188 1145 246 54 objective
463 1165 194 46 nature,
686 1145 209 71 entirely
923 1143 388 71 subordinating
1339 1150 89 47 the
1459 1144 226 71 physical
1710 1151 54 47 to
1791 1152 85 46 the
1902 1152 158 46 meta-

105 1219 226 71 physical
350 1242 10 31 :
401 1220 40 52 it
466 1220 42 52 is
536 1219 93 53 but
656 1219 208 53 another
890 1219 128 52 form
1041 1218 55 53 of
1117 1223 111 47 that
1254 1218 530 70 anthropomorphism
1810 1219 66 72 by
1897 1220 165 53 which

105 1294 86 52 the
216 1293 174 54 Dryad
411 1313 97 33 was
535 1293 174 71 placed
734 1293 53 53 in
811 1297 86 49 the
922 1297 121 59 tree,
1065 1291 88 53 the
1179 1292 168 52 Naiad
1373 1292 53 52 in
1452 1292 86 53 the
1564 1293 248 64 fountain,
1836 1295 224 70 Atropos

104 1368 122 52 with
263 1368 89 52 her
387 1368 203 52 scissors
625 1386 118 34 near
776 1372 87 47 the
896 1385 225 51 running
1154 1365 303 66 life-thread,
1495 1366 101 53 and
1635 1387 28 33 a
1699 1367 237 70 Sun-god
1973 1388 86 32 en-

103 1441 217 53 throned
353 1441 52 54 in
430 1447 87 48 the
542 1441 137 72 place
705 1441 56 53 of
792 1461 29 33 a
853 1440 94 53 law
974 1440 54 53 of
1055 1439 321 72 gravitation.
1453 1441 74 52 As
1554 1460 99 33 was
1679 1446 216 60 natural,
1923 1461 134 46 man,

104 1514 111 54 who
249 1515 120 53 thus
415 1515 228 53 imposed
682 1515 79 53 his
801 1514 119 53 laws
958 1533 139 34 upon
1130 1518 197 61 nature,
1364 1532 124 34 soon
1524 1514 101 53 lost
1661 1515 65 53 all
1761 1515 79 52 his
1875 1515 186 53 former

105 1589 252 71 humility,
395 1589 96 54 and
528 1590 129 52 from
692 1608 93 34 one
821 1607 267 35 erroneous
1124 1607 219 34 extreme
1374 1588 179 70 passed
1586 1594 54 47 to
1675 1594 87 47 the
1793 1596 265 65 opposite;

104 1683 53 33 as
194 1683 123 34 once
351 1664 64 52 he
449 1663 88 53 fell
571 1663 216 71 abjectly
819 1663 146 52 down
999 1662 51 52 in
1087 1681 65 34 an
1186 1680 164 53 agony
1377 1662 55 52 of
1462 1662 121 67 fear,
1620 1682 55 33 so
1707 1682 113 34 now
1849 1664 61 52 he
1948 1683 112 34 rose

104 1737 214 72 proudly
344 1757 70 52 up
440 1738 54 52 in
520 1756 64 34 an
610 1757 193 51 ecstasy
830 1737 55 53 of
906 1741 211 48 conceit.

177 1812 107 52 The
311 1816 243 49 assertion
583 1812 112 52 that
729 1830 117 33 man
877 1810 45 53 is
959 1816 88 47 the
1082 1828 225 34 measure
1333 1809 55 53 of
1418 1815 88 47 the
1539 1809 231 54 universe
1805 1810 253 70 definitely

103 1886 260 69 expressed
401 1885 104 53 this
540 1884 362 72 metaphysical
940 1889 141 48 stage
1117 1884 54 52 of
1206 1884 190 53 human
1433 1883 364 72 development.
1874 1886 108 53 But
2016 1887 41 51 it

104 1977 99 34 was
242 1980 28 32 a
305 1964 127 48 state
468 1965 113 48 that
613 1965 136 47 must
775 1957 186 73 plainly
990 1957 62 53 be
1077 1957 221 53 fruitless
1326 1958 55 53 of
1403 1958 103 53 real
1540 1958 334 72 knowledge;
1916 1960 142 53 there

104 2033 150 52 could
291 2033 62 53 be
391 2053 66 33 no
492 2033 202 70 general
728 2037 286 49 agreement
1053 2051 182 50 among
1274 2051 115 33 men
1416 2052 143 32 when
1594 2033 120 52 each
1741 2052 94 35 one
1874 2034 185 53 looked

105 2105 105 54 into
247 2107 78 53 his
368 2126 111 34 own
520 2108 156 63 mind,
719 2126 114 44 and,
876 2107 280 70 arbitrarily
1201 2106 209 70 making
1448 2107 133 52 what
1622 2107 62 52 he
1726 2108 224 53 thought
1994 2109 63 52 he

106 2180 159 53 found
289 2187 141 47 there
463 2181 86 52 the
583 2181 118 52 laws
729 2180 100 53 and
867 2180 267 71 principles
1167 2180 54 52 of
1255 2179 222 54 external
1512 2200 192 45 nature,
1734 2183 324 53 constructed

105 2253 85 54 the
225 2254 118 53 laws
370 2255 54 52 of
458 2261 86 47 the
570 2254 155 54 world
760 2260 91 47 out
886 2255 55 52 of
974 2254 86 52 the
1094 2254 181 70 depths
1308 2254 55 53 of
1397 2255 77 51 his
1512 2274 108 33 own
1659 2256 396 54 consciousness.

105 2327 239 72 Disputes
384 2333 136 49 must
558 2329 310 70 continually
895 2348 125 33 arise
1058 2327 155 54 about
1240 2347 161 34 words
1428 2348 147 33 when
1601 2329 162 53 words
1804 2330 125 53 have
1964 2336 92 47 not

107 2400 199 55 definite
332 2422 291 49 meanings;
665 2402 98 53 and
791 2408 85 47 the
901 2401 332 54 unavoidable
1257 2402 133 53 issue
1416 2408 137 47 must
1579 2402 62 53 be
1669 2403 261 72 Sophistry
1957 2405 100 52 and

106 2474 322 71 Pyrrhonism
452 2499 10 31 :
514 2477 89 53 the
643 2476 191 71 history
873 2476 55 52 of
964 2476 87 53 the
1095 2476 192 52 human
1325 2476 140 52 mind
1507 2476 134 64 does,
1678 2478 196 63 indeed,
1917 2498 140 33 show

104 2553 109 49 that
240 2570 209 51 systems
477 2551 55 53 of
559 2551 283 52 scepticism
876 2550 125 53 have
1034 2549 253 71 regularly
1314 2549 275 53 alternated
1615 2551 122 52 with
1764 2571 211 50 systems
2005 2553 55 53 of

105 2623 314 72 philosophy.
496 2625 224 53 Pruitful
759 2624 55 53 of
849 2629 169 66 empty
1053 2624 133 52 ideas
1218 2623 98 53 and
1350 2623 120 53 wild
1508 2625 204 63 fancies,
1748 2626 307 71 philosophy

104 2686 88 63 has
227 2703 89 47 not
354 2698 126 54 been
505 2698 176 53 unlike
719 2698 145 53 those
901 2697 181 54 barren
1107 2716 194 34 women
1330 2717 110 33 who
1467 2698 168 52 would
1672 2699 106 52 fain
1816 2699 125 53 have
1967 2701 87 52 the

106 2771 251 72 rumbling
383 2773 54 52 of
460 2772 131 53 wind
629 2777 54 48 to
722 2771 63 54 be
823 2777 86 47 the
934 2777 192 47 motion
1155 2771 54 52 of
1232 2772 261 70 offspring.
1570 2772 294 53 Convinced
1891 2774 54 51 of
1967 2774 86 53 the

107 2845 164 70 vanity
316 2847 55 53 of
409 2847 64 52 its
519 2845 270 54 ambitious
835 2850 257 66 attempts,
1138 2846 228 52 Socrates
1412 2845 347 53 endeavoured
1802 2851 54 48 to
1902 2847 151 71 bring

106 2917 293 74 philosophy
429 2920 145 53 down
611 2920 129 52 from
779 2926 86 46 the
890 2919 192 65 clouds,
1109 2918 301 53 introduced
1443 2919 41 52 it
1516 2919 109 53 into
1651 2926 87 46 the
1768 2920 155 66 cities,
1952 2922 101 53 and

108 2992 191 69 applied
323 2994 40 52 it
388 2999 53 48 to
472 3000 84 47 the
583 2994 218 52 conduct
828 2994 55 52 of
916 2994 191 51 human
1145 2993 116 65 life;
1301 2993 147 52 while
1487 2993 146 53 Plato
1662 2994 101 52 and
1789 2995 260 65 Aristotle,

107 3067 222 66 opposite
366 3088 53 32 as
459 3087 125 34 were
624 3068 132 52 their
798 3066 258 72 professed
1094 3067 246 64 methods,
1378 3086 125 33 were
1542 3066 127 54 both
1708 3068 127 53 alive
1871 3073 55 49 to
1966 3070 86 52 the

108 3155 269 52 vagueness
416 3142 55 52 of
504 3148 87 46 the
629 3160 233 34 common
890 3141 355 71 disputations,
1274 3140 97 53 and
1411 3140 123 53 both
1572 3141 244 53 laboured
1845 3142 125 53 hard
1996 3149 53 47 to

107 3209 65 53 fix
212 3212 248 74 definitely
486 3221 87 47 the
610 3234 261 34 meanings
911 3215 55 52 of
988 3214 179 54 words.
1244 3215 104 51 But
1377 3234 162 33 words
1575 3221 186 47 cannot
1799 3222 160 47 attain
1996 3223 54 47 to

109 3282 310 59 definiteness
447 3308 114 34 save
599 3309 53 33 as
691 3289 160 70 living
878 3294 316 47 outgrowths
1222 3289 54 52 of
1309 3288 233 65 realities,
1572 3309 52 32 as
1662 3295 90 47 the
1792 3296 143 47 exact
1967 3310 83 33 ex-

108 3375 243 50 pressions
391 3362 53 52 of
480 3368 86 46 the
603 3362 313 71 phenomena
954 3363 55 52 of
1048 3363 84 52 life
1169 3363 53 52 in
1260 3362 86 52 the
1383 3362 281 70 increasing
1703 3364 257 70 speciality
2000 3364 55 52 of

109 3424 182 61 human
317 3435 288 71 adaptation
631 3443 54 46 to
712 3436 226 52 external
972 3442 196 47 nature.
1246 3437 74 52 As
1346 3435 42 53 it
1413 3435 41 52 is
1480 3436 121 52 with
1626 3437 84 52 life
1738 3438 311 70 objectively,

111 3503 93 52 and
229 3525 51 33 as
306 3507 41 52 it
371 3508 43 52 is
433 3509 123 52 with
575 3509 258 53 cognition
854 3530 55 32 or
936 3508 271 54 subjective
1231 3509 103 65 life,
1357 3529 55 33 so
1428 3509 43 52 is
1491 3509 40 52 it
1552 3509 121 52 with
1692 3510 85 51 the
1801 3510 250 71 language

108 3574 53 54 in
185 3579 160 54 which
369 3586 87 49 the
481 3602 314 51 phenomena
829 3602 82 34 are
944 3583 261 53 embodied
1226 3605 10 31 :
1275 3583 57 52 in
1368 3588 88 47 the
1483 3601 205 52 organic
1726 3584 194 69 growth
1946 3585 55 51 of
2023 3605 28 32 a
