1933 3302
265 131 49 38 16

663 130 254 43 Anderweitige
942 133 156 33 Formen.
1146 136 325 32 Prädispoßitionen.

262 237 119 39 Form
410 238 79 38 und
519 238 85 38 eine
633 238 240 41 ulcerirende
894 241 116 39 Form
1039 243 72 37 mit
1140 243 186 52 häutigen
1347 245 336 53 Auflagerungen;
1713 250 155 40 letztere

263 291 86 39 hält
379 305 41 24 er
448 292 66 37 für
544 292 60 38 die
623 292 186 39 leichtere
830 294 128 39 Form.
1007 295 225 39 Durchliest
1251 311 89 25 man
1361 299 60 39 die
1442 314 125 36 genau
1588 305 281 36 mitgetheilten

263 345 129 46 Fälle,
425 358 42 25 so
499 347 256 49 entsprechen
785 348 61 38 die
876 349 126 37 seiner
1031 349 445 53 ulcerös-gangränösen
1506 353 113 39 Form
1647 358 221 37 unzweifel-

264 399 87 38 haft
380 399 68 38 der
467 399 192 50 pulpösen
679 401 241 50 Delpech's
950 402 81 38 und
1061 403 60 38 die
1141 404 127 38 seiner
1287 405 211 40 leichteren
1518 413 351 36 ulcerös-häutigen

264 452 118 39 Form
420 454 100 37 etwa
556 454 68 38 der
651 454 366 51 ulcerös-pulpösen
1045 455 118 39 Form
1190 456 236 42 Fischer's,
1474 460 117 39 Diese
1619 462 252 53 Eintheilung

265 506 71 39 hat
357 506 117 38 somit
492 507 92 38 kein
605 508 234 38 besonderes
860 508 203 39 Interesse.
1107 510 189 40 Dasselbe
1317 513 72 50 gilt
1408 526 75 25 von
1508 514 67 37 der
1595 514 276 42 Classification

266 560 68 39 der
354 560 415 50 Hospitalbrandfälle,
802 562 147 39 welche
970 563 221 52 Pirogoff
1216 565 40 38 in
1278 567 21 36 6
1322 567 147 38 Reihen
1499 568 187 38 aufstellt:
1720 571 33 36 1,
1774 570 97 39 Eine

265 614 176 48 Wunde,
481 615 147 38 welche
663 615 63 38 nie
757 616 216 38 ordentlich
1012 617 233 50 granulirte,
1285 620 115 38 fängt
1437 634 49 24 an
1522 621 101 38 noch
1650 622 142 39 welker
1827 638 45 24 zu

265 668 177 48 werden,
474 672 245 47 vergrössert
749 669 100 46 sich,
880 670 166 38 bedeckt
1075 671 79 38 sich
1185 672 71 38 mit
1286 674 320 49 abgestorbenem
1635 676 235 39 Zellstoff...

267 722 35 38 2.
342 722 82 39 Der
459 736 123 38 ganze
611 722 263 39 Wundboden
910 724 167 38 bedeckt
1113 725 81 38 sich
1231 727 70 38 mit
1339 728 321 50 abgestorbenem
1687 730 185 47 Zellstoff,

265 775 88 40 eine
382 776 145 51 filzige,
567 776 183 51 fleckige,
791 790 120 38 graue
940 778 173 38 Eschara
1148 779 164 39 bedeckt
1341 781 60 38 die
1431 781 267 40 Wundfläche.
1757 786 35 36 3.
1827 784 45 38 In

266 830 256 39 chronischen
542 830 165 39 weissen
728 830 448 52 Grelenkgeschwülsten,
1207 847 113 24 wenn
1349 834 55 38 sie
1423 835 189 38 ulceriren
1633 837 91 38 oder
1744 841 130 47 geätzt

267 885 169 47 werden,
469 885 222 38 entwickelt
720 885 82 38 sich
834 885 84 38 eine
938 886 232 38 Putrescenz
1201 887 67 38 der
1288 887 194 48 Wunden,
1512 889 145 38 welche
1687 891 71 37 mit
1788 892 85 37 dem

266 939 192 50 pulpösen
488 939 309 50 Hospitalbrand
827 940 127 50 einige
973 938 278 40 Aehnlichkeit
1279 941 79 38 hat,
1390 942 92 37 aber
1511 942 97 38 doch
1638 946 116 35 etwas
1774 944 98 39 Ver-

267 993 227 38 schiedenes
514 993 108 38 ist...
664 993 36 37 4.
722 991 64 40 An
807 993 106 38 einer
932 1007 99 38 ganz
1051 994 133 38 reinen
1204 995 299 50 granulirenden
1524 996 153 39 Wunde
1697 997 177 39 bemerkt

267 1061 92 24 man
389 1047 84 38 eine
503 1047 129 38 kleine
662 1047 181 38 ulcerirte
863 1047 246 52 Vertiefung,
1139 1048 298 39 blass-gelblich
1467 1050 91 37 oder
1578 1050 92 38 livid
1691 1050 180 47 bläulich,

268 1101 240 51 missfarbig.
558 1101 73 38 Die
662 1101 285 50 Vertiefungen
976 1102 153 38 fliessen
1158 1116 221 25 zusammen
1408 1104 77 37 und
1515 1104 59 37 die
1596 1104 179 38 Wunden
1805 1105 68 38 be-

268 1156 185 38 kommen
475 1155 62 38 ein
557 1158 203 48 zernagtes
781 1155 196 39 Ansehen.
1024 1157 34 37 5.
1089 1156 73 38 Die
1188 1159 193 48 genannte
1401 1157 339 51 hämorrhagische
1761 1159 114 38 Form

268 1210 66 38 bei
363 1213 294 35 scorbutischen
687 1209 199 39 Kranken.
946 1211 35 37 6.
1013 1210 213 50 Typischer
1254 1211 182 50 pulpöser
1464 1211 315 39 Hospitalbrand.

399 1263 405 39 Begreiflicherweise
824 1263 69 38 hat
913 1264 83 38 eine
1018 1277 131 25 solche
1169 1263 251 52 Aufstellung
1439 1278 75 25 von
1533 1264 176 47 Formen,
1731 1265 143 38 welche

268 1332 87 24 zum
378 1318 113 38 Theil
509 1318 126 38 ihrem
657 1318 145 38 Wesen
822 1318 110 45 nach,
955 1318 73 38 wie
1049 1318 218 38 Pirogoff
1293 1319 120 37 selbst
1431 1318 214 51 zugesteht,
1665 1319 107 38 nicht
1792 1319 81 38 ein-

270 1372 79 39 mal
379 1372 309 51 Hospitalbrand
723 1372 103 38 sind,
866 1372 141 38 keinen
1036 1372 142 38 Werth
1211 1372 64 37 für
1309 1386 83 24 uns.
1450 1370 111 40 Auch
1590 1372 79 38 will
1702 1373 62 37 ich
1792 1373 83 37 hier

269 1427 111 38 nicht
409 1428 61 37 die
500 1427 296 50 Benennungen
824 1426 288 50 reproduciren,
1143 1426 144 38 welche
1318 1426 72 38 den
1416 1425 255 50 Hypothesen
1700 1426 176 38 früherer

270 1481 260 38 Theoretiker
569 1494 268 37 entsprungen
875 1481 97 37 sind.
1037 1480 279 38 Eisenmann
1359 1494 30 23 z.
1425 1479 44 38 B.
1507 1479 134 38 suchte
1682 1480 73 38 den
1792 1480 82 38 Ho-

268 1535 243 51 spitalbrand
533 1535 55 38 als
610 1534 312 51 adynamischen,
955 1534 288 50 dynamischen,
1266 1533 314 51 didynamischen
1604 1533 270 50 Wundtyphus

267 1590 43 38 in
326 1590 60 38 die
407 1604 184 32 ,Familie
608 1589 184 50 Typhus"
816 1588 257 39 einzureihen.
1105 1587 112 39 Auch
1231 1588 147 38 Heine
1395 1588 138 50 gehört
1545 1601 46 24 zu
1607 1587 126 39 diesen
1747 1587 126 38 Theo-

268 1644 186 38 retikern.
495 1644 313 38 Durchdrungen
837 1656 76 25 von
939 1644 66 37 der
1028 1641 318 51 üeberzeugung,
1379 1642 86 37 dass
1484 1642 66 37 der
1569 1641 306 50 Hospitalbrand

269 1698 73 39 mit
362 1699 68 38 der
451 1697 411 39 Rachendiphtheritis
888 1697 194 38 identisch
1110 1697 66 38 sei,
1208 1696 105 38 stellt
1338 1709 40 24 er
1399 1695 81 38 sich
1501 1696 59 37 die
1581 1694 192 51 Aufgabe,
1807 1695 67 38 das

269 1753 192 38 klinische
481 1753 90 38 Bild
601 1753 66 37 des
688 1751 351 39 Hospitalbrandes
1068 1750 40 38 in
1138 1750 131 38 seinen
1298 1750 298 38 verschiedenen
1616 1748 166 38 Formen
1811 1748 69 38 auf

269 1808 89 38 dem
377 1807 138 38 Boden
534 1807 68 38 der
624 1805 382 39 Wunddiphtheritis
1026 1818 47 24 zu
1093 1804 240 39 construiren
1353 1804 79 37 und
1451 1803 80 38 will
1551 1803 118 37 durch
1696 1803 59 37 die
1784 1815 91 25 ana-

268 1862 191 38 tomische
488 1861 194 50 Analyse,
718 1873 145 25 welche
894 1859 60 38 die
984 1859 299 38 verschiedenen
1310 1857 132 38 Bilder
1472 1857 66 38 der
1566 1856 217 38 Krankheit
1811 1855 69 39 auf

268 1916 85 38 ihre
384 1916 293 38 Componenten
706 1914 283 38 zurückführen
1020 1913 83 38 soll,
1136 1926 45 24 zu
1212 1913 144 37 diesem
1384 1911 105 38 Ziele
1518 1923 203 38 gelangen.
1783 1909 93 38 Eine

271 1970 227 39 Erklärung
527 1970 66 37 des
623 1969 166 38 Wesens
821 1969 66 37 der
916 1967 221 38 Krankheit
1179 1966 51 38 ist
1264 1967 92 37 aber
1390 1965 135 38 hiemit
1552 1964 107 38 nicht
1687 1964 187 50 gegeben,

270 2026 81 37 und
381 2024 104 38 diese
516 2026 260 36 construirten
797 2022 133 38 Bilder
958 2022 129 37 haben
1116 2033 233 38 geringeren
1369 2019 140 37 Werth
1538 2018 55 37 als
1624 2018 59 37 die
1713 2030 66 24 aus
1810 2017 67 37 der

271 2082 306 35 unmittelbaren
598 2077 221 38 klinischen
839 2076 280 49 Beobachtung
1141 2087 323 36 entsprungenen.
1503 2071 176 38 Heine's
1699 2070 177 38 Einthei-

270 2134 100 38 lung
398 2134 52 37 ist
469 2133 201 38 folgende:
713 2133 31 35 1.
767 2131 73 37 Die
862 2129 319 39 diphtheritische
1201 2127 194 38 Infarsion
1414 2126 77 38 und
1512 2125 269 49 Nekrosirung
1810 2124 67 37 der

270 2187 374 39 Wundoberfläche;
668 2187 34 36 2.
727 2185 61 38 die
805 2182 482 52 diphtheritisch-pulpöse
1303 2180 198 50 Gangrän;
1525 2180 35 37 3.
1584 2179 66 38 der
1663 2178 212 50 diphtheri-

271 2242 301 39 tisch-ulceröse
593 2238 282 40 Wundzerfall.
926 2238 52 37 Es
1008 2238 50 36 ist
1088 2237 182 50 möglich,
1302 2235 87 37 dass
1420 2234 81 37 sich
1532 2234 66 37 der
1632 2232 139 38 Werth
1799 2232 78 37 und

273 2297 61 38 die
364 2295 296 50 Berechtigung
689 2294 126 38 dieser
843 2292 256 39 Eintheilung
1130 2290 119 38 durch
1277 2291 154 36 weitere
1457 2287 330 49 Beobachtungen
1817 2299 59 24 er-

272 2351 122 52 giebt.
438 2350 68 38 Bis
537 2349 118 39 dahin
685 2362 93 24 aber
802 2348 106 37 kann
927 2346 63 38 ich
1011 2345 69 39 auf
1098 2344 103 39 diese
1222 2341 360 50 Formeintheilung
1611 2354 106 24 nicht
1744 2342 134 35 weiter

275 2405 209 51 eingehen,
522 2404 168 38 sondern
725 2416 106 25 muss
861 2415 66 24 zur
956 2402 183 36 weiteren
1167 2396 356 40 Kenntnissnahme
1552 2395 79 37 und
1659 2407 65 24 zur
1752 2392 124 38 Beur-

272 2460 179 43 theilung
481 2458 204 38 derselben
716 2457 70 38 den
818 2456 118 37 Leser
966 2455 70 37 auf
1060 2452 191 39 Heine's
1281 2449 280 52 Monographie
1592 2447 219 38 verweisen.

274 2620 44 41 C.
349 2620 141 39 lieber
509 2615 401 42 Prädispositionen
938 2613 75 39 für
1042 2612 68 40 die
1129 2610 291 40 Erkrankung
1449 2618 53 28 an
1530 2605 346 51 Hospitalbrand.

407 2728 80 38 Der
506 2724 308 41 Hospitalbrand
832 2722 106 37 kann
959 2720 55 39 als
1034 2733 106 26 reine
1157 2713 557 44 Wundinfectionskrankheit,
1736 2711 142 38 welche

274 2797 76 26 nur
379 2780 141 41 örtlich
547 2780 138 45 haftet,
713 2777 117 52 jeden
859 2774 227 40 Menschen,
1118 2774 47 38 ob
1191 2773 101 50 jung
1320 2783 92 26 oder
1441 2768 64 46 alt,
1537 2768 47 38 ob
1610 2766 145 50 kräftig
1788 2765 91 38 oder

277 2836 193 46 schwach,
503 2833 206 40 ergreifen.
778 2830 169 39 Freilich
986 2828 129 38 finden
1155 2840 71 25 wir
1264 2824 64 39 bei
1371 2824 73 37 den
1482 2825 103 35 alten
1614 2818 265 40 Beobachtern

276 2888 240 43 mancherlei
544 2886 281 41 Unterschiede
854 2884 41 38 in
925 2883 67 38 der
1011 2880 244 40 Disposition
1283 2877 99 39 nach
1402 2876 121 46 Alter,
1557 2873 226 40 Geschlecht
1801 2871 79 39 und

277 2944 262 41 Constitution
571 2939 236 53 aufgestellt.
866 2938 320 47 Dussaussoy
1216 2933 249 48 behauptete,
1497 2930 66 37 das
1593 2926 178 40 Greisen-
1802 2924 76 39 und
