2107 3450
1578 305 86 41 223

568 317 168 34 SPEECH
770 317 46 30 IN
851 316 245 31 DEMENTIA.

10 445 84 42 fine
114 445 178 42 fibrillar
317 454 271 30 movements
612 439 47 43 of
678 439 74 42 the
775 451 118 29 same
911 436 110 43 kind
1045 442 44 37 to
1109 436 52 43 be
1185 435 238 53 exhibited,
1442 435 128 43 when
1588 436 75 43 the

9 514 166 44 disease
198 515 78 42 has
298 513 208 43 involved
538 512 75 42 the
639 514 141 38 motor
800 508 104 44 cells
928 508 44 42 of
1006 507 74 43 the
1105 506 205 44 medulla.
1374 506 92 43 The
1489 507 174 42 twitch-

8 586 96 57 ings
127 587 45 42 in
194 586 175 57 general
390 584 217 57 paralysis
631 581 215 44 certainly
870 581 68 42 for
964 579 73 44 the
1063 583 115 38 most
1200 582 101 52 part
1322 578 180 43 involve
1525 578 140 44 larger

9 659 186 43 bundles
233 659 45 42 of
316 671 221 29 muscular
571 655 130 43 fibres
737 654 107 43 than
881 653 53 42 do
973 652 73 43 the
1085 651 181 44 fibrillar
1305 655 277 39 movements
1621 652 47 42 of

7 728 530 57 glosso-labio-laryngeal
569 740 227 43 paralysis.
862 725 121 55 They
1007 738 100 42 may
1135 723 52 43 be
1227 722 170 44 termed
1430 722 234 43 fascicular

10 801 145 42 rather
190 801 106 42 than
332 800 206 53 fibrillar;
575 798 99 43 and,
710 798 66 42 for
811 797 74 43 the
924 801 115 38 most
1074 799 110 52 part,
1219 795 107 57 they
1361 809 163 43 appear
1558 795 105 57 only

9 872 158 57 during
199 874 74 42 the
307 886 301 43 performance
642 870 46 43 of
722 869 232 44 voluntary
984 873 286 39 movements.
1336 868 91 43 The
1459 869 208 56 question

9 943 196 43 whether
239 950 95 37 true
368 943 184 43 fibrillar
590 947 286 39 movements,
910 947 240 38 associated
1187 941 109 43 with
1331 941 199 58 wasting,
1566 957 102 28 ever

9 1030 129 29 occur
159 1016 130 43 along
315 1021 106 38 with
444 1016 135 52 them,
596 1031 74 28 my
694 1031 99 28 own
816 1029 301 29 observations
1141 1014 55 43 do
1219 1017 79 40 not
1314 1019 76 52 yet
1414 1014 156 44 enable
1595 1030 70 28 me

10 1092 43 39 to
76 1103 179 29 answer.

67 1160 65 43 As
155 1160 74 44 the
265 1161 167 43 disease
465 1160 227 44 advances,
717 1160 121 44 these
870 1162 276 40 movements
1180 1159 44 42 of
1257 1158 74 43 the
1354 1158 193 44 features
1580 1159 88 43 and

10 1237 174 52 tongue,
207 1247 106 42 very
345 1233 148 56 slight,
525 1233 38 42 if
593 1232 245 43 noticeable
872 1238 46 36 at
950 1231 72 52 all,
1052 1236 45 38 at
1129 1231 77 43 the
1239 1230 242 57 beginning
1514 1232 45 42 of
1592 1232 74 43 the

8 1306 95 42 first
126 1320 132 42 stage,
276 1307 178 42 become
483 1320 120 28 more
626 1305 87 42 and
736 1319 119 29 more
879 1304 203 53 marked;
1115 1303 99 52 and,
1237 1307 45 38 at
1305 1303 75 43 the
1403 1318 120 29 same
1546 1304 122 53 time,

8 1377 173 44 Paresis
200 1379 46 41 of
265 1378 261 42 Movement
542 1378 48 41 in
608 1377 74 43 the
700 1378 192 41 features
915 1376 87 43 and
1026 1381 163 52 tongue
1208 1376 202 42 becomes
1436 1390 117 29 more
1576 1377 88 42 and

8 1463 119 30 more
152 1457 224 49 apparent.
441 1450 56 41 In
521 1449 73 43 the
617 1449 203 43 features,
844 1448 74 43 the
942 1462 140 42 upper
1103 1448 65 55 lip
1192 1448 252 43 sometimes
1467 1462 199 30 assumes

8 1535 25 28 a
54 1521 155 43 flaccid
231 1522 87 42 and
338 1521 250 57 pendulous
621 1534 284 43 appearance,
928 1534 46 28 as
1007 1519 36 42 if
1065 1520 37 41 it
1125 1533 112 29 were
1259 1519 282 58 imperfectly
1563 1535 103 42 sup-

7 1593 155 56 ported
194 1594 58 42 by
273 1594 59 42 its
364 1608 265 42 suspensory
650 1592 329 43 muscles—the
1003 1594 22 20 "
1040 1591 201 43 veil-like
1278 1606 136 42 upper
1446 1591 100 57 lip."
1610 1593 56 43 In

6 1665 75 43 the
105 1670 172 51 tongue,
301 1665 285 56 impairment
608 1665 47 42 of
676 1664 235 43 voluntary
932 1668 256 39 movement
1205 1678 106 29 soon
1336 1665 200 43 becomes
1560 1680 105 42 very

7 1737 189 43 evident.
260 1738 66 42 Dr
350 1737 214 44 Clouston
587 1752 100 29 says
704 1742 92 39 :—"
812 1735 55 44 In
891 1736 76 43 the
991 1736 160 44 second
1174 1751 121 29 stage
1319 1737 45 43 of
1386 1737 76 44 the
1487 1738 182 54 disease,

6 1810 75 42 the
106 1815 116 38 want
246 1811 46 42 of
322 1810 304 43 coordination
648 1810 37 43 is
709 1824 105 29 very
838 1809 172 43 choreic
1032 1809 47 42 in
1101 1809 59 43 its
1184 1809 237 44 character,
1443 1810 82 43 but
1559 1818 108 36 with

6 1882 74 42 the
106 1882 256 43 convulsive
387 1882 219 43 tendency
630 1883 48 42 in
711 1881 210 43 addition.
986 1881 97 43 Tell
1115 1895 25 29 a
1172 1881 217 57 paralytic
1424 1883 175 56 patient
1620 1884 48 43 in

6 1953 74 43 the
103 1954 95 42 first
221 1959 120 38 stage
365 1959 44 38 to
432 1958 82 52 put
537 1960 78 37 out
636 1954 69 42 his
728 1957 176 53 tongue,
927 1953 89 42 and
1047 1953 55 43 he
1136 1958 45 38 at
1213 1968 107 29 once
1343 1954 104 43 does
1482 1969 72 41 so;
1587 1956 80 43 but

9 2039 88 42 you
136 2040 70 29 see
242 2027 254 56 quiverings
534 2027 194 42 running
763 2026 129 43 down
927 2040 161 42 groups
1126 2027 44 42 of
1209 2026 74 43 the
1318 2027 172 44 fibrillse
1529 2029 45 42 of
1610 2029 60 44 its

10 2098 200 43 muscles.
273 2098 96 43 Tell
403 2098 75 43 the
500 2113 118 29 same
642 2113 102 28 man
767 2099 46 41 in
838 2099 75 42 the
937 2098 161 43 second
1121 2103 121 39 stage
1266 2102 44 40 to
1334 2099 54 43 do
1412 2114 60 39 so,
1494 2103 87 41 and
1615 2103 55 44 he

8 2175 104 50 puts
144 2170 37 43 it
203 2170 157 57 slowly
383 2176 89 47 out,
494 2170 75 44 the
593 2170 140 44 whole
757 2185 134 43 organ
914 2171 132 56 being
1078 2171 174 56 pushed
1275 2172 137 43 about
1432 2174 48 41 in
1513 2188 25 28 a
1560 2189 108 43 very

8 2242 216 56 unsteady
248 2257 106 42 way,
370 2243 190 56 through
579 2244 57 42 its
656 2243 189 43 muscles
864 2248 77 38 not
959 2244 147 56 acting
1125 2244 331 58 harmoniously
1477 2248 191 44 towards

8 2314 75 43 the
106 2314 167 43 desired
299 2315 95 43 end.
459 2315 94 43 Tell
576 2315 104 54 him,
705 2315 47 42 in
775 2315 75 44 the
874 2316 85 43 end
983 2316 45 43 of
1061 2316 74 43 the
1160 2316 119 44 third
1302 2322 133 53 stage,
1459 2324 44 38 to
1527 2320 55 44 do
1609 2336 61 39 so,

6 2388 87 41 and
132 2388 74 42 the
240 2387 102 56 only
377 2402 206 42 response
621 2389 37 42 is
697 2388 68 43 his
805 2389 179 57 moving
1021 2388 75 44 the
1135 2404 135 43 organ
1308 2391 136 43 about
1476 2407 24 27 a
1538 2393 131 54 little,

7 2460 188 42 without
229 2460 129 57 being
391 2460 97 43 able
518 2465 44 38 to
597 2460 207 57 protrude
838 2461 36 42 it
906 2461 176 57 beyond
1116 2461 74 44 the
1224 2463 166 43 mouth.
1455 2464 107 59 Any
1585 2482 83 29 one

6 2532 279 44 accustomed
317 2539 44 37 to
384 2548 70 28 see
487 2533 132 43 much
644 2534 46 42 of
720 2533 74 44 the
818 2534 168 43 disease
1010 2549 77 28 can
1125 2535 120 42 often
1269 2536 208 57 diagnose
1509 2538 48 53 it,
1580 2541 89 43 and

6 2605 74 43 the
112 2611 123 52 stage
267 2606 37 42 it
335 2605 79 43 has
446 2606 197 53 reached,
672 2606 110 43 from
817 2606 75 43 the
925 2611 162 53 tongue
1121 2607 194 45 alone."1
1379 2610 101 54 But,
1514 2616 45 38 at
1592 2613 76 44 the

5 2674 239 56 beginning
266 2677 46 41 of
342 2675 74 43 the
441 2676 94 42 first
557 2690 135 43 stage,
715 2676 188 57 perhaps
927 2676 75 44 the
1025 2676 118 44 little
1168 2678 250 43 occasional
1441 2681 228 59 shivering

7 2760 45 28 or
74 2747 229 57 twitching
328 2749 43 40 in
398 2748 73 43 the
494 2763 140 42 upper
656 2749 62 56 lip
743 2764 47 27 or
812 2748 263 45 naso-labial
1098 2750 92 43 fold
1212 2750 38 43 is
1281 2765 121 30 more
1424 2752 244 44 important

7 2818 86 42 and
125 2819 269 53 distinctive,
426 2821 45 42 in
504 2835 24 28 a
561 2820 245 58 diagnostic
839 2836 139 38 sense,
1011 2822 108 43 than
1153 2837 112 29 even
1300 2823 74 44 the
1409 2828 257 57 quiverings

10 2889 97 43 that
128 2905 83 28 run
234 2891 126 43 down
383 2892 74 44 the
481 2893 222 43 muscular
728 2894 128 44 fibres
879 2895 45 42 of
948 2894 73 44 the
1045 2899 175 40 tongue.

70 2961 182 58 Coming
275 2978 93 27 now
395 2970 43 37 to
463 2966 73 43 the
559 2966 321 44 consideration
905 2968 45 42 of
981 2967 76 44 the
1080 2968 182 43 Defects
1287 2969 47 42 of
1363 2969 303 47 Articulation

12 3033 45 41 in
82 3033 187 44 General
293 3036 231 57 Paralysis,
548 3053 64 29 we
634 3039 112 43 have
770 3044 44 38 to
838 3044 188 39 note:—

54 3133 12 23 1
94 3134 20 18 "
132 3133 192 37 Disorders
355 3136 39 35 of
421 3136 143 49 Speech
596 3138 41 36 in
670 3139 208 49 Insanity,"
909 3140 220 47 Edinburgh
1163 3141 160 37 Medical
1353 3143 173 46 Journal,
1552 3143 115 37 April

10 3195 104 35 1876.
