2125 3612
1649 289 57 43 49

624 298 277 32 HYSTERICAL
934 298 188 32 MUTISM.

106 423 122 43 Class
263 423 39 42 3,
339 422 44 42 in
419 420 144 42 which
603 419 118 43 Both
756 418 302 43 Mechanisms
1096 431 117 29 seem
1252 422 45 39 to
1335 419 52 43 be
1421 419 224 53 involved,
1668 421 38 43 is

43 493 247 43 illustrated
314 493 58 42 by
396 492 99 43 Obs.
520 491 89 42 LV.
672 490 92 43 The
787 490 184 55 patient,
994 503 25 28 a
1038 503 171 28 woman
1233 489 108 57 aged
1365 490 57 42 43
1446 504 142 42 years,
1611 491 88 43 lost

41 565 79 43 her
154 579 119 28 voice
310 565 46 41 in
396 563 188 43 October
622 562 128 43 1884,
785 576 46 28 so
866 565 99 38 that
1003 560 77 44 she
1117 561 130 42 could
1285 561 106 57 only
1425 562 136 56 speak
1593 562 47 43 in
1674 578 25 27 a

41 638 201 54 whisper,
266 636 86 43 and
376 636 80 42 felt
478 635 132 42 much
646 634 165 43 fatigue
848 634 47 41 in
930 633 135 56 doing
1086 647 59 29 so.
1208 633 179 57 During
1410 633 75 43 the
1508 648 198 30 summer

40 709 45 42 of
108 709 114 42 1886
248 709 73 41 the
345 707 121 43 voice
490 706 287 56 disappeared
800 705 280 56 completely,
1098 719 46 29 so
1167 704 99 44 that
1291 706 77 43 she
1389 720 88 29 was
1500 710 79 39 not
1595 707 109 56 only

39 779 184 43 affected
247 786 105 35 with
376 778 203 57 aphonia,
602 779 80 41 but
706 777 106 43 with
835 791 26 29 a
884 777 212 43 veritable
1119 777 198 44 mutism.

98 852 91 43 The
212 852 121 42 voice
357 865 87 28 was
474 850 197 43 restored
699 850 129 42 when
860 849 76 43 the
969 850 172 56 patient
1164 864 88 29 was
1285 850 140 43 under
1457 855 245 39 treatment

38 924 105 42 with
168 924 266 55 hypnotism.
499 923 91 42 The
613 922 233 57 physician
875 922 160 43 caused
1067 922 76 43 the
1175 923 184 56 patient,
1383 923 130 42 when
1537 923 50 42 in
1610 923 92 43 this

36 996 237 42 condition,
298 1003 43 35 to
365 994 152 58 cough,
539 994 88 43 and
649 999 44 38 to
723 994 116 43 clear
870 994 77 43 the
980 995 148 42 throat
1159 995 271 43 sonorously.
1496 995 72 42 He
1602 995 97 42 first

37 1067 125 43 made
186 1068 122 42 these
330 1067 163 43 sounds
516 1067 190 43 himself,
729 1067 87 42 and
838 1067 109 42 then
970 1067 160 43 caused
1157 1067 75 43 the
1256 1068 173 56 patient
1451 1072 45 38 to
1519 1068 177 42 imitate

36 1139 120 43 them
179 1155 8 39 ;
219 1140 254 43 afterwards
496 1139 55 44 he
572 1144 75 52 got
671 1139 77 43 her
771 1144 43 38 to
837 1139 191 57 produce
1061 1140 122 42 them
1219 1140 48 42 of
1301 1140 169 43 herself
1503 1145 46 37 at
1585 1155 117 28 com-

37 1212 144 43 mand.
245 1213 72 42 He
339 1212 107 43 then
468 1212 157 56 passed
648 1216 43 38 to
719 1211 75 43 the
827 1212 340 55 pronunciation
1201 1213 48 41 of
1278 1212 176 43 vowels,
1477 1212 87 42 and
1586 1227 108 28 soon

38 1283 208 45 obtained
284 1295 27 32 e
355 1285 86 42 and
478 1294 45 41 a,
564 1298 25 27 a
626 1283 117 43 little
785 1283 113 43 later
940 1293 45 41 O,
1026 1283 90 43 and
1163 1284 110 42 with
1318 1289 123 51 great
1484 1284 221 56 difficulty

34 1354 17 42 i
88 1355 99 56 (ee),
227 1357 85 41 and
352 1357 106 42 then
497 1365 48 41 u,
580 1355 283 56 pronounced
902 1370 66 28 on.
1050 1356 131 42 Later
1222 1356 106 42 still,
1372 1356 56 42 he
1471 1356 233 43 combined

39 1427 76 42 the
148 1428 160 42 vowels
342 1429 108 41 with
482 1428 76 42 the
592 1428 159 42 easiest
783 1427 406 43 consonants—the
1211 1427 171 43 labials,
1403 1428 47 41 in
1474 1438 96 41 em,
1595 1439 103 40 am,

32 1509 83 43 pa,
148 1509 82 43 po,
265 1508 201 35 etc.,—as
499 1514 81 28 one
615 1499 101 42 docs
750 1499 66 41 for
848 1499 201 42 children
1072 1499 98 42 who
1203 1513 72 29 are
1309 1500 132 56 being
1466 1501 158 42 taught
1657 1506 45 37 to

37 1573 116 43 read.
219 1572 246 44 Gradually
499 1572 47 41 in
584 1571 89 42 this
712 1585 185 28 manner
933 1571 77 42 the
1048 1571 161 56 speech
1244 1585 88 29 was
1371 1572 207 43 restored,
1614 1573 88 42 and

34 1645 257 43 eventually
313 1645 177 42 became
513 1647 177 53 perfect.
757 1642 101 43 Obs.
879 1643 167 42 LXXI.
1069 1643 39 43 is
1131 1643 92 43 also
1246 1657 25 29 a
1292 1643 114 55 good
1431 1644 203 58 example
1657 1645 46 43 of

35 1717 89 43 this
148 1717 78 42 3rd
249 1731 121 29 class.

92 1790 178 56 Among
287 1790 75 42 the
381 1787 344 45 Complications
746 1786 255 44 mentioned
1019 1787 228 56 are,—(1.)
1271 1787 242 58 Agraphia,
1530 1788 47 42 in
1597 1788 103 44 Obs.

31 1859 157 53 LXX.,
210 1876 25 28 a
267 1876 97 28 case
402 1860 206 44 recorded
647 1860 58 56 by
740 1859 191 43 Charcot
967 1859 48 42 in
1051 1860 128 43 1888.
1243 1861 142 42 There
1409 1875 103 29 was,
1535 1861 47 42 in
1613 1862 89 42 this

33 1947 109 29 case,
164 1948 56 28 no
244 1933 367 43 word-blindness
635 1946 80 28 nor
738 1931 355 43 word-deafness.
1159 1932 90 42 The
1278 1947 98 28 case
1408 1933 38 43 is
1470 1933 231 43 described

32 2022 47 28 as
102 2021 81 29 one
216 2007 45 41 of
297 2005 254 57 Hysterical
589 2003 249 56 Apoplexy,
863 2003 144 42 which
1045 2003 222 57 produced
1302 2005 398 43 unconsciousness

33 2080 69 41 for
122 2080 86 41 five
230 2093 47 27 or
299 2079 66 42 six
389 2078 144 42 hours,
556 2076 87 43 and
666 2076 195 42 resulted
884 2076 46 41 in
953 2076 216 55 paralysis
1187 2076 45 42 of
1254 2076 75 43 the
1349 2076 121 57 right
1487 2091 103 38 arm,
1609 2076 89 43 and

32 2151 166 56 paresis
221 2151 47 42 of
286 2150 75 42 the
384 2149 118 57 right
524 2149 79 42 leg.
673 2148 59 42 As
749 2147 195 57 patients
964 2148 109 42 with
1091 2148 238 56 hysterical
1351 2149 195 51 mutism,
1565 2149 131 43 when

33 2222 226 44 educated,
282 2235 160 29 almost
478 2235 164 28 always
681 2225 125 37 write
838 2219 109 43 with
985 2220 167 55 perfect
1178 2234 111 29 ease,
1312 2220 76 43 the
1418 2235 213 42 presence
1656 2223 47 41 of

33 2294 209 57 agraphia
271 2298 118 38 must
423 2293 157 43 render
612 2291 76 43 the
720 2291 221 56 diagnosis
975 2291 326 55 exceptionally
1335 2292 199 43 difficult.
1616 2294 74 55 (2.)

33 2367 266 55 Temporary
321 2366 231 42 Deafness,
575 2363 228 44 exhibited
835 2363 46 42 in
916 2363 100 43 Obs.
1041 2364 170 42 LVIII.
1275 2364 107 43 This
1416 2365 180 45 renders
1622 2367 76 43 the

32 2439 172 56 patient
227 2439 65 41 for
309 2438 75 42 the
403 2438 106 42 time
527 2436 133 44 being
676 2450 25 29 a
718 2435 258 53 deaf-mute,
990 2436 82 43 but
1089 2437 228 55 questions
1338 2452 72 28 are
1430 2443 270 40 understood

32 2511 39 41 if
89 2515 81 51 put
191 2510 48 42 in
262 2517 188 49 writing.
517 2509 75 57 (3.)
617 2509 270 56 Temporary
910 2508 241 44 Blindness
1174 2508 79 44 has
1276 2509 112 44 been
1411 2509 215 45 observed
1649 2512 48 41 in

33 2596 118 29 some
175 2597 129 29 cases.

93 2654 24 42 I
139 2654 169 43 believe
346 2654 98 43 that
486 2654 74 43 the
604 2653 134 44 study
782 2653 44 43 of
869 2653 61 43 M.
975 2651 192 45 Natier's
1211 2653 234 44 collection
1490 2655 48 43 of
1578 2670 121 29 cases

33 2726 264 57 thoroughly
316 2727 191 56 justifies
539 2727 77 42 the
648 2726 137 43 above
819 2725 321 44 classification.
1206 2725 45 44 It
1275 2727 92 42 will
1400 2727 53 43 be
1486 2729 212 42 observed

32 2798 99 42 that
152 2799 36 42 it
211 2799 36 42 is
270 2799 74 42 the
367 2813 118 28 same
515 2798 308 43 classification
856 2799 100 42 that
988 2798 23 42 I
1047 2797 111 43 have
1190 2797 179 57 already
1392 2800 216 54 proposed
1633 2800 67 42 for

32 2870 74 42 the
127 2871 201 43 varieties
347 2871 44 42 of
407 2871 299 56 stammering,
720 2870 110 42 with
849 2870 89 43 this
956 2870 250 43 difference,
1219 2870 99 42 that
1335 2870 74 42 the
1426 2872 273 42 mechanism

32 2943 209 43 involved
265 2943 36 42 is
325 2949 76 36 not
423 2943 184 42 affected
638 2943 58 42 by
720 2957 25 28 a
768 2957 116 28 mere
908 2948 120 37 want
1061 2942 44 42 of
1138 2942 318 55 promptitude,
1480 2942 81 43 but
1592 2943 60 57 by
1674 2957 26 29 a

34 3020 120 38 want
175 3016 44 41 of
243 3030 155 41 power,
421 3030 59 37 or,
503 3022 44 36 to
570 3029 178 29 express
775 3015 36 41 it
843 3016 47 40 in
924 3013 184 43 another
1131 3013 130 51 word,
1286 3013 57 56 by
1365 3013 226 56 paralysis.
1657 3014 47 42 If

35 3087 74 43 the
142 3087 112 43 view
287 3087 230 56 regarding
554 3087 75 42 the
667 3086 262 57 physiology
966 3086 44 41 of
1050 3085 268 56 whispering
1353 3085 142 42 which
1531 3086 21 41 I
1587 3086 111 42 have

36 3159 240 43 advocated
308 3159 37 43 is
369 3159 206 57 accepted
603 3160 58 55 by
685 3160 74 42 the
782 3159 164 43 reader,
970 3157 54 43 he
1058 3171 80 29 can
1173 3157 112 43 have
1318 3171 57 29 no
1407 3154 220 47 difficulty
1650 3157 48 42 in

1494 3227 29 31 G
