1972 3202
387 272 60 50 98

897 282 92 31 THE
1014 282 220 34 HOOLOCK.

389 405 112 47 East
519 405 133 47 India
670 405 251 62 Company^
939 407 90 45 and
1044 406 266 47 constitutes
1326 414 79 39 the
1419 407 336 47 north-eastern

388 483 141 45 limits
553 482 50 47 of
617 483 119 45 their
757 483 209 61 territory
985 484 48 44 in
1056 484 92 45 this
1173 490 194 53 quarter.

512 561 98 44 The
633 575 149 46 orang,
809 559 50 46 of
884 560 150 45 which
1065 560 23 45 I
1121 575 74 29 am
1226 575 104 30 now
1358 566 47 39 to
1438 575 151 45 speak,
1615 561 142 45 called

389 638 63 60 by
474 637 79 45 the
577 637 242 45 Assamese
845 642 13 20 ^
876 637 231 54 Hoolock/
1133 637 37 45 is
1193 643 47 39 to
1264 638 54 44 be
1341 643 95 38 met
1460 637 114 45 with
1599 652 55 30 on
1677 637 80 45 the

392 713 187 45 Garrow
614 713 136 54 Hills,
788 713 48 45 in
867 719 79 39 the
981 713 190 61 vicinity
1203 712 51 46 of
1280 713 239 60 Goalpara,
1551 714 207 45 between

389 790 216 45 latitudes
621 793 83 42 25°
724 790 89 45 and
827 793 84 41 28°
926 796 158 47 north;
1105 790 90 45 and
1209 796 78 39 the
1304 789 247 46 specimens
1568 790 191 60 brought

389 873 46 38 to
459 868 91 43 this
574 873 190 53 country
786 867 63 60 by
871 882 88 38 me,
985 882 117 29 were
1130 872 140 39 taken
1293 866 164 45 within
1475 881 27 30 a
1519 865 88 46 few
1629 866 131 45 miles

392 942 49 45 of
456 949 78 38 the
557 949 125 39 town
706 942 49 46 of
778 942 237 60 Goalpara.
1084 943 98 45 The
1205 941 84 47 full
1311 958 153 46 grown
1487 958 96 39 one,
1611 942 149 46 which

392 1025 48 39 at
463 1019 92 45 this
578 1025 112 38 time
707 1034 92 45 you
821 1018 117 46 have
961 1034 228 45 prepared,
1216 1035 94 30 was
1332 1019 48 45 in
1397 1035 82 45 my
1495 1019 262 61 possession,

391 1095 132 53 alive,
549 1094 112 46 from
689 1101 79 39 the
801 1095 161 45 month
996 1094 50 46 of
1076 1095 208 62 January
1319 1102 47 39 to
1401 1097 129 59 May,
1560 1096 134 45 when
1722 1096 37 45 it

393 1172 103 45 died
519 1171 112 46 from
655 1187 27 30 a
704 1172 118 44 blow
845 1171 37 45 it
906 1171 202 46 received
1131 1187 142 30 across
1296 1172 78 45 the
1397 1172 179 45 lumbar
1593 1172 164 46 region,

391 1249 339 60 inadvertently
759 1248 201 46 inflicted
993 1249 114 45 with
1141 1265 28 29 a
1203 1249 131 45 small
1369 1249 115 45 stick
1516 1250 63 59 by
1603 1265 83 29 one
1720 1249 50 47 of

391 1341 82 45 my
497 1341 202 31 servants
723 1331 48 39 at
795 1325 223 46 Calcutta.
1089 1326 130 61 They
1237 1325 177 46 inhabit
1428 1340 121 31 more
1563 1325 198 61 particu-

392 1403 117 61 larly
524 1403 77 44 the
619 1403 137 45 lower
777 1403 121 53 hills,
923 1408 79 39 not
1024 1403 133 61 being
1180 1401 99 47 able
1302 1408 47 39 to
1373 1403 167 44 endure
1562 1408 79 40 the
1664 1404 97 44 cold

394 1479 50 45 of
457 1485 127 39 those
607 1495 156 45 ranges
788 1478 50 47 of
851 1480 79 45 the
955 1479 208 46 Garrows
1188 1478 50 48 of
1262 1495 122 29 more
1407 1480 112 44 than
1544 1485 29 39 4>
1597 1495 47 29 or
1668 1484 91 40 500

394 1555 88 46 feet
506 1556 236 46 elevation.
813 1556 136 45 Their
972 1555 113 55 food,
1111 1556 47 45 in
1181 1563 78 38 the
1278 1556 109 45 wild
1405 1562 132 48 state,
1558 1562 200 47 consists,

394 1632 66 46 for
481 1640 78 38 the
582 1640 118 39 most
723 1639 116 55 part,
865 1632 50 46 of
930 1632 130 46 fmits
1084 1649 205 30 common
1313 1634 107 60 only
1443 1640 46 39 to
1507 1634 79 44 the
1603 1633 157 61 jungle

395 1709 48 45 in
467 1710 90 45 this
582 1710 172 45 district
784 1709 50 46 of
860 1725 191 45 country
1071 1726 10 35 ;
1124 1710 90 44 and
1236 1716 112 54 they
1372 1725 74 30 are
1469 1710 292 60 particularly

396 1786 104 45 fond
524 1785 49 47 of
588 1793 77 39 the
690 1802 124 29 seeds
832 1787 90 44 and
937 1785 130 46 fmits
1083 1785 49 46 of
1146 1792 100 39 that
1268 1787 151 44 sacred
1433 1792 93 38 tree
1544 1784 51 46 of
1611 1785 147 54 India,

396 1864 142 44 called
572 1863 78 46 the
698 1864 305 59 Peopul-tree,
1040 1862 90 45 and
1169 1863 164 53 which,
1369 1878 56 30 on
1456 1863 78 45 the
1573 1862 188 46 Gan'ow

397 1941 138 53 Hills,
569 1946 169 39 attains
762 1955 28 29 a
812 1955 110 46 very
945 1939 119 46 large
1095 1939 103 45 size.
1268 1940 132 61 They
1422 1939 204 46 likewise
1654 1940 109 44 take

397 2016 51 46 of
463 2033 121 29 some
609 2016 165 46 species
798 2015 50 47 of
861 2032 136 45 grass,
1023 2017 90 45 and
1136 2016 92 46 also
1251 2022 79 40 the
1348 2023 157 39 tender
1522 2023 133 38 twigs
1674 2017 90 44 and

396 2096 150 44 leaves
571 2093 50 46 of
635 2094 77 45 the
737 2094 169 45 Peopul
930 2094 90 45 and
1035 2099 126 40 other
1175 2100 131 47 trees,
1327 2093 149 46 which
1493 2099 113 55 they
1621 2093 140 53 chew,

399 2171 201 45 swallow
622 2171 79 44 the
726 2170 122 62 juice
876 2171 184 53 thereof,
1093 2170 90 45 and
1210 2171 135 44 reject
1374 2171 78 44 the
1480 2169 283 61 indigestible

398 2254 112 54 part.
580 2247 131 60 They
735 2261 74 30 are
842 2247 142 60 easily
1008 2253 182 48 tamed;
1222 2247 89 45 and
1335 2247 133 44 when
1496 2246 97 45 first
1622 2247 141 44 taken

400 2326 123 44 show
546 2339 57 30 no
627 2323 261 61 disposition
911 2330 45 39 to
980 2325 93 44 bite
1103 2324 151 45 unless
1282 2325 226 60 provoked
1540 2330 47 39 to
1611 2339 150 30 anger,

400 2402 89 45 and
513 2416 112 31 even
648 2407 110 39 then
780 2400 213 46 manifest
1022 2416 27 30 a
1077 2401 252 45 reluctance
1359 2407 46 39 to
1430 2400 161 46 defend
1613 2401 151 46 them-

401 2494 157 38 selves,
594 2476 243 63 prefeiTing
868 2484 47 39 to
947 2484 166 39 retreat
1147 2477 95 46 into
1277 2493 121 31 some
1431 2493 151 31 comer
1614 2478 151 46 rather

401 2562 113 38 than
554 2556 154 45 attack
747 2555 118 47 their
900 2570 177 31 enemy.
1147 2555 131 61 They
1314 2555 122 45 walk
1473 2570 146 40 erect;
1656 2554 105 51 and.
