2113 3404
763 290 86 30 THE
881 291 243 32 DISORDERS
1156 295 53 30 OF
1241 295 467 37 SPEECH.—APPENDIX.

428 276 83 41 456

427 400 291 48 Infra-pictorial
742 403 186 49 Auditory
954 406 165 48 Aphasia
1144 409 244 46 (SubcortiVnl
1414 411 159 49 Sensory
1591 413 177 47 Aphasia)
1795 415 172 37 recorded
1992 417 48 47 by

424 457 197 37 Wernicke
646 459 75 37 and
748 460 211 38 Lichtheim
987 463 88 45 (and
1099 465 159 37 referred
1283 471 37 31 to
1345 467 40 36 in
1402 467 64 37 the
1484 471 92 43 text)
1596 469 103 37 there
1717 482 72 24 was
1807 471 139 36 similar
1970 472 71 37 loss

423 513 40 36 of
486 513 63 37 the
567 516 156 36 musical
740 529 102 25 sense
859 530 9 36 ;
894 519 74 36 and
985 520 30 36 it
1039 520 32 36 is
1089 522 144 46 worthy
1251 522 40 36 of
1304 524 146 35 remark
1467 524 82 36 that
1566 525 40 35 in
1624 525 74 36 this
1716 538 90 24 case,
1823 539 39 23 as
1878 527 40 36 in
1942 528 100 37 these

423 576 85 40 two,
527 572 64 36 the
617 572 73 36 loss
708 585 73 25 was
798 579 66 31 not
883 575 91 47 only
991 589 48 23 on
1055 576 64 36 the
1135 579 183 46 receptive
1335 580 88 36 side,
1443 581 67 35 but
1528 581 75 36 also
1622 594 48 23 on
1687 582 63 36 the
1769 588 273 42 productive,—

423 626 63 37 the
512 629 143 45 patient
679 630 112 48 being
816 635 65 32 not
907 632 89 48 only
1014 633 191 47 incapable
1224 635 39 35 of
1277 637 227 47 recognising
1530 641 117 33 tunes,
1666 638 68 36 but
1758 639 75 36 also
1851 639 190 47 incapable

421 684 40 35 of
476 684 153 36 himself
644 686 192 48 whistling
854 700 40 23 or
911 689 148 47 singing
1076 690 114 36 them.

469 741 124 37 When
610 742 64 35 the
692 743 160 36 cerebral
870 749 141 31 centres
1029 746 55 35 for
1101 746 116 36 music
1235 759 59 23 are
1312 747 126 46 intact,
1457 748 62 36 old
1536 751 192 34 memories
1747 762 65 24 can
1831 751 45 35 be
1893 751 148 36 revived

422 797 135 36 within
574 798 103 36 them
694 812 9 30 ;
729 799 74 36 and
822 800 48 46 by
888 801 122 35 virtue
1036 801 39 35 of
1099 802 102 36 these
1228 815 47 23 an
1302 804 210 35 individual
1538 817 84 35 may
1641 805 44 36 be
1711 806 83 36 able
1819 811 37 31 to
1883 807 158 47 produce

420 855 119 35 music
574 866 92 24 even
699 855 144 48 though
876 856 47 36 he
957 857 44 35 be
1035 857 215 37 stone-deaf,
1284 859 73 35 and
1390 859 179 37 therefore
1610 861 140 47 utterly
1782 862 190 47 incapable
2005 864 39 35 of

420 910 253 47 appreciating
689 912 117 34 music
824 912 189 46 produced
1038 913 50 47 by
1107 914 132 36 others.
1292 915 91 35 This
1408 928 72 24 was
1506 916 133 36 indeed
1664 917 63 36 the
1745 930 89 35 very
1852 919 187 36 condition

420 966 40 35 of
475 966 212 36 Beethoven
704 967 41 35 in
770 967 59 36 his
855 968 110 36 latter
991 969 99 47 clays.
1143 970 217 36 Stone-deaf
1383 983 38 23 as
1449 971 45 36 he
1521 984 81 34 was,
1622 972 46 37 he
1692 978 62 42 yet
1782 979 37 31 at
1849 974 74 36 this
1952 976 89 36 time

420 1023 187 47 produced
624 1035 100 23 some
742 1023 40 36 of
795 1024 59 35 his
872 1036 89 35 very
973 1025 80 35 best
1070 1027 271 46 compositions.
1393 1027 47 36 In
1453 1027 63 37 the
1533 1040 79 24 case
1628 1029 118 36 under
1763 1030 277 46 consideration,

419 1080 65 35 the
517 1079 145 48 patient
694 1080 32 35 is
758 1084 68 31 not
855 1093 91 35 very
974 1081 94 45 deaf,
1099 1082 68 36 but
1194 1082 47 36 he
1268 1083 65 35 has
1361 1083 73 36 lost
1459 1084 52 36 all
1537 1085 160 35 internal
1722 1097 101 24 sense
1850 1086 39 35 of
1912 1087 126 35 music.

420 1135 161 48 Though
598 1136 41 34 in
654 1148 169 35 memory
839 1136 47 36 he
905 1149 68 23 can
989 1137 79 35 still
1084 1138 113 36 recall
1214 1138 62 36 the
1294 1139 167 47 pleasure
1474 1140 46 36 he
1535 1140 175 49 formerly
1728 1142 73 35 had
1814 1142 40 35 in
1867 1142 174 47 listening

419 1197 38 31 to
483 1192 64 36 the
577 1193 172 47 Glasgow
777 1194 262 47 street-singer,
1057 1193 58 37 his
1144 1195 156 36 musical
1332 1196 139 47 faculty
1500 1197 31 35 is
1555 1209 103 35 gone.
1712 1198 58 35 He
1795 1204 133 29 cannot
1956 1210 84 24 now

419 1249 114 37 recall
550 1249 63 36 the
634 1262 108 35 songs
759 1249 83 36 that
858 1250 48 35 he
922 1250 154 36 himself
1098 1251 90 35 used
1213 1256 37 30 to
1276 1252 91 47 sing,
1387 1264 73 35 any
1477 1264 100 25 more
1595 1253 91 36 than
1703 1253 46 36 he
1774 1266 67 23 can
1858 1255 182 35 recognise

420 1305 104 37 them
541 1305 109 37 when
667 1305 47 36 he
731 1305 106 36 hears
855 1306 103 35 them
975 1306 135 47 played
1129 1319 40 23 or
1186 1319 94 35 sung
1298 1307 49 47 by
1365 1307 131 37 others.

421 1484 35 40 2.
504 1482 99 42 Case
643 1483 50 54 of
726 1482 199 55 Aphasia
961 1483 112 41 after
1114 1484 20 20 u
1153 1482 228 55 Congestive
1417 1483 211 44 Attacks."
1708 1485 82 41 The
1830 1499 85 27 case
1954 1486 85 40 also

479 1555 180 50 'presents
695 1564 58 28 an
789 1551 183 54 example
1006 1551 49 54 of
1085 1549 470 56 Syllable-Stumbling;
1596 1552 88 41 and
1719 1553 226 40 illustrates
1977 1552 63 41 the

481 1618 202 55 difficulty
719 1618 50 54 of
803 1618 334 54 distinguishing
1178 1618 166 41 between
1385 1622 21 16 "
1423 1618 174 41 General
1639 1620 218 53 Paralysis
1892 1620 49 54 of
1975 1620 63 41 the

479 1684 193 43 Insane"
714 1686 89 41 and
844 1700 72 27 one
957 1686 49 41 of
1043 1686 64 41 the
1138 1686 140 55 forms
1314 1686 49 54 of
1396 1685 226 57 Syphilitic
1663 1687 187 55 affection
1891 1687 49 54 of
1974 1688 64 41 the

484 1752 189 42 Cerebral
699 1752 151 42 Cortex.

469 1863 35 36 J.
526 1862 52 36 L.,
592 1865 57 32 set.
669 1863 56 43 33,
744 1860 306 36 warehouseman,
1065 1861 280 35 recommended
1362 1861 50 47 by
1426 1861 54 35 Dr
1497 1861 123 36 Sloan,
1637 1862 180 35 admitted
1833 1863 86 35 Feb.
1941 1864 98 44 15th,

426 1922 104 33 1894.

470 1976 159 35 History.
644 1995 48 4 —
703 1973 80 36 The
820 1973 143 47 patient
1001 1977 109 32 states
1147 1973 83 35 that
1265 1973 48 36 he
1350 1973 209 36 contracted
1596 1973 156 47 syphilis
1787 1974 113 36 about
1939 1976 99 47 eight

422 2044 104 36 years
559 2043 76 35 ago.
697 2029 195 36 Although
923 2042 47 23 no
1001 2029 198 47 secondary
1224 2033 204 43 symptoms
1458 2029 172 36 followed
1660 2030 63 36 the
1755 2031 163 46 primary
1947 2044 88 33 sore,

420 2089 47 35 he
507 2088 149 35 became
693 2086 65 36 the
799 2086 141 47 subject
982 2086 39 35 of
1060 2088 20 17 "
1094 2085 430 47 syphilophobia,"—the
1565 2086 77 36 fear
1683 2086 40 36 of
1761 2092 275 32 constitutional

421 2145 158 47 syphilis
605 2143 156 48 preying
790 2154 38 24 so
857 2142 114 36 much
1005 2154 101 35 upon
1140 2142 58 35 his
1232 2142 106 35 mind
1367 2154 38 24 as
1439 2146 38 31 to
1504 2142 104 36 drive
1637 2142 90 45 him,
1757 2143 95 36 from
1880 2144 90 36 time
2000 2150 37 31 to

420 2203 103 35 time,
553 2200 134 36 almost
715 2200 138 35 insane.
906 2199 61 35 He
995 2199 200 45 remained,
1223 2198 179 45 however,
1434 2199 159 46 steadily
1622 2203 37 31 at
1684 2200 102 34 work
1815 2200 72 35 and
1912 2202 126 45 physi-

421 2259 98 36 cally
549 2258 41 35 in
615 2255 110 48 fairly
751 2255 93 48 good
874 2255 139 44 health,
1037 2255 101 35 until
1161 2255 99 35 June
1289 2256 101 35 1893,
1410 2255 109 36 when
1544 2255 47 36 he
1609 2256 117 35 began
1742 2259 38 32 to
1805 2255 45 36 be
1867 2256 169 36 troubled

419 2315 94 36 with
541 2325 77 24 sore
645 2312 123 36 throat
794 2312 75 36 and
896 2312 207 47 dyspepsia.
1157 2311 118 36 These
1299 2311 220 47 complaints
1544 2311 46 35 he
1613 2312 87 35 took
1719 2316 37 31 to
1773 2312 45 35 be
1835 2317 202 42 symptoms

420 2372 40 36 of
481 2368 280 38 constitutional
778 2367 158 48 syphilis
954 2381 8 29 ;
992 2367 63 35 the
1081 2379 248 35 consecpience
1347 2367 111 47 being
1485 2367 80 35 that
1583 2367 46 36 he
1646 2368 147 35 became
1819 2380 101 24 more
1947 2369 88 36 than

420 2440 86 24 ever
523 2425 194 37 disturbed
741 2425 40 35 in
807 2424 106 35 mind
936 2424 51 35 by
1004 2423 63 35 the
1085 2423 76 35 fear
1184 2423 39 35 of
1249 2423 168 47 syphilis,
1435 2424 74 34 and
1536 2423 81 36 that
1633 2423 48 36 he
1706 2423 74 36 had
1804 2436 165 25 recourse
1997 2429 38 32 to

420 2483 215 37 stimulants
654 2482 55 34 for
725 2481 63 35 the
806 2480 110 35 relief
930 2480 39 35 of
983 2480 58 34 his
1058 2478 141 36 mental
1218 2479 156 35 distress.

468 2539 115 36 Early
607 2539 41 34 in
676 2537 166 37 October,
862 2549 48 23 on
928 2549 22 23 a
968 2536 195 46 Saturday,
1181 2534 47 36 he
1253 2535 89 35 took
1363 2547 38 23 so
1426 2535 98 47 large
1542 2548 20 23 a
1579 2536 173 46 quantity
1770 2535 39 36 of
1823 2536 212 37 stimulants

419 2596 82 36 that
518 2595 47 36 he
581 2594 75 36 had
673 2598 39 31 to
730 2593 141 35 remain
888 2593 41 35 in
946 2592 71 36 bed
1037 2591 52 36 all
1119 2591 164 47 Sunday.
1332 2591 58 35 On
1419 2592 173 45 Monday,
1612 2591 105 35 when
1737 2591 45 35 he
1801 2597 97 30 went
1916 2597 65 31 out
1997 2597 38 31 to

418 2653 60 36 his
505 2651 115 36 work,
638 2650 47 35 he
712 2661 73 24 was
813 2649 78 35 still
918 2649 176 35 suffering
1123 2648 93 33 from
1246 2647 193 35 headache.
1492 2647 59 36 He
1579 2647 195 37 continued
1794 2654 35 28 at
1849 2648 100 35 work
1975 2648 60 36 till

420 2707 187 39 breakfast
623 2707 102 35 time,
744 2706 74 36 and
836 2705 91 35 then
944 2704 68 36 left
1036 2704 64 35 the
1126 2702 210 37 warehouse
1353 2707 37 31 to
1408 2703 98 36 walk
1531 2703 108 36 home
1657 2703 55 36 for
1729 2703 194 37 breakfast.
1977 2705 58 35 On

420 2766 59 36 his
497 2776 82 24 way
595 2763 110 35 home
730 2761 46 35 he
797 2761 149 36 entered
970 2772 21 24 a
1016 2758 260 49 public-house
1294 2763 37 31 to
1348 2763 61 43 get
1426 2771 21 24 a
1464 2759 93 47 glass
1576 2759 38 36 of
1629 2760 124 46 spirits
1779 2759 56 36 for
1851 2760 63 36 the
1930 2761 108 35 relief

422 2822 40 37 of
485 2821 60 35 his
574 2817 197 38 headache.
824 2818 71 34 His
924 2816 111 44 hand,
1065 2815 180 44 however,
1277 2827 73 24 was
1379 2828 38 23 so
1446 2815 104 36 weak
1576 2816 73 35 and
1676 2816 179 47 unsteady
1882 2816 81 36 that
1989 2817 46 36 he

422 2876 165 49 dropped
614 2877 67 34 the"
705 2886 95 36 glass
818 2885 111 24 when
954 2872 48 36 he
1020 2883 73 25 was
1119 2871 40 35 in
1180 2870 60 36 the
1258 2875 57 31 act
1333 2871 39 36 of
1396 2873 168 45 carrying
1586 2873 30 34 it
1633 2876 37 31 to
1690 2872 55 35 his
1763 2872 141 35 mouth.
1958 2872 77 36 The

422 2945 188 26 weakness
628 2931 39 36 of
690 2931 64 35 the
780 2929 103 36 hand
909 2941 73 23 was
1009 2941 38 23 so
1074 2927 154 36 marked
1256 2927 82 36 that
1364 2927 48 36 he
1438 2927 74 36 had
1539 2940 91 24 even
1657 2932 101 44 great
1787 2926 180 46 difficulty
1994 2928 39 35 in

422 2989 205 39 extracting
646 2987 93 35 from
760 2986 58 36 his
836 2998 133 36 pocket
994 2985 63 36 the
1074 2996 135 36 money
1227 2987 37 32 to
1282 2996 71 35 pay
1371 2984 55 36 for
1443 2984 62 36 the
1530 2985 132 47 liquor.
1709 2985 125 46 Along
1850 2984 90 35 with
1960 2985 73 34 this

419 3059 189 27 weakness
625 3044 74 38 and
716 3043 255 37 unsteadiness
989 3042 39 37 of
1042 3041 64 37 the
1123 3041 113 36 hand,
1254 3040 63 36 the
1334 3041 143 48 patient
1499 3041 186 49 presently
1703 3040 113 36 found
1835 3040 81 36 that
1933 3040 101 37 there
