2125 3612
552 314 274 36 HYSTERICAL
859 315 305 32 STAMMERING.
1634 303 56 43 53

36 437 165 56 larynx,
220 437 156 43 caused
402 437 55 56 by
481 436 150 56 public
653 437 215 56 speaking
891 451 47 26 or
970 436 201 55 singing;
1204 435 81 42 but
1324 435 22 42 I
1380 434 114 43 shall
1519 449 170 28 reserve

34 508 72 42 the
130 507 321 44 consideration
487 509 46 41 of
567 508 87 42 this
678 508 86 42 and
787 508 126 42 other
937 507 195 43 troubles
1155 507 47 42 of
1233 505 291 58 professional
1548 519 140 29 voice-

32 593 119 29 users
174 580 67 43 for
261 593 76 29 my
359 584 108 38 next
488 593 147 43 paper.

568 736 247 56 Hysterical
837 735 303 56 Stammering.

88 856 43 42 If
163 856 75 43 the
262 856 218 46 doctrines
515 857 232 56 regarding
769 856 76 44 the
880 862 157 38 nature
1061 857 45 43 of
1141 855 288 58 stammering
1452 855 235 57 explained

24 927 48 42 in
96 928 74 43 the
194 929 95 43 first
312 930 182 56 chapter
515 943 73 29 are
610 929 300 45 remembered
939 930 58 56 by
1021 930 75 43 the
1117 929 165 44 reader,
1304 928 56 44 he
1394 927 93 44 will
1521 931 80 39 not
1634 927 53 43 be

25 1001 223 56 surprised
295 1006 46 39 to
382 1002 136 52 learn,
561 1002 112 42 that,
716 1002 46 42 in
807 1002 167 43 several
1017 1003 45 42 of
1110 1002 76 43 the
1228 1000 208 44 recorded
1479 1015 120 28 cases
1643 1000 48 42 of

25 1072 237 57 hysterical
280 1075 197 49 mutism,
496 1075 74 43 the
585 1078 175 52 patient
778 1074 77 43 has
874 1075 266 43 stammered
1166 1074 227 43 markedly
1412 1073 47 42 in
1477 1087 209 42 recovery

25 1145 112 43 from
170 1146 75 43 the
279 1147 194 44 mutism.
558 1146 243 44 Evidently
834 1146 76 43 the
942 1147 135 43 voice,
1111 1147 48 42 in
1191 1146 242 56 returning,
1466 1159 88 29 was
1586 1159 98 42 pro-

26 1218 141 43 duced
202 1218 108 45 with
341 1219 233 57 difficulty,
596 1219 87 42 and
716 1219 216 42 therefore
965 1219 76 42 did
1074 1223 91 38 not,
1187 1218 47 43 in
1257 1219 76 42 the
1356 1218 96 42 first
1473 1217 212 57 syllables

26 1291 44 42 of
113 1292 154 51 words,
309 1306 121 28 come
477 1306 58 27 up
579 1296 44 37 to
676 1290 118 44 time.
878 1291 92 43 The
1014 1305 97 29 case
1153 1291 46 42 of
1250 1290 183 43 mutism
1477 1289 207 44 recorded

25 1363 59 55 by
119 1363 226 43 Professor
380 1363 143 43 Pitres
559 1362 244 44 illustrates
838 1362 91 44 this
966 1363 137 56 point.
1167 1363 92 42 The
1294 1367 175 51 patient
1503 1362 48 42 in
1586 1366 100 38 that

26 1448 96 28 case
160 1449 139 28 seems
337 1440 45 36 to
421 1435 112 43 have
575 1434 265 43 stammered
877 1434 47 42 in
967 1435 75 43 the
1080 1435 206 55 ordinary
1324 1448 99 42 way
1460 1434 131 43 when
1628 1433 56 45 he

23 1507 245 43 attempted
303 1511 46 38 to
384 1506 147 56 speak,
554 1506 87 43 and
676 1520 111 28 even
810 1510 46 38 to
878 1506 113 42 have
1012 1506 88 42 had
1123 1506 248 56 spasmodic
1393 1506 292 55 phenomena,

22 1580 113 42 from
169 1579 203 42 overflow
408 1579 45 42 of
486 1592 174 42 energy,
681 1578 48 42 in
764 1578 70 43 his
863 1579 101 55 jaw,
999 1579 126 42 neck,
1147 1578 89 43 and
1270 1578 178 43 eyelids.
1514 1578 45 43 It
1594 1593 90 29 was

21 1651 173 43 further
229 1650 325 43 characteristic
598 1650 46 42 of
688 1650 206 56 ordinary
945 1650 301 56 stammering,
1290 1650 99 44 that
1431 1650 129 44 when
1607 1651 78 43 the

20 1723 172 57 patient
225 1737 108 29 sang
376 1724 75 41 the
497 1736 210 29 stammer
754 1722 191 56 entirely
977 1722 301 57 disappeared.
1355 1722 105 44 This
1499 1738 98 28 case
1640 1724 48 42 of

21 1796 186 42 mutism
239 1795 195 43 resulted
457 1795 111 42 from
601 1809 25 27 a
653 1795 162 56 fright;
847 1795 87 42 and
958 1795 225 43 Professor
1204 1795 146 43 Pitres
1374 1795 143 44 draws
1539 1802 144 38 atten-

21 1869 94 42 tion
151 1874 43 36 to
226 1867 76 43 the
344 1868 91 42 fact
476 1867 99 43 that
616 1867 137 43 fright
794 1868 38 42 is
865 1868 122 42 often
1021 1868 75 42 the
1140 1882 129 28 cause
1313 1868 47 42 of
1394 1870 289 56 stammering

18 1955 47 28 as
92 1940 100 42 well
215 1954 46 28 as
294 1939 44 43 of
371 1939 196 51 mutism,
589 1939 237 56 especially
850 1939 128 43 when
1001 1939 75 43 the
1100 1944 173 52 patient
1294 1939 39 43 is
1365 1940 46 42 of
1442 1940 243 43 hysterical

21 2012 301 44 constitution.
386 2011 92 43 The
511 2025 119 29 same
653 2011 146 43 writer
833 2011 92 43 also
957 2012 137 42 refers
1118 2018 44 37 to
1196 2026 25 28 a
1253 2026 98 29 case
1383 2012 208 44 recorded
1626 2014 58 57 by

20 2086 227 43 Professor
268 2085 244 42 Trousseau
535 2083 47 43 in
613 2083 71 43 his
710 2084 199 55 Clinique
932 2084 217 43 Mddicale,
1172 2084 47 43 in
1242 2084 145 43 which
1411 2084 76 44 the
1509 2085 174 57 patient

19 2157 210 57 repeated
252 2170 134 43 many
408 2156 144 52 times,
574 2156 45 41 in
653 2155 220 44 echo-like
896 2156 188 52 fashion,
1106 2156 76 43 the
1209 2156 87 44 last
1318 2156 187 57 syllable
1529 2159 45 41 of
1607 2159 76 43 the

21 2230 142 42 words
201 2243 77 29 she
313 2227 183 44 uttered.
560 2228 72 42 He
671 2228 158 56 speaks
867 2228 48 42 of
956 2229 88 42 this
1084 2228 92 43 also
1214 2243 47 29 as
1299 2243 58 29 an
1394 2230 204 56 example
1637 2231 45 44 of

20 2302 240 57 hysterical
298 2301 315 55 stammering;
645 2301 81 42 but
757 2300 188 57 perhaps
982 2300 37 43 it
1052 2300 160 44 should
1247 2316 120 29 more
1399 2303 207 57 properly
1629 2304 54 44 be

18 2374 168 44 classed
209 2373 141 44 under
373 2373 75 44 the
470 2372 192 44 heading
693 2372 48 43 of
768 2372 243 53 Echolalia,
1035 2373 149 43 which
1217 2371 23 44 I
1274 2373 113 58 hope
1411 2380 44 38 to
1477 2376 204 44 consider

18 2446 122 45 later,
163 2447 46 43 in
233 2460 248 30 connexion
505 2452 109 36 with
637 2444 181 45 aphasia
841 2445 87 43 and
951 2445 126 44 other
1099 2446 262 44 conditions.

67 2604 232 55 Rhythmic
320 2603 176 57 Spasms
517 2603 51 59 of
583 2603 65 43 the
680 2602 129 44 Vocal
831 2603 92 42 and
943 2603 283 56 Respiratory
1249 2603 299 55 Mechanisms,
1571 2607 59 56 of

629 2675 247 58 Hysterical
901 2675 167 57 Origin.

78 2798 138 43 These
248 2797 224 57 rhythmic
495 2811 170 42 spasms
697 2811 73 29 are
795 2796 189 57 perhaps
1018 2811 120 30 more
1162 2797 256 59 intimately
1441 2800 243 43 connected

18 2871 109 43 with
151 2871 73 43 the
249 2871 202 42 function
484 2870 44 42 of
561 2869 260 57 respiration
852 2869 110 43 than
989 2870 108 42 with
1120 2870 100 43 that
1241 2870 45 42 of
1318 2871 256 56 phonation.
1640 2872 46 43 It

18 2958 100 42 may
141 2944 103 43 here
267 2943 216 43 therefore
517 2942 149 44 suffice
691 2947 45 37 to
761 2941 129 45 make
913 2941 105 57 only
1042 2957 24 28 a
1090 2942 116 44 brief
1236 2942 222 44 reference
1483 2949 44 38 to
1549 2944 133 44 them.

18 3016 121 42 They
174 3016 110 42 form
330 3030 24 28 a
402 3019 115 39 most
566 3014 264 44 interesting
877 3014 114 44 class
1039 3016 45 41 of
1132 3015 76 43 the
1254 3015 227 56 rhythmic
1513 3031 171 42 spasms

21 3086 143 45 which
208 3102 99 42 may
351 3088 130 43 affect
514 3086 161 44 almost
718 3101 88 42 any
841 3091 98 52 part
972 3087 49 42 of
1059 3086 76 45 the
1179 3087 117 44 body
1329 3088 48 42 in
1410 3088 76 44 the
1528 3103 157 42 graver

20 3159 203 44 varieties
247 3161 46 42 of
321 3160 206 57 hysteria.
594 3160 54 43 In
679 3174 120 29 some
822 3173 119 30 cases
966 3159 74 43 the
1064 3159 174 57 patient
1271 3159 132 43 barks
1437 3167 245 36 rhythmic-
