2125 3612
191 231 264 37 LARYNGEAL
487 231 227 32 TROUBLES
752 230 41 30 IN
830 229 335 31 PROFESSIONAL
1197 228 307 35 VOICE-USKBS.
1622 218 55 41 09

21 355 152 56 fagged
211 355 57 41 by
306 354 74 42 the
418 353 209 43 exertion.
711 353 45 41 It
799 350 257 43 afterwards
1095 350 202 42 recurred
1337 365 119 28 more
1499 365 49 27 or
1590 350 86 43 less

15 428 200 56 severely
238 441 131 41 every
393 425 194 56 Sunday,
609 438 47 29 so
688 424 100 42 that
811 423 54 42 he
888 422 177 43 became
1098 436 189 28 nervous
1311 422 135 42 about
1470 422 35 42 it
1527 422 150 43 when-

18 514 101 26 over
137 499 53 41 he
215 512 87 28 was
337 497 139 43 called
502 511 115 41 upon
642 502 44 37 to
714 495 171 56 preach.
948 494 72 43 He
1043 493 191 56 thought
1256 494 97 42 that
1375 494 69 42 his
1468 508 208 28 nervous-

14 585 102 28 ness
139 569 264 56 aggravated
427 568 74 43 the
523 568 237 42 condition.
825 566 92 42 The
942 565 171 43 attacks
1137 579 113 29 were
1273 565 237 56 especially
1533 570 76 50 apt
1631 570 46 38 to

15 656 122 28 come
155 656 56 27 on
234 641 34 42 if
291 641 54 42 he
363 640 81 43 felt
467 639 124 44 tired.
653 639 122 55 They
793 638 165 56 always
981 638 222 56 produced
1228 653 23 28 a
1274 638 135 56 quick
1428 639 248 42 succession

13 714 48 42 of
77 727 132 37 short,
227 726 130 41 sharp
376 725 176 43 coughs,
569 710 142 42 which
727 724 109 42 gave
854 710 93 42 him
967 710 130 43 much
1117 724 267 42 annoyance,
1399 710 86 42 and
1504 717 175 36 excited

13 790 123 49 great
173 784 236 55 sympathy
443 783 67 41 for
543 783 92 40 him
668 796 159 42 among
860 782 75 43 the
968 782 319 56 congregation.
1367 782 73 42 He
1471 781 87 43 had
1590 782 88 42 had

13 856 166 42 several
199 855 200 43 holidays
422 855 44 42 of
489 868 119 29 some
629 853 157 44 weeks'
805 854 219 51 duration,
1041 855 80 41 but
1143 854 75 43 the
1242 854 141 56 cough
1402 854 86 42 had
1512 868 164 42 always

15 927 206 43 returned
264 927 129 42 when
448 926 55 43 he
548 926 203 43 resumed
794 927 70 42 his
906 927 167 43 service
1117 927 46 41 in
1206 927 175 42 church.
1467 927 72 42 He
1587 941 89 28 was

14 999 334 44 recommended
384 999 60 43 by
475 1013 71 29 me
584 1004 45 37 to
665 1005 72 37 try
769 1000 76 42 the
877 1000 129 42 effect
1044 999 47 43 of
1118 1014 26 28 a
1176 999 104 43 dose
1312 1001 48 41 of
1389 1000 206 42 Bromide
1631 999 46 43 of

14 1073 249 43 Potassium
286 1073 94 42 half
407 1088 55 27 an
486 1073 109 42 hour
628 1073 146 42 before
798 1074 242 56 beginning
1072 1074 75 42 the
1170 1074 190 53 service;
1392 1073 100 53 and,
1515 1073 159 56 during

4 1146 176 42 iservice
213 1150 45 38 to
281 1146 114 42 take,
418 1146 112 42 from
554 1145 106 42 time
683 1149 45 38 to
752 1145 119 43 time,
893 1145 36 42 if
961 1145 260 43 threatened
1245 1146 106 42 with
1376 1147 75 41 the
1474 1145 152 56 cough,
1650 1160 24 27 a

14 1216 104 43 dose
141 1217 45 42 of
216 1231 25 28 a
262 1224 192 36 mixture
486 1217 256 42 containing
764 1216 230 43 Aromatic
1029 1216 139 56 Spirit
1191 1218 48 41 of
1261 1217 251 52 Ammonia,
1535 1217 141 56 Spirit

14 1289 48 41 of
93 1286 290 46 Chloroform,
421 1289 87 42 and
543 1287 223 45 Camphor
800 1288 164 42 "Water.
1040 1288 92 42 The
1165 1303 97 28 case
1295 1289 176 42 seemed
1509 1303 82 28 one
1630 1289 46 42 of

14 1361 246 55 spasmodic
282 1361 221 41 irritation
533 1360 45 42 of
611 1360 74 42 the
720 1359 218 56 coughing
961 1365 161 44 centre,
1143 1360 223 55 produced
1390 1360 57 56 by
1470 1360 204 43 overflow

14 1432 47 41 of
80 1446 159 42 energy
263 1433 111 41 from
397 1432 75 42 the
495 1431 266 43 surcharged
783 1436 150 38 centre
956 1431 68 42 for
1045 1438 254 49 phonation.

73 1504 91 42 The
196 1503 159 43 second
387 1518 110 28 case,
520 1503 146 42 which
700 1503 23 41 I
756 1517 89 28 saw
878 1517 57 27 on
968 1502 75 43 the
1076 1503 109 42 10th
1218 1504 47 40 of
1293 1503 114 56 July
1432 1504 130 54 1888,
1585 1519 89 29 was

12 1575 240 44 somewhat
281 1590 119 28 more
423 1575 290 43 complicated
746 1575 48 42 in
817 1575 57 43 its
897 1579 257 51 symptoms.
1219 1575 92 43 The
1333 1576 173 55 patient
1538 1591 89 29 was
1650 1593 25 27 a

10 1663 150 42 young
182 1647 185 57 English
389 1647 265 57 clergyman,
678 1647 192 56 engaged
895 1647 47 42 in
967 1647 236 43 Cathedral
1226 1649 178 43 service.
1469 1650 85 51 He,
1571 1651 104 52 also,

14 1735 87 28 was
119 1721 43 42 of
195 1720 182 56 healthy
400 1734 296 41 appearance;
729 1720 79 42 but
841 1719 55 43 he
918 1719 221 44 informed
1173 1735 69 28 me
1274 1721 100 43 that
1406 1722 160 58 during
1598 1724 76 43 the

10 1793 206 57 previous
240 1798 158 37 winter
419 1792 55 43 he
496 1792 89 42 had
616 1792 111 43 been
761 1798 79 36 out
871 1793 49 41 of
948 1792 166 52 health,
1136 1794 113 42 from
1282 1808 26 28 a
1339 1795 150 44 rather
1520 1810 150 30 severe

11 1866 148 42 attack
181 1865 44 44 of
248 1865 227 51 diarrhoea,
495 1864 143 42 which
656 1864 144 43 lasted
823 1879 120 28 more
966 1865 109 41 than
1099 1880 24 27 a
1142 1865 133 53 week,
1295 1867 88 43 and
1405 1868 153 55 pulled
1581 1869 92 42 him

12 1938 129 42 down
174 1952 24 27 a
223 1937 110 56 good
365 1936 108 43 deal.
537 1937 92 42 The
662 1937 97 42 first
791 1941 223 52 symptom
1047 1937 99 42 that
1180 1938 202 43 troubled
1416 1938 94 46 him
1544 1941 130 43 when

13 2010 212 55 speaking
250 2023 85 28 was
358 2023 25 27 a
406 2007 161 56 feeling
589 2008 48 42 of
663 2013 120 37 want
804 2008 47 42 of
879 2008 154 43 breath
1056 2014 45 36 at
1123 2009 75 43 the
1222 2010 86 43 end
1331 2011 47 43 of
1406 2026 26 28 a
1455 2018 220 47 sentence,

14 2081 86 42 and
132 2096 55 27 an
211 2081 206 54 inability
441 2084 44 38 to
518 2079 119 43 draw
660 2080 154 42 breath
846 2080 68 43 for
945 2080 75 43 the
1039 2087 107 37 next
1179 2087 217 39 sentence.
1460 2085 217 58 Entering

15 2167 118 42 upon
176 2153 97 42 that
316 2166 207 29 sentence
565 2151 107 43 with
717 2152 193 56 scarcely
953 2166 88 42 any
1084 2153 166 53 breath,
1293 2155 55 43 he
1390 2162 76 51 got
1513 2161 21 18 "
1550 2166 123 49 quite

15 2225 256 56 pumped";
304 2224 91 51 but,
418 2223 128 43 when
576 2223 46 42 in
653 2224 89 43 this
775 2224 238 52 condition,
1037 2225 55 43 lie
1124 2226 138 44 found
1296 2228 97 42 that
1427 2230 74 42 the
1529 2245 146 41 power

12 2298 46 42 of
79 2297 261 57 inspiration
364 2295 207 44 returned
594 2300 44 38 to
662 2296 94 42 him
778 2297 356 58 spontaneously.
1199 2300 72 43 He
1294 2301 85 43 had
1403 2317 25 28 a
1450 2304 225 43 sensation

10 2376 83 36 "as
126 2371 37 41 if
194 2370 75 42 the
303 2369 105 43 tube
439 2382 111 29 were
581 2368 196 44 inclined
811 2375 44 37 to
885 2369 175 55 close;"
1094 2371 87 43 and
1213 2374 254 44 sometimes
1500 2376 55 43 he
1589 2377 87 43 had

12 2442 218 44 difficulty
252 2443 46 41 in
321 2441 174 57 getting
528 2440 155 43 breath
705 2448 89 47 out,
816 2456 48 29 as
889 2441 100 43 well
1012 2457 47 29 as
1081 2443 46 43 in
1150 2445 173 55 getting
1345 2447 36 42 it
1412 2447 57 43 in.
1536 2449 140 43 There

11 2528 88 29 was
136 2529 56 28 no
230 2515 115 55 pain.
410 2513 273 53 Sometimes,
716 2515 46 42 in
802 2514 195 57 reading,
1029 2515 55 44 he
1117 2517 87 43 had
1243 2518 221 59 difficulty
1498 2522 47 42 in
1577 2537 99 41 pro-

11 2587 223 56 nouncing
271 2584 249 44 individual
559 2585 163 54 letters,
756 2588 108 42 such
898 2603 47 29 as
984 2598 46 44 g,
1069 2589 87 43 and
1189 2590 139 43 found
1367 2592 36 42 it
1435 2595 240 56 especially

11 2659 189 43 difficult
222 2666 44 36 to
289 2672 251 43 pronounce
562 2670 32 32 o
619 2660 187 42 without
834 2669 246 36 aspirating
1111 2662 45 42 it.
1222 2663 73 43 He
1317 2664 140 45 found
1488 2666 100 43 that
1620 2667 56 44 he

10 2731 86 43 had
122 2746 116 28 more
261 2731 216 56 difficulty
498 2734 45 41 in
567 2732 180 56 reading
771 2733 46 41 in
836 2733 76 44 the
936 2735 85 42 low
1039 2742 237 36 monotone
1294 2737 205 56 required
1517 2739 66 42 for
1601 2739 74 43 the

12 2803 119 56 daily
166 2804 163 42 service
368 2804 44 41 in
447 2805 75 43 the
561 2804 121 56 Lady
717 2804 181 57 Chapel,
933 2806 109 44 than
1077 2807 46 42 in
1158 2808 182 57 reading
1375 2810 45 41 in
1458 2811 75 43 the
1568 2811 106 56 high

13 2881 233 37 monotone
275 2876 203 56 required
503 2877 67 43 for
592 2876 74 44 the
689 2877 167 43 service
883 2878 48 43 in
954 2879 75 43 the
1058 2879 247 44 Cathedral.
1370 2881 85 44 His
1479 2883 196 43 troubles

11 2949 158 42 caused
212 2963 25 27 a
278 2948 118 43 little
438 2950 196 56 gasping,
673 2949 110 43 with
826 2950 104 58 long
981 2965 170 43 pauses.
1232 2952 276 55 Sometimes,
1546 2954 128 44 when

10 3020 254 53 exhausted,
287 3020 55 43 he
376 3021 144 43 would
552 3022 85 43 end
672 3037 24 27 a
728 3028 207 37 sentence
968 3023 110 42 with
1112 3037 25 29 a
1163 3037 178 43 quaver.
1404 3025 73 43 He
1510 3026 165 42 always

9 3091 81 44 felt
112 3092 75 43 the
209 3093 187 43 services
420 3099 44 37 to
488 3094 52 43 be
563 3109 25 27 a
610 3094 142 43 heavy
777 3096 140 41 strain
942 3110 119 41 upon
1084 3095 106 53 him,
1214 3096 87 42 and
1326 3111 87 28 was
1436 3097 239 43 especially
