1895 3217
341 248 63 49 64

784 267 91 31 THE
900 268 149 31 BLACK
1076 267 172 33 ORANO.

332 390 191 64 tionally
540 408 186 46 gieater,
753 393 132 46 when
909 393 236 46 compared
1167 399 46 39 to
1237 399 78 39 the
1339 408 152 46 upper,
1516 393 113 47 than
1651 392 49 49 in

331 483 121 32 man.

446 548 133 45 From
603 549 78 44 the
704 549 136 44 lower
857 548 104 53 ribs,
981 547 80 46 the
1079 548 220 45 diameter
1314 546 50 47 of
1378 554 77 38 the
1479 548 218 45 abdomen

331 623 223 47 decreases
593 625 177 61 rapidly
803 631 46 40 to
883 626 79 44 the
997 626 129 52 loins,
1163 625 150 44 where
1346 631 80 39 the
1459 624 170 46 animal
1662 625 37 45 is

328 702 245 60 peculiarly
613 702 206 54 slender;
872 718 27 29 a
933 708 320 39 circumstance
1287 700 47 46 in
1366 700 149 46 which
1548 701 37 45 it
1619 717 81 45 ap-

327 779 210 57 proaches
560 786 78 38 the
662 779 127 45 other
822 779 178 45 Simice.
1070 779 98 45 The
1201 779 142 60 pelvis
1378 793 186 46 appears
1595 779 104 60 long

328 856 90 44 and
440 871 189 38 narrow,
656 863 186 38 another
872 855 359 61 approximation
1264 862 46 39 to
1341 861 79 39 the
1442 861 90 39 rest
1557 854 50 47 of
1621 855 78 45 the

326 947 153 45 genus.

448 1009 136 45 With
622 1009 156 45 regard
813 1016 47 39 to
899 1010 78 45 the
1012 1010 150 52 limbs,
1204 1016 78 39 the
1315 1009 125 45 chief
1462 1008 235 47 difference

327 1086 206 44 between
558 1101 79 30 our
660 1101 223 45 specimen
908 1086 89 45 and
1020 1087 67 44 Dr
1111 1087 190 59 Tyson’s
1329 1085 154 62 figure,
1509 1093 186 38 consists

327 1161 46 45 in
413 1168 78 39 the
531 1163 224 45 excessive
788 1163 157 45 length
981 1162 50 46 of
1056 1169 78 39 the
1168 1178 134 38 arms,
1339 1162 148 45 which
1520 1162 48 45 in
1603 1162 92 45 this

327 1238 170 46 animal
521 1239 190 45 descend
734 1241 143 44 below
901 1240 78 45 the
1001 1241 153 52 knees,
1179 1239 63 61 by
1265 1245 78 39 the
1367 1239 145 45 whole
1540 1240 156 61 length

326 1314 52 47 of
391 1322 78 39 the
492 1316 241 61 phalanges
758 1315 49 47 of
829 1317 79 45 the
939 1316 175 62 fingers,
1141 1317 148 44 which
1312 1331 74 31 are
1409 1316 140 46 above
1571 1317 126 46 three

325 1391 152 47 inches
512 1393 47 45 in
598 1394 169 44 length.
837 1394 97 44 The
975 1409 122 30 same
1134 1399 280 40 observation
1449 1394 169 61 applies
1649 1400 45 40 to

328 1470 159 45 almost
511 1485 135 47 every
669 1470 139 61 figure
831 1470 50 46 of
902 1471 92 45 this
1023 1470 169 45 animal
1216 1471 147 44 which
1388 1471 23 45 I
1434 1470 118 46 have
1577 1486 117 30 seen.

334 1547 90 45 The
467 1548 275 60 proportions
786 1547 48 46 in
878 1554 78 39 the
1002 1548 123 45 work
1165 1545 50 48 of
1247 1548 193 45 Camper
1475 1547 220 61 approach

323 1631 192 47 nearest,
553 1625 47 45 in
633 1631 79 39 the
751 1631 177 54 present
968 1625 216 53 instance,
1220 1623 48 46 in
1307 1624 91 46 this
1437 1626 255 59 particular.

326 1702 98 44 The
467 1701 124 45 hand
631 1700 149 46 differs
820 1700 111 46 from
969 1702 95 48 thei
1092 1701 188 54 human,
1316 1700 48 46 in
1403 1701 168 61 having
1615 1702 78 45 the

323 1779 165 45 thumb
510 1780 62 60 by
596 1778 67 46 far
684 1785 79 38 the
787 1779 199 44 smallest
1010 1776 50 47 of
1075 1778 78 44 the
1176 1777 173 61 fingers.
1420 1778 97 45 The
1540 1777 90 47 foot
1654 1778 38 46 is

322 1871 123 30 more
479 1871 206 46 properly
725 1871 27 29 a
789 1855 125 45 hand
953 1854 234 62 appended
1224 1860 47 40 to
1306 1870 27 29 a
1362 1860 162 39 tarsus.
1595 1855 97 46 The

322 1932 165 46 thumb
524 1931 50 47 of
599 1932 91 46 this
725 1931 245 61 extremity
993 1931 38 45 is
1054 1946 111 46 very
1198 1930 118 63 long,
1346 1930 231 62 powerful,
1603 1933 91 45 and

322 2011 183 60 capable
546 2009 50 47 of
624 2015 126 56 great
786 2009 247 45 extension.
1110 2009 97 45 The
1245 2008 92 46 legs
1377 2023 74 31 are
1475 2010 219 61 certainly

321 2086 233 46 furnished
578 2087 114 44 with
717 2101 146 30 calves
883 2102 13 37 ;
921 2086 83 45 but
1020 2092 112 54 they
1156 2100 195 47 scarcely
1374 2087 217 45 resemble
1613 2087 79 45 the

321 2163 172 44 human
517 2163 47 45 in
589 2163 126 53 form,
748 2165 188 44 because
966 2171 113 53 they
1109 2179 74 30 are
1207 2164 242 45 continued
1483 2163 52 46 of
1559 2165 132 44 equal

319 2240 229 44 thickness
587 2239 160 60 nearly
782 2245 46 39 to
859 2240 77 44 the
965 2240 113 45 heel.
1146 2240 155 45 ^Vhen
1330 2240 92 44 this
1452 2240 170 46 animal
1652 2240 38 46 is

320 2324 131 47 erect,
472 2318 78 45 the
566 2318 138 44 knees
720 2331 163 45 appear
901 2316 305 60 considerably
1222 2316 121 53 bent,
1363 2331 48 30 as
1429 2315 37 46 is
1489 2322 78 39 the
1591 2332 99 30 case

321 2395 111 45 with
456 2400 78 39 the
558 2394 126 45 other
708 2393 181 53 Simice,
922 2392 89 46 and
1050 2392 36 46 it
1125 2399 154 39 stands
1318 2392 113 46 with
1455 2393 78 45 the
1555 2393 134 46 limbs

319 2487 120 30 more
464 2476 127 40 apart
613 2476 115 39 than
750 2469 152 46 man.”

384 2549 117 45 Such
526 2547 37 45 is
594 2554 79 39 the
703 2546 177 46 minute
909 2546 264 62 description
1203 2548 63 60 by
1291 2548 65 44 Dr
1381 2548 136 45 Trail.
1584 2548 102 45 An-

320 2635 126 36 other
470 2624 223 62 specimen
718 2622 50 48 of
795 2624 89 45 this
907 2623 185 55 animal,
1120 2624 88 45 and
1233 2640 81 30 one
1338 2624 50 46 of
1409 2625 77 45 the
1511 2624 173 46 Asiatic
