1895 3217
301 292 58 40 32

864 301 236 33 MONKEYS.

301 427 276 47 Neiiihoffj*
614 444 82 29 can
731 427 108 62 only
873 429 55 44 be
962 428 153 45 traced
1148 434 46 39 to
1228 434 78 38 the
1342 441 122 30 same
1495 439 174 31 sources

300 507 113 44 with
454 514 78 38 the
577 512 127 39 other
748 505 402 46 unsubstantiated
1193 511 169 39 reports
1406 516 262 47 concerning

298 590 143 48 them^
478 584 89 44 and
601 585 180 43 become
806 583 232 60 naturally
1062 589 260 46 associated,
1347 582 47 45 in
1417 587 79 40 the
1518 581 152 45 minds

300 659 50 46 of
375 661 76 45 the
484 660 298 54 inhabitants,
814 659 115 45 with
959 660 79 44 the
1071 660 187 45 hideous
1289 659 135 46 forms
1456 660 90 44 and
1580 659 88 44 im-

299 752 155 30 mense
490 743 129 39 tusks
651 735 51 46 of
727 737 80 45 the
843 737 144 45 larger
1022 737 179 45 species.
1272 737 97 45 The
1404 736 134 46 forest
1573 736 93 45 will

300 815 165 61 supply
482 821 127 39 them
634 814 114 45 with
771 814 329 55 nourishment,
1125 814 48 46 in
1195 822 79 38 the
1298 815 174 45 endless
1491 820 180 54 variety

299 891 50 45 of
376 891 131 46 fruits
538 893 90 44 and
661 908 123 38 nuts,
820 907 117 30 roots
972 893 90 44 and
1090 892 129 62 juicy
1253 908 173 29 shrubs.
1495 892 174 44 Insects

299 984 74 30 are
408 984 91 30 also
535 969 200 61 greedily
773 969 225 45 devoured
1034 971 64 59 by
1132 969 76 54 all,
1248 970 90 44 and
1374 984 48 30 as
1460 968 209 60 expertly

299 1045 212 48 caught.t
571 1047 97 44 The
694 1052 136 39 stores
855 1046 49 45 of
919 1053 78 38 the
1022 1046 109 45 wild
1154 1048 103 43 bees
1280 1045 177 46 furnish
1481 1046 189 45 another

383 1089 25 18 O

298 1138 164 45 repast,
499 1123 90 45 and
623 1129 79 39 the
737 1139 115 45 eggs,
889 1124 91 44 and
1014 1123 293 61 occasionally
1338 1129 79 39 the
1447 1138 151 46 young
1626 1120 48 48 of

298 1200 136 54 birds,
466 1201 36 45 is
533 1207 78 39 the
641 1216 108 46 only
778 1201 221 60 approach
1030 1200 149 45 which
1209 1215 83 29 can
1320 1201 55 44 be
1398 1200 152 45 traced
1572 1206 46 39 to
1643 1216 27 28 a

299 1293 283 31 carnivorous
605 1283 275 56 propensity.

366 1356 144 44 There
546 1371 73 29 are
654 1370 121 30 some
810 1370 208 30 accounts
1053 1353 50 47 of
1128 1360 78 39 the
1236 1369 155 30 orangs
1415 1353 177 62 feeding
1614 1369 57 30 on

299 1447 125 30 crabs
448 1433 90 44 and
564 1431 229 54 shellfish;
818 1433 83 43 but
920 1447 69 29 we
1013 1446 74 30 are
1110 1437 79 39 not
1213 1447 101 29 sure
1338 1430 50 46 of
1402 1438 79 38 the
1506 1431 164 45 autho-

355 1535 21 20 *
395 1536 23 18 “
435 1535 80 36 The
535 1548 170 35 province
725 1536 41 35 of
782 1535 134 36 Fohier
935 1535 88 35 hath
1043 1547 46 23 an
1106 1535 135 35 animal
1261 1541 175 41 perfectly
1451 1535 221 48 resembling

297 1613 101 33 man,
413 1603 67 34 but
491 1602 128 46 longer
630 1614 137 32 armed,
781 1602 70 34 and
867 1601 103 47 hairy
982 1600 50 36 all
1047 1613 98 32 over,
1169 1600 116 36 called
1305 1601 135 45 Fesse,
1463 1607 95 30 most
1578 1603 94 34 SA\ift

298 1668 71 35 and
388 1679 133 35 greedy
540 1674 87 29 aftei
650 1667 140 35 human
808 1667 104 44 flesh,
937 1667 131 44 which,
1092 1667 81 35 that
1194 1666 48 36 he
1265 1679 84 34 may
1367 1667 120 36 better
1509 1668 85 35 take
1614 1668 57 35 his

296 1746 100 34 prey,
415 1733 46 36 he
481 1732 162 37 feigneth
662 1732 181 48 laughter,
863 1734 70 34 and
954 1734 190 46 suddenly,
1167 1732 110 37 while
1307 1739 63 29 the
1394 1746 128 34 person
1549 1734 122 36 stands

296 1798 185 48 listening,
501 1798 134 36 seizeth
655 1811 98 23 upon
772 1798 124 36 him.”

404 1864 36 37 A
461 1867 142 34 curious
622 1878 153 23 manner
794 1866 41 36 of
847 1866 157 47 feeding,
1022 1867 29 35 is
1071 1873 84 29 thus
1173 1866 140 37 related
1331 1868 48 46 by
1401 1866 142 37 Ludolf
1557 1868 39 35 in
1615 1867 56 37 his

297 1930 156 49 History
472 1933 41 34 of
538 1931 169 37 Ethiopia
724 1932 90 36 :—“
835 1930 55 39 Of
912 1945 82 34 apes
1013 1938 103 30 there
1136 1945 60 24 are
1219 1933 143 36 infinite
1386 1933 113 37 flocks
1521 1946 49 35 up
1600 1935 72 35 and

297 1999 106 35 down
422 1999 39 35 in
488 2004 63 30 the
579 2003 221 41 mountains,
828 2011 21 23 a
876 1998 180 36 thousand
1085 2000 72 34 and
1184 2012 102 23 more
1314 2000 176 47 together.
1552 1999 121 38 There

296 2065 89 46 they
402 2065 105 35 leave
527 2078 47 22 no
595 2077 102 23 stone
716 2066 198 34 unturned.
986 2065 43 36 If
1051 2071 88 42 they
1158 2072 100 29 meet
1286 2066 88 36 with
1405 2079 68 23 one
1493 2072 79 30 that
1601 2072 72 30 two

296 2143 41 22 or
356 2136 102 29 three
479 2136 132 29 cannot
630 2130 72 44 lift,
723 2136 87 41 they
828 2131 72 35 call
920 2132 56 34 for
994 2144 101 22 more
1121 2132 70 44 aid,
1212 2132 69 35 and
1303 2132 50 35 all
1374 2133 55 34 for
1450 2138 61 30 the
1532 2145 84 23 sake
1638 2133 41 34 of

297 2202 62 28 the
379 2207 131 23 worms
530 2194 80 36 that
628 2194 50 36 lie
697 2207 193 23 under—a
909 2200 73 31 sort
1001 2197 41 34 of
1057 2197 75 34 diet
1151 2196 118 35 which
1290 2203 88 41 they
1392 2197 109 35 relish
1520 2199 151 34 exceed-

295 2260 112 48 ingly.
469 2259 106 48 They
590 2272 60 23 are
665 2272 88 35 very
767 2272 132 35 greedy
914 2262 92 34 after
1021 2266 165 30 emmets.
1249 2259 49 39 So
1315 2262 79 35 that
1408 2262 136 47 having
1557 2264 115 35 found

295 2340 47 22 an
362 2330 138 33 emmet
523 2325 83 46 hill,
635 2331 87 42 they
740 2332 186 41 presently
945 2327 178 35 surround
1150 2328 42 44 it,
1222 2328 71 35 and
1322 2327 124 48 lapng
1471 2328 97 36 their
1595 2330 77 35 fore

295 2405 108 35 paws,
422 2391 89 37 with
531 2391 63 36 the
612 2391 139 36 hollow
770 2392 234 45 doAvnwards,
1024 2405 98 34 upon
1150 2398 61 30 the
1240 2398 64 31 ant
1332 2393 106 47 heap,
1471 2407 37 23 as
1536 2395 71 35 fast
1636 2408 36 23 as

298 2466 61 28 the
380 2463 153 31 emmets
553 2469 104 35 creep
675 2458 79 35 into
774 2457 95 36 their
888 2463 229 31 treacherous
1142 2458 128 48 palms,
1296 2459 89 47 they
1402 2459 77 36 lick
1499 2465 104 31 them
1623 2460 53 37 off

300 2524 85 36 with
405 2529 100 42 great
525 2524 154 35 comfort
698 2529 37 30 to
756 2523 95 37 their
869 2530 180 31 stomachs
1066 2537 12 33 *,
1107 2526 70 35 and
1205 2530 102 31 there
1336 2531 88 43 they
1443 2525 77 37 will
1541 2525 49 38 lie
1611 2526 61 37 till

297 2591 103 36 there
420 2592 29 35 is
468 2596 65 30 not
552 2603 45 24 an
618 2596 138 32 emmet
776 2590 110 38 left.”
