1895 3217
590 257 89 31 THE
703 257 178 32 VARIED
903 257 217 31 MONKEY.

1439 253 83 39 ISl

176 387 188 46 animals
398 386 242 61 comprised
672 386 142 44 under
839 385 35 45 it
904 400 74 30 are
1008 400 120 30 more
1160 388 278 45 remarkable
1467 389 65 47 for

172 479 125 46 grace
321 462 49 47 of
394 462 126 55 form^
552 463 89 45 and
667 463 170 60 beauty
859 461 50 47 of
935 462 238 62 colouring,
1210 464 91 44 and
1331 464 59 45 its
1420 472 110 54 type

172 542 81 44 has
282 542 110 44 been
422 541 227 45 eulogized
679 555 47 29 as
759 545 175 39 elegant
964 538 47 46 in
1041 539 79 46 the
1149 540 177 61 highest
1357 541 170 46 degree,

172 618 111 45 mild
304 617 50 46 of
367 617 272 61 disposition,
664 616 297 54 affectionate,
985 616 91 45 and
1099 624 314 53 penetrating;
1437 619 92 45 and

171 695 245 61 possessing
437 710 133 45 every
593 695 176 60 quality
791 700 101 39 that
921 693 129 46 could
1079 694 138 45 adorn
1239 695 79 45 the
1340 695 188 46 disposi-

172 780 94 38 tion
289 771 50 47 of
352 787 57 30 an
432 771 181 46 animal.
681 772 97 44 The
802 771 164 45 species
989 786 69 30 we
1081 771 151 46 allude
1255 777 47 40 to
1325 771 52 56 is.

522 1062 110 37 THE
662 1061 206 37 VARIED
901 1061 259 37 MONKEY.

478 1168 297 37 Cercopithecus
792 1166 422 38 mona—Geoffrcy.

738 1273 133 36 Plate
893 1272 51 37 X.

170 1379 79 37 The
268 1379 133 37 Varied
429 1378 180 48 Monkey,
640 1379 226 36 Pennant's
897 1378 275 46 Quadrupeds,
1200 1391 86 36 page
1315 1379 77 36 210
1467 1380 56 37 La

221 1446 130 44 Mone,
380 1444 206 46 Audibert,
603 1444 181 36 Histoire
801 1444 217 36 Naturelle
1036 1444 66 36 des
1120 1444 404 38 Singes.—Frederic

223 1511 162 45 Cuvier,
428 1510 180 37 Histoire
648 1510 217 36 Naturelle
905 1510 67 36 des
1012 1509 508 38 Mammiferes.—Guenon

222 1576 129 45 Mone,
371 1577 242 35 Desmarets'
629 1575 295 47 Mammologie,
953 1585 35 35 p-
1007 1574 63 38 58.

232 1682 103 44 The
359 1682 154 52 Mona,
545 1696 103 29 says
673 1679 202 46 Frederic
898 1679 178 54 Cuvier,
1101 1678 37 47 is
1162 1680 197 61 superior
1388 1687 46 39 to
1459 1682 63 45 all

165 1757 78 45 the
265 1757 211 46 Guenons
509 1757 47 45 in
589 1765 78 37 the
700 1772 204 29 elegance
937 1755 50 46 of
1011 1757 59 44 its
1104 1755 126 55 form,
1267 1758 90 44 and
1389 1773 128 45 grace

165 1833 51 46 of
255 1834 59 45 its
346 1840 294 47 movements,
687 1840 79 38 the
798 1833 214 45 mildness
1047 1833 51 45 of
1139 1832 59 45 its
1243 1833 275 46 disposition,

164 1911 79 44 the
261 1911 196 59 delicacy
472 1909 47 46 of
535 1909 367 60 understanding,
928 1910 89 43 and
1040 1909 200 61 sagacity
1271 1909 51 45 of
1336 1917 183 39 counte-

167 2002 139 28 nance
322 2003 13 36 ;
374 1987 89 44 and
489 1986 58 44 its
578 1986 205 44 outward
809 1986 284 44 adornments
1123 2001 71 29 vie
1218 1985 112 45 with
1360 1986 58 45 its
1449 1987 71 45 in-

164 2063 145 44 ternal
332 2077 324 30 acquirements
679 2061 47 45 in
748 2062 78 45 the
847 2063 169 59 beauty
1038 2062 91 44 and
1151 2061 174 62 variety
1340 2062 50 45 of
1403 2064 118 45 their

163 2139 125 45 tints.
352 2140 44 44 It
419 2140 80 44 has
521 2139 227 61 generally
762 2140 110 44 been
890 2138 190 45 thought
1103 2145 46 38 to
1171 2138 55 46 be
1250 2154 26 30 a
1297 2146 155 40 native
1475 2140 47 46 of

164 2217 216 60 Barbary,
405 2216 215 45 although
653 2231 57 29 no
744 2215 130 61 proof
897 2230 82 30 can
1013 2216 53 44 be
1101 2215 213 45 adduced.
1384 2217 131 61 They

163 2293 216 60 certainly
401 2308 73 30 are
492 2292 189 46 brought
698 2290 112 47 from
826 2291 175 54 Africa;
1019 2292 88 44 and
1123 2291 110 46 from
1250 2293 78 45 the
1344 2292 173 63 facility

163 2369 111 45 with
304 2370 147 44 which
483 2370 111 61 they
618 2371 104 44 bear
754 2385 27 29 a
815 2370 234 45 European
1082 2369 194 55 climate,
1306 2386 69 30 we
1406 2386 111 45 may

162 2461 184 45 suppose
363 2454 77 37 the
457 2453 210 39 northern
690 2462 46 30 or
758 2447 314 45 mountainous
1092 2446 192 46 districts
1308 2462 73 30 are
1399 2447 116 45 their

162 2528 150 39 native
334 2524 174 45 abodes.
