2107 3450
1663 297 84 41 183

426 307 167 34 Sl'EliCII
626 307 48 31 IN
708 306 69 31 ITS
812 305 249 31 RELATIONS
1095 306 54 31 TO
1182 306 226 31 INSANITY.

91 434 202 41 however
306 429 172 44 natural
494 429 35 41 it
545 442 96 27 may
660 427 52 41 be
728 427 66 41 for
817 424 189 56 thought
1022 429 44 37 to
1082 425 187 56 embody
1287 425 122 42 itself
1427 425 45 43 in
1488 426 157 55 speech
1663 427 86 41 and

92 506 41 40 in
161 505 73 42 the
258 503 124 42 other
415 503 130 39 forms
568 500 48 41 of
644 497 298 57 expressional
972 497 228 54 language,
1224 497 86 42 and
1339 497 201 42 however
1562 497 191 43 difficult

92 577 35 40 it
150 590 99 27 may
273 575 52 41 be
356 579 43 36 to
429 572 117 42 draw
569 583 25 30 a
616 570 90 42 line
739 569 45 43 of
810 569 298 42 demarcation
1132 568 199 43 between
1363 569 75 42 the
1461 583 82 28 one
1567 569 87 42 and
1676 569 77 43 the

93 648 135 49 other,
246 646 103 41 they
366 658 72 27 are
462 647 76 51 yet
555 641 46 43 in
623 641 117 42 their
762 654 176 29 essence
961 639 195 43 distinct.
1221 639 218 57 Thought,
1457 640 296 43 intelligence,

94 717 134 43 mind,
266 730 70 27 are
379 719 135 37 terms
553 712 144 43 which
737 726 64 28 we
845 726 78 28 use
967 711 352 56 synonymously
1358 718 45 36 to
1447 712 191 43 indicate
1680 713 74 41 the

93 787 172 45 highest
288 801 279 28 endowment
590 786 44 41 of
666 784 75 43 the
764 784 137 43 brain.
967 784 244 56 Language,
1234 784 170 56 though
1438 799 46 27 so
1510 787 243 40 wonderful

91 862 44 40 in
154 859 130 42 itself,
305 864 117 36 must
445 857 101 42 take
568 871 25 27 a
615 856 132 43 lower
770 856 133 56 place.
968 856 45 42 It
1035 856 37 43 is
1096 856 74 43 the
1194 856 270 43 instrument
1487 857 44 42 of
1553 857 204 43 thought,

93 932 73 42 the
189 944 142 28 magic
354 943 153 28 mirror
529 928 47 42 in
600 928 145 42 which
779 942 25 28 a
826 942 102 28 man
952 942 101 42 may
1075 927 104 43 look
1209 928 88 42 and
1318 928 102 42 read
1443 928 76 42 the
1543 928 212 57 thoughts

92 1004 48 42 of
168 1003 183 43 another
383 1015 171 43 person,
575 1015 50 28 or
655 1001 96 42 into
784 1000 145 43 which
963 1000 54 43 he
1050 1014 102 43 may
1184 1006 94 36 cast
1311 1000 68 43 his
1411 1015 99 27 own
1543 1001 213 43 thoughts

92 1076 66 42 for
180 1073 216 44 another's
418 1072 296 43 information.
780 1072 45 42 It
857 1087 88 28 was
979 1072 58 56 by
1061 1072 74 42 the
1168 1071 157 43 mind's
1359 1086 98 28 own
1488 1073 147 42 efforts
1658 1073 99 42 that

95 1149 75 42 the
200 1148 156 41 mirror
390 1161 87 28 was
509 1146 236 57 originally
769 1145 202 57 polished
1003 1146 86 42 and
1122 1146 127 42 made
1282 1146 217 42 efficient;
1532 1147 86 41 and
1651 1147 36 42 it
1718 1148 39 42 is

97 1221 105 56 only
224 1221 59 41 by
306 1220 74 42 the
404 1218 158 43 mind's
592 1224 205 37 constant
826 1218 221 42 attention
1077 1218 98 41 that
1207 1218 37 42 it
1266 1232 82 28 can
1372 1219 52 42 be
1447 1219 109 55 kept
1576 1218 47 43 in
1645 1220 112 56 good

98 1293 126 42 order
262 1293 67 41 for
366 1291 122 56 daily
526 1305 86 28 use.
675 1291 148 41 When
862 1289 76 43 the
980 1289 125 42 mind
1143 1290 37 42 is
1224 1289 225 58 damaged,
1489 1291 75 41 the
1602 1291 157 42 mirror

98 1366 242 41 truthfully
376 1363 169 42 reflects
583 1377 24 27 a
646 1361 212 43 damaged
901 1361 86 42 and
1026 1361 215 43 distorted
1278 1362 153 56 image.
1496 1363 149 42 When
1682 1363 76 42 the

98 1437 153 41 mirror
273 1436 36 42 is
331 1435 223 55 damaged,
578 1435 74 41 the
685 1433 205 43 reflected
921 1433 143 56 image
1096 1433 45 42 of
1173 1433 75 42 the
1283 1433 123 42 mind
1429 1434 37 42 is
1500 1439 78 37 not
1599 1448 24 28 a
1646 1434 113 57 good

98 1508 86 41 and
208 1513 96 36 true
328 1521 106 28 one;
464 1507 36 41 it
521 1506 37 42 is
582 1505 188 43 blurred,
793 1505 38 41 if
860 1510 78 36 not
970 1504 226 52 distorted,
1219 1505 145 56 owing
1397 1510 44 37 to
1466 1505 114 42 fault
1612 1506 46 41 in
1683 1506 75 43 the

97 1579 227 55 reflecting
348 1592 146 42 power
515 1578 48 42 of
583 1578 73 41 the
686 1577 166 41 mirror.

157 1652 138 41 There
329 1664 72 28 are
435 1650 123 49 facts,
581 1649 216 42 however,
820 1647 46 44 in
901 1648 75 42 the
1007 1647 314 44 relationships
1354 1648 45 42 of
1431 1648 76 44 the
1540 1653 87 39 two
1660 1650 99 42 that

97 1723 87 42 tllis
208 1722 192 43 familiar
428 1720 232 56 metaphor
687 1720 123 57 gives
839 1734 52 28 us
914 1734 56 28 no
992 1719 104 56 help
1120 1719 48 42 in
1201 1720 363 58 understanding.
1629 1722 131 53 Such,

98 1798 66 40 for
207 1794 213 56 example,
463 1808 72 27 are
580 1793 74 42 the
697 1791 181 43 Morbid
919 1791 239 44 Activities
1203 1792 99 42 that
1343 1807 73 28 are
1459 1794 217 43 assumed,
1713 1794 48 42 in

98 1867 165 44 certain
287 1880 131 39 cases,
441 1867 58 41 by
522 1865 76 43 the
622 1864 207 44 Cerebral
857 1864 169 43 Organs
1060 1864 48 42 of
1137 1864 182 56 Speech,
1345 1865 351 56 independently
1719 1867 47 41 of

100 1940 74 42 the
197 1939 104 42 will,
324 1938 87 42 and
443 1938 252 42 sometimes
728 1937 47 41 in
798 1942 115 50 spite
936 1936 47 42 of
1012 1950 87 42 any
1122 1936 245 56 inhibitory
1390 1951 149 42 power
1562 1938 97 43 that
1681 1953 81 28 can

100 2011 53 42 be
176 2010 188 43 brought
395 2013 45 38 to
463 2009 101 41 bear
587 2022 117 41 upon
729 2006 131 43 them.
925 2007 147 42 When
1105 2006 76 43 the
1214 2013 153 50 strong
1399 2009 245 57 correcting
1676 2010 87 42 and

101 2081 266 43 controlling
403 2079 218 43 influence
659 2080 47 41 of
734 2093 25 27 a
797 2078 182 56 healthy
1014 2078 123 42 mind
1174 2079 37 42 is
1250 2094 55 27 no
1343 2079 153 57 longer
1539 2081 225 42 exercised

104 2168 117 41 upon
243 2153 75 42 the
341 2166 155 28 organs
518 2152 46 41 of
583 2151 170 55 speech,
776 2165 25 27 a
823 2150 171 55 variety
1018 2150 46 41 of
1086 2150 167 55 Speech
1277 2151 361 44 Hallucinations
1661 2167 103 43 may

104 2226 52 42 be
188 2223 252 44 developed.
502 2223 159 41 Voices
694 2235 100 42 may
829 2222 53 42 be
913 2221 147 49 heard,
1093 2236 47 27 or
1178 2222 219 56 Writings
1440 2238 103 42 may
1576 2225 53 42 be
1661 2239 103 29 seen

103 2312 119 27 upon
246 2296 74 42 the
343 2295 126 43 wall;
501 2309 46 27 or
580 2292 147 44 Motor
756 2294 359 42 Hallucinations
1146 2309 101 41 may
1272 2295 52 42 be
1347 2295 243 58 developed
1611 2298 47 41 in
1688 2299 75 42 the

104 2375 141 36 motor
263 2375 169 35 centres
449 2383 9 37 ;
490 2366 86 42 and
600 2366 123 43 these
746 2366 86 42 last
855 2380 102 42 may
974 2366 177 43 become
1175 2367 285 56 Impulsions,
1477 2369 86 43 and
1592 2371 172 43 compel

107 2442 73 42 the
212 2441 173 56 patient
416 2445 45 37 to
493 2438 215 57 ejaculate
738 2438 142 43 words
913 2453 48 27 or
992 2438 181 56 phrases
1206 2440 334 58 involuntarily,
1574 2456 48 28 or
1654 2457 110 29 even

107 2514 43 41 in
175 2518 113 38 spite
311 2512 45 42 of
378 2526 130 29 every
532 2511 126 43 effort
681 2515 43 37 to
748 2524 205 42 suppress
978 2510 131 43 them.

166 2585 45 43 It
231 2585 38 42 is
292 2584 172 43 further
495 2589 42 37 to
568 2583 53 43 be
650 2583 144 51 noted,
819 2583 109 51 that,
951 2583 47 42 in
1032 2584 250 44 conditions
1315 2585 45 43 of
1391 2586 239 44 Dementia
1658 2587 108 57 (loss

106 2658 44 41 of
182 2656 166 44 mental
379 2655 167 57 power)
583 2654 74 43 the
691 2655 200 42 function
925 2655 48 42 of
1002 2655 191 57 thought
1225 2671 141 28 seems
1399 2658 123 42 often
1555 2666 44 35 to
1629 2659 138 57 decay

109 2743 115 28 more
246 2728 172 56 rapidly
442 2728 106 42 than
574 2727 73 43 the
672 2727 201 42 function
906 2727 48 42 of
982 2728 231 43 articulate
1237 2743 185 42 speech;
1454 2745 47 28 so
1526 2731 98 43 that
1655 2747 111 28 even

110 2814 124 27 when
258 2798 190 56 thought
470 2799 77 41 has
570 2798 109 42 been
703 2798 189 42 reduced
925 2798 160 43 almost
1108 2804 44 37 to
1186 2814 108 37 zero,
1317 2800 76 43 the
1425 2802 161 56 speech
1609 2817 158 29 organs

110 2885 100 42 may
242 2876 76 50 yet
349 2870 142 42 retain
514 2870 116 42 their
659 2870 279 43 articulative
970 2885 157 41 power,
1151 2872 86 42 and
1270 2872 53 43 be
1356 2873 99 43 able
1489 2879 44 37 to
1562 2875 206 55 produce,

110 2941 346 56 automatically,
506 2941 141 42 words
700 2942 86 41 and
834 2942 180 55 phrases
1063 2942 97 43 that
1213 2943 87 43 had
1354 2945 111 42 been
1519 2946 147 43 stored
1709 2961 59 41 up

113 3013 156 42 within
311 3012 121 43 them
474 3013 47 41 in
568 3013 184 55 happier
794 3013 142 44 times.
1004 3014 132 52 Here,
1179 3016 141 56 again,
1364 3016 75 43 the
1487 3017 195 43 disorder
1726 3020 45 40 of

112 3084 157 44 speech
300 3084 103 43 does
435 3088 78 38 not
544 3084 122 56 quite
698 3085 113 55 keep
844 3089 98 52 step
976 3085 106 43 with
1117 3086 77 43 the
1227 3087 249 57 advancing
1507 3089 198 42 disorder
1727 3091 48 40 of

115 3158 73 42 the
212 3155 132 43 mind.
