1895 3217
1416 271 54 46 71

346 277 90 30 THE
460 275 89 31 HED
572 275 58 32 OR
654 277 182 30 ASIATIC
861 276 387 33 ORANG-OUTANG.

116 403 113 46 with
267 404 162 53 lashes,
471 404 89 44 and
598 403 78 45 the
714 402 137 46 lower
890 417 104 31 ones
1031 418 74 30 are
1151 419 197 30 saccular
1391 406 89 45 and

115 481 232 45 ■wiinkled.
416 481 97 44 The
530 495 104 30 nose
652 479 37 45 is
708 479 224 45 confluent
952 479 113 45 with
1088 480 79 45 the
1190 479 108 55 face,
1325 488 157 39 except

114 564 47 39 at
184 564 78 38 the
297 556 194 54 nostrils,
529 556 147 45 wdiich
714 571 72 29 are
822 557 82 44 but
941 555 119 45 little
1091 556 237 54 elevated;
1364 558 119 44 their

114 634 210 61 openings
348 649 73 31 are
443 649 176 29 narrow
637 633 90 45 and
745 633 188 45 oblique.
1004 634 97 44 The
1125 634 160 45 mouth
1308 633 38 45 is
1370 649 110 45 very

112 710 257 62 projecting,
394 711 90 45 and
508 709 49 47 of
582 726 27 29 a
638 710 214 45 roundish
881 709 309 62 mammillary
1218 709 126 46 form.
1413 711 69 45 Its

113 787 190 61 opening
324 787 38 46 is
384 787 135 61 large,
543 788 82 44 but
654 787 133 45 when
821 801 144 31 closed
988 786 37 45 is
1048 787 188 45 marked
1266 788 62 60 by
1360 786 121 46 little

111 879 120 31 more
254 871 112 38 than
390 880 27 29 a
438 879 175 30 narrow
631 879 135 29 seam.
836 863 97 45 The
956 863 85 45 lips
1065 879 73 29 are
1162 879 110 45 very
1289 879 189 37 narrow,

112 941 91 44 and
239 956 193 46 scarcely
466 939 268 62 perceptible
779 940 134 45 when
956 945 80 40 the
1079 940 161 46 mouth
1284 940 37 45 is
1361 947 120 38 shut.

115 1018 97 44 The
245 1018 104 44 chin
378 1017 188 60 projects
598 1017 88 45 less
718 1022 114 39 than
864 1022 79 39 the
972 1017 194 53 mouth;
1214 1016 143 45 below
1381 1016 51 54 it,
1458 1033 27 28 a

113 1094 249 59 pendulous
385 1109 261 29 membrane
668 1093 122 61 gives
812 1099 79 39 the
914 1108 272 45 appearance
1210 1092 50 46 of
1276 1109 27 29 a
1326 1094 160 45 double

117 1169 118 54 chin,
256 1170 89 44 and
361 1170 147 44 swells
523 1176 78 39 out
620 1170 134 44 when
771 1176 79 38 the
874 1170 169 44 animal
1061 1168 37 46 is
1122 1185 139 45 angry
1281 1185 46 30 or
1349 1171 136 43 much

117 1246 193 60 pleased.
379 1246 123 45 Each
540 1245 49 46 of
624 1246 79 45 the
733 1246 117 61 jaws
895 1252 200 39 contains
1132 1252 166 39 twelve
1342 1248 141 51 teeth,

117 1322 199 60 namely,
341 1321 97 46 four
460 1322 183 45 incisive
665 1328 141 48 teeth,
826 1328 78 38 the
918 1328 92 39 two
1032 1321 169 46 middle
1217 1337 104 30 ones
1345 1321 50 46 of
1408 1323 78 44 the

117 1414 141 44 upper
274 1399 96 60 jaw
393 1399 131 60 being
546 1398 132 45 twice
704 1404 79 39 the
807 1398 144 45 width
986 1397 50 46 of
1061 1399 77 45 the
1172 1399 187 53 lateral;
1396 1406 92 38 two

119 1490 173 38 canine,
330 1475 89 45 and
459 1474 69 45 six
564 1475 162 45 double
764 1475 140 45 teeth.
975 1476 96 44 The
1102 1490 96 30 ears
1236 1491 72 29 are
1341 1477 145 52 small,

120 1552 163 59 closely
305 1552 215 44 resemble
542 1552 79 44 the
643 1552 174 44 human
841 1567 90 39 ear,
957 1552 90 45 and
1069 1552 116 45 have
1208 1552 118 45 their
1354 1553 134 45 lower

119 1628 196 45 margins
339 1628 45 45 in
409 1635 78 38 the
511 1644 122 30 same
663 1629 91 45 line
779 1628 113 46 with
925 1636 79 38 the
1036 1629 203 45 external
1273 1645 151 29 angles
1449 1628 49 46 of

119 1711 77 38 the
221 1720 118 45 eyes.

237 1781 97 45 The
358 1796 123 30 chest
503 1780 38 46 is
565 1781 117 46 wide
705 1782 235 45 compared
964 1782 113 44 with
1101 1788 78 38 the
1202 1782 142 60 pelvis
1363 1798 13 37 ;
1412 1782 78 45 the

120 1857 122 60 belly
266 1857 37 45 is
326 1873 110 45 very
458 1859 303 59 protuberant.
831 1859 97 43 The
957 1873 119 30 arms
1100 1873 73 29 are
1196 1858 103 60 long
1320 1858 47 44 in
1391 1873 100 44 pro-

124 1933 174 59 portion
320 1939 46 38 to
389 1933 80 44 the
491 1933 155 45 height
670 1933 50 45 of
734 1940 78 38 the
836 1933 184 53 animal,
1036 1934 119 43 their
1178 1949 109 28 span
1311 1948 179 30 measu-

122 2008 99 59 ring
249 2006 83 45 full
355 2007 96 45 four
474 2007 88 46 feet
593 2024 135 29 seven
754 2008 151 45 inches
936 2009 91 44 and
1049 2024 27 29 a
1097 2009 106 43 half.
1274 2009 96 44 The
1401 2009 90 45 legs

124 2101 74 29 are
222 2086 123 44 short
369 2087 234 43 compared
626 2086 112 44 with
762 2092 78 38 the
864 2101 130 29 arms.

246 2162 96 44 The
374 2162 143 45 hands
548 2178 73 29 are
644 2163 116 60 long,
786 2163 233 44 compared
1043 2161 113 46 with
1189 2162 119 45 their
1331 2163 159 53 width,

125 2240 89 44 and
250 2239 114 44 with
400 2239 78 44 the
514 2239 172 44 human
724 2239 136 44 hand.
930 2239 96 44 The
1063 2238 158 45 fingers
1257 2254 73 29 are
1361 2240 131 43 small

126 2316 90 45 and
237 2322 233 53 tapering;
505 2322 77 38 the
600 2317 163 43 thumb
787 2315 36 45 is
847 2331 109 45 very
973 2315 135 53 short,
1130 2331 193 44 scarcely
1338 2315 154 45 reach-

125 2392 76 60 ing
236 2393 78 44 the
350 2392 95 45 first
473 2393 117 60 joint
624 2391 50 46 of
699 2393 77 43 the
806 2390 241 46 forefinger.
1117 2391 79 45 All
1231 2391 77 45 the
1331 2390 160 61 fingers

127 2469 115 44 have
261 2484 109 45 very
393 2468 166 61 perfect
581 2469 131 53 nails,
738 2467 50 46 of
803 2483 27 29 a
853 2468 199 44 blackish
1088 2468 147 44 colour
1269 2467 89 45 and
1392 2467 99 44 oval

128 2544 128 52 fivrm,
282 2545 89 44 and
394 2545 178 60 exactly
596 2544 292 60 terminating
911 2544 112 44 with
1047 2550 78 38 the
1150 2549 278 39 extremities
1451 2541 49 46 of

1276 2631 15 28 I
