1933 3302
839 134 309 45 Hämorrhagische
1172 140 111 32 Form.

255 127 53 39 14

254 236 116 38 raubt
389 237 155 38 werden
575 237 154 40 sehen."
784 241 112 39 Auch
925 243 194 40 Demme
1152 246 218 41 beschreibt
1398 251 106 38 Fälle
1535 253 67 38 der
1631 254 225 42 hämorrha-

254 289 161 50 gischen
446 290 115 39 Form
600 305 69 26 aus
709 294 85 38 dem
832 296 265 40 italienischen
1138 299 161 52 Kriege,
1345 304 94 38 doch
1479 308 202 47 supponirt
1719 323 39 24 er
1798 312 60 37 bei

254 344 93 37 zwei
365 344 202 38 derselben
589 346 60 38 ein
667 349 283 38 scorbutisches
965 350 158 39 Leiden.
1168 352 69 39 Bei
1258 356 79 37 drei
1353 356 133 39 Fällen
1508 360 63 36 fiel
1593 361 59 38 die
1668 363 188 39 schwarz-

253 397 148 38 braune
417 397 187 53 Färbung
625 401 66 38 des
711 402 189 49 pulpösen
917 403 246 53 Ueberzuges
1184 407 70 38 mit
1267 409 105 38 einer
1386 411 253 40 fieberhaften
1655 415 201 39 Eruption,

254 464 104 24 einer
388 451 179 48 Roseola,
597 467 100 38 resp.
729 455 201 50 Ekthyma
951 471 206 36 j)urpurea,
1189 474 229 30 zusammen.
1478 465 282 42 Neudörfer
1790 471 67 38 be-

253 505 172 38 schreibt
464 506 59 38 die
554 506 232 52 Gangraena
815 511 297 48 sanguinolenta
1142 513 55 38 als
1228 515 59 38 die
1318 517 396 43 charakteristischste
1744 522 113 39 Form

254 558 65 38 des
340 558 362 51 Hospitalbrandes.
753 562 62 39 Sie
846 563 121 38 bildet
995 566 99 37 nach
1114 566 263 42 Neudörfer
1407 573 83 37 eine
1521 576 336 39 schwarz-braune

251 611 131 40 Masse
417 627 75 25 von
528 615 67 38 der
625 615 226 39 Consistenz
886 619 77 36 und
993 618 125 39 Farbe
1156 620 104 40 eines
1294 624 109 38 recht
1437 626 137 38 dicken
1611 627 245 40 Zwetschen-

251 680 147 33 muses,
437 668 145 38 welche
613 670 66 37 das
708 669 153 39 Niveau
891 672 65 37 des
984 672 274 41 Wundrandes
1289 677 147 39 schnell
1466 680 183 51 überragt
1677 683 77 37 und
1785 684 72 37 den

250 719 202 40 Eindruck
471 723 143 46 macht,
647 723 57 38 als
735 724 48 37 ob
815 725 53 37 sie
900 726 117 37 durch
1040 726 188 53 Gährung
1257 730 80 37 sich
1363 745 41 24 so
1425 732 100 39 hoch
1547 734 168 39 erhoben
1736 736 119 39 hätte.

250 773 46 38 In
328 775 67 38 der
426 776 103 38 That
558 776 51 38 ist
638 777 54 38 sie
723 778 98 38 auch
851 779 89 38 sehr
969 781 106 36 stark
1106 782 214 49 gashaltig,
1361 786 208 39 verbreitet
1598 789 110 38 einen
1737 804 118 35 pene-

251 830 173 46 tranten,
467 830 122 39 durch
627 831 127 38 nichts
793 845 45 24 zu
874 833 290 51 beseitigenden
1195 836 162 39 Geruch.
1416 839 70 38 Die
1519 843 337 39 schwarz-braune

250 881 129 40 Masse
410 884 155 37 besteht
595 898 67 25 aus
694 884 328 41 Gewebsdetritus
1052 888 39 37 in
1122 889 255 52 Verbindung
1405 893 71 37 mit
1505 894 236 40 faulendem,
1773 911 82 23 zer-

250 940 162 35 setztem
447 938 108 45 Blut,
598 939 166 38 welches
803 953 68 25 aus
907 942 73 37 den
1010 943 232 38 erweichten
1271 944 216 50 Capillaren
1527 948 66 37 der
1623 949 107 38 Tiefe
1767 950 88 38 her-

249 994 179 47 vorgeht.

382 1045 45 38 In
458 1048 118 36 etwas
607 1047 293 39 abweichender
919 1048 131 39 Weise
1080 1050 220 39 beschreibt
1318 1052 104 39 Prof.
1446 1053 121 40 Groh
1597 1056 83 38 eine
1701 1057 154 38 hämor-

248 1099 210 50 rhagische
479 1099 118 39 Form
618 1101 66 38 des
705 1101 366 51 Hospitalbrandes:
1110 1104 140 45 „Nicht
1269 1106 121 39 selten
1411 1108 152 51 begann
1585 1110 59 38 die
1664 1110 193 39 AfFection

249 1153 73 38 mit
359 1154 157 38 kleinen
553 1154 225 51 Blutungen
816 1157 38 37 in
894 1157 59 37 die
992 1159 274 49 granulirende
1302 1160 194 48 Schichte,
1539 1164 178 38 wodurch
1755 1166 101 37 dann

248 1208 251 38 verschieden
511 1222 134 37 grosse
658 1209 395 53 halbkugelförmige,
1074 1212 263 47 fluctuirende,
1360 1215 224 39 blau-rothe
1595 1216 261 41 Geschwülste

249 1263 245 37 entstanden.
544 1262 195 49 Grössere,
771 1264 82 38 sich
882 1265 122 38 selbst
1032 1267 246 38 überlassene
1307 1268 352 51 Blutgeschwülste
1687 1274 168 46 platzten

247 1316 80 37 und
367 1317 214 38 entleerten
619 1318 275 49 tropfenweise
931 1319 109 38 ihren
1078 1320 144 46 Inhalt,
1265 1323 148 36 worauf
1440 1323 59 38 die
1529 1323 171 52 Blutung
1729 1326 124 37 stand.

248 1370 183 39 Kleinere
453 1372 160 37 wurden
642 1372 179 50 gänzlich
850 1372 261 51 losgestossen
1141 1375 99 37 ohne
1271 1375 84 38 eine
1376 1376 174 50 Blutung
1578 1378 99 37 nach
1706 1392 147 25 aussen.

247 1424 47 38 In
323 1425 140 38 beiden
483 1424 137 39 Fällen
645 1427 143 49 jedoch
818 1441 80 23 war
927 1427 102 38 dann
1060 1428 59 38 die
1149 1429 359 52 hospitalbrandige
1528 1431 237 39 Exsudation
1797 1433 58 38 die

247 1479 163 38 nächste
439 1479 139 50 Folge,
618 1481 144 37 welche
792 1481 82 38 sich
903 1494 75 25 von
1009 1481 130 39 diesen
1169 1482 180 38 Punkten
1379 1497 65 24 aus
1483 1484 146 39 schnell
1659 1486 94 38 über
1783 1487 72 37 den

247 1547 151 36 ganzen
427 1533 360 53 Geschwürsgrund
824 1535 232 38 verbreitete
1094 1537 78 37 und
1211 1537 141 38 ebenso
1389 1538 111 38 rasch
1525 1539 160 49 jauchig
1713 1540 139 38 zerfiel.

246 1587 144 52 Einige
411 1588 103 38 Male
535 1590 131 37 wurde
693 1588 123 39 Groh
843 1603 137 37 wegen
1000 1589 176 39 Blutung
1205 1605 46 23 zu
1281 1591 156 38 solchen
1465 1592 185 39 Kranken
1678 1594 174 49 gerufen.

245 1642 55 38 Es
321 1656 81 24 war
433 1643 67 37 der
528 1656 122 37 ganze
672 1642 133 39 Grund
827 1644 179 46 erhoben,
1038 1644 217 39 bedeutend
1274 1648 249 48 vergrössert,
1554 1647 297 47 schwarz-grau,

247 1710 68 24 aus
354 1697 107 37 einer
491 1696 196 52 Oeffnung
719 1700 160 36 strömte
909 1698 93 37 Blut
1024 1728 6 7 .
1055 1728 6 7 .
1081 1729 7 6 .
1126 1699 80 38 und
1235 1699 96 38 doch
1359 1714 80 23 war
1470 1713 39 25 es
1537 1700 124 38 nichts
1699 1701 55 37 als
1794 1702 61 37 ein

246 1756 214 46 grösseres,
489 1751 114 38 rasch
633 1753 273 37 entstandenes
926 1752 234 38 Extravasat
1187 1752 40 38 in
1258 1753 60 38 die
1348 1753 113 38 laxen
1482 1753 314 39 Granulationen.
1817 1786 7 6 .
1844 1785 7 7 .

245 1805 74 38 Die
349 1805 179 50 Blutung
561 1806 89 37 kam
687 1806 247 51 gewöhnlich
968 1806 99 38 ohne
1103 1806 75 39 alle
1207 1806 309 51 Veranlassung;
1552 1822 74 23 nur
1659 1808 40 38 in
1732 1809 120 37 weni-

246 1873 77 37 gen
353 1859 137 38 Fällen
524 1860 90 38 liess
651 1860 81 38 sich
769 1861 85 37 eine
889 1860 269 39 mechanische
1188 1860 258 51 Beleidigung
1482 1862 67 37 der
1577 1861 154 38 Wunde
1761 1876 91 24 con-

245 1914 200 38 statiren."

379 1967 99 39 Sehr
505 1968 158 38 ähnlich
692 1968 221 38 beschreibt
933 1967 239 39 Pirogoff
1199 1969 82 37 eine
1310 1982 73 24 von
1410 1969 79 37 ihm
1509 1969 340 38 hämorrhagisch-

246 2022 245 38 scorbutisch
529 2025 196 47 genannte
760 2022 133 38 Form,
934 2022 145 38 welche
1116 2022 63 38 bei
1220 2022 287 38 scorbutischen
1541 2022 184 38 Kranken
1764 2037 86 24 vor-

245 2077 169 38 komme,
447 2076 121 39 selbst
588 2090 113 24 wenn
732 2078 67 36 der
821 2076 165 38 Scorbut
1014 2076 109 38 nicht
1144 2076 167 38 deutlich
1333 2079 237 47 ausgeprägt
1590 2076 65 46 sei,
1687 2078 165 36 sondern

244 2145 74 24 nur
360 2145 69 24 aus
472 2132 86 37 dem
597 2143 358 26 eigenthümlichen
989 2129 168 38 Habitus
1197 2133 163 35 erkannt
1396 2143 137 26 werde.
1597 2129 144 46 „Unter
1780 2131 73 37 den

244 2185 144 52 Augen
419 2186 66 37 des
506 2186 138 37 Arztes
675 2185 225 38 entwickelt
930 2184 81 37 sich
1042 2187 58 35 oft
1120 2183 61 39 ein
1201 2184 333 50 blutig-fungöses
1554 2183 201 39 Aussehen
1787 2185 66 37 der

244 2240 170 38 Wunde.
474 2239 112 38 Beim
615 2239 226 39 Verbinden
875 2238 126 38 heben
1037 2238 82 37 sich
1149 2238 69 37 auf
1244 2238 103 38 einer
1375 2237 99 39 noch
1504 2237 174 38 ziemlich
1706 2238 144 45 reinen,

243 2309 75 24 nur
353 2294 121 38 leicht
511 2294 213 38 blutenden
755 2292 275 39 Wundfläche,
1072 2292 188 38 nachdem
1299 2292 54 37 sie
1392 2292 125 50 einige
1545 2291 86 38 Zeit
1665 2292 65 37 der
1758 2291 93 38 Luft

245 2351 224 49 ausgesetzt
497 2362 96 25 war,
639 2349 72 37 mit
746 2361 125 25 einem
901 2346 103 39 Male
1034 2346 126 38 einige
1191 2345 303 39 Granulationen
1530 2346 82 44 auf;
1656 2345 38 38 in
1723 2358 127 37 wenig

243 2403 178 39 Minuten
462 2403 69 37 sah
569 2402 63 38 ich
671 2402 171 38 dadurch
873 2402 84 37 eine
986 2400 317 38 taubeneigrosse
1332 2399 266 38 Erhabenheit
1635 2399 212 45 entstehen,

245 2458 61 38 die
345 2458 106 38 einer
487 2457 230 38 rundlichen
757 2459 72 35 mit
866 2455 200 38 flüssigem
1095 2454 93 38 Blut
1223 2460 191 44 gefüllten
1443 2453 113 38 Blase
1593 2452 115 50 glich.
1769 2452 77 37 Zu-

245 2512 138 38 weilen
421 2514 151 35 zeigten
612 2511 82 37 sich
723 2523 176 25 mehrere
928 2509 143 38 Blasen
1106 2509 78 37 und
1213 2509 128 50 gaben
1371 2509 65 37 der
1465 2506 153 39 Wunde
1648 2507 66 37 das
1744 2506 103 38 Aus-

245 2567 119 38 sehen
395 2566 67 37 des
486 2566 160 50 Fungus
676 2565 266 37 haemadotes;
975 2562 152 38 endlich
1157 2565 235 35 zerplatzten
1421 2561 53 38 sie
1503 2560 79 39 und
1611 2560 66 38 das
1708 2560 140 37 dunkle

244 2621 95 38 Blut
369 2623 160 47 spritzte
559 2618 293 39 fontänenartig
880 2618 152 37 heraus.
1082 2616 151 38 Nimmt
1252 2630 89 24 man
1362 2616 103 37 diese
1484 2614 179 37 lockeren
1684 2614 163 37 Excres-

245 2689 143 24 cenzen
428 2674 65 38 ab,
539 2686 42 25 so
617 2673 196 38 schiessen
848 2672 90 38 bald
975 2684 98 25 neue
1102 2670 150 38 hervor.
1310 2669 71 38 Die
1410 2668 155 38 Wunde
1595 2668 121 37 bleibt
1743 2680 106 24 nicht

243 2729 119 38 lange
392 2728 39 38 in
463 2728 141 38 diesem
628 2727 207 38 Zustande,
867 2739 167 25 sondern
1063 2724 201 39 bekommt
1293 2724 65 37 das
1389 2725 238 47 schmutzige
1647 2720 200 39 Aussehen

245 2784 65 37 des
341 2781 556 52 Hospitalbrandgeschwüres
926 2780 54 37 im
1008 2781 184 36 weiteren
1221 2776 217 40 Verlaufe."

377 2837 137 38 Solche
562 2836 39 38 in
641 2836 142 38 Blasen
832 2836 113 36 unter
988 2832 106 39 einer
1140 2829 422 41 Granulationsschicht
1604 2827 242 39 auftretende

244 2891 228 38 Blutungen
507 2890 87 39 sind
642 2890 99 38 auch
777 2888 61 39 bei
887 2887 119 50 völlig
1050 2886 192 50 aseptisch
1284 2884 232 53 gehaltenen
1555 2881 289 40 Granulations-

243 2945 151 38 flächen
421 2946 130 51 jedem
581 2943 249 52 praktischen
853 2941 215 39 Chirurgen
1098 2940 182 38 bekannt.
1325 2937 62 40 Sie
1407 2937 180 39 kommen
1615 2935 63 38 bei
1697 2934 147 38 anämi-
