2113 3404
355 258 82 42 188

853 276 85 31 THE
970 277 242 34 DISORDERS
1245 281 52 30 OF
1328 281 175 32 SPEECH.

353 388 163 44 middle
547 391 45 42 of
622 391 73 43 the
729 393 211 53 forehead,
973 396 74 43 the
1078 399 230 55 convexity
1330 399 45 42 of
1407 399 138 43 which
1577 401 35 42 is
1645 403 207 54 upwards.
1914 403 53 42 In

353 457 356 57 long-continued
747 477 116 30 cases
897 467 48 40 of
985 467 284 43 melancholia
1309 469 74 42 the
1424 471 247 54 expression
1717 473 47 41 of
1807 474 160 41 mental

356 529 207 57 suffering
592 537 94 51 gets
722 536 274 55 stereotyped
1039 551 55 28 on
1139 538 73 42 the
1253 544 305 48 countenance,
1599 542 84 42 and
1734 542 74 42 the
1858 543 110 42 lines

356 602 245 53 expressive
623 603 47 42 of
689 603 36 43 it
745 605 118 42 often
885 610 71 51 get
979 606 216 56 deepened
1219 613 44 37 to
1284 623 23 27 a
1330 610 175 43 marked
1527 611 162 43 degree.

415 740 47 42 B.
495 741 287 44 Mania.—In
812 744 142 43 Acute
984 746 151 43 Mania
1165 749 74 41 the
1270 749 264 43 excitement
1562 751 37 42 is
1626 751 118 42 often
1767 756 199 38 extreme.

355 810 122 43 Loud
511 813 156 54 speech
701 813 86 43 and
820 815 165 42 violent
1018 817 163 41 motion
1218 818 44 41 of
1296 818 74 43 the
1403 819 113 56 body
1539 834 98 41 may
1659 821 51 42 be
1743 822 226 41 incessant.

356 880 162 56 Hurry,
535 883 277 51 excitement,
828 884 293 53 incoherence,
1142 886 85 42 and
1249 888 216 42 incessant
1482 889 117 42 noise
1619 903 71 28 are
1708 890 72 42 the
1799 891 171 42 charac-

356 951 187 42 teristics
576 953 48 41 of
652 960 124 34 acute
810 954 153 41 mania.
1026 955 89 42 The
1150 956 239 42 characters
1421 958 45 40 of
1497 958 73 42 the
1601 960 153 53 speech
1783 974 69 28 are
1875 961 96 41 well

355 1021 199 42 summed
591 1036 59 41 up
684 1023 57 55 by
763 1023 215 55 Esquirol.
1057 1025 70 42 He
1163 1040 109 40 says,
1306 1030 20 17 "
1346 1027 173 54 Speech,
1551 1028 129 55 given
1715 1035 42 36 to
1795 1045 98 26 man
1927 1036 44 36 to

355 1104 175 42 express
562 1091 69 43 his
665 1092 207 56 thoughts
906 1094 85 41 and
1025 1095 234 50 affections,
1281 1096 171 55 betrays
1488 1097 74 42 the
1596 1098 188 42 disorder
1819 1100 43 40 of
1897 1101 74 41 the

353 1161 278 56 intelligence
653 1163 47 41 of
730 1163 73 41 the
836 1164 177 41 maniac.
1076 1164 84 42 His
1192 1165 206 54 thoughts
1430 1172 174 49 present
1634 1168 256 43 themselves
1924 1169 45 43 in

354 1232 165 42 crowds
542 1237 43 37 to
607 1233 68 42 his
699 1234 132 50 mind,
853 1248 119 41 press
993 1248 117 41 upon
1133 1235 104 42 each
1271 1236 132 50 other,
1425 1237 110 54 push
1568 1238 100 41 each
1703 1239 121 41 other
1854 1240 117 41 aside

346 1304 92 54 pele
458 1304 110 42 iriele.
632 1304 118 42 Thus
772 1304 139 42 words
934 1305 85 41 and
1053 1304 177 56 phrases
1263 1319 149 41 escape
1443 1307 109 41 from
1584 1307 68 42 his
1682 1308 83 55 lips
1790 1315 181 35 without

354 1375 254 49 connexion,
630 1375 187 41 without
849 1376 272 41 consecutive
1153 1375 134 42 order,
1309 1376 84 41 and
1416 1376 105 41 with
1553 1390 55 28 an
1639 1383 189 36 extreme
1849 1378 121 41 volu-

353 1444 165 55 bility."
579 1445 102 42 This
703 1459 101 41 may
826 1445 52 42 be
900 1445 132 42 taken
1066 1459 46 28 as
1148 1445 74 42 the
1259 1445 121 42 usual
1412 1451 111 37 state
1545 1447 44 41 of
1622 1453 176 36 matters
1821 1448 42 41 in
1896 1449 74 41 the

354 1520 114 36 most
490 1520 125 37 acute
637 1530 126 28 cases.
826 1516 227 54 Referring
1075 1520 44 37 to
1134 1529 115 29 cases
1271 1516 83 42 less
1373 1521 134 37 acute,
1525 1517 73 41 the
1619 1531 114 28 same
1753 1518 217 56 authority

353 1599 100 42 goes
476 1599 55 28 on
553 1589 44 38 to
619 1600 88 41 say,
728 1590 21 18 "
769 1586 124 42 Some
931 1586 201 42 maniacs,
1156 1586 81 41 full
1268 1586 44 41 of
1343 1587 245 41 confidence
1620 1587 47 41 in
1699 1588 272 50 themselves,

354 1657 134 41 speak
510 1656 85 42 and
618 1657 122 41 write
762 1662 105 36 with
890 1656 180 55 facility,
1091 1656 85 41 and
1198 1656 125 42 make
1346 1657 258 42 themselves
1625 1657 266 42 remarkable
1913 1657 57 55 by

354 1728 75 41 the
452 1727 101 41 eclat
574 1728 45 40 of
639 1727 112 42 their
772 1727 284 55 expressions,
1077 1726 57 55 by
1155 1726 75 41 the
1261 1727 253 54 profundity
1537 1727 44 41 of
1609 1727 113 41 their
1753 1727 220 49 thoughts,

355 1798 85 41 and
463 1799 57 40 by
542 1798 74 41 the
642 1802 112 37 most
785 1797 227 41 ingenious
1044 1796 256 42 association
1331 1797 46 40 of
1404 1797 129 43 ideas.
1594 1797 118 55 They
1733 1811 109 40 pass,
1865 1797 105 41 with

354 1869 75 41 the
463 1872 187 51 greatest
685 1868 203 54 rapidity,
922 1867 109 41 from
1066 1866 271 42 expressions
1372 1866 74 42 the
1480 1871 111 37 most
1623 1867 268 41 affectionate
1928 1872 43 36 to

353 1939 161 41 insults
551 1938 85 42 and
679 1943 43 36 to
765 1941 191 47 threats;
1001 1936 105 55 they
1142 1950 246 40 pronounce
1431 1936 135 42 words
1603 1936 84 41 and
1724 1937 248 41 incoherent

353 2023 178 42 phrases
568 2008 97 41 that
701 2008 110 40 have
847 2021 56 27 no
940 2010 247 51 agreement
1223 2012 104 34 with
1366 2005 113 42 their
1511 2005 117 42 ideas
1665 2006 83 41 and
1785 2006 189 51 actions;

356 2079 247 42 sometimes
626 2078 104 54 they
752 2081 147 38 repeat
929 2077 65 41 for
1026 2075 164 43 several
1221 2075 129 42 hours
1382 2076 194 54 together
1605 2075 73 42 the
1710 2089 114 28 same
1848 2076 125 49 word,

354 2151 75 40 the
451 2164 116 27 same
589 2162 166 42 phrase,
776 2148 75 41 the
873 2160 116 29 same
1012 2159 177 42 passage
1210 2146 47 40 of
1281 2145 149 50 music,
1453 2145 183 41 without
1666 2146 231 53 appearing
1928 2151 43 35 to

355 2220 146 42 attach
524 2224 44 37 to
590 2219 35 41 it
659 2218 74 42 the
766 2217 111 42 least
907 2216 213 42 meaning.
1183 2215 136 41 There
1353 2229 70 27 are
1461 2229 116 28 some
1601 2215 93 41 who
1731 2219 138 37 create
1908 2214 65 41 for

356 2289 260 43 themselves
640 2303 23 26 a
685 2288 210 54 language
918 2291 120 50 quite
1062 2285 213 55 peculiar;
1307 2285 153 50 others,
1483 2285 44 40 in
1550 2285 206 54 speaking
1773 2285 43 40 of
1834 2285 135 41 them-

356 2361 151 42 selves,
537 2373 133 28 never
700 2358 55 41 do
786 2371 46 28 so
865 2361 153 37 except
1049 2355 47 41 in
1129 2355 73 41 the
1233 2354 116 41 third
1382 2368 163 41 person.
1609 2355 252 41 Sometimes
1898 2354 74 42 the

356 2444 170 28 maniac
548 2429 123 41 takes
693 2442 25 27 a
741 2433 99 36 tone
862 2427 46 41 of
926 2425 197 42 bombast
1144 2424 85 41 and
1252 2424 162 54 vanity,
1437 2424 83 41 and
1542 2424 123 41 holds
1689 2424 173 41 himself
1883 2429 43 36 at
1948 2438 24 27 a

358 2502 203 40 distance.
625 2497 197 55 Nothing
844 2496 128 42 being
994 2495 94 41 able
1112 2499 43 36 to
1177 2494 58 40 fix
1257 2493 67 41 his
1352 2493 224 48 attention,
1598 2493 53 40 he
1672 2492 139 55 yields
1833 2498 44 36 to
1900 2494 72 41 the

357 2570 184 43 fugitive
577 2569 136 41 desire
750 2567 46 42 of
829 2566 73 42 the
940 2568 202 38 moment,
1178 2563 85 41 and
1300 2562 156 42 directs
1490 2561 176 42 himself
1699 2563 183 42 towards
1917 2577 56 29 an

356 2641 143 42 object
520 2639 96 41 that
637 2638 53 41 he
707 2649 100 28 may
829 2639 77 37 not
926 2634 52 42 be
1000 2633 95 42 able
1117 2637 44 37 to
1197 2631 137 43 reach.
1395 2630 211 42 Diverted
1636 2630 46 41 in
1713 2630 69 42 his
1813 2646 159 37 course,

356 2710 166 43 though
554 2709 36 41 it
620 2708 52 42 be
703 2705 122 43 rapid
857 2705 86 41 and
979 2707 265 52 precipitate,
1276 2701 53 42 he
1365 2700 214 56 suddenly
1600 2706 157 36 arrests
1790 2701 183 53 himself,

356 2781 225 44 dreaming
615 2777 87 43 and
733 2789 191 43 pensive,
944 2773 85 42 and
1065 2786 137 29 seems
1236 2776 44 37 to
1318 2771 52 42 be
1402 2770 283 56 preoccupied
1719 2771 104 41 with
1857 2785 114 28 some

358 2867 113 42 plan.
533 2850 72 42 He
627 2861 172 30 escapes
821 2846 109 41 from
952 2844 89 42 this
1072 2847 112 38 state
1206 2842 47 42 of
1270 2841 121 42 mind
1413 2841 307 54 immediately,
1741 2855 104 28 runs
1867 2848 104 36 with

357 2922 143 57 speed,
533 2933 116 30 sings
681 2917 84 42 and
797 2916 106 42 cries
922 2930 9 37 ;
971 2914 105 41 then
1111 2912 55 43 he
1198 2924 118 42 stops
1346 2910 186 52 himself,
1562 2911 67 41 his
1661 2911 312 54 physiognomy

356 2995 124 43 takes
497 3006 53 28 an
570 3001 247 32 expression
835 2985 46 43 of
895 2985 88 55 joy,
1000 2983 53 42 he
1071 2995 151 42 weeps,
1239 2981 53 42 he
1314 2980 163 56 laughs,
1491 2980 54 43 he
1567 2980 165 51 dances,
1750 2979 53 43 he
1819 2981 153 42 speaks

356 3067 45 42 in
424 3079 25 29 a
471 3061 197 55 whisper,
689 3058 47 42 in
767 3071 23 28 a
826 3055 104 43 loud
953 3067 145 29 voice;
1129 3053 44 41 in
1207 3051 87 43 this
1326 3049 346 57 unconquerable
1703 3049 181 55 activity
1905 3049 67 45 his
