<?xml version="1.0" encoding="UTF-8"?>
<alto xmlns="http://www.loc.gov/standards/alto/ns-v2#" xmlns:xsi="http://www.w3.org/2001/XMLSchema-instance" xsi:schemaLocation="http://www.loc.gov/standards/alto/ns-v2# http://www.loc.gov/standards/alto/alto.xsd">
  <Description>
    <MeasurementUnit>pixel</MeasurementUnit>
    <sourceImageInformation>
      <fileName>b21273911_abbyy.xml</fileName>
    </sourceImageInformation>
    <OCRProcessing ID="OCR_1">
      <preProcessingStep>
        <processingDateTime>2014-10-24T02:15:27</processingDateTime>
        <processingAgency>intranda GmbH, www.intranda.com</processingAgency>
        <processingSoftware>
          <softwareCreator>intranda GmbH, Germany</softwareCreator>
          <softwareName>intranda OCR Module for TaskManager</softwareName>
          <softwareVersion>1.0r42</softwareVersion>
        </processingSoftware>
      </preProcessingStep>
      <ocrProcessingStep>
        <processingSoftware>
          <softwareCreator>ABBYY (BIT Software), Russia</softwareCreator>
          <softwareName>FineReader Engine</softwareName>
          <softwareVersion>10</softwareVersion>
        </processingSoftware>
      </ocrProcessingStep>
    </OCRProcessing>
  </Description>
  <Layout>
    <Page PHYSICAL_IMG_NR="312" ID="PAGE_312" WIDTH="2113" HEIGHT="3404">
      <TopMargin ID="TopMargin_1" HPOS="314" VPOS="192" WIDTH="1152" HEIGHT="50">
        <TextBlock ID="TextBlock_978" HPOS="314" VPOS="192" WIDTH="1152" HEIGHT="50">
          <TextLine ID="TextLine_11750" HPOS="314" VPOS="192" WIDTH="85" HEIGHT="43">
            <String ID="Word_119015" HPOS="314" VPOS="192" WIDTH="85" HEIGHT="43" CONTENT="296" />
          </TextLine>
          <TextLine ID="TextLine_11751" HPOS="815" VPOS="207" WIDTH="651" HEIGHT="35">
            <String ID="Word_119016" HPOS="815" VPOS="207" WIDTH="86" HEIGHT="31" CONTENT="THE" />
            <SP ID="SP_107271" HPOS="901" VPOS="207" WIDTH="32" HEIGHT="0" />
            <String ID="Word_119017" HPOS="933" VPOS="207" WIDTH="243" HEIGHT="33" CONTENT="DISORDERS" />
            <SP ID="SP_107272" HPOS="1176" VPOS="207" WIDTH="32" HEIGHT="0" />
            <String ID="Word_119018" HPOS="1208" VPOS="210" WIDTH="54" HEIGHT="31" CONTENT="OF" />
            <SP ID="SP_107273" HPOS="1262" VPOS="210" WIDTH="31" HEIGHT="0" />
            <String ID="Word_119019" HPOS="1293" VPOS="211" WIDTH="173" HEIGHT="31" CONTENT="SPEECH." />
          </TextLine>
        </TextBlock>
      </TopMargin>
      <PrintSpace ID="PrintSpace_313" HPOS="308" VPOS="317" WIDTH="1645" HEIGHT="2734">
        <TextBlock ID="TextBlock_977" HPOS="308" VPOS="317" WIDTH="1645" HEIGHT="2734">
          <TextLine ID="TextLine_11752" HPOS="373" VPOS="323" WIDTH="1543" HEIGHT="63">
            <String ID="Word_119020" HPOS="373" VPOS="323" WIDTH="119" HEIGHT="44" CONTENT="Case" />
            <SP ID="SP_107274" HPOS="492" VPOS="323" WIDTH="26" HEIGHT="0" />
            <String ID="Word_119021" HPOS="518" VPOS="325" WIDTH="80" HEIGHT="43" CONTENT="XI." />
            <SP ID="SP_107275" HPOS="598" VPOS="325" WIDTH="34" HEIGHT="0" />
            <String ID="Word_119022" HPOS="632" VPOS="326" WIDTH="226" HEIGHT="55" CONTENT="(Bernard," />
            <SP ID="SP_107276" HPOS="858" VPOS="326" WIDTH="27" HEIGHT="0" />
            <String ID="Word_119023" HPOS="885" VPOS="327" WIDTH="56" HEIGHT="42" CONTENT="De" />
            <SP ID="SP_107277" HPOS="941" VPOS="326" WIDTH="32" HEIGHT="0" />
            <String ID="Word_119024" HPOS="973" VPOS="326" WIDTH="226" HEIGHT="56" CONTENT="I'Aphasie," />
            <SP ID="SP_107278" HPOS="1199" VPOS="326" WIDTH="24" HEIGHT="0" />
            <String ID="Word_119025" HPOS="1223" VPOS="342" WIDTH="39" HEIGHT="41" CONTENT="p." />
            <SP ID="SP_107279" HPOS="1262" VPOS="329" WIDTH="25" HEIGHT="0" />
            <String ID="Word_119026" HPOS="1287" VPOS="329" WIDTH="216" HEIGHT="55" CONTENT="159).—A" />
            <SP ID="SP_107280" HPOS="1503" VPOS="330" WIDTH="33" HEIGHT="0" />
            <String ID="Word_119027" HPOS="1536" VPOS="344" WIDTH="179" HEIGHT="37" CONTENT="woman," />
            <SP ID="SP_107281" HPOS="1715" VPOS="330" WIDTH="22" HEIGHT="0" />
            <String ID="Word_119028" HPOS="1737" VPOS="330" WIDTH="104" HEIGHT="56" CONTENT="aged" />
            <SP ID="SP_107282" HPOS="1841" VPOS="330" WIDTH="21" HEIGHT="0" />
            <String ID="Word_119029" HPOS="1862" VPOS="332" WIDTH="54" HEIGHT="42" CONTENT="49" />
          </TextLine>
          <TextLine ID="TextLine_11753" HPOS="315" VPOS="395" WIDTH="1617" HEIGHT="61">
            <String ID="Word_119030" HPOS="315" VPOS="395" WIDTH="165" HEIGHT="42" CONTENT="treated" />
            <SP ID="SP_107283" HPOS="480" VPOS="395" WIDTH="22" HEIGHT="0" />
            <String ID="Word_119031" HPOS="502" VPOS="396" WIDTH="58" HEIGHT="56" CONTENT="by" />
            <SP ID="SP_107284" HPOS="560" VPOS="396" WIDTH="23" HEIGHT="0" />
            <String ID="Word_119032" HPOS="583" VPOS="396" WIDTH="187" HEIGHT="43" CONTENT="Charcot" />
            <SP ID="SP_107285" HPOS="770" VPOS="396" WIDTH="20" HEIGHT="0" />
            <String ID="Word_119033" HPOS="790" VPOS="397" WIDTH="47" HEIGHT="41" CONTENT="in" />
            <SP ID="SP_107286" HPOS="837" VPOS="397" WIDTH="22" HEIGHT="0" />
            <String ID="Word_119034" HPOS="859" VPOS="397" WIDTH="73" HEIGHT="43" CONTENT="the" />
            <SP ID="SP_107287" HPOS="932" VPOS="397" WIDTH="28" HEIGHT="0" />
            <String ID="Word_119035" HPOS="960" VPOS="397" WIDTH="259" HEIGHT="56" CONTENT="Salpe'triere" />
            <SP ID="SP_107288" HPOS="1219" VPOS="397" WIDTH="33" HEIGHT="0" />
            <String ID="Word_119036" HPOS="1252" VPOS="399" WIDTH="214" HEIGHT="55" CONTENT="Hospital." />
            <SP ID="SP_107289" HPOS="1466" VPOS="399" WIDTH="62" HEIGHT="0" />
            <String ID="Word_119037" HPOS="1528" VPOS="400" WIDTH="76" HEIGHT="42" CONTENT="Six" />
            <SP ID="SP_107290" HPOS="1604" VPOS="400" WIDTH="31" HEIGHT="0" />
            <String ID="Word_119038" HPOS="1635" VPOS="414" WIDTH="123" HEIGHT="42" CONTENT="years" />
            <SP ID="SP_107291" HPOS="1758" VPOS="401" WIDTH="31" HEIGHT="0" />
            <String ID="Word_119039" HPOS="1789" VPOS="401" WIDTH="143" HEIGHT="43" CONTENT="before" />
          </TextLine>
          <TextLine ID="TextLine_11754" HPOS="316" VPOS="466" WIDTH="1615" HEIGHT="60">
            <String ID="Word_119040" HPOS="316" VPOS="466" WIDTH="171" HEIGHT="56" CONTENT="coming" />
            <SP ID="SP_107292" HPOS="487" VPOS="466" WIDTH="22" HEIGHT="0" />
            <String ID="Word_119041" HPOS="509" VPOS="467" WIDTH="137" HEIGHT="42" CONTENT="under" />
            <SP ID="SP_107293" HPOS="646" VPOS="467" WIDTH="22" HEIGHT="0" />
            <String ID="Word_119042" HPOS="668" VPOS="468" WIDTH="283" HEIGHT="42" CONTENT="observation," />
            <SP ID="SP_107294" HPOS="951" VPOS="468" WIDTH="22" HEIGHT="0" />
            <String ID="Word_119043" HPOS="973" VPOS="468" WIDTH="75" HEIGHT="42" CONTENT="she" />
            <SP ID="SP_107295" HPOS="1048" VPOS="468" WIDTH="22" HEIGHT="0" />
            <String ID="Word_119044" HPOS="1070" VPOS="468" WIDTH="86" HEIGHT="42" CONTENT="had" />
            <SP ID="SP_107296" HPOS="1156" VPOS="468" WIDTH="25" HEIGHT="0" />
            <String ID="Word_119045" HPOS="1181" VPOS="482" WIDTH="80" HEIGHT="29" CONTENT="one" />
            <SP ID="SP_107297" HPOS="1261" VPOS="470" WIDTH="25" HEIGHT="0" />
            <String ID="Word_119046" HPOS="1286" VPOS="470" WIDTH="199" HEIGHT="55" CONTENT="morning" />
            <SP ID="SP_107298" HPOS="1485" VPOS="470" WIDTH="22" HEIGHT="0" />
            <String ID="Word_119047" HPOS="1507" VPOS="470" WIDTH="147" HEIGHT="42" CONTENT="awoke" />
            <SP ID="SP_107299" HPOS="1654" VPOS="470" WIDTH="22" HEIGHT="0" />
            <String ID="Word_119048" HPOS="1676" VPOS="471" WIDTH="109" HEIGHT="41" CONTENT="from" />
            <SP ID="SP_107300" HPOS="1785" VPOS="471" WIDTH="31" HEIGHT="0" />
            <String ID="Word_119049" HPOS="1816" VPOS="471" WIDTH="115" HEIGHT="55" CONTENT="sleep" />
          </TextLine>
          <TextLine ID="TextLine_11755" HPOS="316" VPOS="536" WIDTH="1617" HEIGHT="57">
            <String ID="Word_119050" HPOS="316" VPOS="536" WIDTH="259" HEIGHT="57" CONTENT="hemiplegic" />
            <SP ID="SP_107301" HPOS="575" VPOS="536" WIDTH="22" HEIGHT="0" />
            <String ID="Word_119051" HPOS="597" VPOS="537" WIDTH="85" HEIGHT="42" CONTENT="and" />
            <SP ID="SP_107302" HPOS="682" VPOS="537" WIDTH="22" HEIGHT="0" />
            <String ID="Word_119052" HPOS="704" VPOS="537" WIDTH="186" HEIGHT="55" CONTENT="aphasia" />
            <SP ID="SP_107303" HPOS="890" VPOS="537" WIDTH="62" HEIGHT="0" />
            <String ID="Word_119053" HPOS="952" VPOS="539" WIDTH="99" HEIGHT="40" CONTENT="Two" />
            <SP ID="SP_107304" HPOS="1051" VPOS="539" WIDTH="22" HEIGHT="0" />
            <String ID="Word_119054" HPOS="1073" VPOS="552" WIDTH="123" HEIGHT="41" CONTENT="years" />
            <SP ID="SP_107305" HPOS="1196" VPOS="539" WIDTH="23" HEIGHT="0" />
            <String ID="Word_119055" HPOS="1219" VPOS="539" WIDTH="109" HEIGHT="42" CONTENT="after" />
            <SP ID="SP_107306" HPOS="1328" VPOS="539" WIDTH="33" HEIGHT="0" />
            <String ID="Word_119056" HPOS="1361" VPOS="540" WIDTH="98" HEIGHT="42" CONTENT="this," />
            <SP ID="SP_107307" HPOS="1459" VPOS="540" WIDTH="24" HEIGHT="0" />
            <String ID="Word_119057" HPOS="1483" VPOS="540" WIDTH="75" HEIGHT="42" CONTENT="she" />
            <SP ID="SP_107308" HPOS="1558" VPOS="540" WIDTH="25" HEIGHT="0" />
            <String ID="Word_119058" HPOS="1583" VPOS="540" WIDTH="84" HEIGHT="42" CONTENT="had" />
            <SP ID="SP_107309" HPOS="1667" VPOS="540" WIDTH="32" HEIGHT="0" />
            <String ID="Word_119059" HPOS="1699" VPOS="541" WIDTH="108" HEIGHT="42" CONTENT="been" />
            <SP ID="SP_107310" HPOS="1807" VPOS="541" WIDTH="31" HEIGHT="0" />
            <String ID="Word_119060" HPOS="1838" VPOS="541" WIDTH="95" HEIGHT="42" CONTENT="able" />
          </TextLine>
          <TextLine ID="TextLine_11756" HPOS="316" VPOS="608" WIDTH="1618" HEIGHT="57">
            <String ID="Word_119061" HPOS="316" VPOS="613" WIDTH="46" HEIGHT="37" CONTENT="to" />
            <SP ID="SP_107311" HPOS="362" VPOS="608" WIDTH="21" HEIGHT="0" />
            <String ID="Word_119062" HPOS="383" VPOS="608" WIDTH="173" HEIGHT="56" CONTENT="acquire" />
            <SP ID="SP_107312" HPOS="556" VPOS="608" WIDTH="24" HEIGHT="0" />
            <String ID="Word_119063" HPOS="580" VPOS="608" WIDTH="102" HEIGHT="55" CONTENT="only" />
            <SP ID="SP_107313" HPOS="682" VPOS="608" WIDTH="23" HEIGHT="0" />
            <String ID="Word_119064" HPOS="705" VPOS="608" WIDTH="75" HEIGHT="42" CONTENT="the" />
            <SP ID="SP_107314" HPOS="780" VPOS="608" WIDTH="22" HEIGHT="0" />
            <String ID="Word_119065" HPOS="802" VPOS="622" WIDTH="145" HEIGHT="40" CONTENT="power" />
            <SP ID="SP_107315" HPOS="947" VPOS="608" WIDTH="22" HEIGHT="0" />
            <String ID="Word_119066" HPOS="969" VPOS="608" WIDTH="42" HEIGHT="41" CONTENT="of" />
            <SP ID="SP_107316" HPOS="1011" VPOS="608" WIDTH="22" HEIGHT="0" />
            <String ID="Word_119067" HPOS="1033" VPOS="609" WIDTH="153" HEIGHT="55" CONTENT="saying" />
            <SP ID="SP_107317" HPOS="1186" VPOS="609" WIDTH="16" HEIGHT="0" />
            <String ID="Word_119068" HPOS="1202" VPOS="614" WIDTH="21" HEIGHT="16" CONTENT="&quot;" />
            <SP ID="SP_107318" HPOS="1223" VPOS="614" WIDTH="15" HEIGHT="0" />
            <String ID="Word_119069" HPOS="1238" VPOS="623" WIDTH="75" HEIGHT="41" CONTENT="yes" />
            <SP ID="SP_107319" HPOS="1313" VPOS="609" WIDTH="15" HEIGHT="0" />
            <String ID="Word_119070" HPOS="1328" VPOS="609" WIDTH="20" HEIGHT="17" CONTENT="&quot;" />
            <SP ID="SP_107320" HPOS="1348" VPOS="609" WIDTH="23" HEIGHT="0" />
            <String ID="Word_119071" HPOS="1371" VPOS="611" WIDTH="85" HEIGHT="41" CONTENT="and" />
            <SP ID="SP_107321" HPOS="1456" VPOS="611" WIDTH="21" HEIGHT="0" />
            <String ID="Word_119072" HPOS="1477" VPOS="613" WIDTH="20" HEIGHT="18" CONTENT="&quot;" />
            <SP ID="SP_107322" HPOS="1497" VPOS="611" WIDTH="16" HEIGHT="0" />
            <String ID="Word_119073" HPOS="1513" VPOS="611" WIDTH="90" HEIGHT="41" CONTENT="no.&quot;" />
            <SP ID="SP_107323" HPOS="1603" VPOS="611" WIDTH="59" HEIGHT="0" />
            <String ID="Word_119074" HPOS="1662" VPOS="611" WIDTH="62" HEIGHT="41" CONTENT="At" />
            <SP ID="SP_107324" HPOS="1724" VPOS="611" WIDTH="17" HEIGHT="0" />
            <String ID="Word_119075" HPOS="1741" VPOS="612" WIDTH="102" HEIGHT="51" CONTENT="first," />
            <SP ID="SP_107325" HPOS="1843" VPOS="612" WIDTH="19" HEIGHT="0" />
            <String ID="Word_119076" HPOS="1862" VPOS="612" WIDTH="72" HEIGHT="42" CONTENT="the" />
          </TextLine>
          <TextLine ID="TextLine_11757" HPOS="316" VPOS="678" WIDTH="1619" HEIGHT="58">
            <String ID="Word_119077" HPOS="316" VPOS="678" WIDTH="178" HEIGHT="55" CONTENT="aphasia" />
            <SP ID="SP_107326" HPOS="494" VPOS="678" WIDTH="21" HEIGHT="0" />
            <String ID="Word_119078" HPOS="515" VPOS="678" WIDTH="86" HEIGHT="42" CONTENT="had" />
            <SP ID="SP_107327" HPOS="601" VPOS="678" WIDTH="21" HEIGHT="0" />
            <String ID="Word_119079" HPOS="622" VPOS="678" WIDTH="110" HEIGHT="42" CONTENT="been" />
            <SP ID="SP_107328" HPOS="732" VPOS="678" WIDTH="21" HEIGHT="0" />
            <String ID="Word_119080" HPOS="753" VPOS="678" WIDTH="105" HEIGHT="41" CONTENT="both" />
            <SP ID="SP_107329" HPOS="858" VPOS="678" WIDTH="23" HEIGHT="0" />
            <String ID="Word_119081" HPOS="881" VPOS="692" WIDTH="175" HEIGHT="42" CONTENT="sensory" />
            <SP ID="SP_107330" HPOS="1056" VPOS="679" WIDTH="22" HEIGHT="0" />
            <String ID="Word_119082" HPOS="1078" VPOS="679" WIDTH="84" HEIGHT="41" CONTENT="and" />
            <SP ID="SP_107331" HPOS="1162" VPOS="679" WIDTH="26" HEIGHT="0" />
            <String ID="Word_119083" HPOS="1188" VPOS="683" WIDTH="150" HEIGHT="39" CONTENT="motor," />
            <SP ID="SP_107332" HPOS="1338" VPOS="683" WIDTH="23" HEIGHT="0" />
            <String ID="Word_119084" HPOS="1361" VPOS="693" WIDTH="45" HEIGHT="29" CONTENT="so" />
            <SP ID="SP_107333" HPOS="1406" VPOS="680" WIDTH="31" HEIGHT="0" />
            <String ID="Word_119085" HPOS="1437" VPOS="680" WIDTH="95" HEIGHT="42" CONTENT="that" />
            <SP ID="SP_107334" HPOS="1532" VPOS="680" WIDTH="31" HEIGHT="0" />
            <String ID="Word_119086" HPOS="1563" VPOS="680" WIDTH="74" HEIGHT="43" CONTENT="the" />
            <SP ID="SP_107335" HPOS="1637" VPOS="680" WIDTH="26" HEIGHT="0" />
            <String ID="Word_119087" HPOS="1663" VPOS="682" WIDTH="166" HEIGHT="54" CONTENT="patient" />
            <SP ID="SP_107336" HPOS="1829" VPOS="682" WIDTH="22" HEIGHT="0" />
            <String ID="Word_119088" HPOS="1851" VPOS="682" WIDTH="84" HEIGHT="41" CONTENT="had" />
          </TextLine>
          <TextLine ID="TextLine_11758" HPOS="317" VPOS="747" WIDTH="1616" HEIGHT="56">
            <String ID="Word_119089" HPOS="317" VPOS="749" WIDTH="109" HEIGHT="42" CONTENT="been" />
            <SP ID="SP_107337" HPOS="426" VPOS="749" WIDTH="13" HEIGHT="0" />
            <String ID="Word_119090" HPOS="439" VPOS="749" WIDTH="276" HEIGHT="42" CONTENT="Word-Deaf" />
            <SP ID="SP_107338" HPOS="715" VPOS="749" WIDTH="18" HEIGHT="0" />
            <String ID="Word_119091" HPOS="733" VPOS="762" WIDTH="45" HEIGHT="28" CONTENT="as" />
            <SP ID="SP_107339" HPOS="778" VPOS="748" WIDTH="23" HEIGHT="0" />
            <String ID="Word_119092" HPOS="801" VPOS="748" WIDTH="98" HEIGHT="42" CONTENT="well" />
            <SP ID="SP_107340" HPOS="899" VPOS="748" WIDTH="22" HEIGHT="0" />
            <String ID="Word_119093" HPOS="921" VPOS="762" WIDTH="46" HEIGHT="28" CONTENT="as" />
            <SP ID="SP_107341" HPOS="967" VPOS="747" WIDTH="21" HEIGHT="0" />
            <String ID="Word_119094" HPOS="988" VPOS="747" WIDTH="225" HEIGHT="56" CONTENT="Aphemic." />
            <SP ID="SP_107342" HPOS="1213" VPOS="747" WIDTH="63" HEIGHT="0" />
            <String ID="Word_119095" HPOS="1276" VPOS="749" WIDTH="84" HEIGHT="42" CONTENT="She" />
            <SP ID="SP_107343" HPOS="1360" VPOS="749" WIDTH="22" HEIGHT="0" />
            <String ID="Word_119096" HPOS="1382" VPOS="750" WIDTH="85" HEIGHT="41" CONTENT="had" />
            <SP ID="SP_107344" HPOS="1467" VPOS="750" WIDTH="16" HEIGHT="0" />
            <String ID="Word_119097" HPOS="1483" VPOS="751" WIDTH="108" HEIGHT="42" CONTENT="been" />
            <SP ID="SP_107345" HPOS="1591" VPOS="751" WIDTH="18" HEIGHT="0" />
            <String ID="Word_119098" HPOS="1609" VPOS="751" WIDTH="94" HEIGHT="41" CONTENT="able" />
            <SP ID="SP_107346" HPOS="1703" VPOS="751" WIDTH="17" HEIGHT="0" />
            <String ID="Word_119099" HPOS="1720" VPOS="755" WIDTH="43" HEIGHT="37" CONTENT="to" />
            <SP ID="SP_107347" HPOS="1763" VPOS="751" WIDTH="20" HEIGHT="0" />
            <String ID="Word_119100" HPOS="1783" VPOS="751" WIDTH="150" HEIGHT="42" CONTENT="under-" />
          </TextLine>
          <TextLine ID="TextLine_11759" HPOS="316" VPOS="818" WIDTH="1617" HEIGHT="58">
            <String ID="Word_119101" HPOS="316" VPOS="820" WIDTH="128" HEIGHT="41" CONTENT="stand" />
            <SP ID="SP_107348" HPOS="444" VPOS="819" WIDTH="14" HEIGHT="0" />
            <String ID="Word_119102" HPOS="458" VPOS="819" WIDTH="102" HEIGHT="42" CONTENT="only" />
            <SP ID="SP_107349" HPOS="560" VPOS="819" WIDTH="15" HEIGHT="0" />
            <String ID="Word_119103" HPOS="575" VPOS="833" WIDTH="24" HEIGHT="28" CONTENT="a" />
            <SP ID="SP_107350" HPOS="599" VPOS="819" WIDTH="14" HEIGHT="0" />
            <String ID="Word_119104" HPOS="613" VPOS="819" WIDTH="82" HEIGHT="42" CONTENT="few" />
            <SP ID="SP_107351" HPOS="695" VPOS="818" WIDTH="15" HEIGHT="0" />
            <String ID="Word_119105" HPOS="710" VPOS="818" WIDTH="44" HEIGHT="42" CONTENT="of" />
            <SP ID="SP_107352" HPOS="754" VPOS="818" WIDTH="16" HEIGHT="0" />
            <String ID="Word_119106" HPOS="770" VPOS="818" WIDTH="71" HEIGHT="42" CONTENT="the" />
            <SP ID="SP_107353" HPOS="841" VPOS="818" WIDTH="14" HEIGHT="0" />
            <String ID="Word_119107" HPOS="855" VPOS="818" WIDTH="138" HEIGHT="42" CONTENT="words" />
            <SP ID="SP_107354" HPOS="993" VPOS="818" WIDTH="19" HEIGHT="0" />
            <String ID="Word_119108" HPOS="1012" VPOS="819" WIDTH="163" HEIGHT="54" CONTENT="spoken" />
            <SP ID="SP_107355" HPOS="1175" VPOS="819" WIDTH="17" HEIGHT="0" />
            <String ID="Word_119109" HPOS="1192" VPOS="823" WIDTH="44" HEIGHT="37" CONTENT="to" />
            <SP ID="SP_107356" HPOS="1236" VPOS="819" WIDTH="15" HEIGHT="0" />
            <String ID="Word_119110" HPOS="1251" VPOS="819" WIDTH="89" HEIGHT="42" CONTENT="her," />
            <SP ID="SP_107357" HPOS="1340" VPOS="819" WIDTH="16" HEIGHT="0" />
            <String ID="Word_119111" HPOS="1356" VPOS="820" WIDTH="84" HEIGHT="41" CONTENT="and" />
            <SP ID="SP_107358" HPOS="1440" VPOS="820" WIDTH="15" HEIGHT="0" />
            <String ID="Word_119112" HPOS="1455" VPOS="820" WIDTH="119" HEIGHT="42" CONTENT="these" />
            <SP ID="SP_107359" HPOS="1574" VPOS="820" WIDTH="18" HEIGHT="0" />
            <String ID="Word_119113" HPOS="1592" VPOS="821" WIDTH="102" HEIGHT="41" CONTENT="only" />
            <SP ID="SP_107360" HPOS="1694" VPOS="821" WIDTH="15" HEIGHT="0" />
            <String ID="Word_119114" HPOS="1709" VPOS="826" WIDTH="108" HEIGHT="36" CONTENT="after" />
            <SP ID="SP_107361" HPOS="1817" VPOS="821" WIDTH="14" HEIGHT="0" />
            <String ID="Word_119115" HPOS="1831" VPOS="821" WIDTH="102" HEIGHT="55" CONTENT="they" />
          </TextLine>
          <TextLine ID="TextLine_11760" HPOS="314" VPOS="888" WIDTH="1620" HEIGHT="57">
            <String ID="Word_119116" HPOS="314" VPOS="890" WIDTH="87" HEIGHT="41" CONTENT="had" />
            <SP ID="SP_107362" HPOS="401" VPOS="890" WIDTH="22" HEIGHT="0" />
            <String ID="Word_119117" HPOS="423" VPOS="890" WIDTH="109" HEIGHT="42" CONTENT="been" />
            <SP ID="SP_107363" HPOS="532" VPOS="888" WIDTH="22" HEIGHT="0" />
            <String ID="Word_119118" HPOS="554" VPOS="888" WIDTH="166" HEIGHT="43" CONTENT="several" />
            <SP ID="SP_107364" HPOS="720" VPOS="888" WIDTH="22" HEIGHT="0" />
            <String ID="Word_119119" HPOS="742" VPOS="889" WIDTH="126" HEIGHT="41" CONTENT="times" />
            <SP ID="SP_107365" HPOS="868" VPOS="889" WIDTH="22" HEIGHT="0" />
            <String ID="Word_119120" HPOS="890" VPOS="889" WIDTH="211" HEIGHT="54" CONTENT="repeated." />
            <SP ID="SP_107366" HPOS="1101" VPOS="889" WIDTH="54" HEIGHT="0" />
            <String ID="Word_119121" HPOS="1155" VPOS="889" WIDTH="156" HEIGHT="43" CONTENT="Words" />
            <SP ID="SP_107367" HPOS="1311" VPOS="889" WIDTH="23" HEIGHT="0" />
            <String ID="Word_119122" HPOS="1334" VPOS="890" WIDTH="162" HEIGHT="55" CONTENT="spoken" />
            <SP ID="SP_107368" HPOS="1496" VPOS="890" WIDTH="16" HEIGHT="0" />
            <String ID="Word_119123" HPOS="1512" VPOS="890" WIDTH="85" HEIGHT="42" CONTENT="had" />
            <SP ID="SP_107369" HPOS="1597" VPOS="890" WIDTH="18" HEIGHT="0" />
            <String ID="Word_119124" HPOS="1615" VPOS="891" WIDTH="167" HEIGHT="41" CONTENT="seemed" />
            <SP ID="SP_107370" HPOS="1782" VPOS="891" WIDTH="17" HEIGHT="0" />
            <String ID="Word_119125" HPOS="1799" VPOS="895" WIDTH="43" HEIGHT="37" CONTENT="to" />
            <SP ID="SP_107371" HPOS="1842" VPOS="891" WIDTH="17" HEIGHT="0" />
            <String ID="Word_119126" HPOS="1859" VPOS="891" WIDTH="75" HEIGHT="42" CONTENT="her" />
          </TextLine>
          <TextLine ID="TextLine_11761" HPOS="316" VPOS="961" WIDTH="1617" HEIGHT="56">
            <String ID="Word_119127" HPOS="316" VPOS="962" WIDTH="104" HEIGHT="42" CONTENT="only" />
            <SP ID="SP_107372" HPOS="420" VPOS="962" WIDTH="17" HEIGHT="0" />
            <String ID="Word_119128" HPOS="437" VPOS="976" WIDTH="55" HEIGHT="27" CONTENT="an" />
            <SP ID="SP_107373" HPOS="492" VPOS="961" WIDTH="21" HEIGHT="0" />
            <String ID="Word_119129" HPOS="513" VPOS="961" WIDTH="230" HEIGHT="42" CONTENT="indistinct" />
            <SP ID="SP_107374" HPOS="743" VPOS="961" WIDTH="22" HEIGHT="0" />
            <String ID="Word_119130" HPOS="765" VPOS="961" WIDTH="134" HEIGHT="55" CONTENT="noise," />
            <SP ID="SP_107375" HPOS="899" VPOS="961" WIDTH="19" HEIGHT="0" />
            <String ID="Word_119131" HPOS="918" VPOS="963" WIDTH="21" HEIGHT="20" CONTENT="&quot;" />
            <SP ID="SP_107376" HPOS="939" VPOS="961" WIDTH="16" HEIGHT="0" />
            <String ID="Word_119132" HPOS="955" VPOS="961" WIDTH="88" HEIGHT="42" CONTENT="like" />
            <SP ID="SP_107377" HPOS="1043" VPOS="961" WIDTH="18" HEIGHT="0" />
            <String ID="Word_119133" HPOS="1061" VPOS="961" WIDTH="299" HEIGHT="42" CONTENT="conversation" />
            <SP ID="SP_107378" HPOS="1360" VPOS="961" WIDTH="17" HEIGHT="0" />
            <String ID="Word_119134" HPOS="1377" VPOS="962" WIDTH="46" HEIGHT="40" CONTENT="in" />
            <SP ID="SP_107379" HPOS="1423" VPOS="962" WIDTH="18" HEIGHT="0" />
            <String ID="Word_119135" HPOS="1441" VPOS="976" WIDTH="23" HEIGHT="27" CONTENT="a" />
            <SP ID="SP_107380" HPOS="1464" VPOS="962" WIDTH="17" HEIGHT="0" />
            <String ID="Word_119136" HPOS="1481" VPOS="962" WIDTH="175" HEIGHT="42" CONTENT="crowd.&quot;" />
            <SP ID="SP_107381" HPOS="1656" VPOS="962" WIDTH="53" HEIGHT="0" />
            <String ID="Word_119137" HPOS="1709" VPOS="962" WIDTH="83" HEIGHT="42" CONTENT="She" />
            <SP ID="SP_107382" HPOS="1792" VPOS="962" WIDTH="18" HEIGHT="0" />
            <String ID="Word_119138" HPOS="1810" VPOS="964" WIDTH="123" HEIGHT="40" CONTENT="could" />
          </TextLine>
          <TextLine ID="TextLine_11762" HPOS="316" VPOS="1031" WIDTH="1620" HEIGHT="56">
            <String ID="Word_119139" HPOS="316" VPOS="1036" WIDTH="78" HEIGHT="38" CONTENT="not" />
            <SP ID="SP_107383" HPOS="394" VPOS="1036" WIDTH="31" HEIGHT="0" />
            <String ID="Word_119140" HPOS="425" VPOS="1046" WIDTH="77" HEIGHT="41" CONTENT="say" />
            <SP ID="SP_107384" HPOS="502" VPOS="1032" WIDTH="21" HEIGHT="0" />
            <String ID="Word_119141" HPOS="523" VPOS="1032" WIDTH="212" HEIGHT="55" CONTENT="precisely" />
            <SP ID="SP_107385" HPOS="735" VPOS="1031" WIDTH="22" HEIGHT="0" />
            <String ID="Word_119142" HPOS="757" VPOS="1031" WIDTH="98" HEIGHT="42" CONTENT="how" />
            <SP ID="SP_107386" HPOS="855" VPOS="1031" WIDTH="31" HEIGHT="0" />
            <String ID="Word_119143" HPOS="886" VPOS="1031" WIDTH="102" HEIGHT="55" CONTENT="long" />
            <SP ID="SP_107387" HPOS="988" VPOS="1031" WIDTH="31" HEIGHT="0" />
            <String ID="Word_119144" HPOS="1019" VPOS="1031" WIDTH="87" HEIGHT="42" CONTENT="this" />
            <SP ID="SP_107388" HPOS="1106" VPOS="1031" WIDTH="33" HEIGHT="0" />
            <String ID="Word_119145" HPOS="1139" VPOS="1032" WIDTH="335" HEIGHT="42" CONTENT="word-deafness" />
            <SP ID="SP_107389" HPOS="1474" VPOS="1032" WIDTH="31" HEIGHT="0" />
            <String ID="Word_119146" HPOS="1505" VPOS="1032" WIDTH="86" HEIGHT="42" CONTENT="had" />
            <SP ID="SP_107390" HPOS="1591" VPOS="1032" WIDTH="30" HEIGHT="0" />
            <String ID="Word_119147" HPOS="1621" VPOS="1032" WIDTH="149" HEIGHT="51" CONTENT="lasted," />
            <SP ID="SP_107391" HPOS="1770" VPOS="1032" WIDTH="23" HEIGHT="0" />
            <String ID="Word_119148" HPOS="1793" VPOS="1033" WIDTH="78" HEIGHT="42" CONTENT="but" />
            <SP ID="SP_107392" HPOS="1871" VPOS="1033" WIDTH="29" HEIGHT="0" />
            <String ID="Word_119149" HPOS="1900" VPOS="1034" WIDTH="36" HEIGHT="41" CONTENT="it" />
          </TextLine>
          <TextLine ID="TextLine_11763" HPOS="316" VPOS="1102" WIDTH="1619" HEIGHT="57">
            <String ID="Word_119150" HPOS="316" VPOS="1103" WIDTH="86" HEIGHT="42" CONTENT="had" />
            <SP ID="SP_107393" HPOS="402" VPOS="1103" WIDTH="23" HEIGHT="0" />
            <String ID="Word_119151" HPOS="425" VPOS="1103" WIDTH="279" HEIGHT="55" CONTENT="disappeared" />
            <SP ID="SP_107394" HPOS="704" VPOS="1102" WIDTH="23" HEIGHT="0" />
            <String ID="Word_119152" HPOS="727" VPOS="1102" WIDTH="131" HEIGHT="42" CONTENT="much" />
            <SP ID="SP_107395" HPOS="858" VPOS="1102" WIDTH="21" HEIGHT="0" />
            <String ID="Word_119153" HPOS="879" VPOS="1115" WIDTH="151" HEIGHT="29" CONTENT="sooner" />
            <SP ID="SP_107396" HPOS="1030" VPOS="1102" WIDTH="25" HEIGHT="0" />
            <String ID="Word_119154" HPOS="1055" VPOS="1102" WIDTH="106" HEIGHT="41" CONTENT="than" />
            <SP ID="SP_107397" HPOS="1161" VPOS="1102" WIDTH="31" HEIGHT="0" />
            <String ID="Word_119155" HPOS="1192" VPOS="1102" WIDTH="77" HEIGHT="42" CONTENT="her" />
            <SP ID="SP_107398" HPOS="1269" VPOS="1102" WIDTH="31" HEIGHT="0" />
            <String ID="Word_119156" HPOS="1300" VPOS="1107" WIDTH="138" HEIGHT="38" CONTENT="motor" />
            <SP ID="SP_107399" HPOS="1438" VPOS="1103" WIDTH="31" HEIGHT="0" />
            <String ID="Word_119157" HPOS="1469" VPOS="1103" WIDTH="184" HEIGHT="55" CONTENT="aphasia." />
            <SP ID="SP_107400" HPOS="1653" VPOS="1103" WIDTH="62" HEIGHT="0" />
            <String ID="Word_119158" HPOS="1715" VPOS="1103" WIDTH="132" HEIGHT="43" CONTENT="Little" />
            <SP ID="SP_107401" HPOS="1847" VPOS="1103" WIDTH="30" HEIGHT="0" />
            <String ID="Word_119159" HPOS="1877" VPOS="1104" WIDTH="58" HEIGHT="55" CONTENT="by" />
          </TextLine>
          <TextLine ID="TextLine_11764" HPOS="315" VPOS="1170" WIDTH="1620" HEIGHT="55">
            <String ID="Word_119160" HPOS="315" VPOS="1171" WIDTH="117" HEIGHT="42" CONTENT="little" />
            <SP ID="SP_107402" HPOS="432" VPOS="1171" WIDTH="23" HEIGHT="0" />
            <String ID="Word_119161" HPOS="455" VPOS="1171" WIDTH="75" HEIGHT="41" CONTENT="she" />
            <SP ID="SP_107403" HPOS="530" VPOS="1171" WIDTH="21" HEIGHT="0" />
            <String ID="Word_119162" HPOS="551" VPOS="1171" WIDTH="86" HEIGHT="41" CONTENT="had" />
            <SP ID="SP_107404" HPOS="637" VPOS="1170" WIDTH="23" HEIGHT="0" />
            <String ID="Word_119163" HPOS="660" VPOS="1170" WIDTH="227" HEIGHT="42" CONTENT="recovered" />
            <SP ID="SP_107405" HPOS="887" VPOS="1170" WIDTH="20" HEIGHT="0" />
            <String ID="Word_119164" HPOS="907" VPOS="1170" WIDTH="111" HEIGHT="41" CONTENT="from" />
            <SP ID="SP_107406" HPOS="1018" VPOS="1170" WIDTH="22" HEIGHT="0" />
            <String ID="Word_119165" HPOS="1040" VPOS="1170" WIDTH="73" HEIGHT="41" CONTENT="the" />
            <SP ID="SP_107407" HPOS="1113" VPOS="1170" WIDTH="22" HEIGHT="0" />
            <String ID="Word_119166" HPOS="1135" VPOS="1174" WIDTH="139" HEIGHT="38" CONTENT="motor" />
            <SP ID="SP_107408" HPOS="1274" VPOS="1171" WIDTH="22" HEIGHT="0" />
            <String ID="Word_119167" HPOS="1296" VPOS="1171" WIDTH="176" HEIGHT="54" CONTENT="aphasia" />
            <SP ID="SP_107409" HPOS="1472" VPOS="1170" WIDTH="20" HEIGHT="0" />
            <String ID="Word_119168" HPOS="1492" VPOS="1170" WIDTH="101" HEIGHT="42" CONTENT="also," />
            <SP ID="SP_107410" HPOS="1593" VPOS="1170" WIDTH="22" HEIGHT="0" />
            <String ID="Word_119169" HPOS="1615" VPOS="1184" WIDTH="45" HEIGHT="28" CONTENT="so" />
            <SP ID="SP_107411" HPOS="1660" VPOS="1170" WIDTH="21" HEIGHT="0" />
            <String ID="Word_119170" HPOS="1681" VPOS="1170" WIDTH="97" HEIGHT="42" CONTENT="that" />
            <SP ID="SP_107412" HPOS="1778" VPOS="1170" WIDTH="21" HEIGHT="0" />
            <String ID="Word_119171" HPOS="1799" VPOS="1171" WIDTH="136" HEIGHT="49" CONTENT="when," />
          </TextLine>
          <TextLine ID="TextLine_11765" HPOS="317" VPOS="1240" WIDTH="1618" HEIGHT="55">
            <String ID="Word_119172" HPOS="317" VPOS="1242" WIDTH="47" HEIGHT="42" CONTENT="in" />
            <SP ID="SP_107413" HPOS="364" VPOS="1242" WIDTH="25" HEIGHT="0" />
            <String ID="Word_119173" HPOS="389" VPOS="1243" WIDTH="127" HEIGHT="42" CONTENT="1883," />
            <SP ID="SP_107414" HPOS="516" VPOS="1242" WIDTH="22" HEIGHT="0" />
            <String ID="Word_119174" HPOS="538" VPOS="1242" WIDTH="75" HEIGHT="42" CONTENT="she" />
            <SP ID="SP_107415" HPOS="613" VPOS="1242" WIDTH="23" HEIGHT="0" />
            <String ID="Word_119175" HPOS="636" VPOS="1255" WIDTH="119" HEIGHT="29" CONTENT="came" />
            <SP ID="SP_107416" HPOS="755" VPOS="1241" WIDTH="23" HEIGHT="0" />
            <String ID="Word_119176" HPOS="778" VPOS="1241" WIDTH="138" HEIGHT="42" CONTENT="under" />
            <SP ID="SP_107417" HPOS="916" VPOS="1241" WIDTH="22" HEIGHT="0" />
            <String ID="Word_119177" HPOS="938" VPOS="1241" WIDTH="74" HEIGHT="41" CONTENT="the" />
            <SP ID="SP_107418" HPOS="1012" VPOS="1241" WIDTH="23" HEIGHT="0" />
            <String ID="Word_119178" HPOS="1035" VPOS="1254" WIDTH="93" HEIGHT="28" CONTENT="care" />
            <SP ID="SP_107419" HPOS="1128" VPOS="1241" WIDTH="23" HEIGHT="0" />
            <String ID="Word_119179" HPOS="1151" VPOS="1241" WIDTH="46" HEIGHT="40" CONTENT="of" />
            <SP ID="SP_107420" HPOS="1197" VPOS="1241" WIDTH="19" HEIGHT="0" />
            <String ID="Word_119180" HPOS="1216" VPOS="1241" WIDTH="112" HEIGHT="42" CONTENT="Prof." />
            <SP ID="SP_107421" HPOS="1328" VPOS="1241" WIDTH="26" HEIGHT="0" />
            <String ID="Word_119181" HPOS="1354" VPOS="1241" WIDTH="193" HEIGHT="42" CONTENT="Charcot," />
            <SP ID="SP_107422" HPOS="1547" VPOS="1241" WIDTH="22" HEIGHT="0" />
            <String ID="Word_119182" HPOS="1569" VPOS="1241" WIDTH="75" HEIGHT="42" CONTENT="her" />
            <SP ID="SP_107423" HPOS="1644" VPOS="1240" WIDTH="22" HEIGHT="0" />
            <String ID="Word_119183" HPOS="1666" VPOS="1240" WIDTH="153" HEIGHT="55" CONTENT="speech" />
            <SP ID="SP_107424" HPOS="1819" VPOS="1240" WIDTH="32" HEIGHT="0" />
            <String ID="Word_119184" HPOS="1851" VPOS="1240" WIDTH="84" HEIGHT="42" CONTENT="had" />
          </TextLine>
          <TextLine ID="TextLine_11766" HPOS="317" VPOS="1310" WIDTH="1618" HEIGHT="58">
            <String ID="Word_119185" HPOS="317" VPOS="1313" WIDTH="67" HEIGHT="41" CONTENT="for" />
            <SP ID="SP_107425" HPOS="384" VPOS="1313" WIDTH="22" HEIGHT="0" />
            <String ID="Word_119186" HPOS="406" VPOS="1326" WIDTH="117" HEIGHT="29" CONTENT="some" />
            <SP ID="SP_107426" HPOS="523" VPOS="1325" WIDTH="21" HEIGHT="0" />
            <String ID="Word_119187" HPOS="544" VPOS="1326" WIDTH="124" HEIGHT="42" CONTENT="years" />
            <SP ID="SP_107427" HPOS="668" VPOS="1312" WIDTH="22" HEIGHT="0" />
            <String ID="Word_119188" HPOS="690" VPOS="1312" WIDTH="109" HEIGHT="42" CONTENT="been" />
            <SP ID="SP_107428" HPOS="799" VPOS="1310" WIDTH="26" HEIGHT="0" />
            <String ID="Word_119189" HPOS="825" VPOS="1310" WIDTH="262" HEIGHT="56" CONTENT="thoroughly" />
            <SP ID="SP_107429" HPOS="1087" VPOS="1310" WIDTH="22" HEIGHT="0" />
            <String ID="Word_119190" HPOS="1109" VPOS="1311" WIDTH="201" HEIGHT="42" CONTENT="restored." />
            <SP ID="SP_107430" HPOS="1310" VPOS="1311" WIDTH="61" HEIGHT="0" />
            <String ID="Word_119191" HPOS="1371" VPOS="1311" WIDTH="84" HEIGHT="42" CONTENT="She" />
            <SP ID="SP_107431" HPOS="1455" VPOS="1311" WIDTH="33" HEIGHT="0" />
            <String ID="Word_119192" HPOS="1488" VPOS="1325" WIDTH="84" HEIGHT="27" CONTENT="was" />
            <SP ID="SP_107432" HPOS="1572" VPOS="1310" WIDTH="32" HEIGHT="0" />
            <String ID="Word_119193" HPOS="1604" VPOS="1310" WIDTH="205" HEIGHT="42" CONTENT="admitted" />
            <SP ID="SP_107433" HPOS="1809" VPOS="1310" WIDTH="35" HEIGHT="0" />
            <String ID="Word_119194" HPOS="1844" VPOS="1311" WIDTH="91" HEIGHT="41" CONTENT="into" />
          </TextLine>
          <TextLine ID="TextLine_11767" HPOS="317" VPOS="1381" WIDTH="1619" HEIGHT="59">
            <String ID="Word_119195" HPOS="317" VPOS="1385" WIDTH="75" HEIGHT="43" CONTENT="the" />
            <SP ID="SP_107434" HPOS="392" VPOS="1385" WIDTH="24" HEIGHT="0" />
            <String ID="Word_119196" HPOS="416" VPOS="1385" WIDTH="259" HEIGHT="42" CONTENT="Salp&lt;3triere" />
            <SP ID="SP_107435" HPOS="675" VPOS="1385" WIDTH="22" HEIGHT="0" />
            <String ID="Word_119197" HPOS="697" VPOS="1399" WIDTH="56" HEIGHT="27" CONTENT="on" />
            <SP ID="SP_107436" HPOS="753" VPOS="1388" WIDTH="22" HEIGHT="0" />
            <String ID="Word_119198" HPOS="775" VPOS="1388" WIDTH="183" HEIGHT="38" CONTENT="account" />
            <SP ID="SP_107437" HPOS="958" VPOS="1383" WIDTH="21" HEIGHT="0" />
            <String ID="Word_119199" HPOS="979" VPOS="1383" WIDTH="47" HEIGHT="42" CONTENT="of" />
            <SP ID="SP_107438" HPOS="1026" VPOS="1383" WIDTH="17" HEIGHT="0" />
            <String ID="Word_119200" HPOS="1043" VPOS="1397" WIDTH="55" HEIGHT="28" CONTENT="an" />
            <SP ID="SP_107439" HPOS="1098" VPOS="1383" WIDTH="22" HEIGHT="0" />
            <String ID="Word_119201" HPOS="1120" VPOS="1383" WIDTH="288" HEIGHT="42" CONTENT="intercurrent" />
            <SP ID="SP_107440" HPOS="1408" VPOS="1382" WIDTH="17" HEIGHT="0" />
            <String ID="Word_119202" HPOS="1425" VPOS="1382" WIDTH="198" HEIGHT="42" CONTENT="affection" />
            <SP ID="SP_107441" HPOS="1623" VPOS="1381" WIDTH="17" HEIGHT="0" />
            <String ID="Word_119203" HPOS="1640" VPOS="1381" WIDTH="296" HEIGHT="43" CONTENT="unconnected" />
          </TextLine>
          <TextLine ID="TextLine_11768" HPOS="320" VPOS="1453" WIDTH="1616" HEIGHT="57">
            <String ID="Word_119204" HPOS="320" VPOS="1456" WIDTH="106" HEIGHT="42" CONTENT="with" />
            <SP ID="SP_107442" HPOS="426" VPOS="1456" WIDTH="21" HEIGHT="0" />
            <String ID="Word_119205" HPOS="447" VPOS="1456" WIDTH="75" HEIGHT="42" CONTENT="the" />
            <SP ID="SP_107443" HPOS="522" VPOS="1455" WIDTH="22" HEIGHT="0" />
            <String ID="Word_119206" HPOS="544" VPOS="1455" WIDTH="124" HEIGHT="42" CONTENT="brain" />
            <SP ID="SP_107444" HPOS="668" VPOS="1455" WIDTH="23" HEIGHT="0" />
            <String ID="Word_119207" HPOS="691" VPOS="1469" WIDTH="46" HEIGHT="28" CONTENT="or" />
            <SP ID="SP_107445" HPOS="737" VPOS="1454" WIDTH="21" HEIGHT="0" />
            <String ID="Word_119208" HPOS="758" VPOS="1454" WIDTH="169" HEIGHT="56" CONTENT="speech," />
            <SP ID="SP_107446" HPOS="927" VPOS="1454" WIDTH="19" HEIGHT="0" />
            <String ID="Word_119209" HPOS="946" VPOS="1454" WIDTH="94" HEIGHT="42" CONTENT="viz.," />
            <SP ID="SP_107447" HPOS="1040" VPOS="1454" WIDTH="17" HEIGHT="0" />
            <String ID="Word_119210" HPOS="1057" VPOS="1467" WIDTH="54" HEIGHT="28" CONTENT="an" />
            <SP ID="SP_107448" HPOS="1111" VPOS="1453" WIDTH="22" HEIGHT="0" />
            <String ID="Word_119211" HPOS="1133" VPOS="1453" WIDTH="287" HEIGHT="51" CONTENT="obliteration," />
            <SP ID="SP_107449" HPOS="1420" VPOS="1453" WIDTH="17" HEIGHT="0" />
            <String ID="Word_119212" HPOS="1437" VPOS="1453" WIDTH="55" HEIGHT="55" CONTENT="by" />
            <SP ID="SP_107450" HPOS="1492" VPOS="1453" WIDTH="19" HEIGHT="0" />
            <String ID="Word_119213" HPOS="1511" VPOS="1453" WIDTH="272" HEIGHT="43" CONTENT="thrombosis," />
            <SP ID="SP_107451" HPOS="1783" VPOS="1453" WIDTH="17" HEIGHT="0" />
            <String ID="Word_119214" HPOS="1800" VPOS="1454" WIDTH="43" HEIGHT="41" CONTENT="of" />
            <SP ID="SP_107452" HPOS="1843" VPOS="1453" WIDTH="21" HEIGHT="0" />
            <String ID="Word_119215" HPOS="1864" VPOS="1453" WIDTH="72" HEIGHT="42" CONTENT="the" />
          </TextLine>
          <TextLine ID="TextLine_11769" HPOS="319" VPOS="1523" WIDTH="1618" HEIGHT="55">
            <String ID="Word_119216" HPOS="319" VPOS="1525" WIDTH="248" HEIGHT="43" CONTENT="abdominal" />
            <SP ID="SP_107453" HPOS="567" VPOS="1525" WIDTH="22" HEIGHT="0" />
            <String ID="Word_119217" HPOS="589" VPOS="1530" WIDTH="118" HEIGHT="37" CONTENT="aorta" />
            <SP ID="SP_107454" HPOS="707" VPOS="1530" WIDTH="19" HEIGHT="0" />
            <String ID="Word_119218" HPOS="726" VPOS="1541" WIDTH="9" HEIGHT="37" CONTENT=";" />
            <SP ID="SP_107455" HPOS="735" VPOS="1525" WIDTH="22" HEIGHT="0" />
            <String ID="Word_119219" HPOS="757" VPOS="1525" WIDTH="85" HEIGHT="42" CONTENT="and" />
            <SP ID="SP_107456" HPOS="842" VPOS="1525" WIDTH="22" HEIGHT="0" />
            <String ID="Word_119220" HPOS="864" VPOS="1525" WIDTH="43" HEIGHT="41" CONTENT="of" />
            <SP ID="SP_107457" HPOS="907" VPOS="1524" WIDTH="23" HEIGHT="0" />
            <String ID="Word_119221" HPOS="930" VPOS="1524" WIDTH="87" HEIGHT="42" CONTENT="this" />
            <SP ID="SP_107458" HPOS="1017" VPOS="1523" WIDTH="24" HEIGHT="0" />
            <String ID="Word_119222" HPOS="1041" VPOS="1523" WIDTH="73" HEIGHT="43" CONTENT="she" />
            <SP ID="SP_107459" HPOS="1114" VPOS="1523" WIDTH="23" HEIGHT="0" />
            <String ID="Word_119223" HPOS="1137" VPOS="1523" WIDTH="99" HEIGHT="42" CONTENT="died" />
            <SP ID="SP_107460" HPOS="1236" VPOS="1523" WIDTH="21" HEIGHT="0" />
            <String ID="Word_119224" HPOS="1257" VPOS="1524" WIDTH="47" HEIGHT="41" CONTENT="in" />
            <SP ID="SP_107461" HPOS="1304" VPOS="1524" WIDTH="23" HEIGHT="0" />
            <String ID="Word_119225" HPOS="1327" VPOS="1538" WIDTH="23" HEIGHT="27" CONTENT="a" />
            <SP ID="SP_107462" HPOS="1350" VPOS="1523" WIDTH="22" HEIGHT="0" />
            <String ID="Word_119226" HPOS="1372" VPOS="1523" WIDTH="81" HEIGHT="42" CONTENT="few" />
            <SP ID="SP_107463" HPOS="1453" VPOS="1523" WIDTH="22" HEIGHT="0" />
            <String ID="Word_119227" HPOS="1475" VPOS="1524" WIDTH="114" HEIGHT="53" CONTENT="days." />
            <SP ID="SP_107464" HPOS="1589" VPOS="1524" WIDTH="64" HEIGHT="0" />
            <String ID="Word_119228" HPOS="1653" VPOS="1524" WIDTH="68" HEIGHT="41" CONTENT="On" />
            <SP ID="SP_107465" HPOS="1721" VPOS="1524" WIDTH="22" HEIGHT="0" />
            <String ID="Word_119229" HPOS="1743" VPOS="1537" WIDTH="194" HEIGHT="40" CONTENT="autopsy," />
          </TextLine>
          <TextLine ID="TextLine_11770" HPOS="317" VPOS="1594" WIDTH="1620" HEIGHT="53">
            <String ID="Word_119230" HPOS="317" VPOS="1598" WIDTH="38" HEIGHT="42" CONTENT="it" />
            <SP ID="SP_107466" HPOS="355" VPOS="1598" WIDTH="22" HEIGHT="0" />
            <String ID="Word_119231" HPOS="377" VPOS="1612" WIDTH="87" HEIGHT="28" CONTENT="was" />
            <SP ID="SP_107467" HPOS="464" VPOS="1597" WIDTH="22" HEIGHT="0" />
            <String ID="Word_119232" HPOS="486" VPOS="1597" WIDTH="136" HEIGHT="42" CONTENT="found" />
            <SP ID="SP_107468" HPOS="622" VPOS="1596" WIDTH="22" HEIGHT="0" />
            <String ID="Word_119233" HPOS="644" VPOS="1596" WIDTH="108" HEIGHT="42" CONTENT="that," />
            <SP ID="SP_107469" HPOS="752" VPOS="1596" WIDTH="22" HEIGHT="0" />
            <String ID="Word_119234" HPOS="774" VPOS="1610" WIDTH="56" HEIGHT="28" CONTENT="on" />
            <SP ID="SP_107470" HPOS="830" VPOS="1595" WIDTH="21" HEIGHT="0" />
            <String ID="Word_119235" HPOS="851" VPOS="1595" WIDTH="75" HEIGHT="42" CONTENT="the" />
            <SP ID="SP_107471" HPOS="926" VPOS="1595" WIDTH="31" HEIGHT="0" />
            <String ID="Word_119236" HPOS="957" VPOS="1595" WIDTH="80" HEIGHT="42" CONTENT="left" />
            <SP ID="SP_107472" HPOS="1037" VPOS="1594" WIDTH="32" HEIGHT="0" />
            <String ID="Word_119237" HPOS="1069" VPOS="1594" WIDTH="91" HEIGHT="42" CONTENT="side" />
            <SP ID="SP_107473" HPOS="1160" VPOS="1594" WIDTH="33" HEIGHT="0" />
            <String ID="Word_119238" HPOS="1193" VPOS="1595" WIDTH="45" HEIGHT="41" CONTENT="of" />
            <SP ID="SP_107474" HPOS="1238" VPOS="1594" WIDTH="28" HEIGHT="0" />
            <String ID="Word_119239" HPOS="1266" VPOS="1594" WIDTH="74" HEIGHT="42" CONTENT="the" />
            <SP ID="SP_107475" HPOS="1340" VPOS="1594" WIDTH="31" HEIGHT="0" />
            <String ID="Word_119240" HPOS="1371" VPOS="1594" WIDTH="135" HEIGHT="50" CONTENT="brain," />
            <SP ID="SP_107476" HPOS="1506" VPOS="1594" WIDTH="22" HEIGHT="0" />
            <String ID="Word_119241" HPOS="1528" VPOS="1594" WIDTH="105" HEIGHT="42" CONTENT="both" />
            <SP ID="SP_107477" HPOS="1633" VPOS="1594" WIDTH="33" HEIGHT="0" />
            <String ID="Word_119242" HPOS="1666" VPOS="1595" WIDTH="72" HEIGHT="41" CONTENT="the" />
            <SP ID="SP_107478" HPOS="1738" VPOS="1594" WIDTH="32" HEIGHT="0" />
            <String ID="Word_119243" HPOS="1770" VPOS="1594" WIDTH="167" HEIGHT="41" CONTENT="Broca's" />
          </TextLine>
          <TextLine ID="TextLine_11771" HPOS="319" VPOS="1663" WIDTH="1618" HEIGHT="57">
            <String ID="Word_119244" HPOS="319" VPOS="1671" WIDTH="281" HEIGHT="39" CONTENT="convolution" />
            <SP ID="SP_107479" HPOS="600" VPOS="1666" WIDTH="22" HEIGHT="0" />
            <String ID="Word_119245" HPOS="622" VPOS="1666" WIDTH="85" HEIGHT="42" CONTENT="and" />
            <SP ID="SP_107480" HPOS="707" VPOS="1666" WIDTH="17" HEIGHT="0" />
            <String ID="Word_119246" HPOS="724" VPOS="1666" WIDTH="74" HEIGHT="41" CONTENT="the" />
            <SP ID="SP_107481" HPOS="798" VPOS="1666" WIDTH="17" HEIGHT="0" />
            <String ID="Word_119247" HPOS="815" VPOS="1666" WIDTH="94" HEIGHT="41" CONTENT="first" />
            <SP ID="SP_107482" HPOS="909" VPOS="1664" WIDTH="17" HEIGHT="0" />
            <String ID="Word_119248" HPOS="926" VPOS="1664" WIDTH="210" HEIGHT="43" CONTENT="temporal" />
            <SP ID="SP_107483" HPOS="1136" VPOS="1664" WIDTH="16" HEIGHT="0" />
            <String ID="Word_119249" HPOS="1152" VPOS="1664" WIDTH="277" HEIGHT="42" CONTENT="convolution" />
            <SP ID="SP_107484" HPOS="1429" VPOS="1664" WIDTH="19" HEIGHT="0" />
            <String ID="Word_119250" HPOS="1448" VPOS="1664" WIDTH="85" HEIGHT="42" CONTENT="had" />
            <SP ID="SP_107485" HPOS="1533" VPOS="1664" WIDTH="17" HEIGHT="0" />
            <String ID="Word_119251" HPOS="1550" VPOS="1664" WIDTH="108" HEIGHT="42" CONTENT="been" />
            <SP ID="SP_107486" HPOS="1658" VPOS="1663" WIDTH="23" HEIGHT="0" />
            <String ID="Word_119252" HPOS="1681" VPOS="1663" WIDTH="256" HEIGHT="54" CONTENT="completely" />
          </TextLine>
          <TextLine ID="TextLine_11772" HPOS="320" VPOS="1735" WIDTH="653" HEIGHT="57">
            <String ID="Word_119253" HPOS="320" VPOS="1737" WIDTH="230" HEIGHT="55" CONTENT="destroyed" />
            <SP ID="SP_107487" HPOS="550" VPOS="1737" WIDTH="22" HEIGHT="0" />
            <String ID="Word_119254" HPOS="572" VPOS="1737" WIDTH="58" HEIGHT="41" CONTENT="by" />
            <SP ID="SP_107488" HPOS="630" VPOS="1736" WIDTH="23" HEIGHT="0" />
            <String ID="Word_119255" HPOS="653" VPOS="1736" WIDTH="72" HEIGHT="42" CONTENT="old" />
            <SP ID="SP_107489" HPOS="725" VPOS="1735" WIDTH="23" HEIGHT="0" />
            <String ID="Word_119256" HPOS="748" VPOS="1741" WIDTH="225" HEIGHT="49" CONTENT="softening." />
          </TextLine>
          <TextLine ID="TextLine_11773" HPOS="378" VPOS="1804" WIDTH="1559" HEIGHT="57">
            <String ID="Word_119257" HPOS="378" VPOS="1808" WIDTH="180" HEIGHT="43" CONTENT="Besides" />
            <SP ID="SP_107490" HPOS="558" VPOS="1806" WIDTH="21" HEIGHT="0" />
            <String ID="Word_119258" HPOS="579" VPOS="1806" WIDTH="269" HEIGHT="42" CONTENT="illustrating" />
            <SP ID="SP_107491" HPOS="848" VPOS="1806" WIDTH="22" HEIGHT="0" />
            <String ID="Word_119259" HPOS="870" VPOS="1806" WIDTH="73" HEIGHT="42" CONTENT="the" />
            <SP ID="SP_107492" HPOS="943" VPOS="1804" WIDTH="27" HEIGHT="0" />
            <String ID="Word_119260" HPOS="970" VPOS="1804" WIDTH="245" HEIGHT="56" CONTENT="possibility" />
            <SP ID="SP_107493" HPOS="1215" VPOS="1804" WIDTH="22" HEIGHT="0" />
            <String ID="Word_119261" HPOS="1237" VPOS="1804" WIDTH="46" HEIGHT="42" CONTENT="of" />
            <SP ID="SP_107494" HPOS="1283" VPOS="1804" WIDTH="27" HEIGHT="0" />
            <String ID="Word_119262" HPOS="1310" VPOS="1818" WIDTH="202" HEIGHT="41" CONTENT="recovery" />
            <SP ID="SP_107495" HPOS="1512" VPOS="1805" WIDTH="22" HEIGHT="0" />
            <String ID="Word_119263" HPOS="1534" VPOS="1805" WIDTH="111" HEIGHT="40" CONTENT="from" />
            <SP ID="SP_107496" HPOS="1645" VPOS="1805" WIDTH="32" HEIGHT="0" />
            <String ID="Word_119264" HPOS="1677" VPOS="1817" WIDTH="53" HEIGHT="28" CONTENT="an" />
            <SP ID="SP_107497" HPOS="1730" VPOS="1804" WIDTH="33" HEIGHT="0" />
            <String ID="Word_119265" HPOS="1763" VPOS="1804" WIDTH="174" HEIGHT="42" CONTENT="aphasia" />
          </TextLine>
          <TextLine ID="TextLine_11774" HPOS="319" VPOS="1874" WIDTH="1618" HEIGHT="57">
            <String ID="Word_119266" HPOS="319" VPOS="1879" WIDTH="98" HEIGHT="43" CONTENT="that" />
            <SP ID="SP_107498" HPOS="417" VPOS="1879" WIDTH="20" HEIGHT="0" />
            <String ID="Word_119267" HPOS="437" VPOS="1879" WIDTH="37" HEIGHT="41" CONTENT="is" />
            <SP ID="SP_107499" HPOS="474" VPOS="1878" WIDTH="22" HEIGHT="0" />
            <String ID="Word_119268" HPOS="496" VPOS="1878" WIDTH="105" HEIGHT="42" CONTENT="both" />
            <SP ID="SP_107500" HPOS="601" VPOS="1878" WIDTH="23" HEIGHT="0" />
            <String ID="Word_119269" HPOS="624" VPOS="1881" WIDTH="140" HEIGHT="38" CONTENT="motor" />
            <SP ID="SP_107501" HPOS="764" VPOS="1877" WIDTH="22" HEIGHT="0" />
            <String ID="Word_119270" HPOS="786" VPOS="1877" WIDTH="85" HEIGHT="42" CONTENT="and" />
            <SP ID="SP_107502" HPOS="871" VPOS="1877" WIDTH="22" HEIGHT="0" />
            <String ID="Word_119271" HPOS="893" VPOS="1890" WIDTH="189" HEIGHT="41" CONTENT="sensory," />
            <SP ID="SP_107503" HPOS="1082" VPOS="1875" WIDTH="16" HEIGHT="0" />
            <String ID="Word_119272" HPOS="1098" VPOS="1875" WIDTH="88" HEIGHT="42" CONTENT="this" />
            <SP ID="SP_107504" HPOS="1186" VPOS="1875" WIDTH="23" HEIGHT="0" />
            <String ID="Word_119273" HPOS="1209" VPOS="1888" WIDTH="93" HEIGHT="29" CONTENT="case" />
            <SP ID="SP_107505" HPOS="1302" VPOS="1875" WIDTH="23" HEIGHT="0" />
            <String ID="Word_119274" HPOS="1325" VPOS="1875" WIDTH="139" HEIGHT="41" CONTENT="shows" />
            <SP ID="SP_107506" HPOS="1464" VPOS="1875" WIDTH="22" HEIGHT="0" />
            <String ID="Word_119275" HPOS="1486" VPOS="1875" WIDTH="108" HEIGHT="51" CONTENT="that," />
            <SP ID="SP_107507" HPOS="1594" VPOS="1875" WIDTH="15" HEIGHT="0" />
            <String ID="Word_119276" HPOS="1609" VPOS="1875" WIDTH="45" HEIGHT="41" CONTENT="in" />
            <SP ID="SP_107508" HPOS="1654" VPOS="1874" WIDTH="23" HEIGHT="0" />
            <String ID="Word_119277" HPOS="1677" VPOS="1874" WIDTH="71" HEIGHT="42" CONTENT="the" />
            <SP ID="SP_107509" HPOS="1748" VPOS="1874" WIDTH="22" HEIGHT="0" />
            <String ID="Word_119278" HPOS="1770" VPOS="1888" WIDTH="167" HEIGHT="41" CONTENT="process" />
          </TextLine>
          <TextLine ID="TextLine_11775" HPOS="320" VPOS="1944" WIDTH="1619" HEIGHT="61">
            <String ID="Word_119279" HPOS="320" VPOS="1951" WIDTH="44" HEIGHT="42" CONTENT="of" />
            <SP ID="SP_107510" HPOS="364" VPOS="1951" WIDTH="21" HEIGHT="0" />
            <String ID="Word_119280" HPOS="385" VPOS="1963" WIDTH="216" HEIGHT="42" CONTENT="recovery," />
            <SP ID="SP_107511" HPOS="601" VPOS="1950" WIDTH="23" HEIGHT="0" />
            <String ID="Word_119281" HPOS="624" VPOS="1950" WIDTH="74" HEIGHT="41" CONTENT="the" />
            <SP ID="SP_107512" HPOS="698" VPOS="1947" WIDTH="22" HEIGHT="0" />
            <String ID="Word_119282" HPOS="720" VPOS="1947" WIDTH="230" HEIGHT="43" CONTENT="education" />
            <SP ID="SP_107513" HPOS="950" VPOS="1947" WIDTH="23" HEIGHT="0" />
            <String ID="Word_119283" HPOS="973" VPOS="1948" WIDTH="46" HEIGHT="40" CONTENT="of" />
            <SP ID="SP_107514" HPOS="1019" VPOS="1946" WIDTH="18" HEIGHT="0" />
            <String ID="Word_119284" HPOS="1037" VPOS="1946" WIDTH="73" HEIGHT="42" CONTENT="the" />
            <SP ID="SP_107515" HPOS="1110" VPOS="1945" WIDTH="23" HEIGHT="0" />
            <String ID="Word_119285" HPOS="1133" VPOS="1945" WIDTH="271" HEIGHT="43" CONTENT="uneducated" />
            <SP ID="SP_107516" HPOS="1404" VPOS="1945" WIDTH="23" HEIGHT="0" />
            <String ID="Word_119286" HPOS="1427" VPOS="1950" WIDTH="165" HEIGHT="37" CONTENT="centres" />
            <SP ID="SP_107517" HPOS="1592" VPOS="1945" WIDTH="31" HEIGHT="0" />
            <String ID="Word_119287" HPOS="1623" VPOS="1945" WIDTH="35" HEIGHT="41" CONTENT="is" />
            <SP ID="SP_107518" HPOS="1658" VPOS="1945" WIDTH="33" HEIGHT="0" />
            <String ID="Word_119288" HPOS="1691" VPOS="1945" WIDTH="133" HEIGHT="42" CONTENT="easier" />
            <SP ID="SP_107519" HPOS="1824" VPOS="1944" WIDTH="29" HEIGHT="0" />
            <String ID="Word_119289" HPOS="1853" VPOS="1944" WIDTH="86" HEIGHT="42" CONTENT="and" />
          </TextLine>
          <TextLine ID="TextLine_11776" HPOS="320" VPOS="2015" WIDTH="1618" HEIGHT="61">
            <String ID="Word_119290" HPOS="320" VPOS="2035" WIDTH="115" HEIGHT="28" CONTENT="more" />
            <SP ID="SP_107520" HPOS="435" VPOS="2020" WIDTH="23" HEIGHT="0" />
            <String ID="Word_119291" HPOS="458" VPOS="2020" WIDTH="123" HEIGHT="42" CONTENT="rapid" />
            <SP ID="SP_107521" HPOS="581" VPOS="2020" WIDTH="21" HEIGHT="0" />
            <String ID="Word_119292" HPOS="602" VPOS="2020" WIDTH="46" HEIGHT="41" CONTENT="in" />
            <SP ID="SP_107522" HPOS="648" VPOS="2020" WIDTH="23" HEIGHT="0" />
            <String ID="Word_119293" HPOS="671" VPOS="2020" WIDTH="74" HEIGHT="41" CONTENT="the" />
            <SP ID="SP_107523" HPOS="745" VPOS="2020" WIDTH="24" HEIGHT="0" />
            <String ID="Word_119294" HPOS="769" VPOS="2032" WIDTH="95" HEIGHT="29" CONTENT="case" />
            <SP ID="SP_107524" HPOS="864" VPOS="2018" WIDTH="23" HEIGHT="0" />
            <String ID="Word_119295" HPOS="887" VPOS="2018" WIDTH="44" HEIGHT="42" CONTENT="of" />
            <SP ID="SP_107525" HPOS="931" VPOS="2018" WIDTH="21" HEIGHT="0" />
            <String ID="Word_119296" HPOS="952" VPOS="2018" WIDTH="74" HEIGHT="42" CONTENT="the" />
            <SP ID="SP_107526" HPOS="1026" VPOS="2017" WIDTH="33" HEIGHT="0" />
            <String ID="Word_119297" HPOS="1059" VPOS="2017" WIDTH="200" HEIGHT="43" CONTENT="auditory" />
            <SP ID="SP_107527" HPOS="1259" VPOS="2017" WIDTH="21" HEIGHT="0" />
            <String ID="Word_119298" HPOS="1280" VPOS="2017" WIDTH="107" HEIGHT="41" CONTENT="than" />
            <SP ID="SP_107528" HPOS="1387" VPOS="2016" WIDTH="31" HEIGHT="0" />
            <String ID="Word_119299" HPOS="1418" VPOS="2016" WIDTH="46" HEIGHT="41" CONTENT="in" />
            <SP ID="SP_107529" HPOS="1464" VPOS="2015" WIDTH="32" HEIGHT="0" />
            <String ID="Word_119300" HPOS="1496" VPOS="2015" WIDTH="96" HEIGHT="42" CONTENT="that" />
            <SP ID="SP_107530" HPOS="1592" VPOS="2015" WIDTH="30" HEIGHT="0" />
            <String ID="Word_119301" HPOS="1622" VPOS="2016" WIDTH="43" HEIGHT="41" CONTENT="of" />
            <SP ID="SP_107531" HPOS="1665" VPOS="2015" WIDTH="30" HEIGHT="0" />
            <String ID="Word_119302" HPOS="1695" VPOS="2015" WIDTH="74" HEIGHT="43" CONTENT="the" />
            <SP ID="SP_107532" HPOS="1769" VPOS="2015" WIDTH="31" HEIGHT="0" />
            <String ID="Word_119303" HPOS="1800" VPOS="2021" WIDTH="138" HEIGHT="36" CONTENT="motor" />
          </TextLine>
          <TextLine ID="TextLine_11777" HPOS="319" VPOS="2097" WIDTH="157" HEIGHT="39">
            <String ID="Word_119304" HPOS="319" VPOS="2097" WIDTH="157" HEIGHT="39" CONTENT="centre." />
          </TextLine>
          <TextLine ID="TextLine_11778" HPOS="767" VPOS="2223" WIDTH="733" HEIGHT="57">
            <String ID="Word_119305" HPOS="767" VPOS="2225" WIDTH="233" HEIGHT="55" CONTENT="Summary" />
            <SP ID="SP_107533" HPOS="1000" VPOS="2225" WIDTH="21" HEIGHT="0" />
            <String ID="Word_119306" HPOS="1021" VPOS="2225" WIDTH="50" HEIGHT="55" CONTENT="of" />
            <SP ID="SP_107534" HPOS="1071" VPOS="2223" WIDTH="13" HEIGHT="0" />
            <String ID="Word_119307" HPOS="1084" VPOS="2223" WIDTH="190" HEIGHT="42" CONTENT="Leading" />
            <SP ID="SP_107535" HPOS="1274" VPOS="2223" WIDTH="21" HEIGHT="0" />
            <String ID="Word_119308" HPOS="1295" VPOS="2223" WIDTH="205" HEIGHT="42" CONTENT="Features." />
          </TextLine>
          <TextLine ID="TextLine_11779" HPOS="381" VPOS="2350" WIDTH="1561" HEIGHT="61">
            <String ID="Word_119309" HPOS="381" VPOS="2360" WIDTH="55" HEIGHT="42" CONTENT="In" />
            <SP ID="SP_107536" HPOS="436" VPOS="2360" WIDTH="21" HEIGHT="0" />
            <String ID="Word_119310" HPOS="457" VPOS="2372" WIDTH="99" HEIGHT="28" CONTENT="now" />
            <SP ID="SP_107537" HPOS="556" VPOS="2356" WIDTH="22" HEIGHT="0" />
            <String ID="Word_119311" HPOS="578" VPOS="2356" WIDTH="218" HEIGHT="55" CONTENT="summing" />
            <SP ID="SP_107538" HPOS="796" VPOS="2356" WIDTH="22" HEIGHT="0" />
            <String ID="Word_119312" HPOS="818" VPOS="2369" WIDTH="58" HEIGHT="27" CONTENT="up" />
            <SP ID="SP_107539" HPOS="876" VPOS="2355" WIDTH="23" HEIGHT="0" />
            <String ID="Word_119313" HPOS="899" VPOS="2355" WIDTH="73" HEIGHT="41" CONTENT="the" />
            <SP ID="SP_107540" HPOS="972" VPOS="2353" WIDTH="23" HEIGHT="0" />
            <String ID="Word_119314" HPOS="995" VPOS="2353" WIDTH="173" HEIGHT="43" CONTENT="leading" />
            <SP ID="SP_107541" HPOS="1168" VPOS="2352" WIDTH="20" HEIGHT="0" />
            <String ID="Word_119315" HPOS="1188" VPOS="2352" WIDTH="188" HEIGHT="42" CONTENT="features" />
            <SP ID="SP_107542" HPOS="1376" VPOS="2351" WIDTH="31" HEIGHT="0" />
            <String ID="Word_119316" HPOS="1407" VPOS="2351" WIDTH="44" HEIGHT="42" CONTENT="of" />
            <SP ID="SP_107543" HPOS="1451" VPOS="2351" WIDTH="31" HEIGHT="0" />
            <String ID="Word_119317" HPOS="1482" VPOS="2351" WIDTH="199" HEIGHT="55" CONTENT="auditory" />
            <SP ID="SP_107544" HPOS="1681" VPOS="2350" WIDTH="21" HEIGHT="0" />
            <String ID="Word_119318" HPOS="1702" VPOS="2350" WIDTH="173" HEIGHT="56" CONTENT="aphasia" />
            <SP ID="SP_107545" HPOS="1875" VPOS="2350" WIDTH="31" HEIGHT="0" />
            <String ID="Word_119319" HPOS="1906" VPOS="2350" WIDTH="36" HEIGHT="41" CONTENT="it" />
          </TextLine>
          <TextLine ID="TextLine_11780" HPOS="322" VPOS="2427" WIDTH="467" HEIGHT="60">
            <String ID="Word_119320" HPOS="322" VPOS="2445" WIDTH="101" HEIGHT="27" CONTENT="may" />
            <SP ID="SP_107546" HPOS="423" VPOS="2430" WIDTH="21" HEIGHT="0" />
            <String ID="Word_119321" HPOS="444" VPOS="2430" WIDTH="53" HEIGHT="42" CONTENT="be" />
            <SP ID="SP_107547" HPOS="497" VPOS="2428" WIDTH="22" HEIGHT="0" />
            <String ID="Word_119322" HPOS="519" VPOS="2428" WIDTH="93" HEIGHT="43" CONTENT="said" />
            <SP ID="SP_107548" HPOS="612" VPOS="2427" WIDTH="22" HEIGHT="0" />
            <String ID="Word_119323" HPOS="634" VPOS="2430" WIDTH="155" HEIGHT="39" CONTENT="that—" />
          </TextLine>
          <TextLine ID="TextLine_11781" HPOS="384" VPOS="2493" WIDTH="803" HEIGHT="56">
            <String ID="Word_119324" HPOS="384" VPOS="2502" WIDTH="35" HEIGHT="40" CONTENT="1." />
            <SP ID="SP_107549" HPOS="419" VPOS="2500" WIDTH="35" HEIGHT="0" />
            <String ID="Word_119325" HPOS="454" VPOS="2500" WIDTH="44" HEIGHT="41" CONTENT="It" />
            <SP ID="SP_107550" HPOS="498" VPOS="2499" WIDTH="20" HEIGHT="0" />
            <String ID="Word_119326" HPOS="518" VPOS="2499" WIDTH="38" HEIGHT="42" CONTENT="is" />
            <SP ID="SP_107551" HPOS="556" VPOS="2499" WIDTH="22" HEIGHT="0" />
            <String ID="Word_119327" HPOS="578" VPOS="2511" WIDTH="116" HEIGHT="29" CONTENT="rarer" />
            <SP ID="SP_107552" HPOS="694" VPOS="2497" WIDTH="20" HEIGHT="0" />
            <String ID="Word_119328" HPOS="714" VPOS="2497" WIDTH="107" HEIGHT="42" CONTENT="than" />
            <SP ID="SP_107553" HPOS="821" VPOS="2497" WIDTH="17" HEIGHT="0" />
            <String ID="Word_119329" HPOS="838" VPOS="2499" WIDTH="140" HEIGHT="38" CONTENT="motor" />
            <SP ID="SP_107554" HPOS="978" VPOS="2493" WIDTH="23" HEIGHT="0" />
            <String ID="Word_119330" HPOS="1001" VPOS="2493" WIDTH="186" HEIGHT="56" CONTENT="aphasia." />
          </TextLine>
          <TextLine ID="TextLine_11782" HPOS="384" VPOS="2565" WIDTH="674" HEIGHT="57">
            <String ID="Word_119331" HPOS="384" VPOS="2573" WIDTH="38" HEIGHT="41" CONTENT="2." />
            <SP ID="SP_107555" HPOS="422" VPOS="2571" WIDTH="32" HEIGHT="0" />
            <String ID="Word_119332" HPOS="454" VPOS="2571" WIDTH="44" HEIGHT="41" CONTENT="It" />
            <SP ID="SP_107556" HPOS="498" VPOS="2570" WIDTH="21" HEIGHT="0" />
            <String ID="Word_119333" HPOS="519" VPOS="2570" WIDTH="37" HEIGHT="41" CONTENT="is" />
            <SP ID="SP_107557" HPOS="556" VPOS="2570" WIDTH="23" HEIGHT="0" />
            <String ID="Word_119334" HPOS="579" VPOS="2582" WIDTH="115" HEIGHT="29" CONTENT="more" />
            <SP ID="SP_107558" HPOS="694" VPOS="2567" WIDTH="23" HEIGHT="0" />
            <String ID="Word_119335" HPOS="717" VPOS="2567" WIDTH="135" HEIGHT="42" CONTENT="easily" />
            <SP ID="SP_107559" HPOS="852" VPOS="2565" WIDTH="23" HEIGHT="0" />
            <String ID="Word_119336" HPOS="875" VPOS="2565" WIDTH="183" HEIGHT="43" CONTENT="curable." />
          </TextLine>
          <TextLine ID="TextLine_11783" HPOS="383" VPOS="2631" WIDTH="1564" HEIGHT="58">
            <String ID="Word_119337" HPOS="383" VPOS="2643" WIDTH="37" HEIGHT="41" CONTENT="3." />
            <SP ID="SP_107560" HPOS="420" VPOS="2641" WIDTH="34" HEIGHT="0" />
            <String ID="Word_119338" HPOS="454" VPOS="2641" WIDTH="44" HEIGHT="41" CONTENT="It" />
            <SP ID="SP_107561" HPOS="498" VPOS="2640" WIDTH="21" HEIGHT="0" />
            <String ID="Word_119339" HPOS="519" VPOS="2640" WIDTH="225" HEIGHT="42" CONTENT="interferes" />
            <SP ID="SP_107562" HPOS="744" VPOS="2637" WIDTH="23" HEIGHT="0" />
            <String ID="Word_119340" HPOS="767" VPOS="2637" WIDTH="109" HEIGHT="43" CONTENT="with" />
            <SP ID="SP_107563" HPOS="876" VPOS="2635" WIDTH="27" HEIGHT="0" />
            <String ID="Word_119341" HPOS="903" VPOS="2635" WIDTH="104" HEIGHT="43" CONTENT="both" />
            <SP ID="SP_107564" HPOS="1007" VPOS="2635" WIDTH="33" HEIGHT="0" />
            <String ID="Word_119342" HPOS="1040" VPOS="2635" WIDTH="73" HEIGHT="42" CONTENT="the" />
            <SP ID="SP_107565" HPOS="1113" VPOS="2634" WIDTH="32" HEIGHT="0" />
            <String ID="Word_119343" HPOS="1145" VPOS="2634" WIDTH="218" HEIGHT="43" CONTENT="reception" />
            <SP ID="SP_107566" HPOS="1363" VPOS="2633" WIDTH="33" HEIGHT="0" />
            <String ID="Word_119344" HPOS="1396" VPOS="2633" WIDTH="84" HEIGHT="42" CONTENT="and" />
            <SP ID="SP_107567" HPOS="1480" VPOS="2633" WIDTH="33" HEIGHT="0" />
            <String ID="Word_119345" HPOS="1513" VPOS="2633" WIDTH="72" HEIGHT="42" CONTENT="the" />
            <SP ID="SP_107568" HPOS="1585" VPOS="2633" WIDTH="32" HEIGHT="0" />
            <String ID="Word_119346" HPOS="1617" VPOS="2636" WIDTH="254" HEIGHT="52" CONTENT="production" />
            <SP ID="SP_107569" HPOS="1871" VPOS="2631" WIDTH="31" HEIGHT="0" />
            <String ID="Word_119347" HPOS="1902" VPOS="2631" WIDTH="45" HEIGHT="41" CONTENT="of" />
          </TextLine>
          <TextLine ID="TextLine_11784" HPOS="323" VPOS="2701" WIDTH="1619" HEIGHT="65">
            <String ID="Word_119348" HPOS="323" VPOS="2712" WIDTH="174" HEIGHT="44" CONTENT="audible" />
            <SP ID="SP_107570" HPOS="497" VPOS="2709" WIDTH="23" HEIGHT="0" />
            <String ID="Word_119349" HPOS="520" VPOS="2709" WIDTH="284" HEIGHT="57" CONTENT="speech,—its" />
            <SP ID="SP_107571" HPOS="804" VPOS="2706" WIDTH="22" HEIGHT="0" />
            <String ID="Word_119350" HPOS="826" VPOS="2706" WIDTH="173" HEIGHT="55" CONTENT="leading" />
            <SP ID="SP_107572" HPOS="999" VPOS="2706" WIDTH="23" HEIGHT="0" />
            <String ID="Word_119351" HPOS="1022" VPOS="2718" WIDTH="239" HEIGHT="42" CONTENT="symptoms" />
            <SP ID="SP_107573" HPOS="1261" VPOS="2704" WIDTH="17" HEIGHT="0" />
            <String ID="Word_119352" HPOS="1278" VPOS="2704" WIDTH="139" HEIGHT="56" CONTENT="being," />
            <SP ID="SP_107574" HPOS="1417" VPOS="2704" WIDTH="16" HEIGHT="0" />
            <String ID="Word_119353" HPOS="1433" VPOS="2717" WIDTH="53" HEIGHT="28" CONTENT="on" />
            <SP ID="SP_107575" HPOS="1486" VPOS="2703" WIDTH="18" HEIGHT="0" />
            <String ID="Word_119354" HPOS="1504" VPOS="2703" WIDTH="73" HEIGHT="42" CONTENT="the" />
            <SP ID="SP_107576" HPOS="1577" VPOS="2703" WIDTH="22" HEIGHT="0" />
            <String ID="Word_119355" HPOS="1599" VPOS="2703" WIDTH="218" HEIGHT="55" CONTENT="reception" />
            <SP ID="SP_107577" HPOS="1817" VPOS="2701" WIDTH="26" HEIGHT="0" />
            <String ID="Word_119356" HPOS="1843" VPOS="2701" WIDTH="99" HEIGHT="52" CONTENT="side," />
          </TextLine>
          <TextLine ID="TextLine_11785" HPOS="324" VPOS="2771" WIDTH="1618" HEIGHT="59">
            <String ID="Word_119357" HPOS="324" VPOS="2781" WIDTH="386" HEIGHT="49" CONTENT="Word-Deafness," />
            <SP ID="SP_107578" HPOS="710" VPOS="2778" WIDTH="32" HEIGHT="0" />
            <String ID="Word_119358" HPOS="742" VPOS="2778" WIDTH="97" HEIGHT="42" CONTENT="and," />
            <SP ID="SP_107579" HPOS="839" VPOS="2778" WIDTH="33" HEIGHT="0" />
            <String ID="Word_119359" HPOS="872" VPOS="2791" WIDTH="55" HEIGHT="28" CONTENT="on" />
            <SP ID="SP_107580" HPOS="927" VPOS="2776" WIDTH="32" HEIGHT="0" />
            <String ID="Word_119360" HPOS="959" VPOS="2776" WIDTH="75" HEIGHT="42" CONTENT="the" />
            <SP ID="SP_107581" HPOS="1034" VPOS="2774" WIDTH="33" HEIGHT="0" />
            <String ID="Word_119361" HPOS="1067" VPOS="2774" WIDTH="254" HEIGHT="56" CONTENT="production" />
            <SP ID="SP_107582" HPOS="1321" VPOS="2774" WIDTH="34" HEIGHT="0" />
            <String ID="Word_119362" HPOS="1355" VPOS="2774" WIDTH="102" HEIGHT="52" CONTENT="side," />
            <SP ID="SP_107583" HPOS="1457" VPOS="2773" WIDTH="36" HEIGHT="0" />
            <String ID="Word_119363" HPOS="1493" VPOS="2773" WIDTH="208" HEIGHT="42" CONTENT="Amnesia" />
            <SP ID="SP_107584" HPOS="1701" VPOS="2771" WIDTH="32" HEIGHT="0" />
            <String ID="Word_119364" HPOS="1733" VPOS="2771" WIDTH="209" HEIGHT="49" CONTENT="Verbalis," />
          </TextLine>
          <TextLine ID="TextLine_11786" HPOS="326" VPOS="2845" WIDTH="933" HEIGHT="65">
            <String ID="Word_119365" HPOS="326" VPOS="2853" WIDTH="274" HEIGHT="57" CONTENT="Paraphasia," />
            <SP ID="SP_107585" HPOS="600" VPOS="2850" WIDTH="23" HEIGHT="0" />
            <String ID="Word_119366" HPOS="623" VPOS="2850" WIDTH="85" HEIGHT="43" CONTENT="and" />
            <SP ID="SP_107586" HPOS="708" VPOS="2847" WIDTH="22" HEIGHT="0" />
            <String ID="Word_119367" HPOS="730" VPOS="2847" WIDTH="290" HEIGHT="44" CONTENT="Articulative" />
            <SP ID="SP_107587" HPOS="1020" VPOS="2845" WIDTH="21" HEIGHT="0" />
            <String ID="Word_119368" HPOS="1041" VPOS="2845" WIDTH="218" HEIGHT="43" CONTENT="Amnesia." />
          </TextLine>
          <TextLine ID="TextLine_11787" HPOS="384" VPOS="2912" WIDTH="1556" HEIGHT="60">
            <String ID="Word_119369" HPOS="384" VPOS="2926" WIDTH="39" HEIGHT="42" CONTENT="4." />
            <SP ID="SP_107588" HPOS="423" VPOS="2925" WIDTH="35" HEIGHT="0" />
            <String ID="Word_119370" HPOS="458" VPOS="2925" WIDTH="44" HEIGHT="41" CONTENT="It" />
            <SP ID="SP_107589" HPOS="502" VPOS="2923" WIDTH="21" HEIGHT="0" />
            <String ID="Word_119371" HPOS="523" VPOS="2923" WIDTH="227" HEIGHT="42" CONTENT="interferes" />
            <SP ID="SP_107590" HPOS="750" VPOS="2919" WIDTH="23" HEIGHT="0" />
            <String ID="Word_119372" HPOS="773" VPOS="2919" WIDTH="105" HEIGHT="43" CONTENT="with" />
            <SP ID="SP_107591" HPOS="878" VPOS="2919" WIDTH="23" HEIGHT="0" />
            <String ID="Word_119373" HPOS="901" VPOS="2919" WIDTH="74" HEIGHT="41" CONTENT="the" />
            <SP ID="SP_107592" HPOS="975" VPOS="2916" WIDTH="23" HEIGHT="0" />
            <String ID="Word_119374" HPOS="998" VPOS="2916" WIDTH="248" HEIGHT="44" CONTENT="Piepetition" />
            <SP ID="SP_107593" HPOS="1246" VPOS="2916" WIDTH="23" HEIGHT="0" />
            <String ID="Word_119375" HPOS="1269" VPOS="2929" WIDTH="46" HEIGHT="28" CONTENT="or" />
            <SP ID="SP_107594" HPOS="1315" VPOS="2915" WIDTH="20" HEIGHT="0" />
            <String ID="Word_119376" HPOS="1335" VPOS="2915" WIDTH="194" HEIGHT="55" CONTENT="Echoing" />
            <SP ID="SP_107595" HPOS="1529" VPOS="2914" WIDTH="22" HEIGHT="0" />
            <String ID="Word_119377" HPOS="1551" VPOS="2914" WIDTH="43" HEIGHT="41" CONTENT="of" />
            <SP ID="SP_107596" HPOS="1594" VPOS="2914" WIDTH="21" HEIGHT="0" />
            <String ID="Word_119378" HPOS="1615" VPOS="2914" WIDTH="162" HEIGHT="54" CONTENT="spoken" />
            <SP ID="SP_107597" HPOS="1777" VPOS="2912" WIDTH="19" HEIGHT="0" />
            <String ID="Word_119379" HPOS="1796" VPOS="2926" WIDTH="144" HEIGHT="28" CONTENT="words." />
          </TextLine>
          <TextLine ID="TextLine_11788" HPOS="325" VPOS="2984" WIDTH="1619" HEIGHT="61">
            <String ID="Word_119380" HPOS="325" VPOS="2996" WIDTH="182" HEIGHT="45" CONTENT="Though" />
            <SP ID="SP_107598" HPOS="507" VPOS="2995" WIDTH="31" HEIGHT="0" />
            <String ID="Word_119381" HPOS="538" VPOS="2995" WIDTH="76" HEIGHT="43" CONTENT="the" />
            <SP ID="SP_107599" HPOS="614" VPOS="2991" WIDTH="33" HEIGHT="0" />
            <String ID="Word_119382" HPOS="647" VPOS="2991" WIDTH="140" HEIGHT="43" CONTENT="words" />
            <SP ID="SP_107600" HPOS="787" VPOS="2991" WIDTH="34" HEIGHT="0" />
            <String ID="Word_119383" HPOS="821" VPOS="3004" WIDTH="69" HEIGHT="28" CONTENT="are" />
            <SP ID="SP_107601" HPOS="890" VPOS="2988" WIDTH="22" HEIGHT="0" />
            <String ID="Word_119384" HPOS="912" VPOS="2988" WIDTH="131" HEIGHT="43" CONTENT="heard" />
            <SP ID="SP_107602" HPOS="1043" VPOS="2988" WIDTH="32" HEIGHT="0" />
            <String ID="Word_119385" HPOS="1075" VPOS="2988" WIDTH="56" HEIGHT="57" CONTENT="by" />
            <SP ID="SP_107603" HPOS="1131" VPOS="2987" WIDTH="31" HEIGHT="0" />
            <String ID="Word_119386" HPOS="1162" VPOS="2987" WIDTH="73" HEIGHT="42" CONTENT="the" />
            <SP ID="SP_107604" HPOS="1235" VPOS="2985" WIDTH="32" HEIGHT="0" />
            <String ID="Word_119387" HPOS="1267" VPOS="2985" WIDTH="270" HEIGHT="44" CONTENT="uneducated" />
            <SP ID="SP_107605" HPOS="1537" VPOS="2984" WIDTH="35" HEIGHT="0" />
            <String ID="Word_119388" HPOS="1572" VPOS="2984" WIDTH="196" HEIGHT="58" CONTENT="auditory" />
            <SP ID="SP_107606" HPOS="1768" VPOS="2984" WIDTH="23" HEIGHT="0" />
            <String ID="Word_119389" HPOS="1791" VPOS="2996" WIDTH="153" HEIGHT="37" CONTENT="centre," />
          </TextLine>
        </TextBlock>
      </PrintSpace>
    </Page>
  </Layout>
</alto>
