2113 3404
950 282 86 31 THE
1066 284 242 34 DISORDERS
1339 287 54 31 OK
1424 289 174 32 SPEECH.

463 264 87 43 418

462 394 35 43 it
518 397 183 57 springs,
723 400 84 42 and
843 400 95 43 that
961 402 264 57 throughout
1245 405 57 43 its
1324 406 149 56 length
1495 408 36 42 it
1552 407 190 56 depends
1772 423 114 41 upon
1908 410 72 41 the
2001 411 80 41 cell

463 465 66 43 for
550 467 57 43 its
632 470 167 55 trophic
821 472 171 54 supply,
1014 473 85 41 and
1131 474 210 44 therefore
1373 476 65 42 for
1469 478 55 41 its
1556 478 185 55 vitality.
1805 479 43 42 It
1878 480 36 41 is
1945 481 137 54 owing

465 538 232 56 especially
720 545 43 37 to
797 541 72 43 the
893 543 199 55 teaching
1124 545 47 41 of
1202 545 201 43 Charcot1
1431 547 94 42 that
1549 548 72 41 the
1644 548 81 41 full
1759 549 261 55 importance
2041 551 43 41 of

465 607 73 43 the
563 609 9 40 1
579 623 65 28 aw
666 611 46 41 of
741 612 167 43 Waller
939 613 46 41 in
1020 614 179 42 relation
1222 620 43 37 to
1299 630 183 29 nervous
1503 618 231 55 pathology
1757 619 35 41 is
1825 633 94 27 now
1940 633 143 41 gener-

465 678 89 56 ally
577 683 257 42 recognised.

524 750 88 43 The
665 754 338 55 accompanying
1044 754 201 55 diagram,
1287 756 138 41 which
1469 757 22 40 I
1538 757 108 43 have
1697 759 129 41 taken
1869 759 106 41 from
2021 759 63 42 Dr

574 841 30 49 y
829 823 210 43 G-owers's
1060 824 200 43 valuable
1282 826 116 41 work
1420 839 55 28 on
1506 827 185 42 Diseases
1725 829 49 41 of
1803 829 64 41 the
1903 830 181 41 Nervous

585 902 15 33 I
829 893 169 55 System,
1019 893 139 42 shows
1196 894 98 42 well
1316 895 72 41 the
1410 896 281 42 constitution
1724 897 43 41 of
1798 898 102 41 each
1931 899 44 41 of
2011 899 71 41 the

547 968 92 52 yf£
829 969 85 36 two
952 963 168 54 trophic
1157 964 154 42 realms
1348 965 45 40 in
1431 965 73 42 the
1540 971 139 37 motor
1715 968 255 50 tract,—the
2002 969 78 41 cell

833 1033 40 42 C.
915 1032 39 43 C.
990 1033 106 42 with
1129 1033 73 42 the
1235 1033 103 43 fibre
1375 1035 52 42 U.
1467 1035 37 42 S.
1537 1038 294 54 representing
1863 1038 74 42 the
1969 1038 114 52 first;

828 1103 85 42 and
948 1104 72 41 the
1053 1103 81 42 cell
1165 1103 38 42 S.
1231 1103 40 42 G.
1296 1104 105 42 with
1434 1104 72 42 the
1538 1105 104 43 fibre
1674 1107 42 41 L.
1751 1107 38 43 S.
1821 1107 73 42 the
1926 1109 154 41 second

830 1174 168 54 trophic
1020 1172 143 43 realm.
1226 1174 65 40 Dr
1308 1173 173 43 Gowers
1505 1179 130 38 terms
1657 1176 132 50 them,
1806 1182 75 37 not
1901 1178 179 42 Trophic

829 1243 185 51 Realms,
1046 1243 80 42 but
1164 1243 150 55 Upper
1349 1244 85 42 and
1468 1245 148 41 Lower
1651 1245 235 56 Segments,
1922 1247 46 42 of
2009 1248 73 42 the

831 1327 137 28 motor
990 1318 120 37 tract.

889 1383 46 41 If
966 1397 64 28 we
1066 1387 106 38 next
1207 1383 99 42 take
1339 1383 75 43 the
1450 1384 196 52 muscles,
1667 1398 63 29 we
1766 1385 89 41 find
1891 1386 95 40 that
2019 1386 62 41 for

830 1454 129 50 them,
983 1458 82 46 too,
1086 1454 74 42 the
1183 1468 129 27 nerve
1334 1454 103 42 cells
1471 1455 45 41 in
1539 1455 72 42 the
1634 1460 84 37 two
1741 1456 166 54 trophic
1928 1457 152 41 realms

829 1525 45 41 of
904 1524 74 43 the
1012 1528 137 38 motor
1182 1528 109 38 tract
1324 1538 70 29 are
1416 1525 220 42 fountains
1658 1526 63 41 for
1757 1526 72 41 the
1861 1526 156 54 supply
2040 1527 42 40 of

830 1595 167 54 trophic
1029 1608 168 41 energy.
1260 1594 44 41 It
1329 1594 139 42 would
1499 1609 158 40 appear
1688 1595 94 42 that
1805 1595 86 42 this
1917 1596 165 54 trophic

829 1679 159 42 energy
1009 1665 65 42 for
1099 1665 73 42 the
1205 1665 183 42 muscles
1420 1665 36 42 is
1478 1665 175 42 derived
1685 1666 45 41 in
1761 1670 97 50 part
1880 1666 108 41 from
2010 1666 71 42 the

829 1737 103 41 cells
964 1736 47 42 of
1042 1736 74 42 the
1139 1736 101 50 first,
1263 1736 85 41 and
1378 1735 46 43 in
1454 1741 95 50 part
1573 1737 108 40 from
1704 1736 73 42 the
1809 1736 102 43 cells
1933 1737 43 41 of
2011 1737 72 42 the

829 1807 156 42 second
1016 1806 169 42 trophic
1220 1806 146 42 realm.
1429 1806 229 55 Springing
1680 1807 107 40 from
1810 1806 73 42 the
1917 1806 101 42 cells
2040 1808 45 40 of

829 1877 73 42 the
936 1878 93 41 first
1060 1876 170 55 trophic
1263 1876 144 51 realm,
1431 1876 72 42 the
1537 1876 170 54 trophic
1743 1890 156 40 energy
1922 1876 65 40 for
2012 1876 69 41 the

829 1947 185 42 muscles
1038 1947 143 41 would
1213 1960 157 41 appear
1399 1950 45 37 to
1475 1946 94 41 flow
1592 1946 57 54 by
1670 1946 74 41 the
1765 1946 127 41 fibres
1917 1946 46 40 of
1990 1945 93 41 that

826 2018 146 42 realm,
996 2032 55 27 on
1072 2018 92 41 into
1186 2017 73 41 the
1282 2016 103 42 cells
1407 2016 44 41 of
1476 2016 74 42 the
1572 2016 156 42 second
1750 2016 167 54 trophic
1940 2015 138 42 realm.

826 2088 182 42 Thence,
1031 2087 111 42 after
1177 2087 167 55 getting
1376 2100 24 28 a
1430 2086 214 55 tributary
1676 2086 158 55 supply
1865 2086 108 40 from
2009 2085 72 42 the

828 2159 102 42 cells
953 2159 46 41 of
1019 2159 71 41 the
1108 2158 156 42 second
1286 2157 168 55 trophic
1475 2156 145 42 realm,
1637 2156 73 42 the
1733 2156 168 54 trophic
1923 2169 155 40 energy

826 2230 120 41 flows
978 2243 55 28 on
1064 2229 46 41 in
1132 2228 82 42 full
1245 2241 169 36 stream,
1436 2240 125 28 along
1583 2226 73 42 the
1684 2230 139 37 motor
1854 2239 163 36 nerves,
2038 2231 42 35 to

828 2301 73 42 the
924 2313 195 29 muscles.

885 2370 83 42 We
990 2384 80 27 can
1106 2383 97 27 now
1224 2381 266 29 understand
1526 2366 73 42 the
1635 2369 119 51 great
1775 2365 225 41 difference
2035 2363 44 40 in

826 2440 75 42 the
942 2439 219 43 condition
1203 2439 47 41 of
1286 2436 229 57 paralyzed
1558 2436 182 42 muscles
1783 2436 94 41 that
1912 2435 36 41 is
1988 2447 91 41 pre-

827 2510 163 50 sented,
1023 2508 227 43 according
1280 2521 45 27 as
1358 2507 72 41 the
1462 2506 136 42 lesion
1635 2505 177 42 causing
1848 2504 72 42 the
1961 2515 119 43 para-

827 2580 106 42 lysis
974 2580 36 40 is
1057 2577 189 43 situated
1291 2577 45 40 in
1381 2576 72 41 the
1489 2576 93 41 first
1627 2589 47 28 or
1716 2575 46 41 in
1809 2574 71 42 the
1927 2571 153 44 second

828 2650 169 43 trophic
1018 2648 134 42 realm
1174 2648 46 40 of
1243 2646 72 42 the
1337 2650 138 37 motor
1496 2650 120 38 tract.
1679 2646 78 41 Let
1778 2645 73 41 the
1873 2643 133 43 lesion
2027 2643 51 40 bo

830 2719 188 45 situated
1039 2718 46 41 in
1108 2717 73 42 the
1204 2717 92 41 first
1318 2715 167 56 trophic
1505 2715 278 42 realm,—the
1806 2717 137 39 motor
1963 2724 116 43 para-

831 2790 108 56 lysis
971 2802 101 28 may
1093 2788 52 42 be
1177 2786 222 55 complete,
1430 2786 79 41 but
1537 2785 73 42 the
1640 2784 226 56 paralyzed
1902 2794 180 30 muscles

834 2862 54 42 do
922 2864 76 38 not
1029 2858 119 42 often
1179 2861 131 38 waste
1342 2855 223 42 markedly
1597 2869 45 27 or
1673 2854 191 55 rapidly;
1894 2854 175 40 because

682 2623 34 25 M.

481 2704 69 25 Fia.
592 2699 41 27 18.
645 2713 34 5 —
695 2697 101 34 (After

514 2742 192 30 Gowers.2)—
710 2740 29 27 C.
759 2739 38 34 0.,

514 2796 17 17 a
549 2785 119 28 cortical
704 2789 95 20 motor

512 2829 69 27 cell;
594 2828 76 26 8.0.,
679 2834 16 18 a
703 2825 97 33 spinal

511 2879 96 21 motor
625 2870 75 32 ceil;
720 2869 52 32 M.,
784 2875 17 18 a

516 2922 120 21 muscle.

509 2981 13 23 1
549 2979 80 36 See,
646 2977 56 35 for
735 2983 179 37 example,
931 2968 59 39 his
1023 2967 102 37 work
1159 2978 47 24 on
1242 2964 157 37 Cerebral
1431 2962 268 45 Localisations,
1731 2964 101 43 1887,
1857 2959 146 47 already
2029 2968 52 25 re-

460 3037 119 38 ferred
597 3040 47 32 to.

509 3099 14 22 2
549 3097 159 36 Diseases
724 3093 40 36 of
777 3092 53 36 the
848 3091 158 36 Nervous
1024 3088 142 46 System,
1185 3083 71 38 vol.
1275 3083 23 37 i.
1317 3092 34 41 p.
1374 3085 76 33 116.
