2107 3450
1752 250 87 45 427

479 259 265 32 PATHOLOGY
778 259 54 31 OF
865 259 88 31 THE
985 258 154 33 MOTOR
1171 261 372 32 SPEECH-TRACTS.

182 382 176 41 insane;
380 380 85 42 and
484 381 36 42 is
544 384 90 38 met
652 386 107 36 with
783 379 91 43 also
894 380 45 41 in
957 380 76 42 the
1051 379 158 56 speech
1226 380 45 41 of
1289 394 120 28 some
1432 380 181 56 aphasic
1633 381 207 55 patients,

187 453 127 42 when
360 452 103 43 they
502 467 72 28 are
619 452 245 57 beginning
905 456 44 38 to
992 452 153 42 regain
1188 451 75 43 the
1306 466 148 41 power
1492 452 49 42 of
1581 452 161 56 speech
1782 453 59 55 by

183 524 196 43 training
412 524 74 43 the
519 529 313 38 convolutions
865 523 48 43 of
942 523 77 43 the
1055 523 205 56 opposite
1289 523 297 56 hemisphere.
1651 524 192 43 Charcot

184 595 273 44 emphasizes
503 596 75 43 the
623 596 300 43 resemblance
968 595 203 43 between
1215 595 77 43 the
1336 595 162 56 speech
1543 595 48 42 of
1634 601 209 37 multiple

183 669 201 43 sclerosis
419 668 88 43 and
540 673 97 37 that
669 667 47 43 of
744 667 180 57 general
957 667 221 57 paralysis
1202 667 46 43 of
1282 667 76 43 the
1382 667 169 43 insane.
1617 667 72 43 He
1713 666 131 53 says,1

183 748 20 15 "
224 742 17 41 I
275 755 111 29 even
420 740 171 43 believe
625 740 108 42 that,
757 740 47 42 in
837 755 25 27 a
894 740 113 57 good
1038 754 136 42 many
1198 754 135 38 cases,
1355 745 127 51 apart
1504 741 115 41 from
1643 739 76 43 the
1739 739 104 56 help

186 812 207 44 obtained
417 812 109 42 from
553 812 75 44 the
652 813 326 43 consideration
1004 813 48 42 of
1078 812 353 56 accompanying
1452 826 294 42 phenomena,
1769 811 77 43 the

186 885 259 43 distinction
463 884 147 43 would
625 886 53 42 be
696 885 162 43 almost
876 886 270 42 impossible.
1212 884 107 43 And
1337 885 100 42 that
1452 885 76 42 the
1543 884 302 43 resemblance

190 972 97 28 may
315 958 52 42 be
399 957 95 42 still
527 957 141 43 closer
699 958 146 56 owing
877 963 44 38 to
955 959 75 42 the
1063 972 338 29 circumstance,
1424 957 100 42 that
1556 957 48 41 in
1639 961 207 38 multiple

187 1031 213 43 sclerosis,
418 1044 46 29 as
487 1030 48 43 in
558 1031 179 55 general
759 1031 217 56 paralysis
999 1031 45 42 of
1062 1031 73 43 the
1160 1031 168 43 insane,
1346 1031 212 42 emission
1577 1030 47 43 of
1643 1030 143 43 words
1809 1030 37 42 is

188 1103 252 43 sometimes
463 1102 217 56 preceded
703 1118 47 27 or
773 1102 427 43 accompanied—as
1232 1116 90 42 you
1354 1116 104 28 may
1480 1102 176 42 remark
1690 1102 47 41 in
1770 1116 80 28 our

189 1175 290 56 patient—by
498 1189 25 28 a
541 1175 149 57 slight,
707 1190 47 27 as
777 1175 36 42 it
833 1189 112 29 were
970 1174 272 43 convulsive,
1261 1174 275 43 contraction
1560 1174 49 42 of
1627 1173 76 43 the
1724 1173 125 43 lips."

187 1247 257 43 Kussmaul,
470 1247 205 43 however
702 1247 58 56 (p.
787 1248 119 55 664),
930 1247 129 43 holds
1095 1247 99 43 that
1231 1247 199 56 Syllable
1467 1246 271 57 Stumbling,
1773 1246 76 43 the

188 1324 113 38 most
337 1319 327 43 characteristic
702 1320 48 42 of
784 1320 62 41 all
885 1319 76 43 the
1000 1319 194 43 features
1232 1320 47 41 in
1311 1319 76 44 the
1411 1319 160 56 speech
1595 1319 48 42 of
1671 1318 181 57 general

188 1391 226 57 paralysis,
434 1406 136 29 never
592 1407 153 28 occurs
768 1393 48 41 in
840 1391 208 43 multiple
1063 1391 213 43 sclerosis.
1342 1392 56 41 In
1420 1391 179 56 general
1622 1405 230 43 paralysis,

188 1465 54 42 he
279 1470 197 51 says,—"
495 1465 116 42 Both
655 1465 237 42 articulate
928 1464 167 43 sounds
1133 1464 88 42 and
1257 1464 212 56 syllables
1507 1479 72 28 are
1609 1464 244 43 misplaced

189 1537 87 43 and
315 1538 174 42 thrown
527 1537 95 43 into
666 1537 244 43 confusion.
975 1537 62 42 To
1080 1536 169 43 borrow
1295 1537 271 56 Westphal's
1610 1537 243 43 admirable

191 1609 282 43 illustration,
498 1610 74 42 the
595 1609 180 57 general
798 1609 234 56 paralytic,
1054 1609 48 42 in
1126 1609 152 57 trying
1301 1614 45 38 to
1368 1624 79 28 say
1469 1614 9 16 '
1496 1607 225 59 artillery,'
1746 1609 108 43 calls

190 1683 34 41 it
248 1688 8 15 '
271 1682 329 56 artrallerary';
632 1682 76 43 the
742 1682 173 56 patient
950 1681 109 43 with
1094 1681 171 44 insular
1297 1682 213 43 sclerosis,
1534 1697 57 28 on
1625 1682 76 43 the
1727 1681 129 44 other

190 1755 130 50 hand,
342 1769 276 41 pronounces
642 1755 36 41 it
700 1759 9 17 '
725 1752 324 59 ar-til-ler-y.'"

248 1827 243 56 Alongside
528 1827 45 42 of
615 1827 76 42 the
731 1827 137 43 above
908 1832 126 39 notes
1073 1836 136 34 about
1247 1827 76 44 the
1361 1828 158 42 speech
1560 1828 45 41 of
1647 1835 207 49 multiple

192 1900 209 44 sclerosis,
423 1900 19 41 I
466 1899 113 43 shall
604 1914 97 28 now
725 1899 139 43 insert
887 1915 25 27 a
933 1900 116 43 brief
1072 1905 103 38 note
1198 1908 135 35 about
1356 1900 74 43 the
1455 1900 159 43 speech
1637 1901 47 42 of
1703 1901 151 42 Fried-

191 1972 144 43 reich's
372 1972 189 43 disease;
605 1986 46 29 as
689 1972 124 43 there
850 1972 38 42 is
927 1987 25 27 a
989 1978 150 51 pretty
1172 1973 116 43 close
1320 1973 301 43 resemblance
1655 1973 199 43 between

193 2046 87 41 this
303 2044 158 43 speech
497 2044 87 42 and
618 2044 76 43 the
728 2044 159 56 speech
921 2046 48 41 of
1005 2045 205 56 multiple
1243 2045 212 43 sclerosis.
1520 2046 89 42 Yet
1648 2046 22 42 I
1711 2046 146 41 would

193 2117 92 42 first
324 2121 114 38 state
479 2116 96 42 that
611 2130 63 29 we
708 2116 112 42 have
855 2130 56 28 no
944 2116 120 57 right
1103 2122 44 37 to
1180 2117 155 42 regard
1364 2117 291 42 Friedreich's
1688 2117 168 43 disease

193 2202 45 29 as
260 2203 25 28 a
307 2189 225 42 condition
558 2187 98 43 that
679 2202 152 29 causes
856 2188 59 43 its
946 2188 197 57 peculiar
1176 2188 160 56 speech
1370 2188 58 56 by
1453 2188 262 43 interfering
1748 2188 108 43 with

193 2275 265 28 conduction
484 2260 46 42 in
565 2260 75 43 the
673 2261 96 42 first
803 2261 174 56 trophic
1010 2261 136 43 realm
1183 2262 47 41 of
1261 2261 75 42 the
1374 2275 141 28 motor
1550 2266 306 38 speech-tract.

195 2333 286 43 Friedreich's
505 2333 169 43 disease
702 2333 37 44 is
769 2333 258 44 essentially
1060 2338 78 38 not
1170 2348 26 28 a
1228 2334 169 43 disease
1430 2334 46 42 of
1511 2334 73 43 the
1616 2334 140 43 brain,
1779 2335 80 42 but

196 2420 80 28 one
299 2407 46 41 of
365 2407 75 42 the
463 2405 146 57 spinal
633 2406 113 42 cord.
812 2406 109 43 Like
944 2406 124 43 tabes
1091 2406 200 43 dorsalis,
1314 2407 36 42 it
1372 2407 38 42 is
1433 2421 25 27 a
1481 2406 201 44 sclerosis
1706 2407 45 43 of
1784 2408 75 42 the

195 2478 212 55 posterior
442 2477 201 43 columns
681 2477 46 43 of
762 2477 74 43 the
873 2478 129 53 cord;
1034 2478 100 43 and,
1158 2478 46 42 in
1240 2478 60 43 its
1332 2477 179 57 general
1533 2484 261 51 symptoms,
1825 2480 35 42 it

195 2550 234 44 resembles
462 2551 206 43 ordinary
703 2551 122 43 tabes
859 2550 195 44 dorsalis.
1120 2551 91 42 But
1245 2551 36 42 it
1316 2550 149 44 differs
1502 2551 113 42 from
1651 2551 206 56 ordinary

196 2623 121 43 tabes
340 2623 46 42 in
414 2638 132 42 many
569 2623 276 57 particulars,
868 2637 120 30 some
1021 2623 48 44 of
1098 2623 76 43 the
1207 2623 351 57 distinguishing
1589 2623 193 44 features
1816 2626 48 40 of

197 2694 284 43 Friedreich's
505 2695 166 43 disease
696 2696 273 55 being—(1),
992 2696 115 42 That
1129 2696 36 42 it
1187 2696 38 42 is
1258 2711 107 41 very
1392 2696 230 56 markedly
1646 2709 24 30 a
1706 2697 152 55 family

198 2766 177 44 disease,
392 2768 86 42 and
501 2768 122 43 often
646 2769 151 42 affects
821 2769 199 42 brothers
1039 2769 87 42 and
1150 2769 150 43 sisters
1324 2769 48 41 in
1396 2768 75 43 the
1495 2782 119 29 same
1644 2768 218 56 family—

198 2853 80 29 one
301 2839 112 44 after
445 2840 185 43 another
662 2841 230 56 acquiring
925 2842 37 42 it
994 2856 47 28 as
1076 2841 106 57 they
1219 2855 120 43 grow
1376 2855 60 28 up
1473 2847 43 36 to
1554 2841 220 43 manhood
1814 2856 48 27 or

200 2912 460 54 womanhood;—and
692 2913 81 56 (2),
798 2914 108 52 that,
929 2914 91 43 like
1053 2921 206 49 multiple
1292 2913 214 44 sclerosis,
1540 2914 80 42 but
1659 2920 78 36 not
1768 2913 92 43 like

201 2984 134 52 tabes,
357 2985 37 42 it
415 2999 151 29 causes
590 2985 106 43 both
720 2990 260 54 nystagmus
1004 2987 86 43 and
1115 3001 25 27 a
1162 2986 197 57 peculiar
1381 2986 205 42 affection
1611 2986 47 42 of
1676 2985 169 43 speech.

427 3127 9 24 1
464 3126 135 51 Legons
616 3140 64 26 sur
698 3128 46 38 les
761 3128 178 38 maladies
956 3129 50 36 du
1024 3133 145 44 systeme
1186 3140 163 34 nerveux,
1370 3127 106 46 1875,
1495 3139 36 36 p.
1551 3128 82 35 236.
