2107 3450
341 291 209 39 APHASIA,
586 290 100 31 ETC.,
720 289 48 31 IN
802 288 221 32 RELATION
1057 287 55 32 TO
1145 288 288 32 FUNCTIONAL
1467 289 258 32 DISORDERS.
1777 279 87 45 397

207 427 96 29 case
325 413 45 43 of
403 413 88 42 this
525 412 109 42 kind
657 414 97 39 that
777 410 23 42 I
824 409 130 43 know
979 408 45 43 of
1054 408 38 43 is
1125 422 81 29 one
1241 413 97 38 that
1370 408 80 43 has
1483 409 110 42 been
1626 410 238 56 published

204 485 223 56 recently;
461 484 86 43 and
585 483 88 43 this
712 496 97 29 case
846 481 37 42 is
916 495 46 28 so
996 480 264 43 instructive
1294 480 97 42 that
1424 480 22 42 I
1480 494 71 28 am
1588 482 197 55 tempted
1821 487 44 38 to

207 558 138 42 insert
367 557 100 42 here
490 571 24 28 a
537 556 122 43 short
682 568 102 29 note
807 554 45 42 of
873 554 45 41 it.

268 702 119 43 Case
406 701 76 43 IV.
503 701 65 55 (P.
588 699 202 43 Ladame,
816 697 282 44 Centralblatt
1109 697 89 57 fur
1221 696 405 52 Nervenheilkunde,
1644 696 75 56 iii.,
1742 697 128 48 1892,

206 788 39 42 p.
270 773 116 42 241).
454 772 100 43 Case
585 771 52 57 of
659 770 203 43 Aphasia
884 775 105 37 with
1010 769 235 57 Agraphia
1266 769 82 42 due
1379 772 39 39 to
1450 768 417 43 Hysteria.—Mme.

204 846 59 42 F.,
286 845 74 43 the
395 845 99 41 wife
527 845 48 41 of
603 858 56 28 an
695 843 202 56 employe
932 857 56 28 on
1014 842 74 43 the
1111 842 206 56 railway;
1352 856 79 43 age
1453 845 79 38 not
1561 841 156 43 stated.
1782 840 86 43 She

205 917 86 43 had
315 917 219 56 formerly,
557 921 46 38 at
624 916 75 43 the
724 930 76 42 age
824 915 47 44 of
891 916 69 42 20,
983 914 189 44 suffered
1198 916 110 41 from
1331 913 238 58 hysterical
1598 914 181 43 mutism
1804 915 65 41 for

206 990 66 41 six
296 989 190 42 months.
550 989 70 42 On
643 988 75 42 the
742 988 79 42 9th
844 988 47 42 of
909 987 202 57 January
1137 988 130 42 1892,
1289 987 77 43 she
1390 1001 88 28 was
1511 987 190 56 brought
1734 991 44 38 to
1802 987 67 41 Dr

207 1061 189 43 Ladame
419 1062 59 54 by
496 1061 76 43 her
594 1060 218 44 husband,
829 1075 56 28 on
903 1064 187 40 account
1107 1060 47 43 of
1172 1074 25 28 a
1214 1059 162 43 second
1393 1059 150 43 attack
1562 1059 47 42 of
1629 1058 238 44 hysterical

207 1134 180 44 mutism
406 1150 8 37 ;
446 1134 86 42 and
557 1134 88 42 this
666 1133 153 43 attack
841 1147 141 29 seems
1004 1137 45 38 to
1072 1133 112 42 have
1207 1133 112 42 been
1343 1133 44 41 of
1409 1132 98 42 that
1530 1137 171 51 variety
1723 1131 142 43 which

208 1207 189 42 disables
431 1207 75 42 the
538 1207 91 42 oral
661 1206 278 43 articulative
971 1205 274 43 mechanism
1266 1205 92 56 (see
1386 1204 159 43 second
1571 1205 213 56 chapter),
1807 1219 59 39 as,

207 1278 167 43 though
396 1279 36 42 it
454 1279 37 43 is
514 1279 193 43 asserted
732 1283 96 37 that
850 1278 75 42 the
949 1278 170 55 patient
1155 1291 86 28 was
1264 1277 189 42 without
1476 1277 137 51 voice,
1635 1277 37 42 it
1703 1277 39 43 is
1775 1277 91 43 also

207 1351 143 42 stated
382 1352 99 41 that
513 1351 77 42 she
623 1351 128 42 could
774 1354 108 39 emit
903 1349 139 43 rough
1065 1349 165 42 sounds
1253 1349 91 42 like
1370 1350 102 50 han,
1495 1350 95 50 lion,
1612 1350 98 41 han.
1777 1349 87 43 She

207 1437 86 28 was
325 1423 124 55 quite
482 1423 256 56 speechless.
816 1422 86 42 She
939 1435 85 28 was
1058 1421 132 42 much
1224 1421 186 50 excited,
1443 1421 85 42 and
1559 1421 215 43 trembled
1806 1421 60 42 all

205 1507 103 29 over
330 1493 73 43 the
428 1493 126 57 body,
577 1494 75 42 the
675 1493 240 56 trembling
939 1494 129 41 being
1091 1497 117 37 most
1241 1491 181 43 marked
1444 1491 47 43 in
1521 1491 74 43 the
1618 1493 120 56 right
1761 1507 103 28 arm.

206 1564 94 42 Her
342 1564 173 42 writing
560 1579 88 27 was
692 1579 103 28 very
838 1564 244 42 tremulous
1126 1564 87 42 and
1256 1563 160 43 almost
1460 1564 158 55 totally
1662 1564 206 43 illegible.

206 1636 138 43 There
370 1651 86 28 was
479 1636 217 43 complete
719 1636 264 43 anaesthesia
1015 1636 47 42 of
1092 1636 74 42 the
1202 1636 138 43 whole
1365 1637 47 41 of
1440 1636 76 43 the
1549 1637 119 56 right
1698 1637 93 43 side
1824 1639 48 41 of

207 1709 73 43 the
313 1709 140 57 body;
490 1709 98 42 and,
622 1723 46 28 as
703 1709 36 42 is
773 1715 121 36 often
928 1708 75 43 the
1037 1722 97 29 case
1166 1707 47 43 in
1246 1708 208 57 hysteria,
1488 1709 74 42 the
1595 1711 273 55 pharyngeal

205 1781 132 43 reflex
364 1796 85 28 was
481 1786 169 38 absent.
715 1781 92 43 The
840 1781 149 43 attack
1023 1780 84 43 had
1142 1780 145 57 begun
1321 1781 232 56 suddenly,
1576 1781 123 44 three
1723 1783 145 43 weeks

207 1854 143 42 before
373 1854 77 42 she
477 1867 84 28 was
584 1867 115 28 seen,
722 1853 47 41 in
802 1866 302 29 consequence
1138 1852 47 42 of
1215 1866 25 27 a
1272 1851 136 57 fright
1441 1852 77 42 she
1552 1852 86 43 had
1668 1858 76 51 got
1764 1854 47 42 in
1844 1868 25 28 a

206 1925 158 43 dream.
429 1925 91 43 The
545 1925 136 56 fright
703 1925 85 42 had
817 1924 160 43 caused
999 1938 120 28 some
1142 1924 112 42 kind
1277 1924 47 42 of
1353 1924 62 52 fit,
1440 1925 108 41 with
1571 1926 301 54 convulsions,

206 1998 237 57 especially
466 1998 45 41 in
537 1998 74 42 the
633 1998 121 56 right
775 2012 107 28 arm,
904 1997 86 42 and
1017 1997 404 43 unconsciousness.
1486 1997 69 43 On
1591 2012 206 43 recovery
1825 1999 45 43 of

206 2071 340 43 consciousness,
570 2071 75 42 the
674 2071 174 56 patient
882 2085 88 28 was
1003 2070 140 42 found
1166 2075 46 37 to
1236 2070 52 42 be
1311 2069 47 43 in
1384 2069 74 43 the
1482 2070 225 43 condition
1731 2072 138 43 above

206 2144 236 43 described.

265 2215 46 43 It
331 2215 38 43 is
391 2215 261 43 interesting
675 2219 45 38 to
743 2215 93 42 find
861 2215 96 42 that
990 2215 45 41 in
1060 2214 88 43 this
1182 2228 97 29 case
1302 2214 76 43 the
1400 2215 183 42 mutism
1608 2230 88 28 was
1723 2217 145 52 cured,

205 2302 46 29 as
288 2289 36 41 it
361 2287 86 43 had
486 2287 110 43 been
634 2287 233 56 produced,
907 2288 58 42 by
1003 2302 25 28 a
1067 2287 147 57 fright.
1279 2287 105 43 This
1423 2287 161 43 second
1622 2288 137 57 fright
1792 2289 75 43 the

205 2360 170 55 patient
398 2361 290 42 experienced
711 2375 55 27 on
787 2361 74 42 the
884 2360 83 56 day
987 2366 114 38 after
1124 2361 76 42 she
1219 2361 86 42 had
1329 2361 229 43 consulted
1576 2362 67 42 Dr
1665 2362 202 44 Ladame.

206 2432 93 43 Her
321 2433 202 43 husband
547 2433 85 43 had
665 2433 86 43 had
774 2448 119 28 some
921 2434 165 42 friends
1112 2434 104 42 with
1252 2434 95 42 him
1380 2433 45 44 in
1459 2434 76 43 the
1558 2434 136 45 house
1718 2441 46 38 at
1793 2436 75 44 the

206 2504 118 54 time,
341 2505 86 43 and
446 2505 75 43 the
537 2506 184 56 patient,
739 2513 111 35 with
868 2505 78 44 her
965 2506 113 56 baby
1097 2507 44 42 of
1159 2506 98 42 four
1274 2506 191 52 months,
1484 2507 87 43 had
1589 2508 107 44 been
1717 2510 148 43 seated

205 2577 43 41 in
274 2577 73 44 the
370 2592 121 29 room
522 2583 110 38 with
654 2578 76 44 the
753 2593 229 42 company.
1049 2578 95 44 One
1167 2579 48 43 of
1234 2578 76 44 the
1332 2579 180 53 friends,
1535 2579 256 59 happening
1822 2587 45 38 to

204 2649 126 44 reach
353 2665 59 41 up
435 2654 45 39 to
503 2665 25 28 a
551 2651 117 43 shelf
687 2651 67 43 for
776 2666 25 28 a
822 2651 129 57 glass,
972 2651 193 43 brought
1185 2651 131 43 down
1339 2652 75 43 the
1437 2652 127 44 shelf,
1587 2653 87 43 and
1700 2668 25 29 a
1747 2659 122 52 great

202 2735 133 44 many
370 2723 161 43 bottles
566 2723 87 43 and
686 2724 166 56 glasses
887 2724 100 42 that
1023 2723 87 44 had
1145 2724 127 44 stood
1304 2739 120 43 upon
1457 2725 49 43 it,
1540 2726 106 42 with
1685 2741 25 28 a
1746 2732 124 52 great

205 2794 134 43 crash.
403 2795 92 44 The
533 2796 174 56 patient
744 2811 89 29 was
871 2796 66 44 for
970 2796 76 44 the
1085 2802 198 38 moment
1314 2797 135 43 much
1484 2798 263 57 frightened,
1780 2800 86 42 and

204 2867 110 43 tried
337 2873 45 38 to
404 2882 76 43 cry
503 2873 89 47 out,
610 2869 81 43 but
713 2869 130 43 could
866 2870 109 43 emit
997 2870 105 57 only
1120 2870 283 43 inarticulate
1427 2871 176 52 sounds,
1626 2879 242 36 somewhat

202 2938 90 45 like
324 2955 92 38 can,
438 2956 90 29 can.
593 2941 99 52 She,
714 2942 217 52 however,
953 2943 234 56 composed
1210 2942 175 44 herself,
1409 2943 87 43 and
1520 2958 88 29 was
1638 2945 228 56 presently

204 3011 95 44 able
323 3018 44 37 to
390 3013 60 43 sit
471 3013 185 57 quietly,
679 3014 212 44 listening
924 3019 44 38 to
1002 3015 75 43 the
1111 3015 319 43 conversation,
1453 3015 88 43 and
1570 3021 47 37 at
1642 3017 76 42 the
1747 3030 119 30 same

204 3082 106 45 time
332 3086 221 56 caressing
578 3086 78 43 her
679 3087 127 56 baby.
868 3087 154 42 About
1041 3092 72 38 ten
1134 3087 194 43 minutes
1346 3087 113 43 after
1478 3087 74 43 the
1572 3088 147 57 fright,
1738 3089 127 42 when

201 3153 75 44 she
300 3169 86 29 was
409 3155 181 58 looking
612 3157 155 43 fondly
790 3161 46 39 at
870 3157 78 44 her
986 3158 129 57 baby,
1138 3157 78 44 she
1251 3158 219 56 suddenly
1494 3156 135 46 heard
1660 3158 76 44 her
1768 3173 97 29 own
