1895 3217
728 275 91 32 THE
843 277 151 32 BLACK
1019 277 171 35 ORANO.

276 257 60 48 62

275 400 134 47 itself.
478 401 45 46 It
548 417 93 30 was
666 402 142 46 afraid
831 403 50 46 of
895 404 224 46 fire-arms
1138 422 15 37 ;
1179 421 104 38 and^
1311 422 54 30 on
1390 414 78 40 the
1486 410 161 57 whole,

277 479 222 61 appeared
522 495 27 30 a
571 480 134 45 timid
729 482 183 44 animal.

387 557 45 45 It
446 557 122 46 lived
584 556 113 47 with
716 558 195 46 Captain
930 559 157 61 Payne
1112 575 242 31 seventeen
1371 564 163 54 weeks,
1555 571 92 40 two

273 634 52 47 of
352 635 149 46 which
533 651 116 30 were
679 642 129 39 spent
831 636 48 45 in
904 636 117 47 Cork
1045 638 91 45 and
1161 638 248 62 Liverpool.
1478 641 67 46 At
1568 644 78 44 the

270 712 162 47 former
464 713 126 61 place
618 713 37 47 it
683 729 95 30 was
812 713 233 47 exhibited
1076 713 65 47 for
1179 715 79 46 the
1289 716 168 47 benefit
1489 718 50 46 of
1567 721 78 44 the

271 806 109 46 soup
402 791 186 45 kitchen
611 791 65 46 for
698 807 28 30 a
752 789 89 47 few
864 792 128 61 days,
1024 793 84 44 but
1136 808 143 31 seems
1310 801 47 39 to
1388 795 117 47 have
1534 798 112 45 been

268 874 127 40 there
417 868 245 46 neglected.
730 868 73 46 On
818 868 175 62 coming
1010 875 46 39 to
1076 869 249 62 Liverpool,
1351 872 37 45 it
1411 873 235 46 languish-

268 946 58 46 ed
349 961 27 30 a
398 945 88 46 few
509 946 129 61 days,
662 946 194 45 moaned
885 945 199 62 heavily,
1110 963 95 30 was
1237 949 235 60 oppressed
1506 949 47 47 in
1584 951 60 46 its

269 1023 253 62 breathing,
556 1024 91 45 and
678 1023 104 45 died
811 1022 115 45 with
961 1024 259 46 convulsive
1254 1031 194 41 motions
1483 1026 51 47 of
1564 1028 80 47 the

267 1099 151 48 limbs.

381 1179 156 47 When
556 1185 118 39 erect
692 1179 91 45 this
799 1177 171 47 animal
985 1178 37 46 is
1041 1180 137 45 about
1193 1180 146 61 thirty
1355 1180 152 47 inches
1521 1182 122 62 high.

271 1258 99 46 The
394 1258 103 45 skin
520 1272 187 47 appears
731 1255 51 48 of
808 1272 27 30 a
865 1256 405 62 yellowish-white
1301 1272 161 40 colour,
1492 1260 90 45 and
1606 1260 37 45 is

266 1335 156 62 thinly
445 1334 185 47 covered
654 1333 114 47 with
791 1334 105 61 long
917 1334 132 45 black
1071 1334 100 45 hair
1194 1350 54 30 on
1273 1335 79 45 the
1375 1334 151 57 fi’ont;
1561 1339 81 44 but

266 1413 38 46 it
327 1412 38 47 is
389 1412 308 62 considerably
715 1427 122 30 more
855 1412 132 60 hairy
1005 1411 182 46 behind.
1258 1412 97 46 The
1373 1412 100 47 hair
1488 1430 56 29 on
1563 1415 79 45 the

265 1491 120 47 head
406 1490 38 46 is
472 1490 152 46 rather
655 1490 118 53 thin,
807 1489 91 45 and
929 1489 37 45 is
997 1489 198 45 thickest
1222 1504 56 31 on
1309 1490 79 45 the
1416 1490 224 57 forehead,

266 1584 150 30 where
446 1568 38 46 it
508 1567 173 47 divides
717 1567 138 45 about
878 1581 59 31 an
960 1566 105 46 inch
1088 1567 142 45 above
1252 1574 79 38 the
1355 1569 164 45 orbiter
1540 1586 102 45 pro-

265 1662 93 30 cess
383 1645 50 47 of
454 1645 80 46 the
564 1643 166 48 frontal
760 1645 128 53 bone,
925 1659 106 39 and,
1066 1659 197 46 running
1294 1661 27 29 a
1351 1645 120 46 little
1502 1647 139 45 back-

266 1739 161 39 wards,
452 1722 102 46 falls
577 1722 134 46 down
732 1722 147 45 before
900 1727 80 40 the
1004 1736 111 40 ears,
1140 1720 191 62 forming
1347 1722 217 47 whiskers
1583 1740 56 30 on

264 1808 80 39 the
362 1816 175 31 cheeks.
606 1799 123 46 Here
746 1799 79 45 the
842 1798 102 46 hair
959 1813 228 31 measures
1201 1799 159 61 nearly
1375 1805 92 40 two
1486 1798 154 50 inches

264 1880 134 61 long;
423 1879 85 46 but
531 1877 104 46 that
658 1892 58 31 on
737 1883 80 39 the
847 1875 175 47 occiput
1048 1875 39 46 is
1110 1882 81 40 not
1218 1892 140 30 above
1383 1892 59 30 an
1465 1877 105 46 inch
1593 1879 48 45 in

264 1956 173 46 length.
507 1956 146 45 There
676 1969 75 31 are
774 1969 27 31 a
823 1952 89 48 few
935 1953 100 46 stiff
1050 1954 133 45 black
1205 1954 120 46 hairs
1350 1970 56 30 on
1430 1962 78 38 the
1533 1971 107 31 eye-

243 2036 186 52 'brows,
454 2034 91 45 and
560 2048 28 30 a
605 2038 160 56 scanty
785 2031 198 47 eyelash.
1051 2031 44 47 A
1115 2031 89 46 few
1222 2031 187 46 whitish
1428 2033 120 46 hairs
1568 2049 73 31 are

266 2110 223 46 scattered
512 2125 56 30 on
591 2109 79 45 the
692 2110 103 60 lips,
815 2107 242 63 especially
1076 2124 57 30 on
1150 2116 79 38 the
1247 2124 144 30 under
1409 2125 94 30 one.
1544 2111 97 46 The

265 2194 91 40 rest
379 2186 51 47 of
443 2187 79 45 the
545 2185 95 47 face
662 2185 37 45 is
717 2186 165 53 naked,
899 2186 90 45 and
1003 2185 82 45 has
1103 2184 187 46 whitish
1309 2185 90 47 and
1418 2187 222 46 wrinkled

265 2265 117 47 skin.
452 2263 146 46 There
619 2262 39 46 is
686 2277 196 46 scarcely
905 2277 93 45 any
1024 2261 101 46 hair
1155 2277 54 31 on
1241 2269 79 38 the
1353 2263 147 55 neck;
1537 2265 100 53 but,

265 2340 308 62 commencing
595 2345 48 41 at
665 2346 80 39 the
767 2354 131 46 nape,
923 2338 37 46 it
983 2340 202 44 becomes
1214 2340 250 46 somewhat
1487 2342 152 61 bushy

267 2435 57 32 on
357 2419 81 47 the
464 2418 128 47 back.
668 2417 99 46 The
797 2416 221 46 abdomen
1045 2416 39 46 is
1114 2431 158 47 nearly
1305 2417 164 47 naked.
1541 2421 98 46 The

263 2498 103 46 hair
389 2513 55 31 on
467 2496 79 46 the
573 2494 114 48 back
718 2492 50 49 of
794 2494 79 46 the
906 2494 132 55 head,
1075 2493 89 47 and
1194 2501 79 39 the
1304 2494 147 48 whole
1482 2498 156 53 trunk,

1198 3189 30 28 A
