1478 2662
55 135 26 40 6

500 129 62 38 Dr
583 124 272 42 Abercrombie
871 137 47 26 on
937 124 57 39 the

68 238 62 41 led
145 246 39 31 to
203 236 97 40 form
315 238 40 38 in
374 234 138 40 regard
531 242 39 30 to
590 241 64 30 the
671 241 135 30 nature
824 230 43 40 of
890 230 64 39 the
971 228 182 39 insidious
1172 225 74 39 and
1265 225 158 53 danger-

66 308 70 25 ous
155 293 143 38 disease
316 290 122 37 which
460 288 17 38 I
498 301 110 24 mean
628 295 39 29 to
686 286 176 38 describe.
919 285 39 36 It
976 282 127 38 differs
1122 294 41 24 so
1188 279 233 51 remarkably

68 348 99 38 from
188 346 64 38 the
270 344 143 38 disease
432 341 122 37 which
589 341 29 36 is
644 340 140 51 usually
802 336 195 41 described
1017 333 120 39 under
1154 341 64 29 the
1244 345 110 24 name
1386 331 44 38 of

72 400 201 42 Enteritis,
295 411 39 24 as
354 395 89 51 fully
464 404 39 28 to
524 395 109 37 merit
652 407 21 23 a
691 393 152 38 distinct
862 387 277 51 investigation.

126 453 88 38 The
232 451 144 38 disease
393 449 134 37 begins
546 447 88 38 with
654 447 87 50 pain
763 447 37 36 in
828 457 103 24 some
950 449 85 43 part
1066 439 45 37 of
1131 448 64 29 the
1223 437 204 46 abdomen,

70 507 162 51 varying
250 517 90 38 very
360 502 112 38 much
494 502 36 36 in
560 501 48 37 its
636 509 90 34 seat,
755 499 46 36 its
820 497 151 50 degree,
990 493 73 38 and
1084 493 45 37 its
1148 491 151 53 general
1323 503 109 25 char-

72 573 132 26 acters.
260 558 39 37 It
326 557 30 36 is
389 563 211 30 sometimes
628 553 126 43 nearly
774 548 154 54 general
946 560 88 24 over
1053 554 64 29 the
1136 547 200 42 abdomen,
1355 542 76 38 and

76 621 216 31 sometimes
311 608 176 40 confined
507 617 38 29 to
565 621 21 23 a
604 606 203 51 particular
834 615 97 38 part,
953 614 39 24 as
1011 613 74 25 one
1103 599 79 36 side
1207 597 44 37 of
1275 605 65 29 the
1367 596 65 37 ab-

74 668 155 41 domen,
250 678 44 24 or
312 676 89 38 very
422 662 204 50 frequently
648 668 39 29 to
707 658 63 38 the
793 657 112 37 lower
924 660 100 45 part,
1044 650 252 50 immediately
1316 661 117 25 above

76 730 66 29 the
161 719 122 50 pubis.
338 717 40 37 It
396 716 30 38 is
445 714 189 38 increased
656 713 47 50 by
720 722 186 39 pressure,
926 706 91 46 and,
1038 706 38 36 in
1096 717 104 25 some
1217 716 114 31 cases,
1351 702 29 36 it
1406 701 29 37 is

75 774 97 39 little
199 769 239 41 complained
459 768 51 46 of,
531 773 134 32 except
691 765 107 36 when
818 774 176 38 pressure
1011 759 32 37 is
1062 757 165 51 applied,
1248 756 114 50 being
1381 767 60 24 ra-

79 837 86 35 ther
185 834 107 29 acute
311 823 218 38 tenderness
546 828 93 30 than
659 816 124 40 actual
802 828 100 38 pain.
957 813 44 37 In
1021 820 109 30 other
1148 823 102 25 cases
1277 808 105 38 there
1406 806 32 37 is

78 889 111 30 acute
216 878 104 51 pain,
341 875 123 38 which
496 887 126 25 comes
644 885 52 23 on
729 872 38 36 in
794 880 237 40 paroxysms,
1059 877 89 37 very
1168 863 138 37 violent
1332 858 108 38 while

76 935 32 40 it
134 941 214 36 continues,
377 943 41 24 so
447 942 39 24 as
513 925 182 53 probably
715 931 40 30 to
782 921 176 39 occasion
984 917 226 50 screaming,
1230 916 68 36 but
1324 925 119 39 going

79 986 61 40 off
160 982 225 53 completely
405 982 94 38 after
531 995 22 22 a
584 979 106 37 short
719 976 105 44 time,
854 974 147 49 leaving
1028 970 87 50 only
1135 969 65 40 the
1226 966 217 40 tenderness

80 1054 52 25 on
162 1051 187 39 pressure,
384 1034 122 38 which
537 1033 30 38 is
595 1030 214 39 sometimes
840 1027 39 37 in
910 1025 92 38 such
1035 1038 21 24 a
1088 1023 139 37 degree
1262 1020 81 38 that
1381 1018 64 38 the

82 1094 143 38 weight
243 1091 45 38 of
300 1091 64 37 the
382 1087 237 39 bed-clothes
638 1084 102 52 gives
767 1093 227 26 uneasiness.
1049 1075 89 46 Yet,
1159 1071 287 41 notwithstandf

82 1148 69 49 ing
170 1146 74 38 this
263 1143 233 43 tenderness,
517 1147 64 30 the
599 1137 146 51 patient
762 1147 86 36 may
867 1133 59 45 be,
945 1131 141 50 during
1103 1125 256 41 considerable
1387 1123 58 43 irt-?

84 1199 151 46 tervals,
257 1198 76 37 free
352 1196 98 37 from
470 1206 75 37 any
564 1200 109 29 acute
691 1188 89 51 pain
800 1199 108 25 when
929 1184 47 37 he
995 1184 63 36 lies
1076 1179 179 53 perfectly
1267 1178 88 46 still,
1378 1178 68 40 but

81 1254 33 38 it
132 1254 31 37 is
182 1250 149 40 excited
350 1250 49 50 by
419 1247 151 37 various
588 1252 204 34 exertions,
814 1253 39 24 as
881 1237 209 51 coughing,
1110 1233 190 51 sneering,
1320 1244 22 27 a
1379 1231 69 41 fuU

82 1307 242 48 inspiration,
345 1301 78 40 and
440 1300 50 51 by
507 1312 73 38 any
599 1305 145 31 motion
764 1293 44 39 of
821 1292 64 38 the
904 1292 111 49 body.
1218 1338 9 9 ^
1383 1335 9 9 ^

137 1359 224 48 According
388 1364 41 29 to
456 1362 66 30 the
553 1359 79 31 seat
651 1349 42 39 of
721 1347 64 39 the
804 1346 157 44 disease,
991 1354 149 26 various
1166 1341 282 46 neighbouring

87 1427 141 26 organs
248 1425 64 24 are
332 1407 172 41 affected.
560 1405 135 38 When
714 1402 29 37 it
763 1401 30 37 is
812 1401 38 36 in
871 1398 64 38 the
963 1397 112 37 lower
1093 1402 86 42 part
1197 1391 43 38 of
1252 1400 63 28 the
1333 1390 116 36 abdor

84 1482 105 31 men,
211 1466 30 38 it
267 1465 31 37 is
326 1460 192 54 generally
538 1454 271 43 accompanied
828 1453 48 49 by
896 1450 172 51 frequent
1094 1459 143 39 painful
1264 1444 120 39 desire
1411 1449 40 29 to

86 1536 88 31 pass
208 1519 123 44 urine,
360 1515 77 39 and
467 1527 48 25 an
547 1521 109 29 acute
688 1509 90 52 pain
811 1504 207 50 extending
1051 1501 112 49 along
1193 1507 64 29 the
1286 1498 164 35 urethra.

90 1576 227 37 Sometimes
337 1579 65 29 the
420 1573 185 33 secretion
625 1563 45 39 of
683 1575 107 26 urine
808 1560 31 37 is
858 1556 144 54 greatly
1021 1551 242 44 diminished,
1280 1562 43 24 or
1342 1560 112 26 near-

86 1629 38 44 ly
144 1624 226 42 suspended-
426 1622 132 38 There
590 1631 86 38 may
709 1616 47 37 be
788 1612 115 51 along
934 1609 89 38 with
1053 1607 74 38 this
1158 1604 90 39 such
1280 1604 172 35 frequent

89 1684 124 42 desire
233 1689 39 28 to
291 1691 85 37 pass
396 1676 29 38 it
457 1689 39 27 as
522 1673 104 37 leads
645 1680 40 28 to
705 1678 64 30 the
787 1663 190 41 suspicion
997 1662 44 38 of
1062 1671 201 30 retention,
1291 1656 68 36 but
1385 1656 64 35 the

89 1741 172 33 catheter
286 1732 117 48 being
422 1725 199 53 employed
649 1725 40 36 in
721 1720 92 40 such
845 1731 116 32 cases,
994 1714 65 40 the
1090 1711 157 39 bladder
1276 1721 30 24 is
1332 1711 120 35 found

92 1800 142 32 empty.
287 1785 135 37 When
442 1782 64 37 the
525 1779 142 38 disease
684 1777 31 37 is
733 1775 40 37 in
793 1781 63 30 the
875 1782 121 39 upper
1013 1774 86 45 part
1116 1765 44 38 of
1171 1773 64 28 the
1253 1765 199 39 abdomen,

93 1840 109 40 there
221 1840 31 36 is
270 1838 212 49 frequently
511 1841 198 42 vomiting,
730 1827 76 40 and
833 1832 213 31 sometimes
1073 1833 22 25 a
1121 1816 165 53 peculiar
1304 1825 121 26 convu

96 1895 78 39 sive
202 1898 212 32 eructation
442 1901 44 25 or
517 1885 178 51 belching
722 1882 46 38 of
785 1878 115 46 wind,
929 1874 124 40 which
1081 1879 194 31 continues
1300 1869 156 35 without

95 1945 258 43 intermission
374 1942 58 37 for
451 1956 20 22 a
491 1936 261 42 considerable
769 1934 99 38 time-
925 1929 79 37 But
1020 1926 185 48 vomiting
1222 1935 30 24 is
1272 1927 66 31 not
1358 1932 20 25 a
1396 1930 60 25 re-

96 2002 110 41 eular
226 2005 204 38 symptom,
450 1994 77 37 and
547 2005 118 25 seems
684 1989 87 51 only
791 1995 40 30 to
849 1996 114 27 occur
981 1981 109 37 when
1110 1978 64 38 the
1193 1978 141 35 disease
1361 1984 29 24 is
1416 1981 42 25 m

96 2038 67 59 The
183 2066 120 34 upper
321 2057 86 43 part
424 2046 45 39 of
481 2055 64 29 the
564 2045 119 38 canal.
741 2044 222 36 Sometimes
979 2048 53 24 we
1052 2045 157 26 observe
1228 2028 134 57 hmcup
1381 2025 74 36 and

96 2109 117 54 quick
231 2120 105 25 short
365 2099 214 51 breathing,
607 2092 184 56 probably
819 2087 208 44 connected

97 2166 66 38 the
182 2159 239 45 diaphragm.
475 2153 88 37 The
582 2152 88 49 pain
690 2156 213 32 sometimes
930 2138 182 51 suddenly

99 2175 171 81 asfrom^
286 2222 65 29 the
378 2209 133 38 region
539 2205 44 37 of
609 2214 63 28 the
701 2199 169 41 stomach
897 2206 38 29 to
963 2194 83 39 that
1073 2191 44 42 pf
1139 2189 63 39 the
1418 2190 43 74 ^

97 2272 100 36 from
217 2281 73 26 one
309 2266 79 38 side
407 2262 45 39 of
477 2268 64 30 the
568 2257 190 38 abdomen
785 2262 40 30 to
856 2260 64 29 the
949 2247 120 40 other.
1127 2242 46 39 In
1191 2252 102 26 some
1308 2244 68 30 oft

100 2337 103 25 cases
231 2323 29 37 it
287 2321 120 38 leaves
435 2315 46 38 its
508 2312 141 38 former
676 2317 91 37 seat,
796 2308 40 37 in
864 2304 140 44 others,
1033 2297 92 40 both
1149 2306 178 28 continue
1369 2301 22 24 o

156 2428 88 38 The
271 2440 105 38 pulse
386 2385 48 77 Ts
460 2416 212 56 frequently
691 2415 93 38 little
811 2409 172 44 affected,

104 2498 133 23 staffes.
271 2446 11 32 ^
296 2481 38 36 It
367 2491 85 30 may
482 2476 45 37 be
559 2471 96 38 from
687 2472 49 34 80
766 2476 39 28 to
839 2467 64 41 90,
936 2475 43 25 or
1009 2465 64 39 96,
1104 2458 66 36 but
1196 2466 30 24 i^s
1251 2457 167 30 sometim

107 2496 164 89 scarcely
289 2532 120 38 above
428 2541 64 28 the
519 2522 150 45 natural
687 2517 191 43 standard.
936 2515 86 38 The
1049 2523 94 26 state

105 2591 123 48 varies
245 2584 288 47 considerably;
566 2579 69 42 but
653 2590 22 26 a
693 2574 153 56 leading
861 2567 220 57 peculiarity
1099 2561 45 41 of
