2113 3404
843 201 87 32 THE
962 203 243 33 DISORDERS
1237 207 53 31 OF
1322 208 174 32 SPEKCH.

347 183 83 40 326

404 314 438 47 Labio-Dentals.—F
856 321 220 56 generally
1097 324 126 54 given
1248 339 44 28 as
1317 326 42 41 P.
1433 328 42 40 V
1489 329 218 53 generally
1731 345 45 28 as
1799 332 42 41 F.

403 383 430 55 Linguo-Dentals.—
843 389 80 42 Tkl
947 404 44 28 as
1025 390 33 45 F
1090 407 45 27 or
1164 394 54 42 H.
1286 395 85 41 T/i2
1397 410 45 27 as
1464 397 53 51 N,
1541 398 53 51 D,
1616 398 52 42 V,
1689 412 48 28 or
1758 399 43 44 P.
1863 400 35 42 S
1913 415 45 28 as

344 453 44 41 F.
452 455 40 41 Z
507 469 46 28 as
576 456 44 42 F.

403 525 207 43 Anterior
639 529 514 55 Lwcjuo-Pctlatcds.—Sh
1183 548 45 28 as
1260 535 44 41 F.
1375 536 35 40 T
1436 542 168 37 correct.
1667 539 43 41 D
1740 553 45 27 as
1816 540 42 40 T.
1921 542 46 40 N

344 600 169 36 correct.
576 597 36 40 L
649 598 247 43 sometimes
929 611 171 42 correct,
1133 603 78 41 but
1242 605 244 41 sometimes
1520 620 45 27 as
1601 605 38 45 D
1677 621 46 28 or
1755 608 33 42 T
1824 623 47 27 or
1906 609 52 42 K

343 664 41 41 R
405 665 286 56 occasionally
716 673 174 47 correct,
914 670 76 41 but
1012 673 218 53 generally
1255 687 45 28 as
1323 674 54 51 N,
1399 675 44 49 T,
1467 674 52 52 D,
1542 689 47 28 or
1609 677 98 41 WIi.

399 736 211 42 Posterior
631 737 507 55 Linguo-Palatals.—K
1151 744 246 42 sometimes
1419 750 173 38 correct,
1614 747 80 41 but
1714 748 245 42 sometimes

341 820 47 28 as
410 807 43 41 T.
519 807 36 41 G
585 807 162 56 always
779 823 45 28 as
857 810 53 41 K.
974 811 174 55 Ng—as
1179 813 46 41 in
1254 814 155 54 aing—
1414 817 244 42 sometimes
1680 832 45 27 as
1748 818 54 50 N,
1823 831 136 29 some-

342 878 127 41 times
490 891 46 28 as
560 877 39 43 S.
664 879 52 40 H
741 880 246 42 sometimes
1009 887 172 47 correct,
1204 884 245 43 sometimes
1471 900 45 28 as
1537 887 50 41 Y.
1657 888 45 40 Y
1714 888 244 42 sometimes

343 954 175 44 correct,
540 949 247 42 sometimes
809 964 45 27 as
876 951 98 41 Wh.

402 1019 44 41 It
467 1019 155 41 should
645 1019 51 41 be
730 1021 128 41 noted
883 1021 95 42 that
999 1022 45 40 in
1067 1023 159 54 testing
1248 1024 73 41 the
1353 1024 200 54 patient's
1576 1039 142 41 power
1740 1027 45 40 of
1803 1028 155 40 articu-

342 1089 138 55 lating
503 1090 121 42 those
646 1090 173 42 various
841 1091 320 53 letter-sounds,
1185 1093 153 55 simple
1360 1094 202 54 syllables
1587 1110 106 27 were
1718 1097 114 41 used,
1855 1098 101 40 such

342 1176 45 26 as
411 1160 40 42 in
480 1162 116 53 Papa
618 1160 64 42 for
703 1161 50 56 P,
776 1162 46 40 in
843 1162 149 41 Mama
1014 1163 64 41 for
1099 1164 62 50 M,
1184 1168 76 37 etc.

404 1232 51 40 In
479 1231 193 56 singular
694 1238 189 36 contrast
919 1233 101 42 with
1045 1233 71 42 the
1139 1234 201 54 patient's
1364 1235 211 55 difficulty
1599 1238 45 39 of
1673 1237 286 52 articulation,

343 1316 87 28 was
452 1302 68 42 his
536 1304 289 54 comparative
849 1303 168 43 facility
1041 1304 43 41 of
1106 1305 251 54 expressing
1380 1305 175 42 himself
1574 1307 44 40 in
1637 1307 181 56 writing.
1869 1309 89 41 The

341 1373 117 55 right
479 1373 116 42 hand
617 1374 129 55 being
769 1374 237 55 paralysed,
1031 1375 53 41 he
1109 1375 102 41 used
1235 1375 66 42 his
1323 1375 89 43 left.
1475 1377 119 41 Even
1618 1377 41 41 in
1686 1378 66 41 his
1776 1384 181 46 writing,

343 1444 207 50 however,
573 1444 181 42 distinct
775 1445 305 41 deterioration
1105 1459 84 28 was
1215 1446 257 42 observable.
1534 1447 82 41 We
1640 1462 107 27 were
1779 1449 178 41 allowed

341 1519 45 38 to
407 1515 169 42 inspect
599 1515 164 41 several
784 1516 46 40 of
850 1516 72 41 the
947 1515 146 42 letters
1115 1515 95 42 that
1232 1517 54 41 he
1306 1516 85 42 had
1414 1521 95 37 sent
1529 1517 126 42 home
1674 1522 42 37 to
1734 1518 66 41 his
1819 1518 139 42 father

343 1584 110 41 from
474 1583 203 42 America
698 1585 143 40 before
864 1584 67 40 his
954 1583 149 42 illness
1121 1600 9 36 ;
1159 1584 85 41 and
1268 1585 43 39 in
1328 1584 128 50 them,
1474 1584 205 56 although
1699 1585 53 42 he
1771 1586 145 41 makes
1934 1600 25 27 a

345 1655 268 55 misspelling
635 1669 95 27 now
757 1655 84 40 and
875 1654 115 42 then,
1013 1654 84 41 and
1129 1654 145 42 writes
1306 1654 73 42 the
1411 1654 93 42 first
1535 1655 194 53 personal
1762 1670 192 40 pronoun

342 1724 104 42 with
465 1739 23 26 a
503 1724 123 42 small
644 1725 24 47 i,
683 1724 52 42 he
754 1738 220 28 expresses
991 1724 177 41 himself
1181 1724 101 41 with
1299 1724 268 54 exceptional
1584 1724 273 54 intelligence
1874 1725 84 41 and

339 1798 47 40 in
405 1796 233 42 creditable
656 1795 191 42 English.
902 1794 94 42 The
1014 1795 306 41 deterioration
1339 1809 85 27 was
1442 1795 147 41 shown
1610 1800 110 35 most
1736 1795 220 53 markedly

340 1869 46 41 in
409 1868 75 42 the
507 1868 169 41 written
701 1870 183 38 account
906 1866 44 41 of
971 1865 178 42 himself
1168 1865 153 41 which,
1339 1869 43 37 at
1404 1879 73 41 my
1499 1869 184 50 request,
1705 1865 53 41 he
1780 1879 105 40 gave
1907 1878 51 28 us

340 1954 26 28 a
397 1939 82 43 few
515 1939 106 41 days
659 1942 109 36 after
801 1936 245 42 admission.
1110 1935 54 43 In
1199 1936 87 41 this
1323 1940 193 37 account,
1538 1935 118 41 there
1690 1949 82 36 are,
1794 1935 164 41 besides

342 2009 304 56 misspellings,
668 2009 202 40 frequent
902 2007 226 41 omissions
1156 2007 45 40 of
1230 2005 150 42 words,
1404 2005 84 41 and
1510 2019 116 27 some
1658 2005 228 41 insertions
1918 2006 45 40 of

340 2081 269 43 superfluous
633 2079 148 41 words.
844 2078 70 41 He
937 2077 148 41 begins
1108 2077 74 41 the
1208 2081 181 37 account
1411 2089 45 28 as
1479 2075 248 42 follows:—

401 2151 211 42 "Patrick
635 2151 181 41 Keaney
840 2149 36 40 is
900 2162 85 27 was
1007 2148 44 40 in
1085 2147 105 41 born
1221 2147 42 40 in
1298 2147 72 41 the
1404 2152 87 48 city
1515 2146 133 54 Stirly
1672 2145 217 54 [Stirling]
1913 2145 41 40 in

340 2223 73 41 the
436 2236 101 40 year
562 2220 111 42 1867
697 2220 15 40 i
735 2219 170 41 worked
939 2222 44 37 at
1009 2231 154 27 varous
1195 2217 128 41 kinds
1351 2216 95 54 jobs
1478 2215 259 55 principally
1771 2214 140 41 woods
1944 2215 12 39 i

341 2293 125 42 made
487 2306 74 27 my
586 2291 119 41 mind
729 2296 43 35 to
793 2304 51 40 go
878 2293 42 36 to
943 2288 201 41 America
1166 2287 13 41 i
1202 2287 132 41 sailed
1363 2287 44 40 in
1431 2285 273 42 Ancor-liner
1724 2285 170 54 Ethopa
1915 2289 43 36 to

342 2376 286 44 youngstown
653 2360 124 41 when
800 2360 14 40 i
836 2363 117 37 went
974 2362 44 37 to
1043 2357 116 41 work
1182 2357 44 41 in
1251 2356 72 42 the
1345 2356 156 54 rolling
1524 2355 114 41 mills
1664 2355 103 40 then
1799 2354 14 40 i
1845 2359 115 36 went

342 2433 226 42 Pittsburg
591 2430 141 42 where
754 2434 72 50 got
849 2428 118 41 work
990 2441 45 28 as
1058 2441 24 27 a
1105 2428 174 40 fireman
1303 2430 41 36 to
1368 2439 24 27 a
1413 2423 190 55 engine,"
1625 2428 76 37 etc.

401 2503 176 41 Patient
599 2499 127 43 could
748 2498 100 42 read
871 2512 23 27 a
916 2497 111 41 book
1060 2496 188 54 silently,
1269 2495 162 54 though
1466 2494 156 41 unable
1644 2498 43 36 to
1714 2507 243 40 pronounce

340 2575 74 41 the
448 2586 160 27 words;
640 2571 79 40 but
749 2569 46 42 in
833 2568 130 41 doing
999 2581 45 27 so
1087 2567 52 40 he
1182 2565 133 42 easily
1347 2565 172 41 became
1554 2563 202 55 fatigued,
1792 2564 166 55 getting

343 2643 216 43 headache
582 2641 85 42 and
699 2654 24 27 a
755 2639 159 42 feeling
936 2638 45 41 of
1000 2636 226 42 confusion
1257 2636 45 40 in
1335 2635 67 41 his
1434 2634 117 41 head.
1614 2633 70 42 He
1715 2633 89 42 also
1826 2634 132 54 easily

341 2716 139 40 forgot
502 2715 117 38 what
640 2710 53 40 he
716 2708 84 42 had
818 2708 94 54 just
933 2707 109 41 read.

404 2784 94 42 One
521 2782 46 42 of
584 2780 74 42 the
681 2778 113 44 chief
816 2782 145 50 points
985 2776 45 41 of
1048 2776 182 41 interest
1251 2775 40 40 in
1312 2773 74 42 the
1405 2787 93 29 case
1520 2787 86 28 was
1629 2773 72 42 the
1723 2773 236 55 singularly

341 2854 123 57 rapid
481 2864 197 45 progress
693 2849 72 42 the
781 2852 165 51 patient
966 2846 132 41 made,
1113 2845 135 41 under
1267 2844 171 50 tuition,
1451 2843 44 41 in
1515 2843 71 42 the
1602 2848 357 50 re-acquirement

343 2929 45 40 of
415 2923 226 45 articulate
678 2919 166 43 speech.
907 2918 20 41 I
969 2916 126 42 think
1133 2929 55 26 no
1225 2929 94 27 case
1354 2913 124 42 could
1512 2914 107 41 have
1655 2927 115 28 more
1801 2912 157 55 clearly

343 2993 321 46 demonstrated
690 2991 71 42 the
787 2989 147 41 utility
958 2988 43 40 of
1022 2986 74 41 the
1119 2984 313 56 Physiological
1463 2983 216 54 Alphabet
1702 2997 44 27 as
1768 2997 23 27 a
1813 2996 146 28 means
