2149 3654
290 271 309 35 STAMMERING,
632 272 92 30 AND
758 270 88 34 THE
879 271 145 32 STUDY
1057 271 54 32 OF
1143 272 88 30 THE
1265 271 245 33 ALPHABET.

1698 259 26 45 5

65 393 245 43 connexion
342 392 111 42 with
487 392 69 42 bis
593 391 208 58 phonetic
839 391 180 43 method
1051 391 48 42 of
1132 390 242 43 shorthand
1409 390 230 56 writing;1
1678 391 48 42 of

66 466 73 41 the
182 463 292 59 alphabetical
517 463 118 42 table
678 463 45 42 of
766 463 224 42 Professor
1026 463 107 41 Max
1176 461 180 52 Midler,
1395 462 45 41 in
1486 463 70 41 his
1601 463 119 42 well-

64 536 162 41 known
269 537 191 41 Lectures
499 550 55 27 on
592 536 65 41 the
689 534 163 43 Science
883 535 51 56 of
967 535 264 55 Language;
1275 534 45 42 of
1353 534 75 43 the
1462 534 139 43 vowel
1633 535 88 42 and

65 614 241 35 consonant
328 607 138 43 tables
489 621 130 41 given
645 607 56 41 by
725 605 66 43 l)r
813 606 215 42 Bristowe
1058 607 47 40 in
1139 606 69 42 his
1234 605 119 42 work
1384 620 56 27 on
1479 606 120 42 Voice
1631 607 92 41 and

63 678 179 56 Speech;
275 679 45 42 of
357 679 74 43 the
463 679 118 42 table
620 679 44 41 of
702 683 265 37 consonants
1003 678 59 56 by
1089 678 200 42 Norman
1321 677 70 42 W.
1426 678 219 42 Kingsley
1678 678 44 42 of

64 751 112 43 New
213 751 177 43 York;2
422 752 47 42 of
499 752 73 41 the
605 751 220 42 elaborate
870 750 138 42 tables
1052 752 47 40 of
1132 750 164 42 vowels
1331 750 87 42 and
1456 759 265 33 consonants

65 825 228 55 appended
337 826 58 42 by
432 826 68 41 Dr
541 824 119 43 John
701 823 173 42 Hullah
909 828 43 37 to
985 823 68 42 his
1089 823 120 41 work
1248 837 54 28 on
1342 823 76 42 the
1459 821 263 43 Cultivation

65 897 50 55 of
161 897 65 41 the
277 897 216 56 Speaking
545 896 115 42 Voice
683 911 16 36 ;
763 896 45 41 of
860 895 74 42 the
988 895 94 42 still
1136 909 118 29 more
1307 895 219 42 elaborate
1580 893 141 43 vowel

63 967 87 42 and
193 975 242 35 consonant
480 967 140 43 tables
664 968 45 41 in
754 967 75 42 the
872 967 121 42 work
1039 967 188 43 entitled
1268 966 344 42 Pronunciation
1641 965 81 56 for

62 1038 185 55 Singers,
291 1039 59 56 by
391 1039 255 43 Alexander
688 1040 41 42 J.
773 1038 136 43 Ellis;
961 1038 45 42 of
1050 1038 203 43 Melville
1303 1037 134 44 Bell's
1485 1038 140 42 tables
1674 1038 48 41 in

62 1110 70 42 his
178 1111 117 42 work
338 1126 56 28 on
447 1111 149 43 Visible
641 1111 177 56 Speech;
872 1111 87 42 and
1002 1110 46 42 of
1088 1110 76 43 the
1206 1110 209 56 phonetic
1463 1110 168 42 studies
1677 1110 46 41 of

65 1182 75 42 the
184 1183 208 56 alphabet
424 1184 146 42 which
607 1183 113 43 have
751 1183 111 42 been
901 1182 127 43 made
1066 1183 60 55 by
1159 1182 74 42 the
1273 1182 197 42 teachers
1503 1182 48 42 of
1585 1181 138 43 Deaf-

68 1254 162 43 Mutes.
246 1255 16 25 3

125 1327 157 42 Before
315 1328 23 41 I
371 1327 184 56 proceed
588 1331 44 39 to
665 1327 120 42 draw
817 1341 60 27 up
909 1326 89 42 this
1026 1325 219 56 alphabet,
1278 1325 63 42 let
1373 1340 51 28 us
1448 1325 198 43 consider
1669 1325 48 42 in

65 1398 75 42 the
177 1399 114 54 light
330 1401 45 40 of
411 1414 24 27 a
473 1401 84 41 few
586 1399 224 43 examples
847 1398 75 42 the
961 1397 236 43 delicately
1235 1397 302 42 co-ordinated
1574 1398 147 42 action

63 1469 145 43 which
250 1471 37 42 is
331 1471 167 42 carried
540 1485 57 27 on
639 1471 46 41 in
730 1469 300 43 combination
1073 1469 58 42 by
1169 1469 75 41 the
1282 1474 87 36 two
1413 1470 309 51 mechanisms,

62 1541 226 57 laryngeal
320 1543 87 41 and
439 1542 104 43 oral,
576 1542 47 42 in
657 1542 75 42 the
764 1541 260 56 production
1059 1541 45 42 of
1136 1541 208 55 ordinary
1365 1542 173 55 speech.
1604 1543 118 42 Take

64 1613 75 42 the
162 1614 118 42 word
314 1614 204 44 satisfy.
582 1614 120 42 Here
724 1613 76 43 the
832 1613 224 56 laryngeal
1081 1613 273 43 mechanism
1377 1614 37 42 is
1438 1614 136 43 called
1601 1629 121 28 upon

64 1689 45 38 to
132 1686 133 42 touch
288 1687 64 41 off
379 1686 119 43 three
522 1691 199 37 separate
742 1685 126 43 vocal
891 1685 177 43 sounds,
1090 1685 107 43 each
1220 1685 46 42 of
1289 1685 144 43 which
1464 1686 36 42 is
1534 1687 186 43 evolved

64 1757 56 54 by
147 1757 75 43 the
246 1758 123 42 vocal
401 1758 125 42 cords
560 1758 160 42 during
758 1772 57 27 an
849 1757 172 42 instant
1059 1757 46 43 of
1139 1758 368 54 approximation,
1530 1759 93 51 viz.,
1645 1759 76 43 the

63 1829 162 43 sounds
248 1829 45 42 of
323 1840 45 39 a,
390 1828 28 44 i,
442 1830 85 42 and
550 1841 63 43 y;
647 1830 98 52 and,
768 1830 198 42 between
990 1829 124 43 these
1137 1829 175 51 sounds,
1335 1829 76 42 the
1434 1843 112 42 open
1569 1836 154 51 glottis

65 1907 118 36 must
206 1907 160 50 permit
389 1902 75 42 the
488 1907 178 37 current
688 1901 45 42 of
764 1902 65 41 air
853 1907 42 37 to
927 1916 102 42 pass
1053 1900 259 44 noiselessly
1334 1901 95 43 into
1453 1903 74 42 the
1554 1904 169 51 mouth,

63 1974 145 42 where
230 1975 37 41 it
289 1975 91 41 will
403 1975 53 41 be
479 1974 182 42 utilized
677 1974 68 42 for
767 1974 75 42 the
865 1974 260 55 production
1150 1974 44 41 of
1217 1973 75 43 the
1309 1974 211 43 voiceless
1539 1989 183 29 conson-

65 2054 113 42 ants,
200 2045 143 43 which
367 2060 72 28 are
462 2046 141 42 made,
628 2060 45 27 as
697 2046 36 41 it
756 2059 125 28 were,
906 2051 44 36 to
974 2045 145 42 clothe
1142 2045 75 42 the
1240 2045 162 43 vowels
1424 2046 47 42 in
1495 2046 120 43 front
1636 2047 87 42 and

66 2117 176 43 behind.
305 2118 81 42 Let
424 2118 74 41 the
536 2117 145 42 naked
715 2117 176 42 vowels,
924 2131 46 28 as
1009 2117 106 56 they
1138 2116 142 43 sound
1316 2117 47 41 in
1403 2117 90 43 this
1517 2119 130 50 word,
1671 2120 52 41 be

65 2189 295 54 pronounced,
378 2189 86 43 and
486 2189 108 42 then
614 2189 76 42 the
708 2189 84 41 full
811 2189 118 42 word
952 2189 140 42 itself;
1114 2188 86 42 and
1218 2188 75 43 the
1312 2193 194 40 extreme
1525 2191 199 56 delicacy

65 2262 84 41 and
174 2262 232 42 exacitude
429 2263 47 41 of
496 2262 73 42 the
592 2261 123 43 three
738 2265 198 52 separate
959 2261 295 56 co-aptations
1277 2262 47 41 of
1353 2262 75 43 the
1451 2263 123 42 vocal
1598 2264 126 42 cords

66 2333 89 41 will
188 2334 51 42 be
262 2334 198 42 realized.
524 2332 87 43 Let
643 2333 122 42 there
799 2333 52 42 be
873 2347 89 42 any
984 2332 130 43 delay
1136 2333 47 41 in
1207 2333 74 42 the
1313 2334 339 55 pronunciation
1680 2336 45 41 of

65 2405 75 44 the
163 2407 94 42 first
288 2405 152 43 vowel,
463 2405 87 43 and
572 2405 75 42 the
670 2404 148 43 initial
840 2415 25 32 s
890 2404 91 42 will
1014 2405 53 42 be
1090 2404 149 43 hissed
1261 2405 88 42 and
1374 2405 251 56 prolonged,
1649 2421 76 29 ex-

65 2478 117 56 actly
205 2493 47 28 as
275 2479 36 41 it
332 2479 37 42 is
392 2479 59 41 by
474 2478 75 42 the
572 2482 266 38 stammerer.
903 2477 91 41 But
1017 2477 75 43 the
1115 2491 123 28 voice
1261 2476 37 43 is
1321 2483 78 36 not
1421 2492 56 27 an
1501 2480 225 42 exclusive

64 2550 246 55 possession
334 2550 48 41 of
400 2549 75 42 the
498 2563 187 28 vowels:
720 2563 132 41 many
876 2548 44 41 of
943 2548 74 43 the
1041 2553 266 38 consonants
1339 2562 71 29 are
1441 2548 91 43 also
1556 2549 46 42 in
1627 2554 100 51 part

66 2622 126 42 made
221 2637 58 41 up
303 2623 46 41 of
377 2622 133 42 voice.
575 2620 119 43 Take
726 2621 76 42 the
825 2620 119 42 word
967 2619 231 44 wonder,
1225 2621 67 41 for
1323 2621 217 56 example.
1606 2622 121 42 Here

67 2707 130 43 every
215 2693 142 43 letter,
375 2698 243 38 consonant
640 2692 86 42 and
746 2691 140 44 vowel
909 2691 131 53 alike,
1062 2692 204 42 contains
1289 2691 144 54 voice;
1460 2706 47 28 so
1530 2692 99 43 that
1652 2693 75 43 the

114 2816 11 19 1
156 2816 68 36 See
243 2815 183 36 Pitman's
444 2814 277 47 Phonographic
742 2814 164 46 Teacher,
925 2826 33 36 p.
980 2816 34 43 4,
1034 2817 30 33 et
1082 2826 66 35 seq.

115 2877 14 23 2
157 2876 206 37 Published
393 2876 41 35 in
462 2875 65 36 the
554 2875 288 35 Internationale
869 2874 212 47 Zeitschrift
1099 2875 72 46 fur
1196 2873 222 48 Allgemeine
1444 2874 284 38 Sprachwissen-

68 2938 123 46 schaft,
220 2937 73 36 vol.
323 2937 53 36 iii.
406 2948 36 36 p.
473 2938 81 34 246.
607 2934 93 37 This
727 2946 115 37 paper
870 2934 273 37 demonstrates
1172 2934 43 36 in
1244 2946 50 25 an
1325 2935 199 48 ingenious
1551 2949 85 24 way
1664 2936 64 37 the

68 3003 101 42 parts
187 2997 40 36 of
242 2997 64 36 the
331 2996 136 49 palate,
486 3008 84 24 etc.,
588 2995 95 36 with
702 2995 126 36 which
856 2995 64 36 the
949 2999 141 44 tongue
1117 2995 33 36 is
1167 2995 166 49 brought
1359 2996 42 35 in
1420 3001 148 32 contact
1590 2998 139 47 during

70 3065 288 41 pronunciation
379 3057 41 37 of
434 3057 141 36 certain
593 3067 236 25 consonants.

116 3118 14 22 3
156 3118 69 35 See
243 3116 209 37 Education
478 3117 41 47 of
542 3116 249 46 Deaf-Mutes,
810 3116 51 47 by
880 3115 165 37 Thomas
1064 3116 157 36 Arnold.
