2107 3450
476 300 87 32 the
596 294 246 37 Language
876 296 53 33 of
962 293 305 35 deaf-mutes.
1619 268 84 56 14i

110 425 42 43 If
189 425 73 42 the
301 437 96 29 case
434 422 53 42 be
525 435 81 29 one
645 420 48 42 of
722 419 232 43 Deafness,
989 416 87 44 and
1113 416 75 42 the
1222 414 120 43 child
1382 414 53 42 be
1472 412 234 43 otherwise

47 496 219 56 normally
300 492 282 46 constituted,
606 492 59 42 its
705 505 141 29 whole
876 502 255 31 expression
1169 486 88 43 and
1290 488 194 41 conduct
1521 483 94 42 will
1654 483 53 43 be

50 583 106 29 very
178 568 206 43 different
405 566 111 42 from
539 564 127 44 those
696 564 45 42 of
773 577 55 28 an
857 560 204 44 imbecile
1093 558 131 45 child.
1287 556 211 56 Already,
1520 570 111 29 even
1664 560 47 37 at

50 641 89 42 this
162 640 118 56 early
303 653 89 42 age,
413 638 123 43 there
560 651 101 28 may
685 636 53 43 be
762 649 26 29 a
809 634 166 44 certain
995 645 271 31 wistfulness
1282 630 46 42 in
1354 629 74 43 the
1454 627 255 57 expression

50 712 47 41 of
117 711 72 43 the
213 724 113 43 eyes,
347 709 241 43 indicative
611 709 46 42 of
677 708 76 42 the
776 705 155 45 child's
954 704 261 43 instinctive
1238 715 305 43 employment
1565 699 46 43 of
1633 699 76 43 the

50 796 126 29 sense
207 782 46 42 of
285 795 118 29 sight
438 780 108 42 with
570 794 25 28 a
613 779 218 43 diligence
863 777 98 42 that
984 790 102 29 may
1118 776 47 41 in
1201 788 120 30 some
1355 785 202 30 measure
1593 784 116 29 com-

49 859 179 52 pensate
253 854 66 42 for
336 854 73 42 the
425 867 184 29 absence
627 852 45 43 of
694 851 191 44 hearing.
931 849 90 43 The
1039 848 186 44 hearing
1242 846 162 44 should
1423 845 54 43 be
1495 843 215 57 specially

49 926 152 44 tested.
267 926 128 43 Some
430 940 80 28 one
547 924 160 43 should
743 923 132 44 stand
911 921 166 44 behind
1113 920 75 44 the
1228 919 121 44 child
1384 917 88 44 and
1505 916 98 58 clap
1637 915 75 43 the

51 997 151 43 hands,
225 1011 48 29 or
295 997 84 43 call
402 996 68 44 his
504 1010 140 29 name,
667 995 107 44 both
806 994 132 44 aloud
972 993 87 43 and
1091 992 48 42 in
1173 1006 25 28 a
1233 990 217 56 whisper;
1482 987 88 44 and
1607 992 106 38 note

50 1070 159 43 should
251 1070 53 43 be
346 1070 134 42 taken
524 1069 44 43 of
610 1068 122 43 what
774 1081 206 30 response
1025 1065 77 43 the
1145 1063 121 44 child
1310 1062 152 43 makes
1516 1065 45 39 to
1604 1060 109 44 such

51 1142 182 43 stimuli.
313 1143 45 42 It
395 1141 160 44 should
599 1142 53 42 be
695 1139 302 45 remembered
1035 1138 99 43 that
1167 1151 112 29 even
1311 1135 164 57 partial
1507 1134 206 44 deafness

55 1229 101 41 may
179 1229 128 28 cause
330 1214 252 43 dumbness.
647 1214 55 42 In
733 1213 109 43 such
866 1226 25 28 a
913 1225 110 30 case,
1045 1211 37 42 it
1116 1209 94 43 will
1245 1209 53 43 be
1334 1207 140 44 found
1508 1207 99 42 that
1639 1206 76 42 the

53 1286 119 42 child
195 1287 211 56 responds
429 1292 45 37 to
496 1286 104 43 loud
633 1285 179 43 sounds,
834 1285 83 42 but
947 1283 153 43 makes
1136 1297 57 27 no
1228 1295 210 42 response
1475 1279 130 43 when
1642 1279 71 42 his

54 1372 128 29 name
206 1359 36 42 is
266 1358 244 57 whispered
545 1373 47 28 or
624 1358 128 42 when
788 1356 128 43 other
950 1355 136 43 slight
1122 1353 165 44 sounds
1325 1367 73 29 are
1434 1366 128 29 made
1598 1365 117 29 close

55 1430 164 43 behind
256 1430 104 43 him.
425 1431 84 41 For
547 1430 75 43 the
660 1429 150 42 future
849 1427 198 43 training
1086 1426 47 42 of
1167 1425 76 43 the
1276 1424 135 53 child,
1448 1425 38 42 it
1520 1425 36 42 is
1600 1429 118 38 most

56 1502 242 55 important
349 1507 44 37 to
431 1501 219 42 ascertain
691 1499 199 43 whether
938 1498 76 43 the
1061 1497 89 43 loss
1199 1496 46 43 of
1291 1495 186 57 hearing
1522 1495 37 43 is
1609 1509 109 42 very

56 1573 179 42 marked
258 1588 47 27 or
327 1571 345 58 comparatively
695 1571 146 43 slight.
906 1570 91 43 The
1030 1569 209 56 majority
1263 1568 45 43 of
1341 1567 271 44 deaf-mutes
1644 1582 74 28 are

56 1650 78 38 not
155 1645 249 43 absolutely
426 1645 105 42 deaf
551 1649 44 38 to
618 1658 107 29 very
748 1643 105 43 loud
876 1642 175 44 sounds.

115 1718 153 42 About
290 1718 76 42 the
389 1717 175 42 various
588 1717 135 42 forms
747 1716 47 42 of
812 1715 214 57 language
1051 1714 98 44 that
1171 1728 115 43 may,
1310 1713 67 43 for
1404 1713 76 43 the
1504 1727 214 43 purposes

57 1791 44 42 of
124 1790 264 57 expression,
409 1789 55 44 be
487 1789 233 57 employed
744 1789 58 56 by
825 1788 305 44 Deaf-Mutes,
1154 1788 22 42 I
1200 1786 162 44 should
1393 1786 92 43 like
1519 1792 45 37 to
1594 1800 78 43 say
1695 1800 25 29 a

59 1863 84 41 few
166 1861 153 43 words.

120 1935 33 42 I.
191 1935 85 42 The
298 1935 229 55 Language
549 1934 51 42 of
615 1934 195 42 Natural
843 1931 307 45 Signs.—This
1181 1932 38 43 is
1252 1946 25 28 a
1309 1935 117 39 most
1457 1930 265 57 interesting

59 2007 184 55 subject,
265 2006 230 57 regarding
517 2006 144 42 which
685 2005 74 43 the
792 2006 154 42 reader
978 2005 94 42 will
1105 2004 93 43 find
1232 2003 84 43 full
1349 2004 291 42 information
1673 2004 49 42 in

61 2092 88 41 any
192 2078 47 42 of
270 2078 76 42 the
386 2078 143 42 works
567 2092 120 41 upon
725 2077 340 43 Deaf-Mutism,
1103 2076 82 43 but
1221 2076 191 56 perhaps
1455 2075 205 44 nowhere
1699 2090 25 28 a

60 2163 120 28 more
204 2148 192 43 striking
418 2153 187 37 account
627 2148 108 42 than
768 2149 47 41 in
850 2148 74 43 the
957 2147 162 44 second
1151 2147 88 43 and
1277 2147 122 43 third
1437 2146 207 57 chapters
1678 2146 47 44 of

61 2221 47 42 E.
134 2221 48 42 B.
205 2221 166 56 Tylor's
394 2220 287 44 well-known
704 2220 122 43 work
848 2235 57 29 on
938 2221 76 43 the
1047 2221 141 56 Early
1209 2220 183 56 History
1414 2221 52 55 of
1489 2220 233 43 Mankind.

61 2291 210 43 "Without
294 2291 203 43 entering
518 2291 95 43 into
637 2306 85 43 any
748 2292 136 43 detail
908 2292 135 43 about
1075 2292 76 42 the
1183 2290 195 44 Natural
1410 2291 236 57 Language
1678 2292 47 42 of

64 2364 141 56 Signs,
230 2365 21 41 I
290 2378 102 42 may
414 2378 77 42 say
524 2363 99 44 that
655 2364 258 43 essentially
935 2364 37 42 it
1006 2365 38 42 is
1083 2363 168 44 merely
1274 2378 26 28 a
1336 2363 314 57 development
1681 2365 49 43 of

64 2442 97 37 that
182 2436 213 57 language
419 2436 45 42 of
486 2436 131 43 facial
640 2437 256 43 expression
919 2437 86 42 and
1028 2441 176 53 gesture
1227 2437 98 43 that
1347 2437 38 43 is
1409 2437 235 57 employed
1668 2438 59 56 by

63 2523 131 29 every
218 2509 118 43 child
368 2509 87 42 and
488 2509 137 53 adult,
647 2524 119 28 more
800 2524 47 28 or
880 2509 97 44 less.
1043 2510 56 42 In
1137 2509 75 44 the
1250 2509 260 44 deaf-mute,
1533 2509 36 43 it
1602 2509 125 45 lacks

62 2582 75 43 the
161 2582 71 42 aid
254 2581 144 43 which
422 2582 37 42 is
480 2582 132 57 given
629 2587 45 38 to
697 2583 49 42 it,
768 2582 48 43 in
838 2583 77 42 the
934 2583 177 42 natural
1133 2582 137 52 child,
1287 2583 59 42 by
1370 2582 78 43 the
1471 2583 255 44 expressive

62 2659 126 38 tones
211 2654 47 43 of
277 2655 74 43 the
376 2654 273 44 voice,—the
672 2655 124 43 voice
818 2655 47 43 of
884 2669 25 29 a
932 2656 245 43 deaf-mute
1201 2655 134 57 being
1356 2655 137 44 harsh
1524 2656 88 43 and
1636 2656 92 44 dis-

64 2726 193 53 cordant,
279 2728 86 42 and
403 2728 44 42 of
484 2742 106 29 very
629 2727 118 44 little
785 2729 252 56 expressive
1070 2743 160 42 power.
1295 2729 104 43 But,
1421 2744 58 28 on
1503 2728 75 44 the
1602 2729 127 43 other

66 2799 130 51 hand,
218 2800 45 41 in
287 2800 76 43 the
386 2800 256 52 deaf-mute,
663 2806 197 52 gestures
883 2801 87 43 and
994 2802 120 43 signs
1138 2802 141 43 attain
1300 2807 44 38 to
1367 2816 25 29 a
1415 2802 315 57 development

65 2872 67 42 far
166 2871 138 44 ahead
327 2872 44 42 of
407 2872 99 43 that
544 2872 232 58 displayed
810 2873 48 43 in
891 2873 76 44 the
1000 2874 173 43 normal
1195 2874 263 44 individual.
1523 2873 45 45 It
1591 2875 38 43 is
1651 2875 77 43 the

66 2943 107 58 only
203 2943 214 57 language
451 2945 145 43 which
634 2945 73 43 the
742 2945 280 45 uneducated
1061 2947 247 43 deaf-mute
1343 2961 82 29 can
1461 2947 179 57 employ
1664 2948 67 42 for

66 3030 212 42 purposes
301 3017 45 42 of
368 3017 268 56 expression,
658 3017 88 43 and
768 3018 171 44 Nature
963 3019 166 43 herself
1149 3019 177 44 teaches
1349 3019 95 43 him
1483 3025 45 37 to
1551 3020 179 56 employ

65 3089 38 42 it
137 3089 107 42 with
280 3089 246 44 wonderful
563 3104 148 43 power
747 3090 88 43 and
869 3092 372 57 expressiveness.
1306 3092 94 44 The
1435 3092 118 43 basis
1576 3093 47 41 of
1652 3091 77 43 the

66 3161 215 58 language
323 3162 37 43 is
404 3162 257 57 essentially
705 3163 209 44 Pictorial
964 3165 370 57 Itepresentation
1371 3165 45 43 of
1457 3163 149 44 things
1641 3162 88 43 and
