2107 3450
439 242 264 32 PATHOLOGY
735 241 55 32 OF
822 242 88 30 THE
942 241 151 32 MOTOR
1127 242 369 32 SPEHCH-TKACTS.

1708 234 85 42 431

143 364 257 57 proceeding
423 363 109 41 from
558 362 88 42 this
671 361 182 43 nucleus
875 376 104 27 soon
1000 361 94 57 join
1119 361 265 43 themselves
1411 367 42 36 to
1479 362 73 42 the
1585 364 136 40 trunk
1756 364 47 42 of

142 437 73 41 the
239 449 159 40 vagus;
430 436 85 41 and
541 435 107 42 that,
680 435 112 41 after
819 435 174 54 joining
1027 435 73 41 the
1135 448 148 41 vagus,
1318 435 104 54 they
1455 449 73 28 are
1560 438 238 41 continued

142 509 125 41 down
292 507 45 43 in
362 508 73 42 the
459 507 111 42 neck
593 521 46 28 as
664 511 97 51 part
784 507 48 41 of
850 507 56 41 its
932 507 147 41 trunk,
1101 506 262 57 until—(1),
1395 521 25 27 a
1452 506 130 43 small
1615 509 187 41 number

141 580 46 42 of
207 579 118 42 them
350 579 120 42 leave
496 580 72 41 the
595 593 133 27 vagus
754 584 42 36 to
821 578 109 42 form
957 577 74 43 the
1057 592 141 28 motor
1220 578 176 55 portion
1426 578 44 42 of
1504 578 74 42 the
1602 579 199 42 superior

142 651 221 55 laryngeal
388 665 157 39 nerve;
577 651 86 43 and
686 651 82 56 (2),
792 650 74 43 the
890 650 109 42 bulk
1032 650 45 42 of
1107 650 118 43 them
1263 650 123 43 leave
1420 650 76 43 the
1528 664 138 42 vagus
1699 656 44 38 at
1777 666 25 28 a

143 723 128 42 much
295 723 131 42 lower
448 722 127 43 level,
594 728 43 37 to
661 723 240 42 constitute
926 723 74 42 the
1017 727 122 52 great
1158 727 141 38 motor
1318 737 131 28 nerve
1469 723 45 41 of
1537 723 73 42 the
1628 721 174 55 larynx,

143 795 91 51 viz.,
257 794 74 43 the
355 800 224 37 recurrent
600 795 236 56 laryngeal.

198 867 65 42 As
286 872 44 37 to
354 867 74 43 the
451 867 208 56 Superior
680 867 245 57 Laryngeal
949 882 167 37 nerves,
1139 868 36 42 it
1201 868 88 42 will
1316 869 50 42 be
1385 868 301 43 remembered
1704 869 96 42 that

142 940 72 42 the
240 939 186 43 muscles
449 940 47 42 of
520 939 74 44 the
627 939 156 57 larynx
818 940 201 42 deriving
1054 939 114 43 their
1200 945 142 37 motor
1375 940 280 42 innervation
1690 941 110 41 from

142 1011 119 42 them
294 1025 72 28 are
400 1011 74 43 the
499 1011 314 43 crico-thyroid
837 1012 189 42 muscles
1051 1012 86 42 and
1162 1012 74 42 the
1269 1011 129 43 small
1434 1012 190 42 muscles
1659 1013 141 43 which

142 1083 175 56 depress
361 1083 74 43 the
478 1084 225 56 epiglottis
747 1084 159 56 during
949 1083 276 57 deglutition.
1303 1085 250 42 According
1596 1090 44 37 to
1684 1099 119 29 some

141 1154 270 52 authorities,
448 1155 222 43 filaments
710 1157 109 41 from
857 1156 120 42 them
1012 1170 72 28 are
1118 1155 91 43 also
1243 1156 205 54 supplied
1482 1160 45 37 to
1562 1156 73 42 the
1669 1156 134 42 inter-

142 1227 225 55 arytenoid
384 1227 178 52 muscle,
581 1228 85 42 and
687 1234 43 36 to
749 1227 74 43 the
839 1227 152 43 lateral
1008 1227 365 56 crico-arytenoid
1393 1227 208 43 muscles;
1619 1227 81 43 but
1715 1229 89 41 this

140 1299 37 42 is
195 1299 193 42 doubted
412 1299 58 57 by
493 1300 161 42 others,
671 1299 87 43 and
781 1314 141 28 seems
946 1304 44 38 to
1014 1300 52 42 be
1090 1300 302 42 contradicted
1417 1300 56 56 by
1493 1299 75 43 the
1592 1300 212 43 evidence

141 1371 205 42 obtained
370 1371 112 42 from
506 1372 74 42 the
603 1372 133 42 study
755 1372 47 41 of
821 1372 215 55 paralysis
1060 1371 84 43 due
1163 1375 45 38 to
1227 1371 162 43 lesions
1412 1372 46 41 of
1480 1371 75 43 the
1578 1378 226 37 recurrent

142 1458 141 28 nerve.
348 1444 90 42 The
472 1444 315 56 crico-thyroid
822 1444 199 51 muscles,
1056 1443 305 57 undoubtedly
1396 1443 206 56 supplied
1635 1444 59 57 by
1728 1445 76 43 the

143 1516 196 56 superior
371 1515 225 56 laryngeal
628 1530 168 37 nerves,
820 1515 103 43 help
948 1521 43 37 to
1014 1515 61 42 fix
1099 1516 75 42 the
1199 1515 177 56 thyroid
1399 1516 210 56 cartilage
1644 1517 162 57 during

143 1589 254 55 phonation,
420 1588 86 41 and
530 1592 44 37 to
598 1587 171 56 tighten
794 1587 74 43 the
891 1587 126 43 cords
1041 1587 161 43 during
1226 1588 75 42 the
1325 1588 258 55 production
1621 1589 45 42 of
1701 1590 104 56 high

142 1666 133 38 notes.
341 1660 123 43 They
492 1665 70 37 act
595 1660 59 56 by
688 1660 366 56 approximating
1087 1660 77 43 the
1198 1660 169 43 cricoid
1400 1660 213 57 cartilage
1647 1666 46 38 to
1728 1662 77 43 the

141 1733 194 56 thyroid,
362 1733 48 42 in
442 1733 131 42 front.
640 1732 217 43 Bilateral
890 1733 221 55 paralysis
1146 1733 48 42 of
1224 1733 75 42 the
1333 1733 204 56 superior
1570 1734 235 57 laryngeal

142 1822 158 28 nerves
325 1808 38 42 is
387 1806 95 43 said
506 1812 45 37 to
570 1806 54 43 be
643 1806 47 43 of
711 1810 80 39 not
810 1821 268 27 uncommon
1098 1821 263 29 occurrence
1380 1822 47 27 as
1446 1821 54 29 an
1523 1810 283 55 accompani-

145 1886 123 37 ment
290 1895 48 27 or
359 1894 25 27 a
407 1879 181 43 sequela
609 1879 48 42 of
687 1878 284 56 Diphtheria,
996 1879 88 42 and
1107 1879 68 43 Sir
1202 1878 158 44 Morell
1384 1880 265 44 Mackenzie
1664 1887 141 38 states

144 1954 96 41 that
264 1955 46 39 in
335 1952 112 43 such
470 1966 121 28 cases
615 1951 75 43 the
714 1951 140 43 chink
878 1952 48 42 of
947 1952 77 42 the
1048 1951 171 57 glottis,
1252 1951 47 43 in
1335 1952 259 58 phonation,
1627 1955 180 43 instead

142 2027 49 41 of
211 2026 135 55 being
369 2023 207 58 straight,
599 2023 38 43 is
664 2023 107 43 bent
794 2024 48 41 in
865 2024 149 56 zigzag
1047 2039 49 28 or
1129 2025 190 43 sinuous
1353 2025 193 55 fashion,
1580 2028 151 57 owing
1764 2034 46 37 to

144 2098 75 42 the
245 2111 148 29 undue
417 2096 263 57 slackening
703 2097 46 41 of
772 2096 76 43 the
872 2096 138 43 cords.
1075 2097 95 42 The
1194 2097 189 56 patient,
1402 2098 38 43 it
1465 2098 149 44 would
1633 2115 176 42 appear,

145 2184 102 42 may
265 2170 53 42 be
338 2169 145 43 either
506 2167 214 44 voiceless
739 2183 48 28 or
809 2168 169 57 merely
1001 2169 161 43 husky.
1228 2170 91 42 But
1337 2170 77 43 the
1438 2170 120 44 chief
1580 2179 227 50 symptom

142 2242 44 41 of
211 2241 219 57 paralysis
454 2242 47 41 of
522 2241 79 42 the
625 2241 201 55 superior
848 2241 230 57 laryngeal
1102 2256 134 29 nerve
1259 2243 39 42 is
1323 2243 223 56 paralysis
1591 2245 49 42 of
1667 2260 141 29 sensa-

145 2316 90 40 tion
275 2320 157 35 within
472 2313 77 42 the
589 2312 174 57 larynx.
833 2314 46 42 It
920 2313 94 43 will
1054 2314 55 43 be
1147 2315 301 43 remembered
1489 2316 109 52 that,
1633 2318 177 45 besides

143 2386 259 56 containing
425 2385 75 43 the
522 2399 142 29 motor
681 2386 129 42 fibres
829 2387 140 43 above
988 2387 268 52 mentioned,
1274 2388 75 43 the
1365 2389 201 55 superior
1580 2389 228 59 laryngeal

144 2459 37 42 is
203 2459 91 42 also
317 2458 75 43 the
414 2472 171 41 sensory
612 2472 134 29 nerve
779 2458 66 43 for
876 2459 76 43 the
986 2459 169 56 larynx.
1221 2461 176 42 Within
1434 2462 75 42 the
1543 2477 146 39 nerve,
1722 2465 85 43 and

146 2531 154 43 within
324 2531 75 43 the
423 2531 136 42 trunk
582 2532 47 41 of
649 2530 74 44 the
747 2545 149 43 vagus,
919 2531 58 44 its
1000 2546 182 43 sensory
1206 2533 130 44 fibres
1370 2548 153 30 course
1546 2535 132 59 along
1700 2542 106 38 with

143 2603 75 44 the
242 2609 166 48 motor;
443 2604 81 42 but
546 2603 47 42 in
617 2603 76 43 the
715 2604 197 43 medulla
936 2604 74 44 the
1034 2609 86 39 two
1147 2610 90 39 sets
1262 2606 45 43 of
1329 2606 131 45 fibres
1483 2622 72 30 are
1578 2611 232 41 separated

145 2675 110 42 from
294 2675 105 43 each
438 2675 139 51 other,
616 2675 74 43 the
728 2690 182 43 sensory
949 2677 130 43 fibres
1118 2677 132 58 being
1291 2679 244 43 connected
1579 2680 109 42 with
1734 2681 76 44 the

143 2747 182 43 nucleus
343 2747 45 43 of
411 2747 75 44 the
507 2763 148 42 vagus,
673 2748 87 43 and
779 2749 75 43 the
873 2755 143 37 motor
1041 2750 106 43 with
1171 2751 75 44 the
1270 2752 184 43 nucleus
1478 2753 48 42 of
1546 2753 75 44 the
1644 2755 166 42 spinal-

144 2833 237 44 accessory.
446 2821 44 42 It
505 2821 91 42 will
614 2821 52 43 be
681 2821 169 57 readily
871 2822 266 44 understood
1156 2824 99 43 that
1272 2825 76 43 the
1363 2839 181 29 sensory
1562 2827 87 41 and
1668 2832 142 39 motor

145 2896 244 51 symptoms
407 2893 328 44 characteristic
753 2894 46 43 of
821 2894 216 56 paralysis
1061 2896 46 42 of
1126 2896 72 44 the
1217 2898 200 56 superior
1432 2898 226 56 laryngeal
1676 2914 133 31 nerve

148 2977 97 45 may
283 2966 48 39 Ik:
368 2964 217 58 produced
612 2967 142 41 either
787 2967 57 56 by
879 2981 25 28 a
936 2967 139 43 lesion
1109 2969 45 42 of
1187 2969 75 43 the
1296 2985 134 28 nerve
1463 2970 124 43 itself
1612 2986 48 27 or
1693 2972 59 57 by
1786 2988 23 27 a

145 3036 139 43 lesion
319 3038 48 41 of
396 3037 74 44 the
505 3038 135 42 trunk
673 3038 49 42 of
750 3039 73 43 the
858 3054 138 42 vagus
1029 3041 139 44 above
1202 3042 76 43 the
1311 3043 128 57 point
1472 3047 47 39 at
1554 3043 143 44 which
1734 3046 73 45 the

145 3123 132 29 nerve
304 3109 212 43 branches
542 3110 113 43 from
679 3110 46 44 it.
