2107 3450
329 298 206 39 APHASIA,
571 296 100 31 ETC.,
704 295 46 31 IN
786 295 220 32 RELATION
1039 295 55 31 TO
1128 296 285 31 FUNCTIONAL
1446 297 258 32 DISORDERS.
1761 285 85 42 389

194 418 77 41 but
293 417 112 42 shall
433 417 164 55 merely
621 431 76 27 say
720 415 98 42 that
840 415 55 42 he
918 415 300 56 conclusively
1251 416 144 42 shows
1429 416 109 50 that,
1572 417 44 41 in
1652 430 120 30 cases
1805 417 47 42 of

190 489 260 42 snake-bite,
474 487 86 43 loss
583 488 48 41 of
650 487 74 42 the
748 500 147 42 power
917 487 47 40 of
983 486 232 42 articulate
1239 493 228 36 utterance
1489 487 121 42 often
1644 487 204 55 precedes

189 560 87 42 loss
308 561 48 41 of
385 573 340 30 consciousness,
758 558 87 42 and
878 558 253 43 sometimes
1169 558 183 56 persists
1384 558 65 41 for
1483 558 108 55 days
1625 572 48 28 or
1707 559 143 42 weeks

190 632 112 42 after
324 632 58 41 all
406 632 162 42 danger
601 636 44 37 to
677 630 76 43 life
787 631 36 42 is
846 635 108 51 past.
1020 630 46 42 It
1099 630 37 42 is
1171 629 171 56 worthy
1375 629 45 42 of
1453 630 186 50 remark,
1672 629 99 42 that
1803 630 47 41 in

189 705 249 41 snake-bite
460 703 76 42 the
558 702 87 43 loss
668 703 47 41 of
742 702 74 43 the
842 702 165 42 faculty
1031 702 47 42 of
1097 701 160 44 speech
1280 715 141 29 seems
1446 706 43 38 to
1507 701 55 43 be
1584 701 190 43 entirely
1793 716 56 28 on

188 775 58 42 its
269 779 257 52 productive
550 774 118 43 side;
701 788 119 29 since
840 773 75 43 the
940 774 194 56 patients
1170 774 146 42 whose
1347 787 120 28 cases
1501 787 71 28 are
1607 772 115 43 cited
1750 786 100 29 con-

191 847 164 42 tinued,
381 847 129 42 while
533 847 240 42 conscious,
797 852 44 37 to
865 852 272 37 understand
1163 846 118 42 what
1305 860 86 29 was
1414 845 95 43 said
1532 849 45 38 to
1596 845 132 43 them.

249 919 88 42 The
361 919 123 42 other
506 919 156 56 poison
684 919 38 42 is
757 919 127 42 Lead.
950 919 44 42 It
1026 919 37 42 is
1096 919 48 42 in
1174 933 121 29 cases
1331 919 47 42 of
1405 918 180 43 chronic
1608 918 243 56 plumbism

189 992 96 41 that
326 996 251 51 temporary
611 991 180 57 aphasia
834 992 36 42 is
914 996 77 37 apt
1028 998 43 35 to
1118 992 52 42 be
1213 991 253 43 exhibited:
1510 990 253 43 sometimes
1806 990 47 41 in

189 1062 259 42 association
503 1063 109 42 with
666 1063 126 42 other
853 1067 246 52 symptoms
1162 1063 45 42 of
1263 1077 150 28 severe
1476 1066 21 17 "
1513 1061 340 57 cephalopathia

188 1136 265 42 saturnina,"
521 1137 108 41 such
688 1151 46 28 as
790 1137 299 56 epileptiform
1145 1151 47 27 or
1250 1142 336 50 apoplectiform
1651 1135 203 51 seizures,

190 1208 226 56 paralysis,
454 1223 106 39 etc.;
598 1210 254 42 sometimes
884 1211 47 40 in
969 1209 264 42 association
1269 1208 105 42 with
1409 1208 75 42 the
1521 1208 159 42 milder
1713 1207 141 43 mani-

188 1281 230 42 festations
462 1282 44 41 of
546 1281 255 56 plumbism,
834 1282 108 42 such
976 1295 46 28 as
1056 1281 122 42 colic,
1213 1286 78 37 etc.
1358 1281 140 55 Many
1533 1294 123 29 cases
1688 1294 73 28 are
1795 1294 57 28 on

188 1351 150 42 record
374 1351 97 42 that
505 1351 120 42 show
661 1351 73 42 the
769 1352 207 42 frequent
1010 1350 264 43 association
1307 1350 45 42 of
1385 1355 253 50 temporary
1671 1363 181 42 aphasia

189 1422 107 42 with
321 1423 177 42 chronic
521 1423 275 56 plumbism.1

245 1495 178 42 Among
466 1495 74 42 the
585 1495 250 42 conditions
878 1495 45 42 of
965 1495 205 42 toxaemia
1218 1494 47 42 in
1310 1493 146 43 which
1499 1508 25 27 a
1567 1493 155 56 poison
1772 1493 80 42 has

188 1567 108 43 been
330 1567 170 42 formed
535 1568 156 41 within
725 1568 65 41 the
822 1567 104 56 body
957 1567 127 56 itself,
1117 1567 75 42 the
1237 1571 87 38 two
1358 1571 115 37 most
1516 1566 257 55 important,
1805 1580 49 28 as

186 1638 243 43 occasional
453 1653 151 28 causes
627 1640 47 41 of
694 1644 248 52 temporary
966 1639 195 57 aphasia,
1184 1653 73 28 are
1281 1638 75 43 the
1380 1638 181 43 uraemia
1583 1638 48 42 of
1661 1637 193 44 Bright's

184 1712 168 43 disease
385 1712 86 43 and
505 1712 75 43 the
614 1713 284 42 acetonaemia
934 1713 44 41 of
1013 1712 209 43 diabetes.
1303 1712 56 42 So
1392 1711 255 56 important,
1680 1711 174 53 indeed,

184 1799 71 27 are
278 1785 122 42 these
425 1790 98 37 two,
546 1785 98 42 that
666 1785 46 42 in
746 1799 132 29 every
912 1800 97 28 case
1042 1785 46 42 in
1113 1785 146 42 which
1293 1784 125 43 there
1443 1785 38 42 is
1505 1799 25 27 a
1556 1784 172 43 history
1751 1785 49 42 of
1828 1799 26 28 a

185 1864 247 49 temporary
455 1858 150 42 attack
628 1858 45 42 of
707 1858 181 56 aphasia
910 1858 76 42 the
1022 1858 123 42 urine
1179 1857 161 43 should
1371 1857 52 43 be
1459 1857 249 43 examined,
1742 1858 106 42 both

184 1929 65 41 for
285 1929 209 43 albumen
533 1930 86 42 and
654 1931 67 41 for
753 1945 139 35 sugar.
957 1931 139 42 There
1131 1945 73 27 are
1238 1945 98 27 now
1374 1944 237 29 numerous
1647 1944 120 29 cases
1794 1945 55 28 on

183 2002 163 53 record,
371 2003 103 41 both
500 2003 44 42 of
568 2003 178 42 uraemic
770 2003 86 42 and
880 2004 45 42 of
948 2003 192 43 diabetic
1162 2003 191 42 aphasin.
1409 2003 42 42 It
1469 2003 39 42 is
1531 2007 79 38 not
1631 2017 25 28 a
1679 2018 171 41 perma-

184 2081 107 35 nent
324 2080 221 51 symptom
564 2091 8 38 ;
613 2076 79 41 but
725 2075 142 43 either
900 2090 148 42 passes
1081 2078 64 40 off
1178 2075 212 57 speedily,
1426 2074 87 44 like
1543 2090 25 28 a
1600 2080 253 53 temporary

183 2146 150 43 attack
371 2148 44 41 of
449 2148 177 42 uraemic
669 2147 265 56 amblyopia,
967 2162 49 27 or
1058 2148 136 41 forms
1237 2148 80 41 but
1349 2162 26 27 a
1416 2146 182 57 prelude
1643 2152 45 39 to
1732 2162 119 29 more

183 2219 164 44 serious
371 2226 259 50 symptoms,
653 2221 106 42 such
784 2235 47 28 as
854 2220 180 43 uraemic
1055 2235 48 28 or
1124 2220 192 43 diabetic
1339 2220 153 43 coma.2

243 2292 23 41 I
310 2307 101 41 may
457 2293 103 42 here
603 2293 112 42 refer
757 2298 44 37 to
844 2308 56 27 an
943 2293 265 57 interesting
1250 2308 97 28 case
1389 2293 48 42 in
1481 2293 145 42 which
1670 2307 182 29 aphasia

183 2364 206 43 occurred
428 2378 47 29 as
513 2380 25 27 a
568 2365 180 56 passing
791 2369 222 52 symptom
1051 2365 47 41 in
1138 2365 75 42 the
1252 2379 153 28 course
1439 2365 46 42 of
1525 2364 214 43 Diabetes
1774 2365 76 42 In-

182 2437 179 42 sipidus.
428 2437 44 42 It
495 2437 37 42 is
565 2452 25 27 a
623 2451 97 28 case
752 2436 209 43 recorded
994 2436 57 57 by
1076 2437 62 42 M.
1175 2437 245 57 Chouppe.3
1483 2437 92 43 The
1608 2437 186 56 patient,
1827 2453 26 27 a

183 2523 101 28 man
304 2509 97 43 who
426 2509 85 43 had
534 2509 198 57 recently
750 2510 109 42 been
879 2510 48 41 in
950 2509 204 57 hospital,
1171 2509 87 43 had
1282 2510 110 43 been
1417 2509 238 44 travelling
1677 2525 57 28 on
1758 2510 94 43 foot

181 2581 45 43 in
259 2582 149 43 search
444 2583 47 42 of
522 2581 132 44 work,
688 2582 187 43 without
912 2582 113 53 food,
1052 2582 88 42 and
1177 2582 107 43 with
1324 2583 83 43 few
1441 2583 328 56 opportunities
1807 2585 47 40 of

181 2655 234 55 satisfying
440 2656 67 42 his
529 2661 123 51 great
674 2655 147 43 thirst,
843 2655 87 43 and
955 2655 86 42 had
1064 2660 47 38 at
1133 2655 155 57 length
1312 2656 117 43 sunk
1449 2656 129 43 down
1605 2661 247 39 exhausted

181 2740 55 29 on
270 2727 74 43 the
382 2728 117 43 road,
532 2729 86 41 and
657 2728 136 43 fallen
831 2728 95 43 into
964 2743 26 27 a
1027 2728 110 57 deep
1177 2729 121 42 sleep
1332 2744 47 27 or
1411 2744 135 28 coma.
1613 2731 70 41 On
1718 2730 132 57 being

184 2801 167 51 roused,
375 2801 53 43 he
452 2816 87 28 was
563 2802 136 41 found
718 2806 45 38 to
782 2801 52 43 be
853 2802 124 56 quite
1000 2802 208 55 aphasic;
1230 2802 80 42 but
1326 2802 56 44 he
1406 2802 223 57 produced
1650 2803 110 42 from
1782 2803 68 42 his

234 2933 6 20 1
272 2931 80 39 See,
370 2931 57 37 for
444 2931 182 49 example,
652 2932 205 47 Heymann
882 2932 88 49 (C),
1000 2934 21 18 "
1034 2933 76 35 Ein
1135 2932 70 37 fall
1223 2945 75 24 von
1316 2932 170 50 Aphasia
1504 2933 230 36 saturnina,"
1752 2933 97 36 Bed.

183 2992 103 37 Klin.
313 2993 131 45 Woch.,
466 2995 106 44 1865,
590 3006 35 36 p.
650 2996 78 34 195.

233 3053 14 22 2
274 3053 69 37 See
370 3053 167 37 Bernard
564 3053 76 37 and
675 3053 105 47 Fre\
818 3055 21 18 "
854 3054 76 37 Des
965 3054 169 37 troubles
1160 3067 169 25 nerveux
1365 3054 89 38 chez
1488 3054 54 38 les
1577 3054 274 47 diabe*tiques,"

182 3113 146 36 Archiv.
347 3114 41 36 de
405 3114 225 47 Neurdlogie,
648 3118 101 33 tome
766 3115 64 46 iv.,
852 3118 107 43 1882,
978 3127 35 36 p.
1034 3118 84 34 340.

230 3173 14 23 3
275 3174 161 48 Comptes
454 3175 111 36 Rend,
586 3176 43 35 de
648 3175 36 37 la
702 3175 73 37 Soc.
796 3176 40 36 de
854 3176 173 47 Biologie,
1049 3179 106 43 1892,
1176 3189 33 35 p.
1232 3180 81 33 642.
