2113 3404
360 264 84 43 148

859 276 87 32 THE
978 275 242 34 DISORDERS
1253 276 53 33 OF
1337 276 174 33 SPEECH.

361 397 176 50 France,
560 396 142 43 where
732 396 73 43 the
838 396 95 56 sign
965 400 184 52 systems
1183 411 110 29 were
1324 396 204 43 formerly
1550 410 46 29 so
1617 396 129 43 much
1767 397 45 41 in
1834 411 145 29 vogue,

361 467 75 43 the
459 471 161 39 system
643 468 45 41 of
709 466 299 57 Lip-Reading
1028 467 37 42 is
1087 480 96 29 now
1200 466 171 56 rapidly
1387 467 171 55 coming
1578 471 44 38 to
1639 466 73 43 the
1735 468 126 42 front.
1923 468 54 42 Of

361 542 147 39 recent
540 538 141 42 works
714 551 56 28 on
804 537 73 43 the
912 537 179 54 subject,
1113 551 80 28 one
1215 537 44 41 of
1289 536 74 42 the
1395 536 94 42 best
1510 536 37 43 is
1568 538 57 41 by
1647 551 25 28 a
1693 538 211 54 professor
1935 544 44 38 at

362 607 74 44 the
473 608 208 43 National
713 608 209 42 Institute
945 608 66 40 for
1032 605 281 44 Deaf-Mutes
1334 606 47 41 in
1403 606 150 43 Paris.1
1614 607 56 42 In
1691 607 86 43 this
1799 614 177 50 country

361 678 104 52 also,
496 679 122 55 rapid
639 691 194 42 progress
856 677 37 42 is
915 677 131 55 being
1070 676 121 42 made
1210 692 9 36 ;
1249 676 86 42 and
1367 690 132 42 many
1539 690 175 42 persons
1742 678 110 43 have
1873 679 106 42 been

363 755 115 37 most
494 748 282 44 successfully
793 747 170 42 trained
980 747 45 41 in
1044 746 309 56 Lip-Beading.
1404 747 318 51 Nevertheless,
1739 753 118 51 great
1873 749 106 42 diffi-

364 821 156 42 culties
542 834 70 28 are
635 823 89 37 met
745 818 106 41 with
873 818 45 40 in
941 816 74 42 the
1038 817 189 55 training
1249 817 46 41 of
1312 817 115 55 large
1450 818 228 42 numbers;
1708 819 85 41 and
1815 832 165 30 success

364 892 36 41 is
435 890 130 42 much
598 903 115 28 more
750 887 203 56 probable
985 887 125 42 when
1145 901 24 27 a
1202 886 170 43 teacher
1408 887 174 43 devotes
1618 888 178 43 himself
1828 895 153 37 almost

366 961 185 43 entirely
572 965 44 37 to
639 973 80 28 one
741 972 47 28 or
810 963 85 38 two
917 958 156 55 pupils.
1136 955 95 44 The
1252 957 209 56 language
1483 958 36 42 is
1541 959 143 55 partly
1706 960 275 42 accountable

367 1031 65 41 for
454 1030 99 42 this,
575 1029 85 42 and
692 1027 244 56 especially,
959 1028 22 40 I
1004 1027 141 51 think,
1167 1027 73 42 the
1276 1027 185 43 spelling
1494 1028 43 41 of
1572 1029 74 42 the
1682 1029 216 56 language.
1961 1031 21 40 I

366 1101 129 42 think
531 1100 38 41 it
604 1099 37 42 is
677 1098 250 42 reasonable
967 1102 43 37 to
1047 1097 167 43 believe
1250 1097 97 43 that
1386 1098 74 42 the
1502 1099 213 42 difficulty
1752 1099 141 42 would
1934 1100 50 42 be

369 1169 243 55 materially
644 1167 208 43 lessened,
885 1168 35 40 if
960 1167 207 55 phonetic
1198 1167 186 43 spelling
1415 1182 108 28 were
1555 1169 205 41 rendered
1791 1174 193 38 accurate

367 1241 86 43 and
474 1254 101 29 easy
598 1239 46 43 of
662 1238 365 56 comprehension.

499 1343 13 23 1
540 1341 175 39 Comment
734 1353 45 25 on
789 1341 77 48 fait
878 1341 124 48 parler
1020 1341 46 36 les
1084 1341 277 45 Sourds-Muets,
1378 1353 65 37 par
1461 1341 38 37 L.
1520 1341 205 49 GcKjuillot,
1745 1345 102 33 1889.
