2107 3450
265 312 87 30 THE
385 309 164 33 ACTION
582 308 55 32 OF
669 308 87 31 THE
790 307 168 31 SPliEClI
993 306 200 31 CENTRES
1227 307 44 29 IN
1308 306 227 32 INSANITY.
1647 293 86 43 205

73 437 334 52 starting-point
429 432 44 41 of
502 430 208 42 insanity.
773 428 137 42 There
933 441 140 29 seems
1096 441 57 27 no
1175 426 110 57 good
1310 440 153 28 reason
1487 425 68 42 for
1578 429 154 39 reject-

74 506 76 55 ing
172 504 139 44 either
348 504 46 41 of
421 502 123 43 these
576 507 308 50 suppositions.
950 499 44 42 It
1017 513 140 28 seems
1180 504 124 50 quite
1328 497 208 56 probable
1560 497 96 42 that
1686 497 44 41 in

74 591 117 28 some
230 589 117 30 cases
382 573 344 42 hallucinations
761 572 45 41 in
847 571 74 43 the
961 570 355 56 speech-centres
1354 583 72 28 are
1459 568 175 43 excited
1672 569 58 56 by

75 648 220 42 delusions
351 648 45 40 in
446 646 73 42 the
565 645 136 42 mind,
734 644 86 42 and
869 644 97 42 that
1009 644 48 40 in
1103 642 149 43 others
1296 641 225 43 delusions
1565 641 47 41 in
1656 641 75 43 the

73 720 121 41 mind
233 733 71 28 are
338 717 172 44 excited
549 717 57 42 by
640 716 346 42 hallucinations
1020 716 45 41 in
1100 715 74 42 the
1208 718 367 53 speech-centres.
1639 713 92 44 The

73 790 217 43 tendency
336 791 45 41 of
418 790 87 42 late
543 789 78 43 has
661 789 109 43 been
808 793 44 37 to
893 788 187 42 concede
1119 792 44 38 to
1204 787 74 43 the
1316 787 353 43 speech-centres
1709 801 24 28 a

71 862 192 56 position
292 862 86 43 less
410 861 305 43 immediately
738 861 87 42 and
859 860 177 56 strictly
1060 860 254 57 dependent
1347 874 118 42 upon
1500 859 75 43 the
1607 859 125 43 mind

72 933 86 42 and
197 933 329 43 consciousness
559 933 108 42 than
700 933 105 43 they
842 947 110 28 were
985 931 258 58 previously
1278 931 221 57 supposed
1532 936 44 38 to
1614 931 117 44 hold.

72 1006 129 43 Their
237 1020 168 42 powers
449 1006 45 42 of
531 1006 170 57 storing
736 1021 61 41 up
837 1006 74 43 the
950 1006 164 56 images
1153 1006 47 42 of
1236 1005 141 42 words
1415 1004 87 43 and
1537 1019 113 28 even
1688 1005 46 43 of

73 1077 189 56 phrases,
287 1077 85 42 and
402 1078 45 42 of
479 1077 243 57 producing
755 1077 124 43 these
909 1076 333 44 automatically
1265 1090 47 28 or
1335 1076 57 56 by
1416 1079 106 49 rote,
1545 1075 190 44 without

73 1150 74 43 the
181 1151 142 43 active
356 1151 300 42 co-operation
690 1150 43 42 of
771 1150 75 43 the
885 1151 345 42 consciousness,
1263 1149 112 42 have
1414 1149 45 41 of
1494 1148 89 43 late
1621 1149 112 43 been

73 1222 190 43 brought
277 1222 94 42 into
387 1227 148 51 pretty
550 1231 152 47 strong
717 1222 143 42 relief;
886 1237 47 27 so
952 1222 97 42 that
1065 1236 63 28 we
1144 1236 97 28 now
1258 1221 106 43 hear
1378 1234 120 28 more
1514 1220 45 42 of
1577 1220 154 44 Keflex

72 1294 87 43 and
176 1294 259 43 Automatic
454 1294 167 56 Speech
640 1294 108 42 than
768 1309 62 27 we
853 1293 76 45 did
953 1308 120 29 some
1095 1308 126 42 years
1240 1308 89 28 ago.
1395 1293 154 43 Reflex
1573 1294 159 43 speech

72 1369 35 41 is
126 1381 110 37 now,
252 1366 168 53 indeed,
439 1367 237 42 attracting
691 1367 75 42 the
784 1367 220 42 attention
1023 1367 47 41 of
1086 1381 132 27 many
1237 1365 204 43 students
1460 1366 46 41 of
1520 1365 208 44 insanity.

71 1440 45 42 It
153 1439 37 42 is
233 1453 46 28 so
319 1438 250 57 frequently
608 1439 229 42 exhibited
880 1439 57 55 by
976 1438 165 43 certain
1176 1438 160 42 classes
1375 1438 47 41 of
1464 1437 74 43 the
1575 1438 155 44 insane

73 1511 95 43 that
193 1511 21 41 I
239 1510 130 42 think
402 1511 38 41 it
464 1510 90 42 will
588 1511 51 42 be
666 1510 98 43 well
798 1514 45 38 to
876 1511 139 42 insert
1047 1510 105 42 here
1186 1525 25 27 a
1242 1510 84 42 few
1351 1510 144 42 words
1529 1510 137 43 about
1698 1511 36 42 it

72 1582 221 55 specially.

131 1728 184 41 Eeflex
348 1738 96 31 and
475 1726 275 43 Automatic
783 1727 157 42 Forms
974 1738 54 31 of
1063 1727 188 43 Speech,
1283 1737 249 32 exhibited
1565 1738 57 32 by
1658 1728 76 43 In-

71 1810 115 32 sane
236 1796 382 59 Patients.—(1.)
660 1799 393 43 Echolalia.—The
1098 1799 203 43 simplest
1348 1799 111 42 form
1504 1800 45 42 of
1600 1801 135 44 reflex

71 1872 157 56 speech
261 1871 37 43 is
331 1870 237 43 Echolalia.
633 1871 64 43 As
734 1886 62 28 we
828 1871 114 43 have
976 1871 179 57 already
1188 1886 114 36 seen,
1334 1871 216 44 echolalia
1586 1872 38 44 is
1659 1888 75 29 ex-

71 1944 170 43 hibited
276 1944 57 56 by
366 1943 60 42 all
458 1943 184 56 healthy
666 1944 198 42 children
889 1950 45 36 at
961 1959 23 27 a
1013 1945 166 42 certain
1215 1948 121 38 stage
1368 1944 47 42 in
1451 1944 74 44 the
1559 1960 174 42 process

74 2017 43 42 of
140 2016 198 43 learning
362 2022 42 35 to
428 2015 145 56 speak.
628 2016 84 42 We
735 2016 111 42 have
870 2016 90 42 also
985 2031 101 28 seen
1112 2016 98 42 that
1240 2016 38 42 it
1309 2016 39 43 is
1381 2017 121 42 often
1534 2020 200 42 retained

73 2087 305 58 permanently
404 2088 56 55 by
485 2087 109 43 such
617 2087 226 44 imbeciles
866 2103 47 28 as
937 2087 112 44 have
1073 2103 133 29 never
1237 2093 76 52 got
1343 2089 173 56 beyond
1543 2090 72 43 the
1639 2092 95 42 first

74 2167 119 37 steps
223 2160 47 43 of
299 2159 97 43 that
428 2174 183 41 process.
678 2161 44 41 It
755 2165 187 38 consists
975 2160 164 57 simply
1162 2161 46 41 in
1234 2161 73 42 the
1331 2161 220 43 echo-like
1574 2164 160 42 repeti-

76 2233 92 42 tion
202 2232 44 43 of
280 2231 139 43 words
453 2231 97 43 that
581 2231 113 43 have
712 2232 95 56 just
830 2233 110 42 been
963 2232 144 43 heard.
1172 2233 121 43 They
1317 2247 71 29 are
1412 2235 323 57 mechanically

74 2304 202 45 repeated
315 2318 46 28 as
398 2303 177 49 sounds,
608 2304 188 42 without
829 2319 87 42 any
949 2309 191 52 attempt
1177 2305 132 57 being
1347 2306 128 43 made
1508 2312 44 37 to
1586 2309 149 42 attach

76 2377 226 43 meanings
326 2381 43 38 to
393 2376 132 44 them.
590 2376 147 57 Every
760 2381 148 51 parrot
931 2376 97 43 that
1051 2377 158 43 speaks
1233 2377 102 43 does
1359 2392 47 29 so
1430 2379 56 56 by
1511 2380 224 44 echolalia.

76 2450 116 43 Only
216 2464 24 28 a
273 2450 83 41 few
380 2453 168 52 parrots
576 2449 45 42 of
654 2463 103 41 very
791 2449 198 56 superior
1021 2449 283 57 intelligence
1328 2449 91 58 (see
1443 2451 183 44 Darwin
1650 2454 87 42 and

76 2521 164 44 others)
273 2522 112 42 have
418 2520 264 57 apparently
716 2521 226 44 advanced
972 2536 24 28 a
1026 2528 96 50 step
1148 2522 184 53 further,
1354 2537 47 29 so
1424 2537 48 29 as
1496 2528 44 39 to
1563 2524 52 44 be
1638 2526 100 43 able

75 2600 44 37 to
142 2594 148 43 attach
316 2594 74 42 the
414 2594 119 56 right
558 2594 226 56 meanings
818 2598 43 38 to
895 2609 25 28 a
953 2594 84 43 few
1061 2596 48 41 of
1136 2595 115 43 their
1275 2596 141 43 words
1447 2597 86 43 and
1561 2612 175 30 expres-

76 2667 127 43 sions.
265 2666 161 44 Words
449 2666 86 42 and
558 2666 179 56 phrases
761 2666 178 43 learned
972 2667 59 56 by
1055 2667 215 43 echolalia
1292 2682 73 29 are
1392 2670 208 55 repeated
1633 2671 57 57 by
1714 2686 25 28 a

77 2745 148 49 parrot
247 2738 344 57 automatically,
614 2738 128 43 when
767 2738 35 42 it
824 2737 36 45 is
885 2739 44 42 in
954 2739 137 57 lively
1114 2739 198 44 humour.

140 2812 40 40 If
205 2825 63 28 we
292 2811 107 42 wish
426 2818 42 35 to
504 2811 103 43 hear
641 2811 229 43 Echolalia
904 2811 219 56 practised
1153 2812 59 57 by
1236 2812 76 44 the
1339 2813 168 52 insane,
1531 2828 64 30 we
1619 2821 120 38 must

78 2898 52 41 go
164 2889 42 36 to
240 2897 116 29 cases
389 2883 144 43 where
567 2883 73 43 the
675 2883 122 43 mind
821 2884 35 43 is
879 2883 223 57 decayed;
1134 2885 45 42 in
1203 2885 127 43 other
1353 2886 154 52 words,
1532 2902 62 28 we
1619 2894 120 37 must

78 2968 53 43 go
166 2961 42 36 to
241 2968 118 30 cases
391 2956 44 42 of
473 2955 248 44 Dementia.
802 2956 52 41 In
894 2955 60 43 all
993 2956 135 43 forms
1161 2958 47 41 of
1243 2957 235 53 dementia,
1511 2959 228 44 Echolalia

80 3027 37 43 is
142 3041 209 28 common.
416 3027 54 42 In
494 3041 74 42 my
591 3032 149 38 recent
765 3028 127 43 visits
914 3032 46 38 to
983 3028 76 43 the
1083 3029 141 57 Royal
1248 3030 262 57 Edinburgh
1533 3031 206 53 Asylum,

80 3097 23 43 I
126 3097 137 43 found
286 3098 36 42 it
345 3099 212 55 typically
582 3099 228 44 exhibited
843 3100 58 57 by
924 3115 83 28 one
1030 3102 45 41 of
1109 3102 75 43 the
1210 3104 197 55 patients
1430 3104 98 43 who
1553 3119 87 29 was
1665 3105 74 44 the

79 3170 171 55 subject
272 3171 46 41 of
337 3170 250 43 adolescent
609 3172 232 42 dementia.
909 3173 20 42 I
968 3187 101 43 may
1094 3175 111 42 refer
1242 3175 129 56 again
1396 3180 44 38 to
1465 3176 75 43 the
1567 3177 174 43 subject
