1895 3217
1468 305 58 41 45

736 316 237 35 MONKEYS.

157 456 184 46 process^
381 439 344 62 (consequently
748 445 79 40 the
860 454 194 30 muscles
1083 439 149 45 which
1267 439 114 46 arise
1417 439 112 47 from

157 527 125 37 these
306 533 218 46 processes
547 516 48 46 in
617 532 123 39 man,
765 516 117 46 have
906 532 27 29 a
956 515 208 47 different
1192 516 178 62 origin.)
1432 517 98 46 The

157 598 134 44 bones
326 595 49 47 of
401 601 78 40 the
512 611 106 30 nose
652 611 118 30 were
804 594 157 62 placed
993 593 219 63 perfectly
1242 594 82 46 flat
1359 610 57 30 on
1449 595 79 45 the

156 672 108 55 face,
291 688 45 31 so
361 688 48 30 as
433 679 78 39 not
534 679 46 39 to
604 673 55 45 be
683 672 158 46 visible
864 672 49 45 in
936 678 78 39 the
1037 670 153 63 profile
1214 670 49 47 of
1285 678 80 39 the
1389 672 135 54 skull,

157 751 89 44 and
270 757 78 39 the
371 750 249 46 triangular
642 749 191 62 opening
856 765 94 29 was
975 748 200 46 circular.
1246 750 98 45 The
1369 765 159 30 supra-

155 828 245 60 maxillary
433 828 136 45 bones
614 826 224 62 projected
878 825 311 62 considerably
1222 827 182 45 beyond
1448 827 80 45 the

155 906 279 43 remarkable
466 905 162 46 orbiter
657 919 173 46 process
861 903 50 46 of
937 904 78 45 the
1046 903 163 46 frontal
1241 905 129 54 bone,
1395 904 134 62 being

155 982 79 45 the
257 980 112 47 form
393 980 50 47 of
468 982 79 45 the
569 982 138 46 lower
735 987 103 55 part
862 979 50 48 of
936 981 79 45 the
1038 982 114 45 bone
1174 997 158 30 nearer
1354 988 46 40 to
1424 983 103 45 that

156 1058 50 45 of
237 1059 297 60 quadrupeds.
618 1059 98 46 The
754 1059 137 45 lower
929 1058 96 62 jaw
1065 1073 94 31 was
1200 1065 200 40 stronger
1438 1061 91 45 and

156 1137 266 45 narrower.”

223 1214 99 45 The
345 1229 199 46 superior
565 1212 243 63 maxillary
832 1215 135 44 bones
990 1213 49 46 in
1062 1229 108 30 man
1198 1230 74 30 are
1297 1214 159 46 united
1480 1221 45 39 to

158 1291 108 44 each
290 1298 140 38 other,
456 1291 90 46 and
569 1297 180 39 contain
771 1297 80 39 the
875 1291 145 45 whole
1044 1289 50 47 of
1110 1297 76 39 the
1210 1307 141 44 upper
1367 1292 127 45 teeth
1513 1309 12 37 ;

156 1367 82 44 but
262 1367 46 44 in
332 1374 118 38 most
474 1368 51 45 of
549 1374 78 38 the
650 1368 292 54 mammalise,
967 1374 113 54 they
1104 1383 74 29 are
1206 1369 233 59 separated
1463 1371 63 59 by

154 1459 28 28 a
214 1443 123 46 third
370 1444 112 45 bone
517 1442 50 48 of
593 1459 26 30 a
650 1459 155 30 wedge
840 1459 152 46 shape,
1025 1444 150 45 which
1209 1451 203 39 contains
1447 1446 78 44 the

154 1520 160 46 incisor
346 1521 139 45 teeth.
554 1520 310 47 Blumenbach
887 1521 167 45 named
1075 1521 93 45 this
1199 1528 79 38 the
1307 1536 45 30 os
1381 1522 142 45 inter-

155 1597 248 46 maxillare.
445 1597 250 62 According
717 1603 46 40 to
786 1604 103 39 that
912 1604 261 47 anatomist,
1199 1598 90 45 and
1313 1599 207 46 Camper,

154 1674 35 45 it
220 1674 36 45 is
286 1673 139 48 found
453 1675 48 45 in
529 1681 79 40 the
638 1676 80 45 red
746 1690 165 46 orang;
953 1676 217 52 whereas,
1209 1676 233 62 according
1475 1684 60 38 to-

157 1752 153 61 Tyson
334 1752 91 46 and
447 1753 290 54 Daubenton,
763 1752 37 46 it
825 1768 93 30 was
941 1758 80 40 not
1053 1767 103 31 seen
1192 1752 45 45 in
1268 1759 79 39 the
1377 1753 144 46 chim-

152 1845 183 43 panzee,
372 1845 47 30 or
451 1830 131 45 black
613 1845 163 46 orang;
812 1845 81 29 nor
927 1829 102 47 does
1058 1830 68 45 Dr
1161 1830 125 45 Trail
1315 1831 205 46 mention

151 1906 168 62 having
342 1906 212 46 observed
577 1907 37 45 it
637 1907 47 45 in
701 1913 80 39 the
799 1922 225 30 specimen
1043 1906 149 46 which
1210 1906 56 46 he
1286 1907 233 47 dissected.

211 1984 97 44 The
346 1984 131 44 brute
517 1982 138 46 face,”
692 1998 105 45 says
834 1983 253 52 Lawrence,
1129 1988 30 20 ‘‘
1189 1983 38 45 is
1260 1999 173 45 merely
1461 2000 60 30 an

153 2060 288 54 instrument,
468 2059 195 46 adapted
686 2065 46 39 to
763 2074 182 46 procure
968 2059 90 45 and
1081 2075 184 45 prepare
1288 2059 115 56 food,
1429 2064 91 44 and

152 2136 123 46 often
306 2153 27 28 a
357 2152 185 30 weapon
567 2135 51 47 of
643 2135 166 46 offence
838 2136 91 45 and
957 2136 191 46 defence.
1220 2138 97 45 The
1345 2138 174 47 human

152 2220 302 39 countenance
487 2213 37 46 is
559 2228 58 30 an
652 2228 134 46 organ
820 2212 51 47 of
907 2229 269 45 expression,
1213 2230 60 30 an
1312 2218 207 44 outward

148 2291 137 45 index
316 2291 49 46 of
391 2291 125 45 what
546 2306 150 45 passes
726 2290 48 46 in
801 2291 78 45 the
907 2292 118 60 busy
1049 2292 140 45 world
1212 2291 176 46 within.
1460 2295 54 44 In

147 2374 78 39 the
245 2368 183 53 animal,
454 2374 78 39 the
555 2367 235 46 elongated
814 2368 90 45 and
926 2383 175 30 narrow
1118 2368 118 62 jaws
1261 2369 114 46 with
1398 2372 120 44 their

146 2460 205 38 muscles,
387 2444 114 45 with
539 2444 118 46 their
701 2445 133 60 sharp
874 2451 175 56 cutting
1085 2452 142 48 teeth,
1260 2462 48 30 or
1341 2454 174 55 strong-

147 2522 183 60 pointed
353 2521 89 46 and
466 2521 260 47 formidable
756 2520 140 63 fangs,
930 2537 203 47 compose
1163 2524 79 46 the
1271 2523 128 56 face;
1435 2526 79 45 the

147 2599 118 53 chin,
290 2599 99 61 lips,
416 2599 175 55 cheeks,
617 2614 243 46 eyebrows,
893 2601 91 46 and
1012 2599 223 55 forehead,
1269 2617 74 30 are
1372 2609 141 39 either
