2113 3404
919 269 86 31 THE
1038 270 240 34 DISORDERS
1310 272 53 32 OF
1394 273 172 34 SPEECH.

434 249 87 43 434

497 382 79 43 Let
598 398 50 29 us
671 399 110 40 now,
803 387 112 44 from
938 403 24 28 a
985 403 117 30 more
1121 390 172 57 strictly
1317 392 173 43 clinical
1513 393 85 42 and
1631 393 207 56 practical
1859 393 124 56 point
2004 394 44 41 of

436 451 122 53 view,
581 456 212 53 consider,
825 459 65 42 for
925 473 25 29 a
987 465 205 48 moment,
1214 461 74 43 the
1328 463 147 43 effects
1513 464 47 41 of
1592 478 197 41 pressure
1827 478 117 28 upon
1975 464 73 42 the

435 523 135 42 trunk
593 525 44 41 of
660 526 72 43 the
753 534 223 38 recurrent
1009 544 143 30 nerve.
1212 531 64 43 As
1309 546 24 28 a
1355 532 167 56 typical
1553 533 209 55 example,
1784 533 62 42 let
1875 547 51 28 us
1948 533 101 43 take

436 606 26 29 a
483 607 96 30 case
601 596 47 41 of
663 596 237 45 Aneurism
923 600 46 41 of
987 600 75 42 the
1089 599 120 44 Arch
1233 602 46 41 of
1307 602 75 42 the
1406 601 149 43 Aorta,
1576 602 107 42 with
1706 617 194 40 pressure
1932 617 116 41 upon

435 664 76 42 the
533 665 83 43 left
638 674 221 38 recurrent
889 684 142 28 nerve.
1093 671 55 41 In
1170 672 75 42 the
1277 685 150 29 course
1460 673 47 41 of
1535 673 107 41 such
1674 687 24 27 a
1731 685 109 38 case,
1861 673 119 42 there
2010 673 38 42 is

436 738 260 56 apparently
713 739 162 56 always
897 755 24 27 a
944 741 95 42 first
1057 745 132 51 stage,
1206 741 159 55 during
1388 742 141 42 which
1552 743 73 42 the
1646 743 209 56 paralysis
1879 744 170 53 betrays

435 805 125 43 itself
579 808 57 55 by
658 823 56 29 no
746 815 221 50 symptom
1001 811 230 51 whatever,
1264 816 168 51 except,
1453 813 37 41 it
1519 827 99 41 may
1640 814 65 42 be,
1726 828 25 28 a
1782 827 102 42 very
1918 815 133 55 slight

435 876 229 44 alteration
688 881 43 40 of
753 881 74 42 the
850 881 131 42 voice.
1043 881 102 42 This
1166 881 36 42 is
1226 882 74 42 the
1321 886 119 38 stage
1461 887 45 37 at
1525 883 154 43 which,
1700 898 46 28 as
1767 889 84 50 yet,
1875 884 117 42 there
2014 885 36 41 is

437 947 104 55 only
573 949 210 54 paralysis
815 951 47 41 of
890 951 73 41 the
995 951 206 42 abductor
1232 951 172 51 muscle,
1450 952 183 42 without
1663 953 208 55 paralysis
1903 954 45 41 of
1975 954 74 42 the

436 1017 241 45 adductors.
742 1021 43 41 If
806 1021 73 42 the
901 1021 169 54 patient
1091 1021 52 42 be
1176 1021 228 42 examined
1437 1022 105 42 with
1573 1023 74 42 the
1678 1023 305 56 laryngoscope
2005 1029 44 36 at

436 1088 89 42 this
547 1094 131 51 stage,
700 1091 74 42 the
795 1091 81 42 left
907 1092 100 41 cord
1038 1092 37 42 is
1107 1092 135 41 found
1274 1092 113 42 fixed
1418 1106 103 28 near
1552 1093 73 42 the
1656 1094 171 41 median
1858 1094 191 42 line—in

436 1157 76 43 the
549 1159 190 54 position
769 1160 36 42 it
836 1161 146 55 ought,
1013 1161 225 55 normally,
1280 1166 44 37 to
1356 1175 163 42 occupy
1561 1162 102 56 only
1704 1163 155 55 during
1890 1163 159 55 phona-

436 1229 103 42 tion.
603 1231 45 41 It
678 1232 186 42 remains
886 1232 121 42 there
1029 1246 109 28 even
1170 1232 137 42 when,
1329 1246 54 28 on
1417 1233 72 41 the
1522 1234 166 53 patient
1720 1233 149 55 taking
1897 1247 24 28 a
1951 1233 100 56 long

435 1299 164 53 breath,
622 1302 74 42 the
718 1302 196 55 opposite
937 1302 100 42 cord
1058 1302 36 42 is
1117 1302 214 42 abducted
1365 1307 43 37 to
1430 1302 56 42 its
1515 1303 82 40 full
1629 1316 158 29 extent.
1850 1303 44 41 It
1914 1317 135 28 seems

435 1373 45 39 to
502 1370 53 43 be
576 1370 75 43 the
673 1376 100 38 tone
796 1373 43 41 of
862 1372 73 42 the
958 1373 249 54 unopposed
1230 1372 210 42 adductor
1464 1372 183 42 muscles
1674 1372 95 42 that
1791 1373 100 42 thus
1921 1373 130 55 keeps

435 1441 75 42 the
533 1441 100 42 cord
655 1442 44 42 of
720 1442 74 42 the
816 1443 180 41 affected
1019 1443 91 42 side
1137 1443 113 42 fixed
1282 1443 301 55 permanently
1605 1443 45 41 in
1676 1444 71 40 the
1779 1443 187 55 position
1988 1443 64 41 for

435 1512 251 54 phonation.
766 1513 54 41 In
863 1513 87 42 this
993 1516 129 52 stage,
1166 1514 72 41 the
1280 1513 121 42 voice
1442 1513 37 42 is
1511 1513 177 50 normal,
1724 1527 46 28 or
1811 1513 101 53 only
1950 1527 100 41 very

436 1582 181 56 slightly
648 1583 187 43 altered;
867 1584 84 41 and
983 1583 121 43 there
1134 1583 37 42 is
1204 1598 54 27 no
1290 1583 216 42 difficulty
1533 1584 46 41 of
1606 1584 236 55 breathing,
1873 1584 178 41 because

435 1653 75 41 the
533 1654 122 42 other
676 1658 132 51 "gate
831 1654 46 42 of
905 1655 74 41 the
1001 1654 182 55 glottis"
1204 1654 35 42 is
1262 1668 110 41 open
1403 1654 157 55 during
1580 1654 264 55 respiration,
1866 1654 83 41 and
1971 1668 79 27 can

436 1724 52 42 be
511 1738 152 42 swung
685 1739 110 40 open
819 1728 42 38 to
884 1724 74 42 the
979 1724 149 42 fullest
1157 1728 150 38 extent
1337 1724 127 42 when
1486 1738 24 28 a
1540 1725 100 41 long
1671 1724 149 42 breath
1841 1724 37 41 is
1908 1724 141 41 taken.

437 1794 56 41 In
525 1794 99 42 fact,
656 1795 88 41 this
776 1800 122 36 stage
930 1795 47 40 of
1004 1800 220 36 recurrent
1255 1793 210 56 paralysis
1498 1808 77 28 can
1608 1793 103 42 only
1744 1794 52 41 be
1822 1792 228 56 diagnosed

438 1865 108 41 with
569 1865 74 42 the
666 1865 70 41 aid
759 1865 45 41 of
822 1864 74 42 the
913 1864 321 56 laryngoscope.

496 1935 127 43 With
645 1935 235 42 continued
903 1935 85 42 and
1009 1935 243 56 increasing
1283 1948 195 42 pressure
1501 1948 115 41 upon
1648 1934 74 42 the
1753 1947 128 28 nerve
1910 1933 142 50 trunk,

437 2007 121 42 there
592 2007 49 50 is,
663 2006 257 55 by-and-by,
943 2006 235 42 developed
1215 2005 72 42 the
1320 2005 156 42 second
1509 2018 129 41 stage,
1662 2003 312 43 characterized
1995 2003 58 55 by

438 2078 74 41 the
545 2077 196 42 addition
776 2077 44 41 of
851 2076 209 42 adductor
1097 2076 212 55 paralysis
1344 2080 43 37 to
1425 2075 74 42 the
1530 2088 173 42 already
1725 2073 186 55 existing
1932 2087 120 41 para-

438 2148 107 56 lysis
587 2148 44 41 of
673 2147 245 42 abduction.
1001 2147 54 41 In
1097 2147 88 41 this
1228 2151 130 51 stage,
1401 2145 73 42 the
1525 2145 97 41 cord
1666 2144 44 42 of
1760 2144 73 42 the
1874 2143 178 42 affected

440 2219 92 42 side
563 2219 37 41 is
622 2232 56 28 no
709 2217 149 43 longer
879 2217 218 43 stretched
1119 2231 103 28 near
1250 2216 74 42 the
1347 2216 171 42 median
1548 2215 194 42 line—in
1774 2214 73 42 the
1869 2218 183 51 position

440 2290 66 42 for
542 2293 360 52 phonation,—as
939 2288 36 42 it
1007 2302 86 28 was
1129 2288 47 41 in
1214 2287 72 42 the
1318 2287 94 42 first
1443 2299 127 43 stage.
1632 2285 89 42 The
1762 2289 101 37 tone
1899 2283 45 43 of
1980 2284 73 41 the

440 2360 209 42 adductor
682 2359 187 42 muscles
901 2358 144 42 which
1075 2358 107 42 kept
1212 2358 34 41 it
1278 2357 120 42 there
1433 2356 128 42 being
1594 2370 96 27 now
1722 2355 97 51 lost,
1850 2354 73 42 the
1955 2353 101 42 cord

440 2433 102 42 falls
563 2431 111 43 back
697 2430 111 42 from
830 2429 74 41 the
936 2428 163 41 middle
1129 2428 90 41 line
1251 2427 92 42 into
1377 2427 72 42 the
1472 2429 20 20 "
1510 2426 220 42 cadaveric
1750 2424 187 56 position
1950 2423 106 42 "—a

441 2502 190 56 position
652 2500 189 42 midway
864 2499 195 41 between
1081 2497 97 41 that
1202 2497 44 42 of
1263 2496 232 42 adduction
1516 2495 84 41 and
1623 2495 95 41 that
1739 2495 46 41 of
1802 2494 228 41 abduction
2048 2509 8 35 ;

441 2572 145 42 —and
622 2571 119 42 there
775 2570 37 40 it
845 2569 80 41 lies
958 2567 234 42 immobile,
1224 2567 105 41 both
1367 2566 156 54 during
1549 2564 239 55 attempted
1819 2578 235 41 phonation

442 2644 87 43 and
565 2641 156 54 during
759 2640 107 54 deep
903 2637 268 43 inspiration.
1254 2636 146 42 When
1442 2635 72 43 the
1554 2635 169 55 patient
1764 2639 206 49 attempts
2012 2638 44 37 to

441 2728 205 42 phonate,
671 2711 72 42 the
765 2709 100 43 cord
888 2708 43 42 of
964 2707 74 43 the
1061 2711 193 51 opposite
1286 2706 91 42 side
1409 2705 37 42 is
1478 2705 191 55 strongly
1693 2704 236 52 adducted;
1960 2703 98 50 and,

440 2787 48 42 in
509 2786 58 41 its
593 2784 125 43 effort
749 2787 43 37 to
816 2784 114 39 meet
960 2780 58 42 its
1050 2777 228 57 paralyzed
1312 2778 250 55 neighbour,
1584 2777 36 41 it
1650 2791 107 28 even
1791 2789 160 29 crosses
1983 2776 73 41 the

443 2855 163 43 middle
628 2854 103 42 line,
754 2866 45 29 so
828 2865 46 28 as
906 2854 44 38 to
983 2849 120 43 leave
1136 2849 79 41 but
1246 2862 25 28 a
1303 2862 164 28 narrow
1499 2847 186 42 interval
1717 2847 191 42 between
1938 2845 120 42 itself

442 2927 87 43 and
567 2926 76 42 the
679 2921 229 58 paralyzed
941 2920 110 43 cord.
1115 2919 89 42 The
1235 2918 186 42 interval
1455 2918 35 42 is
1523 2917 265 54 sufficiently
1818 2929 162 29 narrow
2012 2919 43 37 to

443 2995 154 45 enable
636 2994 74 42 the
746 2992 174 56 patient
956 2996 43 37 to
1036 2990 210 56 whisper;
1288 2990 99 56 and,
1424 2990 46 42 in
1508 2989 72 43 the
1623 2989 194 55 whisper,
1857 2989 121 42 there
2018 2988 38 41 is

442 3063 223 59 generally
688 3076 23 27 a
734 3059 139 44 feeble
895 3058 119 44 vocal
1039 3058 187 44 element
1246 3058 83 43 due
1352 3063 43 38 to
1429 3057 72 44 the
1524 3057 121 44 vocal
1666 3058 215 42 vibration
1914 3056 46 42 of
1983 3055 71 43 the
