2125 3524
838 265 87 30 THE
959 265 244 34 DISOHDEKS
1235 269 53 30 OF
1318 269 173 32 SFEECII.

354 250 54 41 30

354 377 224 47 literature
602 382 44 42 of
669 383 72 43 the
773 385 178 55 subject,
974 386 96 42 that
1092 401 71 42 my
1187 388 118 43 chief
1322 389 272 43 conclusions
1617 390 83 44 had
1733 392 104 43 been
1870 394 96 58 long

357 452 264 56 anticipated
643 454 57 56 by
722 455 168 53 others;
927 457 90 49 but,
1038 457 206 56 knowing
1278 458 93 42 that
1402 459 72 41 the
1506 459 168 54 subject
1704 461 36 42 is
1772 462 90 42 still
1894 464 76 43 but

357 520 115 45 little
495 525 173 42 studied
692 527 55 54 by
770 526 73 42 the
875 527 239 55 profession
1144 533 45 36 at
1220 528 127 55 large,
1371 529 20 41 I
1427 528 109 43 have
1567 530 106 42 been
1707 535 260 40 encouraged

360 600 43 36 to
427 595 121 43 write
571 596 88 42 this
680 611 134 41 paper
835 598 57 54 by
915 597 73 42 the
1011 598 110 54 hope
1145 598 95 42 that
1261 612 24 27 a
1308 599 117 54 plain
1449 605 233 38 statement
1703 603 46 40 of
1768 603 71 41 the
1862 604 105 43 facts

358 679 101 42 may
482 667 152 41 render
654 667 37 41 it
711 667 187 55 possible
921 668 65 41 for
1007 669 301 53 practitioners
1328 670 222 54 generally
1572 675 43 37 to
1638 672 235 43 undertake
1897 674 70 43 the

356 739 234 39 treatment
607 737 45 41 of
670 738 288 54 stammering.
1022 738 45 41 It
1082 738 36 42 is
1141 752 24 27 a
1179 739 167 55 subject
1367 739 45 42 of
1434 753 101 42 very
1551 747 120 48 great
1693 741 272 42 importance.

357 807 55 41 So
437 821 129 41 many
584 812 205 37 stammer
803 808 203 54 severely,
1024 809 96 41 that
1133 809 36 41 it
1182 809 35 42 is
1232 810 207 54 probably
1455 824 54 28 no
1526 812 296 55 exaggeration
1839 817 42 37 to
1896 827 73 42 say

358 877 96 41 that
476 877 74 41 the
571 877 227 42 sum-total
824 878 47 40 of
898 878 295 54 unhappiness
1224 879 194 42 inflicted
1450 894 115 40 upon
1589 895 24 27 a
1635 882 151 53 people
1808 882 55 54 by
1885 884 85 42 this

358 946 138 56 single
518 947 142 41 defect
681 947 36 41 is
739 951 76 37 not
836 947 130 41 much
989 947 84 42 less
1096 947 105 42 than
1227 949 97 41 that
1355 949 217 54 produced
1595 950 57 55 by
1674 951 58 41 all
1759 951 72 42 the
1853 952 119 42 other

357 1016 327 56 derangements
708 1017 45 40 of
771 1016 156 55 speech
948 1021 80 49 put
1049 1017 205 54 together.
1316 1018 63 42 At
1401 1019 72 42 the
1496 1034 115 28 same
1633 1021 115 41 time,
1762 1021 22 41 I
1807 1036 68 27 am
1897 1028 74 36 not

357 1085 185 42 without
563 1085 111 55 hope
691 1085 97 42 that
808 1085 73 42 the
904 1085 310 56 physiological
1236 1087 214 54 alphabet,
1468 1095 123 47 apart
1607 1090 107 40 from
1730 1091 54 40 its
1799 1091 172 56 bearing

357 1169 117 41 upon
509 1155 293 55 stammering,
825 1169 98 40 may
945 1155 53 42 be
1031 1155 44 42 of
1109 1155 126 43 value
1270 1158 63 39 for
1365 1158 271 41 educational
1673 1173 214 41 purposes.
1951 1164 19 40 I

359 1241 69 27 am
451 1241 98 28 sure
571 1227 196 41 children
791 1226 141 41 would
955 1226 117 41 learn
1096 1226 114 42 their
1233 1227 204 54 alphabet
1459 1243 115 27 more
1597 1230 147 54 easily,
1759 1231 36 39 if
1813 1231 35 40 it
1865 1245 106 29 were

360 1298 264 41 interpreted
659 1302 44 37 to
737 1297 120 42 them
892 1297 109 41 from
1035 1297 75 42 the
1144 1297 236 55 beginning
1417 1312 53 27 on
1515 1299 310 55 physiological
1858 1302 114 53 prin-

360 1369 147 42 ciples.
570 1369 103 41 And
706 1369 22 41 I
761 1368 111 55 hope
901 1367 284 55 particularly
1207 1368 96 41 that
1329 1368 73 42 the
1433 1369 309 56 physiological
1774 1372 200 40 alphabet

361 1454 99 40 may
481 1453 132 42 prove
636 1439 44 41 of
701 1439 127 41 value
849 1439 45 40 in
918 1438 72 41 the
1013 1438 227 41 education
1263 1439 44 40 of
1328 1439 271 42 deaf-mutes.

421 1510 195 42 Further,
639 1510 22 41 I
693 1510 112 54 hope
827 1513 44 40 to
893 1522 51 41 go
967 1523 67 37 on,
1055 1509 45 40 in
1124 1509 145 41 future
1300 1523 165 40 papers,
1482 1514 43 37 to
1558 1510 73 42 the
1662 1511 310 42 consideration

361 1581 44 40 of
427 1580 73 42 the
523 1581 122 41 other
667 1581 327 41 derangements
1012 1579 47 40 of
1077 1578 166 55 speech,
1260 1579 92 49 viz.,
1368 1579 122 42 those
1509 1580 140 41 which
1672 1595 69 27 are
1763 1582 211 53 produced

360 1650 60 55 by
450 1650 212 42 defective
695 1649 315 54 development,
1031 1648 85 41 and
1138 1648 57 54 by
1217 1647 163 43 disease
1404 1649 44 40 of
1469 1649 74 41 the
1574 1663 185 28 nervous
1791 1654 183 48 system;

361 1720 99 42 and,
482 1720 100 41 here
605 1720 137 55 again,
759 1719 23 41 I
805 1733 66 27 am
892 1717 194 56 strongly
1104 1718 44 41 of
1165 1718 190 54 opinion,
1372 1718 95 41 that
1481 1719 73 41 the
1570 1732 104 41 very
1693 1719 95 41 best
1801 1719 173 42 method

361 1791 47 40 of
426 1789 198 55 entering
645 1803 116 27 upon
784 1788 73 41 the
881 1787 318 42 consideration
1221 1787 44 41 of
1284 1787 105 41 such
1408 1801 23 27 a
1447 1788 281 54 complicated
1751 1789 166 54 subject
1938 1790 35 41 is

361 1865 43 36 to
426 1858 126 42 begin
577 1863 44 36 at
642 1857 73 42 the
743 1856 247 55 beginning,
1012 1856 106 42 with
1140 1857 74 41 the
1252 1856 130 42 study
1405 1857 44 41 of
1481 1857 74 41 the
1591 1857 203 55 alphabet
1824 1859 46 40 in
1902 1858 70 42 the

359 1929 114 56 light
494 1929 44 41 of
558 1927 312 56 physiological
891 1926 201 43 analysis.

415 2001 65 42 As
516 2000 23 41 I
576 2000 110 40 have
723 2012 25 27 a
784 1997 163 42 sincere
984 1996 257 42 admiration
1280 1997 65 41 for
1376 1997 74 42 the
1480 1997 120 41 work
1632 1997 95 41 that
1758 1998 215 41 Professor

358 2070 241 43 Kussmaul
620 2069 78 41 has
720 2067 110 41 done
851 2067 44 41 in
920 2067 240 41 connexion
1179 2066 106 41 with
1307 2066 73 42 the
1402 2066 309 42 Disturbances
1734 2066 43 41 of
1799 2066 173 51 Speech,

359 2144 36 40 it
417 2143 78 40 has
517 2142 107 40 been
648 2144 44 36 to
714 2152 68 26 me
805 2152 24 26 a
851 2142 158 36 matter
1032 2137 45 41 of
1095 2140 140 38 regret
1258 2136 95 42 that
1375 2136 22 41 I
1420 2136 108 42 have
1560 2140 77 37 not
1667 2135 105 42 been
1806 2136 93 40 able
1932 2140 39 36 to

359 2212 144 41 follow
534 2211 91 40 him
664 2209 45 40 in
748 2207 223 54 attaching
1002 2212 120 49 quite
1154 2206 202 41 different
1387 2205 223 43 meanings
1647 2209 44 36 to
1728 2204 72 41 the
1839 2204 132 41 words

353 2287 21 18 "
393 2280 290 45 Stammering
697 2278 19 15 "
739 2277 86 41 and
845 2281 22 17 "
885 2276 278 43 Stuttering."
1226 2277 53 40 In
1301 2276 88 41 this
1418 2289 194 40 country,
1635 2275 73 41 the
1730 2278 84 37 two
1836 2287 135 28 words

355 2368 70 26 arc
447 2365 103 40 very
574 2362 159 28 closely
755 2346 163 42 related
941 2346 43 40 in
1008 2345 213 55 meaning,
1242 2349 21 16 "
1278 2345 280 42 stammering
1572 2344 19 16 "
1614 2344 127 54 being
1763 2343 72 41 the
1858 2357 112 27 more

356 2422 173 53 general
561 2424 125 38 term,
722 2418 85 41 and
849 2416 309 42 "stuttering"
1197 2415 73 42 the
1302 2430 116 27 more
1460 2415 179 55 specific.
1704 2414 72 41 All
1817 2415 46 40 of
1900 2414 70 41 the

356 2495 328 42 derangements
717 2488 47 41 of
794 2486 154 43 speech
985 2485 223 42 described
1241 2486 46 40 in
1320 2486 89 41 this
1442 2499 133 41 paper
1608 2498 117 28 come
1757 2484 213 54 naturally

354 2563 171 44 enough
546 2573 138 29 under
705 2558 75 42 the
800 2556 172 57 general
1006 2555 271 42 designation
1304 2556 44 40 of
1383 2554 297 55 Stammering,
1702 2553 84 42 and
1818 2567 81 29 one
1929 2552 44 43 of

355 2636 73 41 the
470 2645 117 29 more
629 2642 195 30 common
866 2640 272 41 phenomena
1177 2625 37 42 is
1255 2625 98 55 fitly
1395 2625 170 42 enough
1609 2624 135 42 called
1787 2625 180 41 Stutter-

353 2707 85 41 ing.
501 2703 89 41 But
631 2699 221 42 Professor
893 2695 252 49 Kussmaul,
1187 2695 222 55 following
1455 2694 264 43 Schulthess,
1759 2708 97 27 uses
1898 2693 69 41 the

353 2774 116 43 word
494 2770 241 53 Stuttering
754 2767 215 56 (Stotterri)
992 2780 45 28 as
1060 2765 72 41 the
1155 2764 171 56 general
1357 2768 109 38 term
1499 2765 65 41 for
1593 2764 88 42 this
1702 2764 138 41 whole
1862 2777 105 28 class

353 2847 46 41 of
433 2841 155 58 speech
621 2840 353 53 derangements;
1015 2835 84 42 and
1135 2835 53 41 he
1220 2834 166 55 applies
1419 2834 73 42 the
1530 2834 115 41 word
1683 2834 285 53 Stammering

355 2911 272 60 (Stammdn)
656 2909 102 42 only
780 2913 44 37 to
857 2920 162 30 certain
1051 2910 120 50 quite
1204 2904 200 42 different
1435 2904 326 54 derangements
1793 2904 46 40 of
1867 2901 98 44 Oral

352 2981 307 48 Articulation,
680 2977 142 43 which
848 2977 20 42 I
891 2976 110 42 hope
1024 2979 43 37 to
1091 2973 196 43 consider
1307 2972 257 56 by-and-by,
1587 2973 124 41 when
1736 2973 21 40 I
1784 2985 117 28 come
1922 2975 42 36 to

349 3068 199 31 examine
582 3050 74 43 the
691 3044 363 47 Developmental
1090 3043 226 43 Disorders
1351 3042 43 42 of
1427 3041 177 55 Speech.
1668 3042 44 44 It
1744 3041 141 42 would
1916 3039 49 42 be
