2113 3404
273 235 82 41 172

773 252 86 31 THE
891 253 240 33 DISORDERS
1164 255 52 31 OF
1248 255 175 33 SPEECH.

272 367 47 40 of
357 368 189 54 pictures
583 374 45 38 to
665 378 232 49 represent,
933 378 77 38 not
1046 375 73 42 the
1155 375 146 55 things
1344 376 207 54 pictured,
1588 377 80 42 but
1708 376 179 55 syllabic

274 438 161 43 sounds
464 440 205 43 identical
691 443 106 41 with
821 444 72 42 the
916 445 164 54 spoken
1101 460 123 27 name
1247 446 43 41 of
1312 447 72 41 the
1406 448 124 53 thing
1552 446 206 55 pictured,
1780 460 45 27 or
1846 457 42 30 at

274 507 109 44 least
405 510 106 42 with
534 511 74 43 the
631 513 91 42 first
754 514 181 42 syllable
958 515 43 41 of
1023 515 95 42 that
1149 530 135 28 name.
1347 517 116 41 Thus
1485 531 24 26 a
1523 517 193 53 phonetic
1745 530 145 40 si/stem

273 580 51 54 of
336 580 114 54 signs
460 582 79 54 for
558 583 189 54 syllables
782 584 138 42 added
957 585 121 41 itself
1095 589 44 37 to
1162 586 72 40 the
1257 585 117 42 older
1398 586 196 54 pictorial
1630 590 259 51 representa-

275 649 114 43 tions
431 651 45 41 of
517 652 159 56 things.
760 654 125 41 "The
927 653 184 52 device,"
1154 667 98 28 says
1295 654 71 41 Mr
1406 654 142 55 Tylor,
1579 655 72 41 "is
1683 668 208 41 perfectly

275 721 189 41 familiar
486 727 43 37 to
550 737 51 27 us
623 723 46 41 in
692 723 116 42 what
829 724 37 41 is
889 723 136 42 called
1048 738 24 27 a
1094 726 8 20 '
1117 724 150 41 rebus,'
1290 738 45 27 as
1367 724 139 42 where
1539 724 123 42 Prior
1694 725 198 41 Burton's

277 805 127 28 name
426 792 37 42 is
485 793 251 54 sculptured
758 793 46 41 in
827 794 50 41 St
899 793 212 42 Saviour's
1145 793 172 42 Church
1338 807 46 29 as
1405 808 25 28 a
1451 795 101 41 cask
1575 796 104 40 with
1701 809 24 27 a
1746 796 148 40 thistle

277 875 56 27 on
355 861 47 50 it,
424 864 8 19 '
449 862 262 42 burr-tun.'"
773 863 45 41 It
849 863 37 41 is
918 863 160 41 known
1112 863 94 41 that
1229 864 57 54 by
1308 864 87 42 this
1432 866 241 53 compound
1710 870 181 50 picture-

278 931 173 55 writing
482 932 74 42 the
587 933 157 41 Aztecs
781 933 124 41 made
941 933 160 41 known
1123 937 43 38 to
1189 933 113 42 their
1331 934 106 55 king
1459 939 44 37 at
1525 935 72 41 the
1629 935 156 42 capital
1821 935 73 41 the

278 1001 93 42 first
392 1001 158 42 arrival
572 1003 46 40 of
636 1003 74 41 the
733 1002 233 42 Spaniards
988 1017 55 27 on
1066 1003 113 42 their
1201 1008 126 37 coast.

338 1070 185 43 Chinese
562 1071 184 56 writing,
768 1072 166 55 though
957 1077 44 37 at
1021 1073 75 41 the
1127 1078 173 49 present
1330 1074 82 55 day
1434 1075 56 41 its
1513 1074 236 42 characters
1787 1074 108 42 have

277 1141 116 42 little
423 1141 47 42 in
503 1142 120 41 them
656 1142 98 42 that
774 1143 38 41 is
838 1143 244 55 suggestive
1120 1144 46 41 of
1198 1144 200 54 pictures,
1420 1145 36 41 is
1487 1144 136 42 really
1655 1144 73 42 the
1760 1144 134 41 direct

280 1212 263 42 descendant
580 1213 47 41 of
660 1227 24 27 a
720 1213 368 55 picture-writing
1123 1214 44 41 of
1202 1214 76 42 the
1314 1214 202 55 ordinary
1548 1219 114 49 type.
1722 1213 63 42 As
1821 1214 73 41 the

280 1283 174 42 ancient
486 1288 169 50 picture
687 1283 239 42 characters
949 1284 109 41 have
1080 1284 106 41 been
1209 1284 236 54 preserved,
1468 1284 73 42 the
1563 1283 136 42 whole
1731 1284 164 53 history

280 1354 45 40 of
346 1355 87 40 this
456 1353 304 42 development
782 1367 79 28 can
883 1354 52 42 be
958 1354 157 42 traced.
1178 1355 54 40 In
1253 1354 73 42 the
1350 1359 172 37 ancient
1554 1368 248 27 characters,
1826 1352 70 42 the

281 1438 82 27 sun
385 1438 87 28 was
495 1439 25 27 a
540 1425 102 42 disc,
664 1425 75 41 the
755 1438 125 28 moon
903 1438 24 28 a
949 1429 218 37 crescent;
1189 1425 83 40 and
1296 1439 24 27 a
1342 1425 92 41 fish,
1456 1439 25 26 a
1502 1425 91 55 dog,
1616 1438 24 27 a
1663 1423 234 49 mountain,

281 1495 85 41 and
388 1509 25 27 a
436 1500 89 37 tree
549 1509 110 28 were
690 1495 277 55 represented
988 1496 58 55 by
1068 1495 398 41 conventionalized
1496 1501 197 35 sketches
1716 1494 46 41 of
1779 1493 119 41 these

282 1565 173 55 objects.
519 1565 239 43 Gradually
780 1566 121 41 these
922 1565 190 55 pictures
1135 1565 252 42 underwent
1410 1565 173 55 change,
1605 1565 56 54 by
1684 1578 24 27 a
1729 1577 169 41 process

283 1635 251 43 equivalent
556 1641 44 36 to
622 1636 75 42 the
719 1640 204 51 phonetic
940 1635 131 42 decay
1095 1635 44 41 of
1160 1635 163 55 spoken
1341 1635 161 41 words;
1534 1649 45 27 so
1601 1634 96 41 that
1719 1639 178 36 eventu-

284 1707 87 54 ally
395 1707 105 54 they
521 1707 187 41 became,
730 1712 44 35 to
796 1705 59 42 all
877 1719 274 41 appearance,
1174 1705 161 41 merely
1358 1704 303 42 conventional
1687 1717 117 41 signs
1835 1703 66 40 for

283 1777 75 41 the
395 1777 162 41 objects
594 1775 229 42 indicated.
885 1775 63 41 At
985 1775 72 41 the
1094 1789 116 27 same
1246 1775 117 41 time,
1396 1774 325 42 Combinations
1752 1774 46 40 of
1827 1773 74 41 the

283 1848 118 54 signs
424 1861 110 28 were
557 1846 247 42 constantly
827 1845 219 43 invented.
1108 1844 70 42 By
1210 1845 118 41 these
1361 1844 313 42 combinations
1709 1843 125 42 Ideas
1855 1857 46 27 or

283 1915 214 42 Concepts
522 1928 108 27 were
651 1917 301 51 represented;
984 1926 46 28 so
1051 1912 97 41 that
1174 1912 73 41 the
1270 1912 96 41 title
1389 1911 283 55 Ideographic
1693 1911 78 41 has
1792 1911 106 41 been

283 1987 131 54 given
438 1991 42 36 to
503 1985 87 41 this
612 1989 104 51 type
738 1984 44 41 of
805 1983 182 42 writing.
1050 1982 90 42 The
1171 1982 211 54 adjective
1415 1983 135 53 bright
1571 1982 36 41 is
1629 1980 101 42 thus
1761 1993 140 41 repre-

285 2056 153 43 sented
470 2057 57 41 by
560 2056 72 41 the
666 2054 228 42 combined
926 2067 116 28 signs
1065 2053 43 41 of
1130 2053 73 41 the
1225 2067 81 27 sun
1338 2053 85 41 and
1455 2053 73 41 the
1559 2065 137 36 moon,
1719 2050 84 42 and
1829 2049 73 42 the

285 2128 105 42 verb
413 2132 38 37 to
473 2127 141 41 divide
648 2126 55 40 by
727 2125 74 41 the
824 2123 293 43 combination
1140 2123 44 41 of
1205 2123 73 41 the
1301 2123 95 41 sign
1419 2123 65 41 for
1505 2136 25 27 a
1550 2120 120 42 knife
1693 2120 84 41 and
1809 2124 95 36 that

285 2198 68 41 for
386 2198 74 41 the
496 2197 186 42 number
718 2197 128 41 eight.
908 2195 64 41 As
994 2194 47 42 in
1063 2194 73 42 the
1163 2208 95 28 case
1281 2194 43 41 of
1345 2194 73 41 the
1449 2193 135 41 Aztec
1619 2192 185 53 writing,
1825 2204 78 28 one

288 2272 96 37 step
407 2281 86 27 was
514 2267 126 41 made
661 2265 186 43 towards
877 2265 73 41 the
979 2264 231 41 formation
1233 2264 43 41 of
1298 2277 24 28 a
1343 2262 203 56 phonetic
1566 2261 226 54 alphabet;
1819 2259 83 41 and

287 2338 37 41 it
347 2351 86 28 was
454 2337 125 41 made
603 2337 46 41 in
673 2337 73 41 the
768 2350 117 28 same
910 2349 102 40 way.
1066 2335 139 41 Many
1221 2334 46 41 of
1286 2334 72 41 the
1380 2346 116 42 signs
1513 2332 172 41 became
1701 2342 202 42 phonetic

289 2405 183 56 syllable
495 2407 129 55 signs,
645 2405 90 41 like
762 2405 123 41 Prior
915 2405 200 40 Burton's
1138 2402 200 42 "rebus."
1399 2403 89 40 But
1519 2401 97 41 here
1638 2414 24 26 a
1683 2397 224 50 difficulty,

289 2477 203 41 inherent
527 2476 47 41 in
612 2476 73 41 the
722 2473 466 56 "poverty-stricken"
1227 2473 184 41 Chinese
1433 2472 220 54 language,
1679 2468 85 41 had
1788 2473 43 36 to
1855 2468 51 40 be

292 2546 300 43 encountered.
659 2546 51 40 In
733 2545 196 41 Chinese,
948 2543 73 41 the
1043 2557 116 27 same
1182 2543 164 41 spoken
1364 2542 116 41 word
1494 2542 76 40 has
1588 2541 45 40 in
1651 2553 103 41 very
1776 2551 130 40 many

293 2631 117 28 cases
452 2630 24 28 a
511 2619 121 51 great
672 2618 168 38 variety
877 2613 46 41 of
960 2613 234 53 meanings,
1231 2613 85 40 and
1353 2612 47 40 in
1437 2611 154 42 speech
1628 2609 73 41 the
1738 2608 169 54 specific

293 2700 204 29 meaning
536 2686 37 41 is
624 2683 220 57 generally
886 2683 125 41 made
1061 2682 260 54 intelligible
1365 2681 162 54 merely
1568 2680 58 54 by
1672 2684 149 36 accent
1861 2691 47 27 or

293 2758 257 43 intonation.
612 2756 90 41 But
739 2758 149 38 accent
925 2753 84 41 and
1045 2752 243 41 intonation
1327 2751 125 41 could
1484 2755 76 37 not
1592 2750 51 41 be
1686 2746 222 54 faithfully

293 2827 277 45 represented
622 2827 46 41 in
714 2825 74 41 the
841 2837 252 29 characters,
1144 2821 85 41 and
1281 2821 209 41 therefore
1537 2819 180 42 another
1762 2816 148 42 device

293 2900 86 43 had
412 2904 43 37 to
499 2899 50 41 be
582 2895 194 44 adopted.
825 2894 90 41 The
947 2892 116 42 word
1105 2889 150 44 chow
1291 2890 43 42 in
1369 2891 183 41 Chinese
1589 2902 147 28 means
1779 2898 129 41 many

294 2972 158 54 things.
500 2969 173 41 Among
705 2965 144 43 others
870 2964 36 41 it
927 2977 148 28 means
1107 2961 169 42 "ship."
1337 2960 225 42 Therefore
1585 2973 25 27 a
1631 2958 96 54 ship
1761 2955 146 43 stands

293 3043 67 42 for
382 3042 74 42 the
478 3038 139 44 sound
649 3035 163 44 chow.
876 3035 88 40 But
986 3034 73 41 the
1083 3048 115 27 same
1221 3031 136 44 sound
1378 3044 144 29 means
1544 3044 23 27 a
1589 3033 20 17 "
1624 3025 176 58 ripple."
1851 3025 60 41 To
