1895 3217
1482 306 87 44 171

742 319 91 30 THE
857 317 180 33 COAITA.

211 462 79 30 our
333 445 270 45 illustration
648 444 37 45 is
729 450 153 47 taken^
930 458 93 31 was
1074 458 27 29 a
1150 442 176 54 female,
1376 448 49 40 at
1468 442 103 47 that

210 523 149 60 period
390 537 164 46 young,
588 521 89 45 and
706 520 155 62 joined
890 526 46 39 to
961 536 27 29 a
1020 519 300 46 considerable
1352 519 156 62 degree
1533 520 51 46 of

208 599 280 45 intelligence
517 614 27 29 a
572 598 113 45 mild
712 598 89 45 and
825 597 282 46 affectionate
1131 596 274 46 disposition.
1477 597 99 46 The

208 676 119 61 body
357 676 37 45 is
430 675 183 47 covered
636 675 113 45 with
782 675 103 61 long
920 673 86 46 soft
1030 674 90 45 and
1155 673 134 62 silky,
1314 674 84 45 but
1423 679 152 57 strong

208 753 130 44 black
371 753 111 53 hair,
518 753 182 44 thinner
732 767 56 30 on
822 758 79 38 the
924 751 144 45 under
1089 766 139 45 parts,
1265 750 90 45 and
1378 757 196 39 without

210 845 90 45 any
318 829 198 45 mixture
540 828 49 46 of
603 844 27 30 a
649 829 162 60 woolly
830 834 192 39 texture.
1066 828 98 45 The
1187 826 89 47 fore
1294 827 279 46 extremities

210 912 124 39 want
356 913 78 38 the
457 906 193 53 thumb;
675 906 78 45 the
776 905 159 45 hinder
952 920 74 30 are
1044 904 170 46 formed
1235 905 92 45 like
1349 911 79 39 the
1447 905 127 45 other

209 984 338 58 quadrumanae,
579 984 82 44 but
686 982 114 46 with
832 982 151 46 longer
1015 981 190 62 fingers;
1246 982 91 46 and
1369 982 79 45 the
1469 982 106 61 long

210 1061 248 59 prehensile
481 1061 82 43 tail
587 1059 35 45 is
646 1059 273 46 tenninated
943 1075 56 30 on
1021 1064 79 40 the
1123 1059 143 45 under
1289 1059 93 45 side
1406 1059 113 46 with
1546 1075 27 30 a

211 1143 156 38 tender
389 1137 89 44 and
502 1136 86 45 fine
613 1137 115 53 skin,
754 1136 149 45 which
927 1151 142 30 seems
1092 1142 46 39 to
1155 1137 55 44 be
1225 1136 231 54 endowed,
1481 1135 91 47 like

213 1213 75 45 the
311 1213 157 54 hands,
489 1213 112 45 with
635 1220 77 38 the
736 1229 126 29 sense
891 1213 49 46 of
964 1212 149 46 touch.
1181 1212 46 46 It
1249 1228 156 30 makes
1428 1229 78 30 use
1531 1213 49 46 of

213 1289 37 44 it
272 1296 45 39 to
340 1305 126 45 grasp
490 1305 90 45 any
604 1291 142 45 object
770 1290 51 45 of
836 1305 197 45 support,
1071 1289 217 45 suspends
1311 1289 134 54 itself,
1481 1291 91 45 and

214 1381 101 29 uses
349 1366 37 44 it
419 1372 45 39 to
493 1366 123 45 draw
638 1366 194 45 towards
860 1366 37 45 it
920 1381 92 45 any
1036 1367 164 44 objects
1224 1366 148 45 which
1395 1381 75 31 are
1492 1368 79 44 be-

215 1442 123 59 yond
360 1449 77 39 the
460 1443 128 45 reach
607 1442 49 46 of
671 1443 58 45 its
751 1443 158 45 hands.
978 1443 51 45 F.
1055 1442 165 46 Cuvier
1243 1457 103 30 says
1369 1449 112 55 they
1499 1459 74 30 are

215 1525 93 38 met
333 1519 113 45 with
469 1519 47 45 in
549 1520 119 44 large
690 1525 146 39 troops
859 1519 47 45 in
929 1520 77 44 the
1025 1518 153 46 forests
1203 1518 50 46 of
1278 1519 182 46 Guiana
1482 1522 91 44 and

216 1596 172 52 Brasil;
429 1597 81 43 but
536 1596 253 45 Humboldt
824 1612 117 45 says,
967 1596 101 45 that
1091 1596 48 45 in
1162 1596 61 45 all
1245 1596 70 46 his
1339 1597 232 48 extensive

212 1672 163 44 travels
399 1672 56 45 he
478 1672 80 44 has
588 1688 136 29 never
745 1678 94 39 met
859 1672 113 45 with
995 1678 78 39 the
1096 1678 100 40 true
1227 1673 144 45 Ateles
1400 1677 172 57 panis-

211 1763 91 38 cus,
338 1749 89 44 and
460 1755 101 38 that
583 1755 79 39 the
685 1754 116 40 most
824 1764 204 30 common
1052 1765 164 45 species
1240 1765 56 31 on
1318 1751 79 45 the
1421 1751 150 46 Cassi-

211 1839 151 43 quiare
378 1825 88 45 and
485 1825 124 61 High
629 1825 229 46 Oronooko
881 1825 38 45 is
937 1832 78 39 the
1037 1832 111 39 next
1171 1826 170 46 animal
1366 1843 68 30 we
1458 1830 115 45 shall

211 1907 217 48 mention,
479 1903 79 44 the
589 1902 143 45 Ateles
768 1903 220 45 Behebiib
1028 1903 51 45 of
1105 1903 225 62 Geoffroy,
1368 1906 90 45 and
1493 1907 79 45 the

214 1977 304 45 Marimonda
562 1979 50 44 of
659 1979 255 45 Humboldt
958 1980 90 45 and
1094 1981 248 60 Bonpland.
1426 1983 146 46 These

211 2054 262 45 naturalists
508 2054 194 45 describe
736 2054 35 45 it
807 2070 47 30 as
885 2071 92 30 also
1000 2072 110 45 very
1133 2057 110 45 slow
1266 2057 47 45 in
1336 2057 59 47 its
1417 2075 154 31 move-

210 2145 162 39 ments,
398 2130 112 46 mild
534 2132 81 44 but
639 2131 133 46 timid
795 2132 46 45 in
866 2133 288 60 disposition;
1190 2133 47 46 in
1260 2141 78 40 the
1357 2151 149 32 excess
1530 2137 51 46 of

208 2213 138 39 terror
381 2223 111 29 even
532 2208 144 61 biting
712 2215 127 39 those
874 2210 100 44 who
1013 2225 141 31 caress
1183 2210 51 56 it,
1266 2212 90 46 and
1384 2214 187 62 venting

211 2281 57 45 its
287 2289 253 55 temporary
557 2300 102 45 rage
682 2285 48 45 in
753 2300 27 30 a
801 2286 201 60 guttural
1026 2302 77 46 cry
1121 2287 50 46 of
1185 2290 123 43 ou-6.
1389 2289 183 64 Among

208 2359 60 44 all
283 2365 77 39 the
375 2375 216 46 monkeys
607 2361 113 46 with
738 2363 248 59 prehensile
1000 2364 119 54 tails,
1138 2365 256 47 Humboldt
1411 2367 157 47 thinks

207 2442 100 39 that
338 2437 90 44 this
461 2452 163 30 species
657 2453 217 45 possesses
907 2446 79 39 the
1018 2447 117 39 most
1168 2440 166 61 perfect
1367 2459 80 30 use
1478 2446 91 44 and

209 2512 251 62 sensibility
498 2513 51 46 of
589 2513 68 54 it;
693 2514 37 45 it
769 2530 81 30 can
895 2531 126 38 even,
1063 2517 194 46 without
1286 2519 185 62 turning
1509 2522 59 44 its

207 2588 129 54 head,
372 2589 230 47 introduce
635 2589 37 47 it
706 2590 93 47 into
835 2607 173 31 narrow
1042 2593 157 47 chinks
1233 2609 47 31 or
1312 2611 137 40 rents,
1479 2599 90 44 and
