1972 3202
441 270 63 45 70

655 275 91 31 THE
772 276 89 30 RED
885 276 57 32 OR
967 275 182 32 ASIATIC
1174 276 390 33 ORANG-OUTANG.

428 400 134 46 when
601 401 92 46 laid
727 417 57 31 on
815 418 26 29 a
871 402 81 46 flat
976 403 185 53 surface,
1198 401 91 46 and
1319 403 237 45 measured
1585 401 113 47 from
1729 401 71 48 his

426 477 101 47 heel
549 485 46 40 to
619 487 79 38 the
722 495 148 31 crown
895 479 50 47 of
958 480 71 44 his
1046 480 132 53 head,
1198 478 38 46 is
1253 485 92 39 two
1363 478 90 47 feet
1477 495 133 30 seven
1633 479 166 47 inches.

429 557 96 43 The
559 557 99 44 hair
691 556 37 46 is
763 556 49 46 of
840 572 28 30 a
900 556 331 47 brownish-red
1261 571 160 39 colour,
1447 557 90 45 and
1560 572 148 31 covers
1731 556 70 46 his

426 634 128 53 back,
580 649 134 38 arms,
739 634 107 61 legs,
882 635 92 45 and
1008 633 176 46 outside
1218 632 50 47 of
1289 634 71 45 his
1389 634 146 46 hands
1572 634 90 45 and
1698 634 103 46 feet.

427 709 72 45 On
523 711 77 45 the
631 712 114 44 back
778 711 37 45 it
849 711 37 46 is
917 711 48 45 in
989 727 121 30 some
1132 711 147 61 places
1303 711 71 45 six
1396 711 152 45 inches
1570 711 117 61 long,
1713 711 90 46 and

426 803 56 29 on
505 787 70 46 his
599 804 118 29 arms
740 787 102 46 five.
911 788 46 45 It
980 788 37 45 is
1040 789 154 60 thinly
1217 788 221 45 scattered
1463 803 105 30 over
1588 787 79 46 the
1690 789 114 45 back

426 863 50 46 of
490 864 70 46 his
582 865 146 44 hands
752 865 91 45 and
866 864 102 55 feet,
994 866 90 44 and
1102 865 37 46 is
1157 881 110 45 very
1283 865 136 45 short.
1489 865 45 45 It
1552 865 38 45 is
1609 865 196 45 directed

427 942 286 45 downwards
732 957 56 30 on
811 942 79 44 the
920 943 129 53 back,
1065 958 141 45 upper
1229 958 111 38 arm,
1361 943 91 45 and
1473 942 108 62 legs,
1606 943 92 45 and
1720 959 86 45 up-

427 1034 146 29 wards
610 1035 57 30 on
705 1019 79 45 the
823 1018 90 46 fore
949 1034 111 29 arm.
1129 1019 45 45 It
1204 1019 38 45 is
1271 1019 197 46 directed
1500 1019 113 46 from
1637 1019 169 47 behind

426 1095 214 47 forwards
674 1112 56 30 on
764 1096 79 45 the
876 1096 131 53 head,
1044 1096 90 45 and
1166 1096 198 45 inwards
1399 1111 60 30 on
1487 1097 79 44 the
1597 1097 144 46 inside
1764 1095 51 48 of

426 1179 79 39 the
527 1173 167 45 thighs.
765 1173 97 45 The
886 1172 94 46 face
1002 1173 82 45 has
1107 1188 57 30 no
1186 1173 115 54 hair,
1328 1179 159 39 except
1510 1188 57 30 on
1589 1173 60 45 its
1673 1174 131 53 sides,

427 1250 250 45 somewhat
701 1250 47 45 in
771 1257 78 38 the
872 1266 190 29 manner
1085 1249 49 46 of
1150 1250 232 53 whiskers,
1409 1250 91 45 and
1522 1266 27 29 a
1571 1266 111 45 very
1705 1250 102 46 thin

427 1328 149 44 beard.
648 1328 97 44 The
768 1328 169 45 middle
961 1327 50 46 of
1025 1328 78 44 the
1121 1328 149 44 breast
1289 1327 90 45 and
1402 1328 122 60 belly
1542 1343 94 29 was
1655 1328 150 45 naked

428 1420 57 29 on
507 1405 70 44 his
602 1404 165 46 arrival
790 1405 48 45 in
862 1406 223 60 England,
1105 1406 83 44 but
1206 1405 82 45 has
1312 1420 119 30 smce
1453 1406 182 44 become
1656 1405 148 61 hairy.

430 1482 97 45 The
563 1483 245 53 shoulders,
847 1483 181 53 elbows,
1062 1483 91 45 and
1183 1484 153 53 knees,
1374 1482 117 45 have
1522 1481 136 47 fewer
1687 1482 121 45 hairs

431 1566 113 38 than
569 1566 127 39 other
718 1567 123 53 parts
866 1559 50 46 of
937 1567 78 38 the
1039 1575 118 29 arms
1182 1560 90 45 and
1295 1560 106 61 legs.
1473 1560 97 45 The
1593 1560 148 60 palms
1766 1558 51 47 of

428 1636 79 45 the
530 1636 146 46 hands
700 1637 90 45 and
813 1637 89 45 feet
926 1652 74 29 are
1024 1637 125 59 quite
1171 1636 163 45 naked.

544 1714 97 45 The
664 1714 249 61 prevailing
943 1715 147 44 colour
1112 1712 50 47 of
1187 1720 79 38 the
1299 1714 207 45 animal’s
1531 1715 116 52 skin,
1673 1729 135 29 w'hen

431 1791 165 53 naked,
614 1806 47 30 or
677 1807 103 29 seen
798 1791 194 45 through
1007 1791 78 44 the
1102 1791 114 54 hair,
1242 1791 37 44 is
1304 1806 27 29 a
1354 1791 296 61 bluish-grey.
1711 1791 98 45 The

432 1868 170 61 eyelids
627 1868 89 45 and
739 1884 175 29 margin
938 1867 50 46 of
1003 1874 77 39 the
1103 1868 162 45 mouth
1289 1882 74 31 are
1391 1866 49 47 of
1464 1883 27 29 a
1512 1868 116 61 light
1651 1883 160 45 copper

431 1947 162 45 colour.
663 1947 99 44 The
801 1947 145 45 inside
977 1945 50 46 of
1054 1946 71 45 his
1163 1946 147 45 hands
1349 1946 90 45 and
1476 1944 88 47 feet
1601 1962 74 29 are
1712 1945 51 46 of
1784 1961 28 31 a

430 2024 112 60 deep
566 2039 159 45 copper
747 2025 160 44 colour.
978 2025 111 44 Two
1113 2024 390 60 copper-coloured
1527 2023 160 62 stripes
1710 2039 102 45 pass

430 2099 112 46 from
573 2107 78 38 the
681 2101 189 45 armpits
895 2102 133 44 down
1057 2101 109 45 each
1190 2101 94 45 side
1308 2100 50 45 of
1389 2102 79 44 the
1491 2102 135 60 body,
1651 2116 49 30 as
1724 2101 88 45 low

430 2192 48 30 as
502 2184 78 38 the
602 2178 147 44 navel.

501 2260 30 19 ‘‘
557 2254 97 45 The
671 2254 118 45 head
806 2254 175 46 viewed
1000 2255 46 45 in
1065 2254 132 55 front,
1218 2255 37 44 is
1272 2255 314 61 pear-shaped,
1607 2254 204 61 expand-

431 2333 76 60 ing
523 2330 117 48 from
660 2338 79 39 the
754 2332 104 45 chin
875 2332 226 61 upwards,
1118 2339 78 38 the
1215 2331 202 45 cranium
1432 2333 132 59 being
1577 2332 138 44 much
1733 2332 80 45 the

433 2410 144 46 larger
600 2409 101 46 end.
771 2410 98 45 The
901 2425 105 46 eyes
1041 2425 73 31 are
1149 2410 114 45 close
1297 2415 217 55 together,
1540 2408 51 46 of
1617 2424 59 30 an
1711 2410 102 45 oval

434 2487 130 55 form,
584 2487 89 46 and
692 2487 111 46 dark
821 2489 155 45 brown
995 2488 159 46 colour.
1224 2488 97 45 The
1345 2486 172 62 eyelids
1541 2502 75 31 are
1638 2486 176 49 fringed
