<?xml version="1.0" encoding="UTF-8"?>
<alto xmlns="http://www.loc.gov/standards/alto/ns-v2#" xmlns:xsi="http://www.w3.org/2001/XMLSchema-instance" xsi:schemaLocation="http://www.loc.gov/standards/alto/ns-v2# http://www.loc.gov/standards/alto/alto.xsd">
  <Description>
    <MeasurementUnit>pixel</MeasurementUnit>
    <sourceImageInformation>
      <fileName>b21273911_abbyy.xml</fileName>
    </sourceImageInformation>
    <OCRProcessing ID="OCR_1">
      <preProcessingStep>
        <processingDateTime>2014-10-24T02:15:27</processingDateTime>
        <processingAgency>intranda GmbH, www.intranda.com</processingAgency>
        <processingSoftware>
          <softwareCreator>intranda GmbH, Germany</softwareCreator>
          <softwareName>intranda OCR Module for TaskManager</softwareName>
          <softwareVersion>1.0r42</softwareVersion>
        </processingSoftware>
      </preProcessingStep>
      <ocrProcessingStep>
        <processingSoftware>
          <softwareCreator>ABBYY (BIT Software), Russia</softwareCreator>
          <softwareName>FineReader Engine</softwareName>
          <softwareVersion>10</softwareVersion>
        </processingSoftware>
      </ocrProcessingStep>
    </OCRProcessing>
  </Description>
  <Layout>
    <Page PHYSICAL_IMG_NR="213" ID="PAGE_213" WIDTH="2107" HEIGHT="3450">
      <TopMargin ID="TopMargin_1" HPOS="283" VPOS="282" WIDTH="1460" HEIGHT="48">
        <TextBlock ID="TextBlock_661" HPOS="283" VPOS="282" WIDTH="1460" HEIGHT="48">
          <TextLine ID="TextLine_7883" HPOS="283" VPOS="282" WIDTH="1460" HEIGHT="48">
            <String ID="Word_79833" HPOS="283" VPOS="299" WIDTH="88" HEIGHT="31" CONTENT="THE" />
            <SP ID="SP_71955" HPOS="371" VPOS="297" WIDTH="33" HEIGHT="0" />
            <String ID="Word_79834" HPOS="404" VPOS="297" WIDTH="161" HEIGHT="32" CONTENT="ACTION" />
            <SP ID="SP_71956" HPOS="565" VPOS="296" WIDTH="35" HEIGHT="0" />
            <String ID="Word_79835" HPOS="600" VPOS="296" WIDTH="54" HEIGHT="32" CONTENT="OF" />
            <SP ID="SP_71957" HPOS="654" VPOS="296" WIDTH="32" HEIGHT="0" />
            <String ID="Word_79836" HPOS="686" VPOS="296" WIDTH="89" HEIGHT="31" CONTENT="THE" />
            <SP ID="SP_71958" HPOS="775" VPOS="295" WIDTH="33" HEIGHT="0" />
            <String ID="Word_79837" HPOS="808" VPOS="295" WIDTH="169" HEIGHT="32" CONTENT="SPEECH" />
            <SP ID="SP_71959" HPOS="977" VPOS="293" WIDTH="33" HEIGHT="0" />
            <String ID="Word_79838" HPOS="1010" VPOS="293" WIDTH="200" HEIGHT="34" CONTENT="CENTRES" />
            <SP ID="SP_71960" HPOS="1210" VPOS="293" WIDTH="33" HEIGHT="0" />
            <String ID="Word_79839" HPOS="1243" VPOS="295" WIDTH="46" HEIGHT="31" CONTENT="IN" />
            <SP ID="SP_71961" HPOS="1289" VPOS="294" WIDTH="34" HEIGHT="0" />
            <String ID="Word_79840" HPOS="1323" VPOS="294" WIDTH="227" HEIGHT="33" CONTENT="INSANITY." />
            <SP ID="SP_71962" HPOS="1550" VPOS="282" WIDTH="109" HEIGHT="0" />
            <String ID="Word_79841" HPOS="1659" VPOS="282" WIDTH="84" HEIGHT="46" CONTENT="197" />
          </TextLine>
        </TextBlock>
      </TopMargin>
      <PrintSpace ID="PrintSpace_214" HPOS="75" VPOS="276" WIDTH="1680" HEIGHT="2931">
        <TextBlock ID="TextBlock_660" HPOS="75" VPOS="276" WIDTH="1680" HEIGHT="2931">
          <TextLine ID="TextLine_7884" HPOS="90" VPOS="414" WIDTH="1652" HEIGHT="57">
            <String ID="Word_79842" HPOS="90" VPOS="424" WIDTH="125" HEIGHT="38" CONTENT="notes" />
            <SP ID="SP_71963" HPOS="215" VPOS="424" WIDTH="43" HEIGHT="0" />
            <String ID="Word_79843" HPOS="258" VPOS="433" WIDTH="48" HEIGHT="28" CONTENT="as" />
            <SP ID="SP_71964" HPOS="306" VPOS="424" WIDTH="48" HEIGHT="0" />
            <String ID="Word_79844" HPOS="354" VPOS="424" WIDTH="44" HEIGHT="37" CONTENT="to" />
            <SP ID="SP_71965" HPOS="398" VPOS="418" WIDTH="44" HEIGHT="0" />
            <String ID="Word_79845" HPOS="442" VPOS="418" WIDTH="74" HEIGHT="42" CONTENT="the" />
            <SP ID="SP_71966" HPOS="516" VPOS="418" WIDTH="44" HEIGHT="0" />
            <String ID="Word_79846" HPOS="560" VPOS="418" WIDTH="110" HEIGHT="41" CONTENT="facts" />
            <SP ID="SP_71967" HPOS="670" VPOS="416" WIDTH="43" HEIGHT="0" />
            <String ID="Word_79847" HPOS="713" VPOS="416" WIDTH="98" HEIGHT="43" CONTENT="that" />
            <SP ID="SP_71968" HPOS="811" VPOS="416" WIDTH="41" HEIGHT="0" />
            <String ID="Word_79848" HPOS="852" VPOS="416" WIDTH="112" HEIGHT="42" CONTENT="have" />
            <SP ID="SP_71969" HPOS="964" VPOS="416" WIDTH="44" HEIGHT="0" />
            <String ID="Word_79849" HPOS="1008" VPOS="416" WIDTH="111" HEIGHT="42" CONTENT="been" />
            <SP ID="SP_71970" HPOS="1119" VPOS="414" WIDTH="43" HEIGHT="0" />
            <String ID="Word_79850" HPOS="1162" VPOS="414" WIDTH="191" HEIGHT="57" CONTENT="brought" />
            <SP ID="SP_71971" HPOS="1353" VPOS="414" WIDTH="42" HEIGHT="0" />
            <String ID="Word_79851" HPOS="1395" VPOS="419" WIDTH="78" HEIGHT="37" CONTENT="out" />
            <SP ID="SP_71972" HPOS="1473" VPOS="415" WIDTH="43" HEIGHT="0" />
            <String ID="Word_79852" HPOS="1516" VPOS="415" WIDTH="58" HEIGHT="55" CONTENT="by" />
            <SP ID="SP_71973" HPOS="1574" VPOS="414" WIDTH="43" HEIGHT="0" />
            <String ID="Word_79853" HPOS="1617" VPOS="414" WIDTH="125" HEIGHT="42" CONTENT="these" />
          </TextLine>
          <TextLine ID="TextLine_7885" HPOS="89" VPOS="491" WIDTH="180" HEIGHT="43">
            <String ID="Word_79854" HPOS="89" VPOS="493" WIDTH="180" HEIGHT="41" CONTENT="studies." />
          </TextLine>
          <TextLine ID="TextLine_7886" HPOS="148" VPOS="556" WIDTH="1595" HEIGHT="63">
            <String ID="Word_79855" HPOS="148" VPOS="562" WIDTH="149" HEIGHT="43" CONTENT="Seglas" />
            <SP ID="SP_71974" HPOS="297" VPOS="561" WIDTH="22" HEIGHT="0" />
            <String ID="Word_79856" HPOS="319" VPOS="561" WIDTH="113" HEIGHT="42" CONTENT="finds" />
            <SP ID="SP_71975" HPOS="432" VPOS="560" WIDTH="33" HEIGHT="0" />
            <String ID="Word_79857" HPOS="465" VPOS="560" WIDTH="99" HEIGHT="43" CONTENT="that" />
            <SP ID="SP_71976" HPOS="564" VPOS="560" WIDTH="31" HEIGHT="0" />
            <String ID="Word_79858" HPOS="595" VPOS="563" WIDTH="333" HEIGHT="53" CONTENT="psycho-motor" />
            <SP ID="SP_71977" HPOS="928" VPOS="557" WIDTH="31" HEIGHT="0" />
            <String ID="Word_79859" HPOS="959" VPOS="557" WIDTH="347" HEIGHT="44" CONTENT="hallucinations" />
            <SP ID="SP_71978" HPOS="1306" VPOS="557" WIDTH="37" HEIGHT="0" />
            <String ID="Word_79860" HPOS="1343" VPOS="569" WIDTH="72" HEIGHT="31" CONTENT="are" />
            <SP ID="SP_71979" HPOS="1415" VPOS="569" WIDTH="39" HEIGHT="0" />
            <String ID="Word_79861" HPOS="1454" VPOS="571" WIDTH="204" HEIGHT="29" CONTENT="common" />
            <SP ID="SP_71980" HPOS="1658" VPOS="556" WIDTH="36" HEIGHT="0" />
            <String ID="Word_79862" HPOS="1694" VPOS="556" WIDTH="49" HEIGHT="43" CONTENT="in" />
          </TextLine>
          <TextLine ID="TextLine_7887" HPOS="88" VPOS="628" WIDTH="1657" HEIGHT="59">
            <String ID="Word_79863" HPOS="88" VPOS="634" WIDTH="174" HEIGHT="41" CONTENT="various" />
            <SP ID="SP_71981" HPOS="262" VPOS="634" WIDTH="22" HEIGHT="0" />
            <String ID="Word_79864" HPOS="284" VPOS="634" WIDTH="135" HEIGHT="40" CONTENT="forms" />
            <SP ID="SP_71982" HPOS="419" VPOS="632" WIDTH="23" HEIGHT="0" />
            <String ID="Word_79865" HPOS="442" VPOS="632" WIDTH="44" HEIGHT="42" CONTENT="of" />
            <SP ID="SP_71983" HPOS="486" VPOS="632" WIDTH="21" HEIGHT="0" />
            <String ID="Word_79866" HPOS="507" VPOS="632" WIDTH="223" HEIGHT="55" CONTENT="insanity;" />
            <SP ID="SP_71984" HPOS="730" VPOS="631" WIDTH="32" HEIGHT="0" />
            <String ID="Word_79867" HPOS="762" VPOS="631" WIDTH="86" HEIGHT="42" CONTENT="and" />
            <SP ID="SP_71985" HPOS="848" VPOS="631" WIDTH="23" HEIGHT="0" />
            <String ID="Word_79868" HPOS="871" VPOS="634" WIDTH="99" HEIGHT="38" CONTENT="that" />
            <SP ID="SP_71986" HPOS="970" VPOS="630" WIDTH="29" HEIGHT="0" />
            <String ID="Word_79869" HPOS="999" VPOS="630" WIDTH="107" HEIGHT="42" CONTENT="they" />
            <SP ID="SP_71987" HPOS="1106" VPOS="630" WIDTH="22" HEIGHT="0" />
            <String ID="Word_79870" HPOS="1128" VPOS="643" WIDTH="72" HEIGHT="29" CONTENT="are" />
            <SP ID="SP_71988" HPOS="1200" VPOS="628" WIDTH="32" HEIGHT="0" />
            <String ID="Word_79871" HPOS="1232" VPOS="628" WIDTH="240" HEIGHT="57" CONTENT="especially" />
            <SP ID="SP_71989" HPOS="1472" VPOS="628" WIDTH="32" HEIGHT="0" />
            <String ID="Word_79872" HPOS="1504" VPOS="643" WIDTH="47" HEIGHT="28" CONTENT="so" />
            <SP ID="SP_71990" HPOS="1551" VPOS="643" WIDTH="33" HEIGHT="0" />
            <String ID="Word_79873" HPOS="1584" VPOS="643" WIDTH="161" HEIGHT="41" CONTENT="among" />
          </TextLine>
          <TextLine ID="TextLine_7888" HPOS="85" VPOS="700" WIDTH="1656" HEIGHT="59">
            <String ID="Word_79874" HPOS="85" VPOS="705" WIDTH="124" HEIGHT="42" CONTENT="those" />
            <SP ID="SP_71991" HPOS="209" VPOS="704" WIDTH="22" HEIGHT="0" />
            <String ID="Word_79875" HPOS="231" VPOS="704" WIDTH="193" HEIGHT="55" CONTENT="patients" />
            <SP ID="SP_71992" HPOS="424" VPOS="703" WIDTH="25" HEIGHT="0" />
            <String ID="Word_79876" HPOS="449" VPOS="703" WIDTH="96" HEIGHT="42" CONTENT="who" />
            <SP ID="SP_71993" HPOS="545" VPOS="703" WIDTH="24" HEIGHT="0" />
            <String ID="Word_79877" HPOS="569" VPOS="717" WIDTH="71" HEIGHT="28" CONTENT="are" />
            <SP ID="SP_71994" HPOS="640" VPOS="702" WIDTH="23" HEIGHT="0" />
            <String ID="Word_79878" HPOS="663" VPOS="702" WIDTH="141" HEIGHT="42" CONTENT="under" />
            <SP ID="SP_71995" HPOS="804" VPOS="701" WIDTH="22" HEIGHT="0" />
            <String ID="Word_79879" HPOS="826" VPOS="701" WIDTH="223" HEIGHT="43" CONTENT="delusions" />
            <SP ID="SP_71996" HPOS="1049" VPOS="700" WIDTH="19" HEIGHT="0" />
            <String ID="Word_79880" HPOS="1068" VPOS="700" WIDTH="45" HEIGHT="43" CONTENT="of" />
            <SP ID="SP_71997" HPOS="1113" VPOS="700" WIDTH="22" HEIGHT="0" />
            <String ID="Word_79881" HPOS="1135" VPOS="700" WIDTH="279" HEIGHT="56" CONTENT="persecution" />
            <SP ID="SP_71998" HPOS="1414" VPOS="700" WIDTH="22" HEIGHT="0" />
            <String ID="Word_79882" HPOS="1436" VPOS="714" WIDTH="49" HEIGHT="29" CONTENT="or" />
            <SP ID="SP_71999" HPOS="1485" VPOS="701" WIDTH="16" HEIGHT="0" />
            <String ID="Word_79883" HPOS="1501" VPOS="701" WIDTH="46" HEIGHT="41" CONTENT="of" />
            <SP ID="SP_72000" HPOS="1547" VPOS="701" WIDTH="26" HEIGHT="0" />
            <String ID="Word_79884" HPOS="1573" VPOS="714" WIDTH="168" HEIGHT="42" CONTENT="posses-" />
          </TextLine>
          <TextLine ID="TextLine_7889" HPOS="84" VPOS="772" WIDTH="1661" HEIGHT="60">
            <String ID="Word_79885" HPOS="84" VPOS="776" WIDTH="95" HEIGHT="43" CONTENT="sion" />
            <SP ID="SP_72001" HPOS="179" VPOS="776" WIDTH="24" HEIGHT="0" />
            <String ID="Word_79886" HPOS="203" VPOS="776" WIDTH="58" HEIGHT="42" CONTENT="by" />
            <SP ID="SP_72002" HPOS="261" VPOS="775" WIDTH="22" HEIGHT="0" />
            <String ID="Word_79887" HPOS="283" VPOS="775" WIDTH="87" HEIGHT="43" CONTENT="evil" />
            <SP ID="SP_72003" HPOS="370" VPOS="775" WIDTH="23" HEIGHT="0" />
            <String ID="Word_79888" HPOS="393" VPOS="775" WIDTH="160" HEIGHT="42" CONTENT="spirits." />
            <SP ID="SP_72004" HPOS="553" VPOS="774" WIDTH="65" HEIGHT="0" />
            <String ID="Word_79889" HPOS="618" VPOS="774" WIDTH="71" HEIGHT="43" CONTENT="He" />
            <SP ID="SP_72005" HPOS="689" VPOS="774" WIDTH="34" HEIGHT="0" />
            <String ID="Word_79890" HPOS="723" VPOS="774" WIDTH="148" HEIGHT="56" CONTENT="brings" />
            <SP ID="SP_72006" HPOS="871" VPOS="774" WIDTH="33" HEIGHT="0" />
            <String ID="Word_79891" HPOS="904" VPOS="784" WIDTH="90" HEIGHT="32" CONTENT="out," />
            <SP ID="SP_72007" HPOS="994" VPOS="773" WIDTH="26" HEIGHT="0" />
            <String ID="Word_79892" HPOS="1020" VPOS="773" WIDTH="46" HEIGHT="43" CONTENT="in" />
            <SP ID="SP_72008" HPOS="1066" VPOS="773" WIDTH="33" HEIGHT="0" />
            <String ID="Word_79893" HPOS="1099" VPOS="787" WIDTH="152" HEIGHT="43" CONTENT="strong" />
            <SP ID="SP_72009" HPOS="1251" VPOS="772" WIDTH="31" HEIGHT="0" />
            <String ID="Word_79894" HPOS="1282" VPOS="772" WIDTH="137" HEIGHT="51" CONTENT="relief," />
            <SP ID="SP_72010" HPOS="1419" VPOS="772" WIDTH="28" HEIGHT="0" />
            <String ID="Word_79895" HPOS="1447" VPOS="772" WIDTH="76" HEIGHT="44" CONTENT="the" />
            <SP ID="SP_72011" HPOS="1523" VPOS="772" WIDTH="27" HEIGHT="0" />
            <String ID="Word_79896" HPOS="1550" VPOS="776" WIDTH="195" HEIGHT="39" CONTENT="contrast" />
          </TextLine>
          <TextLine ID="TextLine_7890" HPOS="82" VPOS="845" WIDTH="1661" HEIGHT="58">
            <String ID="Word_79897" HPOS="82" VPOS="847" WIDTH="198" HEIGHT="43" CONTENT="between" />
            <SP ID="SP_72012" HPOS="280" VPOS="847" WIDTH="35" HEIGHT="0" />
            <String ID="Word_79898" HPOS="315" VPOS="847" WIDTH="74" HEIGHT="43" CONTENT="the" />
            <SP ID="SP_72013" HPOS="389" VPOS="846" WIDTH="38" HEIGHT="0" />
            <String ID="Word_79899" HPOS="427" VPOS="851" WIDTH="194" HEIGHT="52" CONTENT="patients" />
            <SP ID="SP_72014" HPOS="621" VPOS="845" WIDTH="47" HEIGHT="0" />
            <String ID="Word_79900" HPOS="668" VPOS="845" WIDTH="97" HEIGHT="43" CONTENT="who" />
            <SP ID="SP_72015" HPOS="765" VPOS="845" WIDTH="35" HEIGHT="0" />
            <String ID="Word_79901" HPOS="800" VPOS="860" WIDTH="72" HEIGHT="28" CONTENT="are" />
            <SP ID="SP_72016" HPOS="872" VPOS="846" WIDTH="45" HEIGHT="0" />
            <String ID="Word_79902" HPOS="917" VPOS="846" WIDTH="195" HEIGHT="55" CONTENT="subjects" />
            <SP ID="SP_72017" HPOS="1112" VPOS="845" WIDTH="40" HEIGHT="0" />
            <String ID="Word_79903" HPOS="1152" VPOS="845" WIDTH="47" HEIGHT="43" CONTENT="of" />
            <SP ID="SP_72018" HPOS="1199" VPOS="845" WIDTH="35" HEIGHT="0" />
            <String ID="Word_79904" HPOS="1234" VPOS="846" WIDTH="75" HEIGHT="42" CONTENT="the" />
            <SP ID="SP_72019" HPOS="1309" VPOS="845" WIDTH="37" HEIGHT="0" />
            <String ID="Word_79905" HPOS="1346" VPOS="845" WIDTH="397" HEIGHT="57" CONTENT="psycho-auditory" />
          </TextLine>
          <TextLine ID="TextLine_7891" HPOS="83" VPOS="916" WIDTH="1662" HEIGHT="57">
            <String ID="Word_79906" HPOS="83" VPOS="918" WIDTH="343" HEIGHT="43" CONTENT="hallucinations" />
            <SP ID="SP_72020" HPOS="426" VPOS="917" WIDTH="32" HEIGHT="0" />
            <String ID="Word_79907" HPOS="458" VPOS="917" WIDTH="178" HEIGHT="44" CONTENT="already" />
            <SP ID="SP_72021" HPOS="636" VPOS="917" WIDTH="34" HEIGHT="0" />
            <String ID="Word_79908" HPOS="670" VPOS="917" WIDTH="227" HEIGHT="44" CONTENT="described" />
            <SP ID="SP_72022" HPOS="897" VPOS="917" WIDTH="33" HEIGHT="0" />
            <String ID="Word_79909" HPOS="930" VPOS="917" WIDTH="88" HEIGHT="43" CONTENT="and" />
            <SP ID="SP_72023" HPOS="1018" VPOS="917" WIDTH="37" HEIGHT="0" />
            <String ID="Word_79910" HPOS="1055" VPOS="917" WIDTH="126" HEIGHT="43" CONTENT="those" />
            <SP ID="SP_72024" HPOS="1181" VPOS="917" WIDTH="40" HEIGHT="0" />
            <String ID="Word_79911" HPOS="1221" VPOS="931" WIDTH="144" HEIGHT="29" CONTENT="whose" />
            <SP ID="SP_72025" HPOS="1365" VPOS="916" WIDTH="32" HEIGHT="0" />
            <String ID="Word_79912" HPOS="1397" VPOS="916" WIDTH="348" HEIGHT="44" CONTENT="hallucinations" />
          </TextLine>
          <TextLine ID="TextLine_7892" HPOS="83" VPOS="989" WIDTH="1662" HEIGHT="58">
            <String ID="Word_79913" HPOS="83" VPOS="1005" WIDTH="71" HEIGHT="29" CONTENT="are" />
            <SP ID="SP_72026" HPOS="154" VPOS="991" WIDTH="24" HEIGHT="0" />
            <String ID="Word_79914" HPOS="178" VPOS="991" WIDTH="340" HEIGHT="56" CONTENT="psycho-motor." />
            <SP ID="SP_72027" HPOS="518" VPOS="991" WIDTH="65" HEIGHT="0" />
            <String ID="Word_79915" HPOS="583" VPOS="991" WIDTH="91" HEIGHT="43" CONTENT="The" />
            <SP ID="SP_72028" HPOS="674" VPOS="991" WIDTH="36" HEIGHT="0" />
            <String ID="Word_79916" HPOS="710" VPOS="991" WIDTH="163" HEIGHT="43" CONTENT="former" />
            <SP ID="SP_72029" HPOS="873" VPOS="991" WIDTH="31" HEIGHT="0" />
            <String ID="Word_79917" HPOS="904" VPOS="991" WIDTH="106" HEIGHT="43" CONTENT="hear" />
            <SP ID="SP_72030" HPOS="1010" VPOS="991" WIDTH="38" HEIGHT="0" />
            <String ID="Word_79918" HPOS="1048" VPOS="991" WIDTH="76" HEIGHT="43" CONTENT="the" />
            <SP ID="SP_72031" HPOS="1124" VPOS="990" WIDTH="32" HEIGHT="0" />
            <String ID="Word_79919" HPOS="1156" VPOS="990" WIDTH="158" HEIGHT="43" CONTENT="voices," />
            <SP ID="SP_72032" HPOS="1314" VPOS="990" WIDTH="23" HEIGHT="0" />
            <String ID="Word_79920" HPOS="1337" VPOS="990" WIDTH="75" HEIGHT="43" CONTENT="the" />
            <SP ID="SP_72033" HPOS="1412" VPOS="990" WIDTH="21" HEIGHT="0" />
            <String ID="Word_79921" HPOS="1433" VPOS="990" WIDTH="134" HEIGHT="43" CONTENT="latter" />
            <SP ID="SP_72034" HPOS="1567" VPOS="989" WIDTH="21" HEIGHT="0" />
            <String ID="Word_79922" HPOS="1588" VPOS="989" WIDTH="55" HEIGHT="44" CONTENT="do" />
            <SP ID="SP_72035" HPOS="1643" VPOS="989" WIDTH="22" HEIGHT="0" />
            <String ID="Word_79923" HPOS="1665" VPOS="995" WIDTH="80" HEIGHT="37" CONTENT="not" />
          </TextLine>
          <TextLine ID="TextLine_7893" HPOS="82" VPOS="1063" WIDTH="1665" HEIGHT="57">
            <String ID="Word_79924" HPOS="82" VPOS="1063" WIDTH="205" HEIGHT="57" CONTENT="properly" />
            <SP ID="SP_72036" HPOS="287" VPOS="1063" WIDTH="23" HEIGHT="0" />
            <String ID="Word_79925" HPOS="310" VPOS="1063" WIDTH="105" HEIGHT="43" CONTENT="hear" />
            <SP ID="SP_72037" HPOS="415" VPOS="1063" WIDTH="23" HEIGHT="0" />
            <String ID="Word_79926" HPOS="438" VPOS="1064" WIDTH="145" HEIGHT="42" CONTENT="voices" />
            <SP ID="SP_72038" HPOS="583" VPOS="1064" WIDTH="24" HEIGHT="0" />
            <String ID="Word_79927" HPOS="607" VPOS="1069" WIDTH="45" HEIGHT="36" CONTENT="at" />
            <SP ID="SP_72039" HPOS="652" VPOS="1063" WIDTH="28" HEIGHT="0" />
            <String ID="Word_79928" HPOS="680" VPOS="1063" WIDTH="60" HEIGHT="42" CONTENT="all" />
            <SP ID="SP_72040" HPOS="740" VPOS="1063" WIDTH="32" HEIGHT="0" />
            <String ID="Word_79929" HPOS="772" VPOS="1063" WIDTH="171" HEIGHT="57" CONTENT="(unless" />
            <SP ID="SP_72041" HPOS="943" VPOS="1063" WIDTH="33" HEIGHT="0" />
            <String ID="Word_79930" HPOS="976" VPOS="1063" WIDTH="107" HEIGHT="43" CONTENT="they" />
            <SP ID="SP_72042" HPOS="1083" VPOS="1063" WIDTH="32" HEIGHT="0" />
            <String ID="Word_79931" HPOS="1115" VPOS="1077" WIDTH="74" HEIGHT="29" CONTENT="are" />
            <SP ID="SP_72043" HPOS="1189" VPOS="1063" WIDTH="38" HEIGHT="0" />
            <String ID="Word_79932" HPOS="1227" VPOS="1063" WIDTH="92" HEIGHT="42" CONTENT="also" />
            <SP ID="SP_72044" HPOS="1319" VPOS="1063" WIDTH="37" HEIGHT="0" />
            <String ID="Word_79933" HPOS="1356" VPOS="1063" WIDTH="75" HEIGHT="43" CONTENT="the" />
            <SP ID="SP_72045" HPOS="1431" VPOS="1063" WIDTH="38" HEIGHT="0" />
            <String ID="Word_79934" HPOS="1469" VPOS="1063" WIDTH="193" HEIGHT="42" CONTENT="subjects" />
            <SP ID="SP_72046" HPOS="1662" VPOS="1063" WIDTH="38" HEIGHT="0" />
            <String ID="Word_79935" HPOS="1700" VPOS="1063" WIDTH="47" HEIGHT="42" CONTENT="of" />
          </TextLine>
          <TextLine ID="TextLine_7894" HPOS="83" VPOS="1135" WIDTH="1660" HEIGHT="57">
            <String ID="Word_79936" HPOS="83" VPOS="1136" WIDTH="203" HEIGHT="56" CONTENT="auditory" />
            <SP ID="SP_72047" HPOS="286" VPOS="1136" WIDTH="23" HEIGHT="0" />
            <String ID="Word_79937" HPOS="309" VPOS="1136" WIDTH="377" HEIGHT="56" CONTENT="hallucinations)," />
            <SP ID="SP_72048" HPOS="686" VPOS="1136" WIDTH="22" HEIGHT="0" />
            <String ID="Word_79938" HPOS="708" VPOS="1136" WIDTH="81" HEIGHT="42" CONTENT="but" />
            <SP ID="SP_72049" HPOS="789" VPOS="1136" WIDTH="26" HEIGHT="0" />
            <String ID="Word_79939" HPOS="815" VPOS="1150" WIDTH="72" HEIGHT="29" CONTENT="are" />
            <SP ID="SP_72050" HPOS="887" VPOS="1136" WIDTH="33" HEIGHT="0" />
            <String ID="Word_79940" HPOS="920" VPOS="1136" WIDTH="228" HEIGHT="43" CONTENT="conscious" />
            <SP ID="SP_72051" HPOS="1148" VPOS="1136" WIDTH="33" HEIGHT="0" />
            <String ID="Word_79941" HPOS="1181" VPOS="1136" WIDTH="45" HEIGHT="42" CONTENT="of" />
            <SP ID="SP_72052" HPOS="1226" VPOS="1135" WIDTH="30" HEIGHT="0" />
            <String ID="Word_79942" HPOS="1256" VPOS="1135" WIDTH="193" HEIGHT="43" CONTENT="internal" />
            <SP ID="SP_72053" HPOS="1449" VPOS="1135" WIDTH="32" HEIGHT="0" />
            <String ID="Word_79943" HPOS="1481" VPOS="1140" WIDTH="262" HEIGHT="37" CONTENT="utterances." />
          </TextLine>
          <TextLine ID="TextLine_7895" HPOS="82" VPOS="1207" WIDTH="1662" HEIGHT="57">
            <String ID="Word_79944" HPOS="82" VPOS="1208" WIDTH="123" HEIGHT="56" CONTENT="They" />
            <SP ID="SP_72054" HPOS="205" VPOS="1208" WIDTH="32" HEIGHT="0" />
            <String ID="Word_79945" HPOS="237" VPOS="1222" WIDTH="72" HEIGHT="29" CONTENT="are" />
            <SP ID="SP_72055" HPOS="309" VPOS="1207" WIDTH="31" HEIGHT="0" />
            <String ID="Word_79946" HPOS="340" VPOS="1207" WIDTH="229" HEIGHT="57" CONTENT="possessed" />
            <SP ID="SP_72056" HPOS="569" VPOS="1207" WIDTH="31" HEIGHT="0" />
            <String ID="Word_79947" HPOS="600" VPOS="1208" WIDTH="60" HEIGHT="55" CONTENT="by" />
            <SP ID="SP_72057" HPOS="660" VPOS="1208" WIDTH="35" HEIGHT="0" />
            <String ID="Word_79948" HPOS="695" VPOS="1208" WIDTH="151" HEIGHT="56" CONTENT="spirits" />
            <SP ID="SP_72058" HPOS="846" VPOS="1207" WIDTH="34" HEIGHT="0" />
            <String ID="Word_79949" HPOS="880" VPOS="1207" WIDTH="131" HEIGHT="56" CONTENT="(good" />
            <SP ID="SP_72059" HPOS="1011" VPOS="1207" WIDTH="33" HEIGHT="0" />
            <String ID="Word_79950" HPOS="1044" VPOS="1222" WIDTH="47" HEIGHT="28" CONTENT="or" />
            <SP ID="SP_72060" HPOS="1091" VPOS="1208" WIDTH="32" HEIGHT="0" />
            <String ID="Word_79951" HPOS="1123" VPOS="1208" WIDTH="101" HEIGHT="43" CONTENT="evil," />
            <SP ID="SP_72061" HPOS="1224" VPOS="1208" WIDTH="28" HEIGHT="0" />
            <String ID="Word_79952" HPOS="1252" VPOS="1208" WIDTH="82" HEIGHT="42" CONTENT="but" />
            <SP ID="SP_72062" HPOS="1334" VPOS="1207" WIDTH="25" HEIGHT="0" />
            <String ID="Word_79953" HPOS="1359" VPOS="1207" WIDTH="164" HEIGHT="56" CONTENT="mostly" />
            <SP ID="SP_72063" HPOS="1523" VPOS="1207" WIDTH="28" HEIGHT="0" />
            <String ID="Word_79954" HPOS="1551" VPOS="1207" WIDTH="120" HEIGHT="56" CONTENT="evil)," />
            <SP ID="SP_72064" HPOS="1671" VPOS="1207" WIDTH="23" HEIGHT="0" />
            <String ID="Word_79955" HPOS="1694" VPOS="1221" WIDTH="50" HEIGHT="29" CONTENT="or" />
          </TextLine>
          <TextLine ID="TextLine_7896" HPOS="83" VPOS="1278" WIDTH="1659" HEIGHT="56">
            <String ID="Word_79956" HPOS="83" VPOS="1278" WIDTH="196" HEIGHT="44" CONTENT="demons," />
            <SP ID="SP_72065" HPOS="279" VPOS="1278" WIDTH="23" HEIGHT="0" />
            <String ID="Word_79957" HPOS="302" VPOS="1294" WIDTH="47" HEIGHT="28" CONTENT="or" />
            <SP ID="SP_72066" HPOS="349" VPOS="1280" WIDTH="22" HEIGHT="0" />
            <String ID="Word_79958" HPOS="371" VPOS="1280" WIDTH="203" HEIGHT="42" CONTENT="enemies," />
            <SP ID="SP_72067" HPOS="574" VPOS="1279" WIDTH="23" HEIGHT="0" />
            <String ID="Word_79959" HPOS="597" VPOS="1279" WIDTH="97" HEIGHT="43" CONTENT="who" />
            <SP ID="SP_72068" HPOS="694" VPOS="1279" WIDTH="23" HEIGHT="0" />
            <String ID="Word_79960" HPOS="717" VPOS="1279" WIDTH="89" HEIGHT="42" CONTENT="live" />
            <SP ID="SP_72069" HPOS="806" VPOS="1279" WIDTH="35" HEIGHT="0" />
            <String ID="Word_79961" HPOS="841" VPOS="1279" WIDTH="158" HEIGHT="43" CONTENT="within" />
            <SP ID="SP_72070" HPOS="999" VPOS="1279" WIDTH="32" HEIGHT="0" />
            <String ID="Word_79962" HPOS="1031" VPOS="1280" WIDTH="117" HEIGHT="42" CONTENT="their" />
            <SP ID="SP_72071" HPOS="1148" VPOS="1279" WIDTH="32" HEIGHT="0" />
            <String ID="Word_79963" HPOS="1180" VPOS="1279" WIDTH="161" HEIGHT="43" CONTENT="bodies." />
            <SP ID="SP_72072" HPOS="1341" VPOS="1279" WIDTH="65" HEIGHT="0" />
            <String ID="Word_79964" HPOS="1406" VPOS="1279" WIDTH="44" HEIGHT="42" CONTENT="If" />
            <SP ID="SP_72073" HPOS="1450" VPOS="1279" WIDTH="33" HEIGHT="0" />
            <String ID="Word_79965" HPOS="1483" VPOS="1279" WIDTH="74" HEIGHT="42" CONTENT="the" />
            <SP ID="SP_72074" HPOS="1557" VPOS="1279" WIDTH="33" HEIGHT="0" />
            <String ID="Word_79966" HPOS="1590" VPOS="1279" WIDTH="152" HEIGHT="55" CONTENT="spirits" />
          </TextLine>
          <TextLine ID="TextLine_7897" HPOS="85" VPOS="1350" WIDTH="1659" HEIGHT="57">
            <String ID="Word_79967" HPOS="85" VPOS="1364" WIDTH="71" HEIGHT="29" CONTENT="are" />
            <SP ID="SP_72075" HPOS="156" VPOS="1351" WIDTH="23" HEIGHT="0" />
            <String ID="Word_79968" HPOS="179" VPOS="1351" WIDTH="97" HEIGHT="52" CONTENT="bad," />
            <SP ID="SP_72076" HPOS="276" VPOS="1351" WIDTH="24" HEIGHT="0" />
            <String ID="Word_79969" HPOS="300" VPOS="1351" WIDTH="103" HEIGHT="43" CONTENT="they" />
            <SP ID="SP_72077" HPOS="403" VPOS="1351" WIDTH="21" HEIGHT="0" />
            <String ID="Word_79970" HPOS="424" VPOS="1356" WIDTH="190" HEIGHT="37" CONTENT="torment" />
            <SP ID="SP_72078" HPOS="614" VPOS="1350" WIDTH="24" HEIGHT="0" />
            <String ID="Word_79971" HPOS="638" VPOS="1350" WIDTH="74" HEIGHT="43" CONTENT="the" />
            <SP ID="SP_72079" HPOS="712" VPOS="1350" WIDTH="24" HEIGHT="0" />
            <String ID="Word_79972" HPOS="736" VPOS="1351" WIDTH="172" HEIGHT="55" CONTENT="patient" />
            <SP ID="SP_72080" HPOS="908" VPOS="1351" WIDTH="22" HEIGHT="0" />
            <String ID="Word_79973" HPOS="930" VPOS="1351" WIDTH="59" HEIGHT="56" CONTENT="by" />
            <SP ID="SP_72081" HPOS="989" VPOS="1351" WIDTH="19" HEIGHT="0" />
            <String ID="Word_79974" HPOS="1008" VPOS="1351" WIDTH="157" HEIGHT="55" CONTENT="saying" />
            <SP ID="SP_72082" HPOS="1165" VPOS="1350" WIDTH="22" HEIGHT="0" />
            <String ID="Word_79975" HPOS="1187" VPOS="1350" WIDTH="150" HEIGHT="43" CONTENT="things" />
            <SP ID="SP_72083" HPOS="1337" VPOS="1350" WIDTH="23" HEIGHT="0" />
            <String ID="Word_79976" HPOS="1360" VPOS="1351" WIDTH="98" HEIGHT="42" CONTENT="that" />
            <SP ID="SP_72084" HPOS="1458" VPOS="1351" WIDTH="22" HEIGHT="0" />
            <String ID="Word_79977" HPOS="1480" VPOS="1365" WIDTH="73" HEIGHT="28" CONTENT="are" />
            <SP ID="SP_72085" HPOS="1553" VPOS="1350" WIDTH="22" HEIGHT="0" />
            <String ID="Word_79978" HPOS="1575" VPOS="1350" WIDTH="169" HEIGHT="56" CONTENT="utterly" />
          </TextLine>
          <TextLine ID="TextLine_7898" HPOS="83" VPOS="1421" WIDTH="1662" HEIGHT="58">
            <String ID="Word_79979" HPOS="83" VPOS="1428" WIDTH="252" HEIGHT="50" CONTENT="repugnant" />
            <SP ID="SP_72086" HPOS="335" VPOS="1422" WIDTH="22" HEIGHT="0" />
            <String ID="Word_79980" HPOS="357" VPOS="1422" WIDTH="86" HEIGHT="42" CONTENT="and" />
            <SP ID="SP_72087" HPOS="443" VPOS="1422" WIDTH="24" HEIGHT="0" />
            <String ID="Word_79981" HPOS="467" VPOS="1423" WIDTH="235" HEIGHT="41" CONTENT="abhorrent" />
            <SP ID="SP_72088" HPOS="702" VPOS="1423" WIDTH="23" HEIGHT="0" />
            <String ID="Word_79982" HPOS="725" VPOS="1427" WIDTH="44" HEIGHT="37" CONTENT="to" />
            <SP ID="SP_72089" HPOS="769" VPOS="1422" WIDTH="33" HEIGHT="0" />
            <String ID="Word_79983" HPOS="802" VPOS="1422" WIDTH="106" HEIGHT="51" CONTENT="him," />
            <SP ID="SP_72090" HPOS="908" VPOS="1422" WIDTH="23" HEIGHT="0" />
            <String ID="Word_79984" HPOS="931" VPOS="1422" WIDTH="59" HEIGHT="56" CONTENT="by" />
            <SP ID="SP_72091" HPOS="990" VPOS="1422" WIDTH="21" HEIGHT="0" />
            <String ID="Word_79985" HPOS="1011" VPOS="1422" WIDTH="220" HEIGHT="42" CONTENT="insulting" />
            <SP ID="SP_72092" HPOS="1231" VPOS="1421" WIDTH="31" HEIGHT="0" />
            <String ID="Word_79986" HPOS="1262" VPOS="1421" WIDTH="95" HEIGHT="42" CONTENT="him" />
            <SP ID="SP_72093" HPOS="1357" VPOS="1421" WIDTH="32" HEIGHT="0" />
            <String ID="Word_79987" HPOS="1389" VPOS="1421" WIDTH="48" HEIGHT="42" CONTENT="in" />
            <SP ID="SP_72094" HPOS="1437" VPOS="1421" WIDTH="33" HEIGHT="0" />
            <String ID="Word_79988" HPOS="1470" VPOS="1436" WIDTH="132" HEIGHT="41" CONTENT="every" />
            <SP ID="SP_72095" HPOS="1602" VPOS="1436" WIDTH="33" HEIGHT="0" />
            <String ID="Word_79989" HPOS="1635" VPOS="1436" WIDTH="110" HEIGHT="38" CONTENT="way," />
          </TextLine>
          <TextLine ID="TextLine_7899" HPOS="84" VPOS="1493" WIDTH="1660" HEIGHT="57">
            <String ID="Word_79990" HPOS="84" VPOS="1508" WIDTH="49" HEIGHT="28" CONTENT="or" />
            <SP ID="SP_72096" HPOS="133" VPOS="1495" WIDTH="22" HEIGHT="0" />
            <String ID="Word_79991" HPOS="155" VPOS="1495" WIDTH="58" HEIGHT="55" CONTENT="by" />
            <SP ID="SP_72097" HPOS="213" VPOS="1494" WIDTH="24" HEIGHT="0" />
            <String ID="Word_79992" HPOS="237" VPOS="1494" WIDTH="211" HEIGHT="56" CONTENT="hatching" />
            <SP ID="SP_72098" HPOS="448" VPOS="1494" WIDTH="22" HEIGHT="0" />
            <String ID="Word_79993" HPOS="470" VPOS="1494" WIDTH="115" HEIGHT="56" CONTENT="plots" />
            <SP ID="SP_72099" HPOS="585" VPOS="1494" WIDTH="24" HEIGHT="0" />
            <String ID="Word_79994" HPOS="609" VPOS="1498" WIDTH="173" HEIGHT="38" CONTENT="against" />
            <SP ID="SP_72100" HPOS="782" VPOS="1493" WIDTH="22" HEIGHT="0" />
            <String ID="Word_79995" HPOS="804" VPOS="1493" WIDTH="92" HEIGHT="42" CONTENT="him" />
            <SP ID="SP_72101" HPOS="896" VPOS="1493" WIDTH="25" HEIGHT="0" />
            <String ID="Word_79996" HPOS="921" VPOS="1495" WIDTH="86" HEIGHT="55" CONTENT="(for" />
            <SP ID="SP_72102" HPOS="1007" VPOS="1493" WIDTH="22" HEIGHT="0" />
            <String ID="Word_79997" HPOS="1029" VPOS="1493" WIDTH="168" HEIGHT="44" CONTENT="several" />
            <SP ID="SP_72103" HPOS="1197" VPOS="1493" WIDTH="28" HEIGHT="0" />
            <String ID="Word_79998" HPOS="1225" VPOS="1493" WIDTH="308" HEIGHT="56" CONTENT="personalities" />
            <SP ID="SP_72104" HPOS="1533" VPOS="1493" WIDTH="32" HEIGHT="0" />
            <String ID="Word_79999" HPOS="1565" VPOS="1508" WIDTH="102" HEIGHT="28" CONTENT="may" />
            <SP ID="SP_72105" HPOS="1667" VPOS="1494" WIDTH="22" HEIGHT="0" />
            <String ID="Word_80000" HPOS="1689" VPOS="1494" WIDTH="55" HEIGHT="42" CONTENT="be" />
          </TextLine>
          <TextLine ID="TextLine_7900" HPOS="82" VPOS="1565" WIDTH="1664" HEIGHT="57">
            <String ID="Word_80001" HPOS="82" VPOS="1565" WIDTH="313" HEIGHT="56" CONTENT="represented)." />
            <SP ID="SP_72106" HPOS="395" VPOS="1565" WIDTH="56" HEIGHT="0" />
            <String ID="Word_80002" HPOS="451" VPOS="1566" WIDTH="43" HEIGHT="41" CONTENT="If" />
            <SP ID="SP_72107" HPOS="494" VPOS="1565" WIDTH="20" HEIGHT="0" />
            <String ID="Word_80003" HPOS="514" VPOS="1565" WIDTH="124" HEIGHT="57" CONTENT="good," />
            <SP ID="SP_72108" HPOS="638" VPOS="1565" WIDTH="17" HEIGHT="0" />
            <String ID="Word_80004" HPOS="655" VPOS="1565" WIDTH="75" HEIGHT="42" CONTENT="the" />
            <SP ID="SP_72109" HPOS="730" VPOS="1565" WIDTH="24" HEIGHT="0" />
            <String ID="Word_80005" HPOS="754" VPOS="1565" WIDTH="151" HEIGHT="43" CONTENT="spirits" />
            <SP ID="SP_72110" HPOS="905" VPOS="1565" WIDTH="17" HEIGHT="0" />
            <String ID="Word_80006" HPOS="922" VPOS="1569" WIDTH="186" HEIGHT="38" CONTENT="comfort" />
            <SP ID="SP_72111" HPOS="1108" VPOS="1565" WIDTH="17" HEIGHT="0" />
            <String ID="Word_80007" HPOS="1125" VPOS="1565" WIDTH="76" HEIGHT="43" CONTENT="the" />
            <SP ID="SP_72112" HPOS="1201" VPOS="1565" WIDTH="17" HEIGHT="0" />
            <String ID="Word_80008" HPOS="1218" VPOS="1565" WIDTH="172" HEIGHT="56" CONTENT="patient" />
            <SP ID="SP_72113" HPOS="1390" VPOS="1565" WIDTH="17" HEIGHT="0" />
            <String ID="Word_80009" HPOS="1407" VPOS="1565" WIDTH="59" HEIGHT="56" CONTENT="by" />
            <SP ID="SP_72114" HPOS="1466" VPOS="1565" WIDTH="18" HEIGHT="0" />
            <String ID="Word_80010" HPOS="1484" VPOS="1565" WIDTH="262" HEIGHT="57" CONTENT="conversing" />
          </TextLine>
          <TextLine ID="TextLine_7901" HPOS="82" VPOS="1636" WIDTH="1664" HEIGHT="58">
            <String ID="Word_80011" HPOS="82" VPOS="1636" WIDTH="108" HEIGHT="42" CONTENT="with" />
            <SP ID="SP_72115" HPOS="190" VPOS="1636" WIDTH="23" HEIGHT="0" />
            <String ID="Word_80012" HPOS="213" VPOS="1637" WIDTH="106" HEIGHT="50" CONTENT="him," />
            <SP ID="SP_72116" HPOS="319" VPOS="1636" WIDTH="18" HEIGHT="0" />
            <String ID="Word_80013" HPOS="337" VPOS="1636" WIDTH="87" HEIGHT="42" CONTENT="and" />
            <SP ID="SP_72117" HPOS="424" VPOS="1636" WIDTH="22" HEIGHT="0" />
            <String ID="Word_80014" HPOS="446" VPOS="1636" WIDTH="217" HEIGHT="56" CONTENT="inspiring" />
            <SP ID="SP_72118" HPOS="663" VPOS="1636" WIDTH="22" HEIGHT="0" />
            <String ID="Word_80015" HPOS="685" VPOS="1636" WIDTH="92" HEIGHT="42" CONTENT="him" />
            <SP ID="SP_72119" HPOS="777" VPOS="1636" WIDTH="24" HEIGHT="0" />
            <String ID="Word_80016" HPOS="801" VPOS="1636" WIDTH="108" HEIGHT="43" CONTENT="with" />
            <SP ID="SP_72120" HPOS="909" VPOS="1636" WIDTH="22" HEIGHT="0" />
            <String ID="Word_80017" HPOS="931" VPOS="1637" WIDTH="111" HEIGHT="56" CONTENT="good" />
            <SP ID="SP_72121" HPOS="1042" VPOS="1636" WIDTH="18" HEIGHT="0" />
            <String ID="Word_80018" HPOS="1060" VPOS="1636" WIDTH="224" HEIGHT="57" CONTENT="thoughts." />
            <SP ID="SP_72122" HPOS="1284" VPOS="1636" WIDTH="63" HEIGHT="0" />
            <String ID="Word_80019" HPOS="1347" VPOS="1637" WIDTH="93" HEIGHT="43" CONTENT="The" />
            <SP ID="SP_72123" HPOS="1440" VPOS="1637" WIDTH="22" HEIGHT="0" />
            <String ID="Word_80020" HPOS="1462" VPOS="1637" WIDTH="151" HEIGHT="56" CONTENT="spirits" />
            <SP ID="SP_72124" HPOS="1613" VPOS="1637" WIDTH="28" HEIGHT="0" />
            <String ID="Word_80021" HPOS="1641" VPOS="1651" WIDTH="105" HEIGHT="43" CONTENT="may" />
          </TextLine>
          <TextLine ID="TextLine_7902" HPOS="82" VPOS="1707" WIDTH="1661" HEIGHT="59">
            <String ID="Word_80022" HPOS="82" VPOS="1723" WIDTH="162" HEIGHT="41" CONTENT="appear" />
            <SP ID="SP_72125" HPOS="244" VPOS="1714" WIDTH="23" HEIGHT="0" />
            <String ID="Word_80023" HPOS="267" VPOS="1714" WIDTH="43" HEIGHT="38" CONTENT="to" />
            <SP ID="SP_72126" HPOS="310" VPOS="1708" WIDTH="23" HEIGHT="0" />
            <String ID="Word_80024" HPOS="333" VPOS="1708" WIDTH="77" HEIGHT="44" CONTENT="the" />
            <SP ID="SP_72127" HPOS="410" VPOS="1708" WIDTH="22" HEIGHT="0" />
            <String ID="Word_80025" HPOS="432" VPOS="1709" WIDTH="195" HEIGHT="56" CONTENT="patients" />
            <SP ID="SP_72128" HPOS="627" VPOS="1709" WIDTH="24" HEIGHT="0" />
            <String ID="Word_80026" HPOS="651" VPOS="1713" WIDTH="45" HEIGHT="38" CONTENT="to" />
            <SP ID="SP_72129" HPOS="696" VPOS="1707" WIDTH="22" HEIGHT="0" />
            <String ID="Word_80027" HPOS="718" VPOS="1707" WIDTH="89" HEIGHT="44" CONTENT="live" />
            <SP ID="SP_72130" HPOS="807" VPOS="1707" WIDTH="23" HEIGHT="0" />
            <String ID="Word_80028" HPOS="830" VPOS="1709" WIDTH="46" HEIGHT="42" CONTENT="in" />
            <SP ID="SP_72131" HPOS="876" VPOS="1709" WIDTH="21" HEIGHT="0" />
            <String ID="Word_80029" HPOS="897" VPOS="1709" WIDTH="173" HEIGHT="43" CONTENT="various" />
            <SP ID="SP_72132" HPOS="1070" VPOS="1709" WIDTH="16" HEIGHT="0" />
            <String ID="Word_80030" HPOS="1086" VPOS="1713" WIDTH="123" HEIGHT="53" CONTENT="parts" />
            <SP ID="SP_72133" HPOS="1209" VPOS="1710" WIDTH="23" HEIGHT="0" />
            <String ID="Word_80031" HPOS="1232" VPOS="1710" WIDTH="47" HEIGHT="42" CONTENT="of" />
            <SP ID="SP_72134" HPOS="1279" VPOS="1709" WIDTH="18" HEIGHT="0" />
            <String ID="Word_80032" HPOS="1297" VPOS="1709" WIDTH="77" HEIGHT="44" CONTENT="the" />
            <SP ID="SP_72135" HPOS="1374" VPOS="1709" WIDTH="23" HEIGHT="0" />
            <String ID="Word_80033" HPOS="1397" VPOS="1709" WIDTH="130" HEIGHT="57" CONTENT="body." />
            <SP ID="SP_72136" HPOS="1527" VPOS="1709" WIDTH="67" HEIGHT="0" />
            <String ID="Word_80034" HPOS="1594" VPOS="1709" WIDTH="149" HEIGHT="44" CONTENT="Some-" />
          </TextLine>
          <TextLine ID="TextLine_7903" HPOS="82" VPOS="1780" WIDTH="1664" HEIGHT="58">
            <String ID="Word_80035" HPOS="82" VPOS="1782" WIDTH="130" HEIGHT="42" CONTENT="times" />
            <SP ID="SP_72137" HPOS="212" VPOS="1781" WIDTH="24" HEIGHT="0" />
            <String ID="Word_80036" HPOS="236" VPOS="1781" WIDTH="105" HEIGHT="55" CONTENT="they" />
            <SP ID="SP_72138" HPOS="341" VPOS="1781" WIDTH="23" HEIGHT="0" />
            <String ID="Word_80037" HPOS="364" VPOS="1795" WIDTH="162" HEIGHT="42" CONTENT="appear" />
            <SP ID="SP_72139" HPOS="526" VPOS="1785" WIDTH="23" HEIGHT="0" />
            <String ID="Word_80038" HPOS="549" VPOS="1785" WIDTH="44" HEIGHT="38" CONTENT="to" />
            <SP ID="SP_72140" HPOS="593" VPOS="1780" WIDTH="22" HEIGHT="0" />
            <String ID="Word_80039" HPOS="615" VPOS="1780" WIDTH="175" HEIGHT="43" CONTENT="inhabit" />
            <SP ID="SP_72141" HPOS="790" VPOS="1780" WIDTH="32" HEIGHT="0" />
            <String ID="Word_80040" HPOS="822" VPOS="1781" WIDTH="76" HEIGHT="43" CONTENT="the" />
            <SP ID="SP_72142" HPOS="898" VPOS="1781" WIDTH="33" HEIGHT="0" />
            <String ID="Word_80041" HPOS="931" VPOS="1781" WIDTH="300" HEIGHT="56" CONTENT="epigastrium," />
            <SP ID="SP_72143" HPOS="1231" VPOS="1781" WIDTH="23" HEIGHT="0" />
            <String ID="Word_80042" HPOS="1254" VPOS="1796" WIDTH="48" HEIGHT="28" CONTENT="or" />
            <SP ID="SP_72144" HPOS="1302" VPOS="1796" WIDTH="31" HEIGHT="0" />
            <String ID="Word_80043" HPOS="1333" VPOS="1796" WIDTH="120" HEIGHT="29" CONTENT="some" />
            <SP ID="SP_72145" HPOS="1453" VPOS="1782" WIDTH="33" HEIGHT="0" />
            <String ID="Word_80044" HPOS="1486" VPOS="1782" WIDTH="127" HEIGHT="43" CONTENT="other" />
            <SP ID="SP_72146" HPOS="1613" VPOS="1782" WIDTH="31" HEIGHT="0" />
            <String ID="Word_80045" HPOS="1644" VPOS="1787" WIDTH="102" HEIGHT="51" CONTENT="part" />
          </TextLine>
          <TextLine ID="TextLine_7904" HPOS="83" VPOS="1852" WIDTH="1663" HEIGHT="58">
            <String ID="Word_80046" HPOS="83" VPOS="1853" WIDTH="44" HEIGHT="42" CONTENT="of" />
            <SP ID="SP_72147" HPOS="127" VPOS="1853" WIDTH="22" HEIGHT="0" />
            <String ID="Word_80047" HPOS="149" VPOS="1853" WIDTH="74" HEIGHT="43" CONTENT="the" />
            <SP ID="SP_72148" HPOS="223" VPOS="1853" WIDTH="23" HEIGHT="0" />
            <String ID="Word_80048" HPOS="246" VPOS="1853" WIDTH="225" HEIGHT="42" CONTENT="abdomen." />
            <SP ID="SP_72149" HPOS="471" VPOS="1852" WIDTH="64" HEIGHT="0" />
            <String ID="Word_80049" HPOS="535" VPOS="1852" WIDTH="175" HEIGHT="43" CONTENT="Thence" />
            <SP ID="SP_72150" HPOS="710" VPOS="1852" WIDTH="23" HEIGHT="0" />
            <String ID="Word_80050" HPOS="733" VPOS="1853" WIDTH="75" HEIGHT="42" CONTENT="the" />
            <SP ID="SP_72151" HPOS="808" VPOS="1853" WIDTH="24" HEIGHT="0" />
            <String ID="Word_80051" HPOS="832" VPOS="1858" WIDTH="250" HEIGHT="38" CONTENT="utterances" />
            <SP ID="SP_72152" HPOS="1082" VPOS="1858" WIDTH="23" HEIGHT="0" />
            <String ID="Word_80052" HPOS="1105" VPOS="1867" WIDTH="104" HEIGHT="42" CONTENT="may" />
            <SP ID="SP_72153" HPOS="1209" VPOS="1867" WIDTH="33" HEIGHT="0" />
            <String ID="Word_80053" HPOS="1242" VPOS="1868" WIDTH="163" HEIGHT="42" CONTENT="appear" />
            <SP ID="SP_72154" HPOS="1405" VPOS="1858" WIDTH="27" HEIGHT="0" />
            <String ID="Word_80054" HPOS="1432" VPOS="1858" WIDTH="45" HEIGHT="38" CONTENT="to" />
            <SP ID="SP_72155" HPOS="1477" VPOS="1854" WIDTH="27" HEIGHT="0" />
            <String ID="Word_80055" HPOS="1504" VPOS="1854" WIDTH="164" HEIGHT="43" CONTENT="ascend" />
            <SP ID="SP_72156" HPOS="1668" VPOS="1854" WIDTH="32" HEIGHT="0" />
            <String ID="Word_80056" HPOS="1700" VPOS="1859" WIDTH="46" HEIGHT="38" CONTENT="to" />
          </TextLine>
          <TextLine ID="TextLine_7905" HPOS="83" VPOS="1924" WIDTH="1663" HEIGHT="59">
            <String ID="Word_80057" HPOS="83" VPOS="1924" WIDTH="75" HEIGHT="44" CONTENT="the" />
            <SP ID="SP_72157" HPOS="158" VPOS="1924" WIDTH="22" HEIGHT="0" />
            <String ID="Word_80058" HPOS="180" VPOS="1924" WIDTH="167" HEIGHT="43" CONTENT="mouth." />
            <SP ID="SP_72158" HPOS="347" VPOS="1924" WIDTH="63" HEIGHT="0" />
            <String ID="Word_80059" HPOS="410" VPOS="1925" WIDTH="121" HEIGHT="56" CONTENT="Very" />
            <SP ID="SP_72159" HPOS="531" VPOS="1925" WIDTH="22" HEIGHT="0" />
            <String ID="Word_80060" HPOS="553" VPOS="1932" WIDTH="123" HEIGHT="35" CONTENT="often" />
            <SP ID="SP_72160" HPOS="676" VPOS="1924" WIDTH="23" HEIGHT="0" />
            <String ID="Word_80061" HPOS="699" VPOS="1924" WIDTH="76" HEIGHT="43" CONTENT="the" />
            <SP ID="SP_72161" HPOS="775" VPOS="1924" WIDTH="34" HEIGHT="0" />
            <String ID="Word_80062" HPOS="809" VPOS="1925" WIDTH="129" HEIGHT="56" CONTENT="spirit" />
            <SP ID="SP_72162" HPOS="938" VPOS="1925" WIDTH="31" HEIGHT="0" />
            <String ID="Word_80063" HPOS="969" VPOS="1925" WIDTH="39" HEIGHT="43" CONTENT="is" />
            <SP ID="SP_72163" HPOS="1008" VPOS="1925" WIDTH="34" HEIGHT="0" />
            <String ID="Word_80064" HPOS="1042" VPOS="1926" WIDTH="219" HEIGHT="55" CONTENT="supposed" />
            <SP ID="SP_72164" HPOS="1261" VPOS="1926" WIDTH="33" HEIGHT="0" />
            <String ID="Word_80065" HPOS="1294" VPOS="1926" WIDTH="57" HEIGHT="56" CONTENT="by" />
            <SP ID="SP_72165" HPOS="1351" VPOS="1926" WIDTH="35" HEIGHT="0" />
            <String ID="Word_80066" HPOS="1386" VPOS="1926" WIDTH="76" HEIGHT="43" CONTENT="the" />
            <SP ID="SP_72166" HPOS="1462" VPOS="1926" WIDTH="32" HEIGHT="0" />
            <String ID="Word_80067" HPOS="1494" VPOS="1927" WIDTH="174" HEIGHT="56" CONTENT="patient" />
            <SP ID="SP_72167" HPOS="1668" VPOS="1927" WIDTH="31" HEIGHT="0" />
            <String ID="Word_80068" HPOS="1699" VPOS="1931" WIDTH="47" HEIGHT="39" CONTENT="to" />
          </TextLine>
          <TextLine ID="TextLine_7906" HPOS="84" VPOS="1996" WIDTH="1661" HEIGHT="59">
            <String ID="Word_80069" HPOS="84" VPOS="1996" WIDTH="89" HEIGHT="43" CONTENT="live" />
            <SP ID="SP_72168" HPOS="173" VPOS="1996" WIDTH="22" HEIGHT="0" />
            <String ID="Word_80070" HPOS="195" VPOS="1997" WIDTH="47" HEIGHT="41" CONTENT="in" />
            <SP ID="SP_72169" HPOS="242" VPOS="1996" WIDTH="22" HEIGHT="0" />
            <String ID="Word_80071" HPOS="264" VPOS="1996" WIDTH="76" HEIGHT="43" CONTENT="the" />
            <SP ID="SP_72170" HPOS="340" VPOS="1996" WIDTH="23" HEIGHT="0" />
            <String ID="Word_80072" HPOS="363" VPOS="1996" WIDTH="154" HEIGHT="42" CONTENT="mouth" />
            <SP ID="SP_72171" HPOS="517" VPOS="1996" WIDTH="23" HEIGHT="0" />
            <String ID="Word_80073" HPOS="540" VPOS="1996" WIDTH="219" HEIGHT="43" CONTENT="itself—it" />
            <SP ID="SP_72172" HPOS="759" VPOS="1996" WIDTH="30" HEIGHT="0" />
            <String ID="Word_80074" HPOS="789" VPOS="2011" WIDTH="100" HEIGHT="42" CONTENT="may" />
            <SP ID="SP_72173" HPOS="889" VPOS="1997" WIDTH="25" HEIGHT="0" />
            <String ID="Word_80075" HPOS="914" VPOS="1997" WIDTH="53" HEIGHT="43" CONTENT="be" />
            <SP ID="SP_72174" HPOS="967" VPOS="1997" WIDTH="33" HEIGHT="0" />
            <String ID="Word_80076" HPOS="1000" VPOS="1998" WIDTH="141" HEIGHT="42" CONTENT="under" />
            <SP ID="SP_72175" HPOS="1141" VPOS="1998" WIDTH="32" HEIGHT="0" />
            <String ID="Word_80077" HPOS="1173" VPOS="1998" WIDTH="76" HEIGHT="43" CONTENT="the" />
            <SP ID="SP_72176" HPOS="1249" VPOS="1998" WIDTH="33" HEIGHT="0" />
            <String ID="Word_80078" HPOS="1282" VPOS="2004" WIDTH="274" HEIGHT="51" CONTENT="tongue—or" />
            <SP ID="SP_72177" HPOS="1556" VPOS="2000" WIDTH="31" HEIGHT="0" />
            <String ID="Word_80079" HPOS="1587" VPOS="2000" WIDTH="49" HEIGHT="41" CONTENT="in" />
            <SP ID="SP_72178" HPOS="1636" VPOS="1999" WIDTH="33" HEIGHT="0" />
            <String ID="Word_80080" HPOS="1669" VPOS="1999" WIDTH="76" HEIGHT="44" CONTENT="the" />
          </TextLine>
          <TextLine ID="TextLine_7907" HPOS="87" VPOS="2067" WIDTH="1658" HEIGHT="61">
            <String ID="Word_80081" HPOS="87" VPOS="2082" WIDTH="141" HEIGHT="42" CONTENT="upper" />
            <SP ID="SP_72179" HPOS="228" VPOS="2073" WIDTH="35" HEIGHT="0" />
            <String ID="Word_80082" HPOS="263" VPOS="2073" WIDTH="100" HEIGHT="51" CONTENT="part" />
            <SP ID="SP_72180" HPOS="363" VPOS="2068" WIDTH="42" HEIGHT="0" />
            <String ID="Word_80083" HPOS="405" VPOS="2068" WIDTH="46" HEIGHT="42" CONTENT="of" />
            <SP ID="SP_72181" HPOS="451" VPOS="2067" WIDTH="42" HEIGHT="0" />
            <String ID="Word_80084" HPOS="493" VPOS="2067" WIDTH="73" HEIGHT="44" CONTENT="the" />
            <SP ID="SP_72182" HPOS="566" VPOS="2067" WIDTH="43" HEIGHT="0" />
            <String ID="Word_80085" HPOS="609" VPOS="2068" WIDTH="171" HEIGHT="53" CONTENT="throat;" />
            <SP ID="SP_72183" HPOS="780" VPOS="2068" WIDTH="48" HEIGHT="0" />
            <String ID="Word_80086" HPOS="828" VPOS="2068" WIDTH="87" HEIGHT="43" CONTENT="and" />
            <SP ID="SP_72184" HPOS="915" VPOS="2068" WIDTH="38" HEIGHT="0" />
            <String ID="Word_80087" HPOS="953" VPOS="2069" WIDTH="265" HEIGHT="44" CONTENT="sometimes," />
            <SP ID="SP_72185" HPOS="1218" VPOS="2069" WIDTH="38" HEIGHT="0" />
            <String ID="Word_80088" HPOS="1256" VPOS="2070" WIDTH="130" HEIGHT="43" CONTENT="when" />
            <SP ID="SP_72186" HPOS="1386" VPOS="2070" WIDTH="39" HEIGHT="0" />
            <String ID="Word_80089" HPOS="1425" VPOS="2071" WIDTH="75" HEIGHT="43" CONTENT="the" />
            <SP ID="SP_72187" HPOS="1500" VPOS="2071" WIDTH="37" HEIGHT="0" />
            <String ID="Word_80090" HPOS="1537" VPOS="2071" WIDTH="132" HEIGHT="57" CONTENT="spirit" />
            <SP ID="SP_72188" HPOS="1669" VPOS="2071" WIDTH="36" HEIGHT="0" />
            <String ID="Word_80091" HPOS="1705" VPOS="2072" WIDTH="40" HEIGHT="43" CONTENT="is" />
          </TextLine>
          <TextLine ID="TextLine_7908" HPOS="87" VPOS="2139" WIDTH="1657" HEIGHT="59">
            <String ID="Word_80092" HPOS="87" VPOS="2140" WIDTH="219" HEIGHT="56" CONTENT="supposed" />
            <SP ID="SP_72189" HPOS="306" VPOS="2140" WIDTH="22" HEIGHT="0" />
            <String ID="Word_80093" HPOS="328" VPOS="2145" WIDTH="44" HEIGHT="37" CONTENT="to" />
            <SP ID="SP_72190" HPOS="372" VPOS="2139" WIDTH="22" HEIGHT="0" />
            <String ID="Word_80094" HPOS="394" VPOS="2139" WIDTH="88" HEIGHT="43" CONTENT="live" />
            <SP ID="SP_72191" HPOS="482" VPOS="2139" WIDTH="22" HEIGHT="0" />
            <String ID="Word_80095" HPOS="504" VPOS="2139" WIDTH="134" HEIGHT="44" CONTENT="lower" />
            <SP ID="SP_72192" HPOS="638" VPOS="2139" WIDTH="22" HEIGHT="0" />
            <String ID="Word_80096" HPOS="660" VPOS="2139" WIDTH="140" HEIGHT="52" CONTENT="down," />
            <SP ID="SP_72193" HPOS="800" VPOS="2139" WIDTH="23" HEIGHT="0" />
            <String ID="Word_80097" HPOS="823" VPOS="2140" WIDTH="37" HEIGHT="42" CONTENT="it" />
            <SP ID="SP_72194" HPOS="860" VPOS="2140" WIDTH="21" HEIGHT="0" />
            <String ID="Word_80098" HPOS="881" VPOS="2140" WIDTH="37" HEIGHT="43" CONTENT="is" />
            <SP ID="SP_72195" HPOS="918" VPOS="2140" WIDTH="23" HEIGHT="0" />
            <String ID="Word_80099" HPOS="941" VPOS="2141" WIDTH="82" HEIGHT="42" CONTENT="felt" />
            <SP ID="SP_72196" HPOS="1023" VPOS="2141" WIDTH="21" HEIGHT="0" />
            <String ID="Word_80100" HPOS="1044" VPOS="2141" WIDTH="60" HEIGHT="57" CONTENT="by" />
            <SP ID="SP_72197" HPOS="1104" VPOS="2141" WIDTH="23" HEIGHT="0" />
            <String ID="Word_80101" HPOS="1127" VPOS="2141" WIDTH="75" HEIGHT="44" CONTENT="the" />
            <SP ID="SP_72198" HPOS="1202" VPOS="2141" WIDTH="22" HEIGHT="0" />
            <String ID="Word_80102" HPOS="1224" VPOS="2142" WIDTH="173" HEIGHT="56" CONTENT="patient" />
            <SP ID="SP_72199" HPOS="1397" VPOS="2142" WIDTH="29" HEIGHT="0" />
            <String ID="Word_80103" HPOS="1426" VPOS="2147" WIDTH="46" HEIGHT="39" CONTENT="to" />
            <SP ID="SP_72200" HPOS="1472" VPOS="2144" WIDTH="32" HEIGHT="0" />
            <String ID="Word_80104" HPOS="1504" VPOS="2144" WIDTH="162" HEIGHT="43" CONTENT="ascend" />
            <SP ID="SP_72201" HPOS="1666" VPOS="2144" WIDTH="31" HEIGHT="0" />
            <String ID="Word_80105" HPOS="1697" VPOS="2148" WIDTH="47" HEIGHT="39" CONTENT="to" />
          </TextLine>
          <TextLine ID="TextLine_7909" HPOS="88" VPOS="2211" WIDTH="916" HEIGHT="57">
            <String ID="Word_80106" HPOS="88" VPOS="2212" WIDTH="75" HEIGHT="42" CONTENT="the" />
            <SP ID="SP_72202" HPOS="163" VPOS="2211" WIDTH="23" HEIGHT="0" />
            <String ID="Word_80107" HPOS="186" VPOS="2211" WIDTH="154" HEIGHT="43" CONTENT="mouth" />
            <SP ID="SP_72203" HPOS="340" VPOS="2211" WIDTH="25" HEIGHT="0" />
            <String ID="Word_80108" HPOS="365" VPOS="2211" WIDTH="128" HEIGHT="43" CONTENT="when" />
            <SP ID="SP_72204" HPOS="493" VPOS="2211" WIDTH="23" HEIGHT="0" />
            <String ID="Word_80109" HPOS="516" VPOS="2211" WIDTH="36" HEIGHT="43" CONTENT="it" />
            <SP ID="SP_72205" HPOS="552" VPOS="2211" WIDTH="21" HEIGHT="0" />
            <String ID="Word_80110" HPOS="573" VPOS="2211" WIDTH="37" HEIGHT="43" CONTENT="is" />
            <SP ID="SP_72206" HPOS="610" VPOS="2211" WIDTH="23" HEIGHT="0" />
            <String ID="Word_80111" HPOS="633" VPOS="2212" WIDTH="134" HEIGHT="42" CONTENT="about" />
            <SP ID="SP_72207" HPOS="767" VPOS="2212" WIDTH="23" HEIGHT="0" />
            <String ID="Word_80112" HPOS="790" VPOS="2217" WIDTH="45" HEIGHT="37" CONTENT="to" />
            <SP ID="SP_72208" HPOS="835" VPOS="2213" WIDTH="23" HEIGHT="0" />
            <String ID="Word_80113" HPOS="858" VPOS="2213" WIDTH="146" HEIGHT="43" CONTENT="speak." />
          </TextLine>
          <TextLine ID="TextLine_7910" HPOS="147" VPOS="2282" WIDTH="1598" HEIGHT="62">
            <String ID="Word_80114" HPOS="147" VPOS="2283" WIDTH="91" HEIGHT="43" CONTENT="The" />
            <SP ID="SP_72209" HPOS="238" VPOS="2282" WIDTH="24" HEIGHT="0" />
            <String ID="Word_80115" HPOS="262" VPOS="2282" WIDTH="140" HEIGHT="43" CONTENT="whole" />
            <SP ID="SP_72210" HPOS="402" VPOS="2282" WIDTH="22" HEIGHT="0" />
            <String ID="Word_80116" HPOS="424" VPOS="2287" WIDTH="150" HEIGHT="52" CONTENT="aspect" />
            <SP ID="SP_72211" HPOS="574" VPOS="2282" WIDTH="22" HEIGHT="0" />
            <String ID="Word_80117" HPOS="596" VPOS="2282" WIDTH="88" HEIGHT="43" CONTENT="and" />
            <SP ID="SP_72212" HPOS="684" VPOS="2282" WIDTH="26" HEIGHT="0" />
            <String ID="Word_80118" HPOS="710" VPOS="2284" WIDTH="255" HEIGHT="55" CONTENT="expression" />
            <SP ID="SP_72213" HPOS="965" VPOS="2284" WIDTH="32" HEIGHT="0" />
            <String ID="Word_80119" HPOS="997" VPOS="2285" WIDTH="48" HEIGHT="42" CONTENT="of" />
            <SP ID="SP_72214" HPOS="1045" VPOS="2284" WIDTH="28" HEIGHT="0" />
            <String ID="Word_80120" HPOS="1073" VPOS="2284" WIDTH="76" HEIGHT="44" CONTENT="the" />
            <SP ID="SP_72215" HPOS="1149" VPOS="2284" WIDTH="32" HEIGHT="0" />
            <String ID="Word_80121" HPOS="1181" VPOS="2286" WIDTH="174" HEIGHT="55" CONTENT="patient" />
            <SP ID="SP_72216" HPOS="1355" VPOS="2286" WIDTH="31" HEIGHT="0" />
            <String ID="Word_80122" HPOS="1386" VPOS="2287" WIDTH="213" HEIGHT="57" CONTENT="suffering" />
            <SP ID="SP_72217" HPOS="1599" VPOS="2287" WIDTH="32" HEIGHT="0" />
            <String ID="Word_80123" HPOS="1631" VPOS="2289" WIDTH="114" HEIGHT="43" CONTENT="from" />
          </TextLine>
          <TextLine ID="TextLine_7911" HPOS="86" VPOS="2354" WIDTH="1659" HEIGHT="63">
            <String ID="Word_80124" HPOS="86" VPOS="2354" WIDTH="88" HEIGHT="43" CONTENT="this" />
            <SP ID="SP_72218" HPOS="174" VPOS="2354" WIDTH="24" HEIGHT="0" />
            <String ID="Word_80125" HPOS="198" VPOS="2355" WIDTH="170" HEIGHT="56" CONTENT="variety" />
            <SP ID="SP_72219" HPOS="368" VPOS="2355" WIDTH="23" HEIGHT="0" />
            <String ID="Word_80126" HPOS="391" VPOS="2355" WIDTH="45" HEIGHT="42" CONTENT="of" />
            <SP ID="SP_72220" HPOS="436" VPOS="2354" WIDTH="22" HEIGHT="0" />
            <String ID="Word_80127" HPOS="458" VPOS="2354" WIDTH="319" HEIGHT="43" CONTENT="hallucination" />
            <SP ID="SP_72221" HPOS="777" VPOS="2354" WIDTH="24" HEIGHT="0" />
            <String ID="Word_80128" HPOS="801" VPOS="2370" WIDTH="72" HEIGHT="29" CONTENT="are" />
            <SP ID="SP_72222" HPOS="873" VPOS="2356" WIDTH="22" HEIGHT="0" />
            <String ID="Word_80129" HPOS="895" VPOS="2356" WIDTH="205" HEIGHT="43" CONTENT="different" />
            <SP ID="SP_72223" HPOS="1100" VPOS="2356" WIDTH="22" HEIGHT="0" />
            <String ID="Word_80130" HPOS="1122" VPOS="2357" WIDTH="111" HEIGHT="43" CONTENT="from" />
            <SP ID="SP_72224" HPOS="1233" VPOS="2357" WIDTH="24" HEIGHT="0" />
            <String ID="Word_80131" HPOS="1257" VPOS="2358" WIDTH="124" HEIGHT="43" CONTENT="those" />
            <SP ID="SP_72225" HPOS="1381" VPOS="2358" WIDTH="24" HEIGHT="0" />
            <String ID="Word_80132" HPOS="1405" VPOS="2359" WIDTH="45" HEIGHT="42" CONTENT="of" />
            <SP ID="SP_72226" HPOS="1450" VPOS="2359" WIDTH="22" HEIGHT="0" />
            <String ID="Word_80133" HPOS="1472" VPOS="2359" WIDTH="74" HEIGHT="44" CONTENT="the" />
            <SP ID="SP_72227" HPOS="1546" VPOS="2359" WIDTH="23" HEIGHT="0" />
            <String ID="Word_80134" HPOS="1569" VPOS="2361" WIDTH="176" HEIGHT="56" CONTENT="patient" />
          </TextLine>
          <TextLine ID="TextLine_7912" HPOS="85" VPOS="2427" WIDTH="1664" HEIGHT="61">
            <String ID="Word_80135" HPOS="85" VPOS="2427" WIDTH="98" HEIGHT="43" CONTENT="who" />
            <SP ID="SP_72228" HPOS="183" VPOS="2427" WIDTH="22" HEIGHT="0" />
            <String ID="Word_80136" HPOS="205" VPOS="2427" WIDTH="126" HEIGHT="43" CONTENT="hears" />
            <SP ID="SP_72229" HPOS="331" VPOS="2427" WIDTH="23" HEIGHT="0" />
            <String ID="Word_80137" HPOS="354" VPOS="2427" WIDTH="154" HEIGHT="43" CONTENT="voices." />
            <SP ID="SP_72230" HPOS="508" VPOS="2427" WIDTH="65" HEIGHT="0" />
            <String ID="Word_80138" HPOS="573" VPOS="2427" WIDTH="91" HEIGHT="43" CONTENT="The" />
            <SP ID="SP_72231" HPOS="664" VPOS="2427" WIDTH="21" HEIGHT="0" />
            <String ID="Word_80139" HPOS="685" VPOS="2427" WIDTH="134" HEIGHT="44" CONTENT="latter" />
            <SP ID="SP_72232" HPOS="819" VPOS="2427" WIDTH="32" HEIGHT="0" />
            <String ID="Word_80140" HPOS="851" VPOS="2427" WIDTH="156" HEIGHT="45" CONTENT="listens" />
            <SP ID="SP_72233" HPOS="1007" VPOS="2427" WIDTH="32" HEIGHT="0" />
            <String ID="Word_80141" HPOS="1039" VPOS="2429" WIDTH="208" HEIGHT="58" CONTENT="intently," />
            <SP ID="SP_72234" HPOS="1247" VPOS="2429" WIDTH="22" HEIGHT="0" />
            <String ID="Word_80142" HPOS="1269" VPOS="2431" WIDTH="184" HEIGHT="57" CONTENT="turning" />
            <SP ID="SP_72235" HPOS="1453" VPOS="2431" WIDTH="32" HEIGHT="0" />
            <String ID="Word_80143" HPOS="1485" VPOS="2432" WIDTH="75" HEIGHT="44" CONTENT="the" />
            <SP ID="SP_72236" HPOS="1560" VPOS="2432" WIDTH="33" HEIGHT="0" />
            <String ID="Word_80144" HPOS="1593" VPOS="2448" WIDTH="75" HEIGHT="29" CONTENT="ear" />
            <SP ID="SP_72237" HPOS="1668" VPOS="2437" WIDTH="31" HEIGHT="0" />
            <String ID="Word_80145" HPOS="1699" VPOS="2437" WIDTH="50" HEIGHT="41" CONTENT="to" />
          </TextLine>
          <TextLine ID="TextLine_7913" HPOS="85" VPOS="2498" WIDTH="1660" HEIGHT="61">
            <String ID="Word_80146" HPOS="85" VPOS="2498" WIDTH="75" HEIGHT="45" CONTENT="the" />
            <SP ID="SP_72238" HPOS="160" VPOS="2498" WIDTH="22" HEIGHT="0" />
            <String ID="Word_80147" HPOS="182" VPOS="2499" WIDTH="215" HEIGHT="43" CONTENT="localities" />
            <SP ID="SP_72239" HPOS="397" VPOS="2499" WIDTH="23" HEIGHT="0" />
            <String ID="Word_80148" HPOS="420" VPOS="2499" WIDTH="109" HEIGHT="42" CONTENT="from" />
            <SP ID="SP_72240" HPOS="529" VPOS="2499" WIDTH="26" HEIGHT="0" />
            <String ID="Word_80149" HPOS="555" VPOS="2499" WIDTH="143" HEIGHT="43" CONTENT="which" />
            <SP ID="SP_72241" HPOS="698" VPOS="2499" WIDTH="25" HEIGHT="0" />
            <String ID="Word_80150" HPOS="723" VPOS="2499" WIDTH="75" HEIGHT="44" CONTENT="the" />
            <SP ID="SP_72242" HPOS="798" VPOS="2499" WIDTH="22" HEIGHT="0" />
            <String ID="Word_80151" HPOS="820" VPOS="2500" WIDTH="146" HEIGHT="44" CONTENT="voices" />
            <SP ID="SP_72243" HPOS="966" VPOS="2500" WIDTH="23" HEIGHT="0" />
            <String ID="Word_80152" HPOS="989" VPOS="2515" WIDTH="71" HEIGHT="29" CONTENT="are" />
            <SP ID="SP_72244" HPOS="1060" VPOS="2503" WIDTH="16" HEIGHT="0" />
            <String ID="Word_80153" HPOS="1076" VPOS="2503" WIDTH="221" HEIGHT="55" CONTENT="supposed" />
            <SP ID="SP_72245" HPOS="1297" VPOS="2503" WIDTH="19" HEIGHT="0" />
            <String ID="Word_80154" HPOS="1316" VPOS="2508" WIDTH="44" HEIGHT="38" CONTENT="to" />
            <SP ID="SP_72246" HPOS="1360" VPOS="2505" WIDTH="19" HEIGHT="0" />
            <String ID="Word_80155" HPOS="1379" VPOS="2505" WIDTH="195" HEIGHT="54" CONTENT="proceed." />
            <SP ID="SP_72247" HPOS="1574" VPOS="2505" WIDTH="64" HEIGHT="0" />
            <String ID="Word_80156" HPOS="1638" VPOS="2506" WIDTH="107" HEIGHT="44" CONTENT="This" />
          </TextLine>
          <TextLine ID="TextLine_7914" HPOS="84" VPOS="2571" WIDTH="1661" HEIGHT="58">
            <String ID="Word_80157" HPOS="84" VPOS="2572" WIDTH="173" HEIGHT="57" CONTENT="patient" />
            <SP ID="SP_72248" HPOS="257" VPOS="2571" WIDTH="21" HEIGHT="0" />
            <String ID="Word_80158" HPOS="278" VPOS="2571" WIDTH="79" HEIGHT="44" CONTENT="has" />
            <SP ID="SP_72249" HPOS="357" VPOS="2571" WIDTH="22" HEIGHT="0" />
            <String ID="Word_80159" HPOS="379" VPOS="2585" WIDTH="57" HEIGHT="29" CONTENT="no" />
            <SP ID="SP_72250" HPOS="436" VPOS="2571" WIDTH="22" HEIGHT="0" />
            <String ID="Word_80160" HPOS="458" VPOS="2571" WIDTH="111" HEIGHT="44" CONTENT="need" />
            <SP ID="SP_72251" HPOS="569" VPOS="2571" WIDTH="31" HEIGHT="0" />
            <String ID="Word_80161" HPOS="600" VPOS="2576" WIDTH="45" HEIGHT="38" CONTENT="to" />
            <SP ID="SP_72252" HPOS="645" VPOS="2571" WIDTH="32" HEIGHT="0" />
            <String ID="Word_80162" HPOS="677" VPOS="2571" WIDTH="133" HEIGHT="44" CONTENT="listen" />
            <SP ID="SP_72253" HPOS="810" VPOS="2571" WIDTH="34" HEIGHT="0" />
            <String ID="Word_80163" HPOS="844" VPOS="2573" WIDTH="110" HEIGHT="43" CONTENT="with" />
            <SP ID="SP_72254" HPOS="954" VPOS="2573" WIDTH="37" HEIGHT="0" />
            <String ID="Word_80164" HPOS="991" VPOS="2573" WIDTH="76" HEIGHT="44" CONTENT="the" />
            <SP ID="SP_72255" HPOS="1067" VPOS="2573" WIDTH="38" HEIGHT="0" />
            <String ID="Word_80165" HPOS="1105" VPOS="2589" WIDTH="83" HEIGHT="29" CONTENT="ear." />
            <SP ID="SP_72256" HPOS="1188" VPOS="2576" WIDTH="64" HEIGHT="0" />
            <String ID="Word_80166" HPOS="1252" VPOS="2576" WIDTH="92" HEIGHT="43" CONTENT="The" />
            <SP ID="SP_72257" HPOS="1344" VPOS="2576" WIDTH="38" HEIGHT="0" />
            <String ID="Word_80167" HPOS="1382" VPOS="2581" WIDTH="253" HEIGHT="41" CONTENT="utterances" />
            <SP ID="SP_72258" HPOS="1635" VPOS="2581" WIDTH="37" HEIGHT="0" />
            <String ID="Word_80168" HPOS="1672" VPOS="2594" WIDTH="73" HEIGHT="29" CONTENT="are" />
          </TextLine>
          <TextLine ID="TextLine_7915" HPOS="86" VPOS="2644" WIDTH="1658" HEIGHT="64">
            <String ID="Word_80169" HPOS="86" VPOS="2644" WIDTH="126" HEIGHT="44" CONTENT="made" />
            <SP ID="SP_72259" HPOS="212" VPOS="2644" WIDTH="22" HEIGHT="0" />
            <String ID="Word_80170" HPOS="234" VPOS="2644" WIDTH="263" HEIGHT="57" CONTENT="apparently" />
            <SP ID="SP_72260" HPOS="497" VPOS="2644" WIDTH="23" HEIGHT="0" />
            <String ID="Word_80171" HPOS="520" VPOS="2644" WIDTH="157" HEIGHT="43" CONTENT="within" />
            <SP ID="SP_72261" HPOS="677" VPOS="2644" WIDTH="25" HEIGHT="0" />
            <String ID="Word_80172" HPOS="702" VPOS="2644" WIDTH="69" HEIGHT="44" CONTENT="his" />
            <SP ID="SP_72262" HPOS="771" VPOS="2644" WIDTH="23" HEIGHT="0" />
            <String ID="Word_80173" HPOS="794" VPOS="2659" WIDTH="97" HEIGHT="29" CONTENT="own" />
            <SP ID="SP_72263" HPOS="891" VPOS="2645" WIDTH="26" HEIGHT="0" />
            <String ID="Word_80174" HPOS="917" VPOS="2645" WIDTH="126" HEIGHT="58" CONTENT="body." />
            <SP ID="SP_72264" HPOS="1043" VPOS="2645" WIDTH="64" HEIGHT="0" />
            <String ID="Word_80175" HPOS="1107" VPOS="2646" WIDTH="232" HEIGHT="45" CONTENT="Absorbed" />
            <SP ID="SP_72265" HPOS="1339" VPOS="2646" WIDTH="23" HEIGHT="0" />
            <String ID="Word_80176" HPOS="1362" VPOS="2649" WIDTH="47" HEIGHT="42" CONTENT="in" />
            <SP ID="SP_72266" HPOS="1409" VPOS="2649" WIDTH="22" HEIGHT="0" />
            <String ID="Word_80177" HPOS="1431" VPOS="2651" WIDTH="235" HEIGHT="57" CONTENT="attending" />
            <SP ID="SP_72267" HPOS="1666" VPOS="2651" WIDTH="32" HEIGHT="0" />
            <String ID="Word_80178" HPOS="1698" VPOS="2656" WIDTH="46" HEIGHT="40" CONTENT="to" />
          </TextLine>
          <TextLine ID="TextLine_7916" HPOS="85" VPOS="2716" WIDTH="1660" HEIGHT="61">
            <String ID="Word_80179" HPOS="85" VPOS="2716" WIDTH="135" HEIGHT="53" CONTENT="them," />
            <SP ID="SP_72268" HPOS="220" VPOS="2716" WIDTH="21" HEIGHT="0" />
            <String ID="Word_80180" HPOS="241" VPOS="2716" WIDTH="56" HEIGHT="43" CONTENT="he" />
            <SP ID="SP_72269" HPOS="297" VPOS="2716" WIDTH="22" HEIGHT="0" />
            <String ID="Word_80181" HPOS="319" VPOS="2716" WIDTH="38" HEIGHT="43" CONTENT="is" />
            <SP ID="SP_72270" HPOS="357" VPOS="2716" WIDTH="23" HEIGHT="0" />
            <String ID="Word_80182" HPOS="380" VPOS="2721" WIDTH="120" HEIGHT="38" CONTENT="often" />
            <SP ID="SP_72271" HPOS="500" VPOS="2716" WIDTH="22" HEIGHT="0" />
            <String ID="Word_80183" HPOS="522" VPOS="2716" WIDTH="138" HEIGHT="44" CONTENT="found" />
            <SP ID="SP_72272" HPOS="660" VPOS="2716" WIDTH="22" HEIGHT="0" />
            <String ID="Word_80184" HPOS="682" VPOS="2717" WIDTH="48" HEIGHT="43" CONTENT="in" />
            <SP ID="SP_72273" HPOS="730" VPOS="2717" WIDTH="22" HEIGHT="0" />
            <String ID="Word_80185" HPOS="752" VPOS="2731" WIDTH="26" HEIGHT="29" CONTENT="a" />
            <SP ID="SP_72274" HPOS="778" VPOS="2721" WIDTH="22" HEIGHT="0" />
            <String ID="Word_80186" HPOS="800" VPOS="2724" WIDTH="114" HEIGHT="37" CONTENT="state" />
            <SP ID="SP_72275" HPOS="914" VPOS="2719" WIDTH="18" HEIGHT="0" />
            <String ID="Word_80187" HPOS="932" VPOS="2719" WIDTH="45" HEIGHT="42" CONTENT="of" />
            <SP ID="SP_72276" HPOS="977" VPOS="2719" WIDTH="17" HEIGHT="0" />
            <String ID="Word_80188" HPOS="994" VPOS="2725" WIDTH="216" HEIGHT="51" CONTENT="apparent" />
            <SP ID="SP_72277" HPOS="1210" VPOS="2724" WIDTH="17" HEIGHT="0" />
            <String ID="Word_80189" HPOS="1227" VPOS="2724" WIDTH="165" HEIGHT="53" CONTENT="stupor," />
            <SP ID="SP_72278" HPOS="1392" VPOS="2722" WIDTH="19" HEIGHT="0" />
            <String ID="Word_80190" HPOS="1411" VPOS="2722" WIDTH="108" HEIGHT="43" CONTENT="with" />
            <SP ID="SP_72279" HPOS="1519" VPOS="2722" WIDTH="19" HEIGHT="0" />
            <String ID="Word_80191" HPOS="1538" VPOS="2723" WIDTH="75" HEIGHT="44" CONTENT="the" />
            <SP ID="SP_72280" HPOS="1613" VPOS="2723" WIDTH="19" HEIGHT="0" />
            <String ID="Word_80192" HPOS="1632" VPOS="2725" WIDTH="113" HEIGHT="43" CONTENT="head" />
          </TextLine>
          <TextLine ID="TextLine_7917" HPOS="87" VPOS="2788" WIDTH="1659" HEIGHT="65">
            <String ID="Word_80193" HPOS="87" VPOS="2788" WIDTH="107" HEIGHT="43" CONTENT="bent" />
            <SP ID="SP_72281" HPOS="194" VPOS="2788" WIDTH="20" HEIGHT="0" />
            <String ID="Word_80194" HPOS="214" VPOS="2789" WIDTH="200" HEIGHT="51" CONTENT="forward," />
            <SP ID="SP_72282" HPOS="414" VPOS="2788" WIDTH="22" HEIGHT="0" />
            <String ID="Word_80195" HPOS="436" VPOS="2788" WIDTH="86" HEIGHT="43" CONTENT="and" />
            <SP ID="SP_72283" HPOS="522" VPOS="2788" WIDTH="33" HEIGHT="0" />
            <String ID="Word_80196" HPOS="555" VPOS="2788" WIDTH="75" HEIGHT="44" CONTENT="the" />
            <SP ID="SP_72284" HPOS="630" VPOS="2788" WIDTH="33" HEIGHT="0" />
            <String ID="Word_80197" HPOS="663" VPOS="2789" WIDTH="118" HEIGHT="43" CONTENT="hand" />
            <SP ID="SP_72285" HPOS="781" VPOS="2789" WIDTH="32" HEIGHT="0" />
            <String ID="Word_80198" HPOS="813" VPOS="2791" WIDTH="180" HEIGHT="55" CONTENT="pressed" />
            <SP ID="SP_72286" HPOS="993" VPOS="2791" WIDTH="32" HEIGHT="0" />
            <String ID="Word_80199" HPOS="1025" VPOS="2805" WIDTH="120" HEIGHT="43" CONTENT="upon" />
            <SP ID="SP_72287" HPOS="1145" VPOS="2792" WIDTH="33" HEIGHT="0" />
            <String ID="Word_80200" HPOS="1178" VPOS="2792" WIDTH="76" HEIGHT="44" CONTENT="the" />
            <SP ID="SP_72288" HPOS="1254" VPOS="2792" WIDTH="33" HEIGHT="0" />
            <String ID="Word_80201" HPOS="1287" VPOS="2793" WIDTH="125" HEIGHT="44" CONTENT="chest" />
            <SP ID="SP_72289" HPOS="1412" VPOS="2793" WIDTH="33" HEIGHT="0" />
            <String ID="Word_80202" HPOS="1445" VPOS="2798" WIDTH="46" HEIGHT="40" CONTENT="to" />
            <SP ID="SP_72290" HPOS="1491" VPOS="2795" WIDTH="32" HEIGHT="0" />
            <String ID="Word_80203" HPOS="1523" VPOS="2795" WIDTH="113" HEIGHT="58" CONTENT="keep" />
            <SP ID="SP_72291" HPOS="1636" VPOS="2795" WIDTH="33" HEIGHT="0" />
            <String ID="Word_80204" HPOS="1669" VPOS="2797" WIDTH="77" HEIGHT="44" CONTENT="the" />
          </TextLine>
          <TextLine ID="TextLine_7918" HPOS="89" VPOS="2860" WIDTH="1198" HEIGHT="60">
            <String ID="Word_80205" HPOS="89" VPOS="2865" WIDTH="247" HEIGHT="37" CONTENT="utterances" />
            <SP ID="SP_72292" HPOS="336" VPOS="2860" WIDTH="22" HEIGHT="0" />
            <String ID="Word_80206" HPOS="358" VPOS="2860" WIDTH="111" HEIGHT="42" CONTENT="from" />
            <SP ID="SP_72293" HPOS="469" VPOS="2860" WIDTH="24" HEIGHT="0" />
            <String ID="Word_80207" HPOS="493" VPOS="2861" WIDTH="238" HEIGHT="43" CONTENT="ascending" />
            <SP ID="SP_72294" HPOS="731" VPOS="2861" WIDTH="21" HEIGHT="0" />
            <String ID="Word_80208" HPOS="752" VPOS="2862" WIDTH="113" HEIGHT="42" CONTENT="from" />
            <SP ID="SP_72295" HPOS="865" VPOS="2862" WIDTH="23" HEIGHT="0" />
            <String ID="Word_80209" HPOS="888" VPOS="2862" WIDTH="76" HEIGHT="44" CONTENT="the" />
            <SP ID="SP_72296" HPOS="964" VPOS="2862" WIDTH="23" HEIGHT="0" />
            <String ID="Word_80210" HPOS="987" VPOS="2869" WIDTH="300" HEIGHT="51" CONTENT="epigastrium." />
          </TextLine>
          <TextLine ID="TextLine_7919" HPOS="147" VPOS="2931" WIDTH="1597" HEIGHT="64">
            <String ID="Word_80211" HPOS="147" VPOS="2931" WIDTH="47" HEIGHT="43" CONTENT="It" />
            <SP ID="SP_72297" HPOS="194" VPOS="2931" WIDTH="21" HEIGHT="0" />
            <String ID="Word_80212" HPOS="215" VPOS="2931" WIDTH="37" HEIGHT="43" CONTENT="is" />
            <SP ID="SP_72298" HPOS="252" VPOS="2931" WIDTH="22" HEIGHT="0" />
            <String ID="Word_80213" HPOS="274" VPOS="2932" WIDTH="241" HEIGHT="56" CONTENT="extremely" />
            <SP ID="SP_72299" HPOS="515" VPOS="2932" WIDTH="18" HEIGHT="0" />
            <String ID="Word_80214" HPOS="533" VPOS="2933" WIDTH="251" HEIGHT="57" CONTENT="significant" />
            <SP ID="SP_72300" HPOS="784" VPOS="2933" WIDTH="23" HEIGHT="0" />
            <String ID="Word_80215" HPOS="807" VPOS="2934" WIDTH="47" HEIGHT="43" CONTENT="of" />
            <SP ID="SP_72301" HPOS="854" VPOS="2934" WIDTH="19" HEIGHT="0" />
            <String ID="Word_80216" HPOS="873" VPOS="2934" WIDTH="77" HEIGHT="44" CONTENT="the" />
            <SP ID="SP_72302" HPOS="950" VPOS="2934" WIDTH="22" HEIGHT="0" />
            <String ID="Word_80217" HPOS="972" VPOS="2935" WIDTH="91" HEIGHT="44" CONTENT="real" />
            <SP ID="SP_72303" HPOS="1063" VPOS="2935" WIDTH="23" HEIGHT="0" />
            <String ID="Word_80218" HPOS="1086" VPOS="2941" WIDTH="156" HEIGHT="39" CONTENT="nature" />
            <SP ID="SP_72304" HPOS="1242" VPOS="2938" WIDTH="24" HEIGHT="0" />
            <String ID="Word_80219" HPOS="1266" VPOS="2938" WIDTH="48" HEIGHT="42" CONTENT="of" />
            <SP ID="SP_72305" HPOS="1314" VPOS="2937" WIDTH="17" HEIGHT="0" />
            <String ID="Word_80220" HPOS="1331" VPOS="2937" WIDTH="124" HEIGHT="45" CONTENT="these" />
            <SP ID="SP_72306" HPOS="1455" VPOS="2937" WIDTH="23" HEIGHT="0" />
            <String ID="Word_80221" HPOS="1478" VPOS="2943" WIDTH="266" HEIGHT="52" CONTENT="utterances," />
          </TextLine>
          <TextLine ID="TextLine_7920" HPOS="87" VPOS="3003" WIDTH="1658" HEIGHT="65">
            <String ID="Word_80222" HPOS="87" VPOS="3007" WIDTH="45" HEIGHT="39" CONTENT="to" />
            <SP ID="SP_72307" HPOS="132" VPOS="3003" WIDTH="24" HEIGHT="0" />
            <String ID="Word_80223" HPOS="156" VPOS="3003" WIDTH="90" HEIGHT="42" CONTENT="find" />
            <SP ID="SP_72308" HPOS="246" VPOS="3003" WIDTH="23" HEIGHT="0" />
            <String ID="Word_80224" HPOS="269" VPOS="3003" WIDTH="97" HEIGHT="43" CONTENT="that" />
            <SP ID="SP_72309" HPOS="366" VPOS="3003" WIDTH="26" HEIGHT="0" />
            <String ID="Word_80225" HPOS="392" VPOS="3004" WIDTH="118" HEIGHT="42" CONTENT="what" />
            <SP ID="SP_72310" HPOS="510" VPOS="3004" WIDTH="31" HEIGHT="0" />
            <String ID="Word_80226" HPOS="541" VPOS="3004" WIDTH="36" HEIGHT="43" CONTENT="is" />
            <SP ID="SP_72311" HPOS="577" VPOS="3004" WIDTH="33" HEIGHT="0" />
            <String ID="Word_80227" HPOS="610" VPOS="3005" WIDTH="95" HEIGHT="43" CONTENT="said" />
            <SP ID="SP_72312" HPOS="705" VPOS="3005" WIDTH="31" HEIGHT="0" />
            <String ID="Word_80228" HPOS="736" VPOS="3005" WIDTH="60" HEIGHT="57" CONTENT="by" />
            <SP ID="SP_72313" HPOS="796" VPOS="3005" WIDTH="33" HEIGHT="0" />
            <String ID="Word_80229" HPOS="829" VPOS="3006" WIDTH="75" HEIGHT="44" CONTENT="the" />
            <SP ID="SP_72314" HPOS="904" VPOS="3006" WIDTH="32" HEIGHT="0" />
            <String ID="Word_80230" HPOS="936" VPOS="3008" WIDTH="220" HEIGHT="56" CONTENT="supposed" />
            <SP ID="SP_72315" HPOS="1156" VPOS="3008" WIDTH="35" HEIGHT="0" />
            <String ID="Word_80231" HPOS="1191" VPOS="3009" WIDTH="151" HEIGHT="57" CONTENT="spirits" />
            <SP ID="SP_72316" HPOS="1342" VPOS="3009" WIDTH="34" HEIGHT="0" />
            <String ID="Word_80232" HPOS="1376" VPOS="3011" WIDTH="37" HEIGHT="42" CONTENT="is" />
            <SP ID="SP_72317" HPOS="1413" VPOS="3011" WIDTH="33" HEIGHT="0" />
            <String ID="Word_80233" HPOS="1446" VPOS="3011" WIDTH="123" HEIGHT="43" CONTENT="often" />
            <SP ID="SP_72318" HPOS="1569" VPOS="3011" WIDTH="31" HEIGHT="0" />
            <String ID="Word_80234" HPOS="1600" VPOS="3011" WIDTH="145" HEIGHT="57" CONTENT="(quite" />
          </TextLine>
          <TextLine ID="TextLine_7921" HPOS="85" VPOS="3073" WIDTH="1661" HEIGHT="65">
            <String ID="Word_80235" HPOS="85" VPOS="3073" WIDTH="341" HEIGHT="58" CONTENT="involuntarily)" />
            <SP ID="SP_72319" HPOS="426" VPOS="3073" WIDTH="22" HEIGHT="0" />
            <String ID="Word_80236" HPOS="448" VPOS="3075" WIDTH="263" HEIGHT="44" CONTENT="articulated" />
            <SP ID="SP_72320" HPOS="711" VPOS="3075" WIDTH="22" HEIGHT="0" />
            <String ID="Word_80237" HPOS="733" VPOS="3077" WIDTH="182" HEIGHT="59" CONTENT="audibly" />
            <SP ID="SP_72321" HPOS="915" VPOS="3077" WIDTH="23" HEIGHT="0" />
            <String ID="Word_80238" HPOS="938" VPOS="3079" WIDTH="60" HEIGHT="57" CONTENT="by" />
            <SP ID="SP_72322" HPOS="998" VPOS="3079" WIDTH="22" HEIGHT="0" />
            <String ID="Word_80239" HPOS="1020" VPOS="3080" WIDTH="76" HEIGHT="44" CONTENT="the" />
            <SP ID="SP_72323" HPOS="1096" VPOS="3080" WIDTH="22" HEIGHT="0" />
            <String ID="Word_80240" HPOS="1118" VPOS="3081" WIDTH="505" HEIGHT="57" CONTENT="patient,—sometimes" />
            <SP ID="SP_72324" HPOS="1623" VPOS="3084" WIDTH="23" HEIGHT="0" />
            <String ID="Word_80241" HPOS="1646" VPOS="3085" WIDTH="46" HEIGHT="42" CONTENT="in" />
            <SP ID="SP_72325" HPOS="1692" VPOS="3085" WIDTH="29" HEIGHT="0" />
            <String ID="Word_80242" HPOS="1721" VPOS="3100" WIDTH="25" HEIGHT="28" CONTENT="a" />
          </TextLine>
          <TextLine ID="TextLine_7922" HPOS="86" VPOS="3144" WIDTH="748" HEIGHT="57">
            <String ID="Word_80243" HPOS="86" VPOS="3144" WIDTH="201" HEIGHT="57" CONTENT="whisper," />
            <SP ID="SP_72326" HPOS="287" VPOS="3144" WIDTH="23" HEIGHT="0" />
            <String ID="Word_80244" HPOS="310" VPOS="3144" WIDTH="85" HEIGHT="43" CONTENT="and" />
            <SP ID="SP_72327" HPOS="395" VPOS="3144" WIDTH="24" HEIGHT="0" />
            <String ID="Word_80245" HPOS="419" VPOS="3146" WIDTH="249" HEIGHT="44" CONTENT="sometimes" />
            <SP ID="SP_72328" HPOS="668" VPOS="3146" WIDTH="23" HEIGHT="0" />
            <String ID="Word_80246" HPOS="691" VPOS="3148" WIDTH="143" HEIGHT="45" CONTENT="aloud." />
          </TextLine>
        </TextBlock>
      </PrintSpace>
    </Page>
  </Layout>
</alto>
