2107 3450
1649 158 54 44 99

289 177 260 32 AUTOMATIC
585 175 239 30 EXEKCISES
857 173 55 30 OK
944 173 88 29 THE
1065 173 167 30 SPEECH
1268 170 189 35 OBGANS.

109 299 104 41 "On
250 298 72 41 the
355 294 354 57 seventy-eighth
743 294 97 54 day,
864 292 74 42 the
972 293 207 40 manifest
1201 291 95 55 sign
1332 291 46 40 of
1398 303 306 28 contentment

46 366 144 45 habu
224 383 84 28 was
341 382 104 27 very
478 367 209 42 distinct;
724 365 87 42 and
843 363 208 43 likewise'
1073 363 45 40 in
1147 362 75 42 the
1254 360 176 44 twelfth
1464 359 134 51 week,
1631 359 72 43 a-i

45 440 86 42 and
154 451 115 32 uao,
292 454 46 28 as
362 439 97 42 well
483 453 45 27 as
551 449 154 37 a-o-a,
731 436 265 43 alternating
1019 435 106 41 with
1150 444 145 32 a-a-a
1317 433 85 42 and
1427 429 152 45 o-a-6.

104 510 80 42 "It
208 526 95 26 now
330 512 173 40 became
538 523 116 28 more
687 508 86 42 and
798 521 116 29 more
938 506 188 43 difficult
1152 513 44 35 to
1220 508 225 53 represent
1466 504 59 56 by
1548 504 154 42 letters

45 582 75 42 the
142 581 163 43 sounds
322 581 176 43 already
520 594 119 29 more
658 579 160 43 varied,
836 579 87 42 and
945 592 110 28 even
1081 582 43 38 to
1149 575 265 56 distinguish
1440 574 76 43 the
1539 573 162 44 vowels

44 652 84 42 and
152 658 149 37 repeat
323 653 120 42 them
467 651 285 56 accurately."

103 724 90 42 The
231 725 135 41 above
404 738 101 27 may
530 724 52 41 be
620 724 132 41 taken
791 737 46 28 as
865 737 56 27 an
953 721 203 44 example
1194 721 44 42 of
1274 719 195 56 Preyer's
1508 718 193 43 detailed

43 796 306 42 observations.
415 797 89 41 But
540 796 37 41 it
614 795 93 42 will
746 800 78 38 not
855 795 53 43 be
941 808 230 29 necessary
1195 794 65 41 for
1294 807 50 28 us
1379 797 43 37 to
1455 791 150 43 follow
1631 790 70 43 his

42 868 265 43 description
347 868 168 42 further
551 868 46 42 in
652 868 84 42 full
775 867 144 43 detail.
984 868 45 42 It
1066 881 103 28 may
1206 866 149 43 suffice
1393 870 45 37 to
1476 878 78 42 say
1592 863 110 51 that,

43 941 155 41 within
220 941 76 42 the
319 941 95 42 first
439 955 131 29 seven
594 941 190 42 months,
807 940 60 42 all
889 941 76 41 the
987 939 140 43 vowel
1149 939 86 42 and
1259 944 241 37 consonant
1524 950 180 34 sounds,

44 1012 108 42 with
189 1027 26 28 a
251 1013 84 42 few
357 1013 267 56 exceptions,
645 1013 89 42 had
771 1013 110 42 been
919 1011 252 43 recognised
1194 1012 47 41 in
1279 1011 75 42 the
1378 1009 158 44 babble
1559 1009 48 42 of
1626 1008 76 42 the

44 1084 155 42 infant.
263 1084 90 43 The
391 1085 254 42 exceptions
684 1098 111 28 were
832 1095 62 32 w,
914 1083 140 42 which
1095 1082 216 56 appeared
1347 1082 47 41 in
1427 1081 75 42 the
1525 1079 178 43 twelfth

46 1157 180 52 month;
256 1168 37 32 s,
325 1157 48 41 in
412 1157 74 42 the
524 1157 276 55 fourteenth;
832 1166 38 31 z,
904 1156 43 41 in
989 1155 75 42 the
1102 1154 228 53 fifteenth;
1359 1153 30 51 f,
1423 1153 46 42 in
1508 1153 74 42 the
1616 1152 87 42 six-

45 1227 151 42 teenth
215 1243 9 37 ;
255 1227 86 41 and
376 1227 73 45 sh,
491 1227 143 42 which
671 1227 75 42 did
785 1232 77 36 not
898 1240 163 41 appear
1096 1225 117 41 until
1251 1225 74 41 the
1364 1222 340 57 twenty-fourth

45 1299 167 42 month,
252 1299 127 42 when
422 1300 73 41 the
539 1299 119 42 child
699 1299 87 41 had
820 1298 177 55 already
1036 1296 207 43 acquired
1281 1310 120 28 some
1438 1300 184 37 amount
1660 1295 45 41 of

44 1371 146 43 actual
211 1372 157 55 speech
389 1385 157 41 power.

106 1443 94 42 One
233 1443 45 41 of
310 1443 73 42 the
406 1442 120 43 chief
544 1442 282 43 occupations
850 1442 48 42 of
926 1456 22 27 a
973 1440 182 43 healthy
1180 1440 118 43 child
1322 1439 36 44 is
1382 1439 90 42 this
1495 1438 211 55 babbling

46 1530 47 28 or
112 1514 225 57 prattling,
361 1514 85 42 and
486 1514 53 43 lie
576 1515 37 42 is
650 1519 115 38 most
802 1518 77 38 apt
910 1517 45 39 to
978 1513 188 56 practise
1188 1513 38 41 it
1249 1512 127 42 when
1404 1512 55 42 he
1482 1511 38 43 is
1542 1510 166 57 feeling

44 1588 148 56 happy
215 1587 85 42 and
325 1591 293 38 comfortable.

105 1660 51 42 B.
193 1659 440 43 Crowing.—When
658 1659 54 43 he
734 1659 38 43 is
805 1659 212 56 specially
1039 1659 150 55 happy
1220 1659 55 42 he
1306 1657 255 57 frequently
1584 1671 124 42 prac-

46 1733 104 41 tises
175 1732 213 55 Crowing,
410 1731 143 42 which
588 1746 184 41 appears
805 1736 44 38 to
872 1732 53 42 be
947 1731 117 43 little
1088 1731 87 43 else
1200 1731 107 42 than
1330 1745 25 28 a
1377 1731 105 42 loud
1505 1730 86 42 and
1610 1730 99 55 joy-

46 1819 78 28 ous
147 1805 258 57 production
428 1805 48 42 of
504 1805 163 42 sounds
691 1806 47 41 of
767 1805 75 43 the
865 1819 119 28 same
1010 1809 157 37 nature
1191 1818 46 28 as
1259 1804 126 42 those
1408 1804 45 42 of
1486 1803 220 54 babbling.

47 1878 163 41 Preyer
232 1891 124 28 notes
379 1876 109 43 that,
511 1891 56 28 on
589 1877 75 43 the
687 1877 359 56 seventy-eighth
1070 1877 97 56 day,
1190 1877 74 42 the
1288 1877 211 42 manifest
1521 1876 121 42 signs
1665 1875 45 42 of

47 1953 307 39 contentment
384 1963 114 29 were
528 1948 155 49 habu,
717 1949 63 52 ai,
802 1961 116 31 uao,
955 1954 78 38 etc.
1097 1949 153 43 About
1289 1949 75 43 the
1406 1949 99 42 fifth
1540 1948 169 50 month,

47 2022 139 41 began
220 2020 75 43 the
327 2022 203 55 amusing
562 2022 192 41 crowing
776 2022 47 41 of
851 2021 75 43 the
949 2022 131 52 child,
1103 2036 56 28 an
1181 2020 329 44 unmistakable
1534 2035 175 41 expres-

47 2094 96 42 sion
177 2094 45 40 of
253 2093 225 55 pleasure;
510 2093 75 43 the
608 2094 118 42 child
759 2094 304 55 pronouncing
1085 2094 75 42 the
1184 2099 150 51 strong
1356 2095 190 42 aspirate
1569 2095 140 42 sound

48 2167 70 42 ha
141 2166 104 42 with
280 2166 73 42 the
386 2166 133 42 labial
541 2177 25 30 r
586 2166 45 41 in
651 2164 220 44 brrr-ha,
897 2180 46 28 as
978 2166 99 43 well
1100 2181 46 28 as
1179 2167 127 42 other
1333 2167 175 42 sounds,
1532 2167 106 42 such
1664 2181 46 28 as

48 2237 88 56 aja
157 2238 47 55 (j
229 2239 89 43 like
338 2249 38 43 y
393 2239 47 41 in
467 2238 216 56 English).
746 2238 153 42 About
931 2238 74 42 the
1038 2238 244 42 thirteenth
1319 2238 167 42 month,
1509 2238 75 42 the
1613 2238 98 56 joy-

48 2324 78 28 ous
169 2310 191 57 crowing
392 2311 141 42 sound
565 2311 87 42 had
693 2311 177 42 become
897 2316 198 51 stronger
1137 2311 87 42 and
1268 2310 176 57 higher;
1478 2311 76 43 the
1592 2312 118 42 child

47 2383 154 55 crying
232 2388 87 46 out,
345 2398 54 28 on
433 2384 149 42 seeing
613 2383 70 43 his
714 2383 174 43 mother
921 2383 43 42 in
995 2385 75 42 the
1102 2384 210 44 distance,
1335 2399 25 28 a
1392 2385 142 43 sound
1568 2384 145 43 which

49 2454 143 55 might
213 2454 53 43 be
288 2455 281 56 represented
592 2455 58 56 by
673 2455 76 43 the
771 2456 151 42 letters
946 2456 154 44 ahija.

109 2526 91 43 The
233 2527 126 43 habit
392 2528 46 42 of
466 2528 210 56 babbling
708 2530 88 42 and
835 2531 192 42 crowing
1070 2532 36 41 is
1144 2531 199 43 retained
1382 2531 60 56 by
1480 2531 77 43 the
1592 2532 119 41 child

50 2613 110 29 even
184 2600 112 42 after
318 2600 54 43 he
395 2600 78 44 has
497 2601 143 56 begun
664 2605 47 40 to
734 2603 176 56 acquire
935 2604 75 42 the
1032 2618 148 42 power
1202 2604 47 43 of
1269 2604 178 56 Speech.
1512 2603 202 58 Preyer's

51 2671 120 42 child
208 2672 42 41 in
289 2672 75 43 the
401 2673 263 57 thirty-fifth
703 2675 156 42 month
897 2676 37 42 is
972 2677 202 56 reported
1214 2683 44 36 to
1295 2677 113 43 have
1440 2678 111 42 been
1575 2677 139 43 found

52 2744 226 55 repeating
310 2744 58 42 all
391 2750 112 38 sorts
525 2745 45 42 of
602 2747 292 56 meaningless
918 2748 209 56 syllables
1155 2749 127 56 again
1307 2749 87 43 and
1417 2750 141 56 again,
1581 2750 131 41 much

53 2828 47 29 as
138 2815 45 42 in
223 2816 75 43 the
335 2817 151 55 period
519 2818 44 42 of
600 2818 192 56 infancy,
815 2819 105 57 only
942 2835 119 29 more
1099 2821 258 56 distinctly;
1389 2822 128 52 "but,
1537 2822 95 55 just
1671 2836 46 27 as

56 2891 47 38 at
124 2887 98 43 that
253 2888 119 51 time,
396 2889 105 56 they
534 2896 162 37 cannot
727 2890 61 43 all
820 2891 53 43 be
899 2893 284 55 represented
1211 2907 55 29 on
1291 2907 146 42 paper,
1461 2908 47 28 or
1531 2908 110 28 even
1665 2893 55 43 he

56 2960 212 56 correctly
292 2961 269 56 reproduced
584 2963 58 55 by
665 2963 184 43 adults."

118 3032 44 42 C.
196 3032 152 44 Mimic
391 3034 330 45 Reading.—A
768 3036 170 44 further
984 3037 313 43 development
1338 3037 45 43 of
1425 3037 211 43 babbling
1684 3037 37 42 is
