1933 3302
233 176 51 38 28
384 178 234 39 Verbreitung
641 180 55 31 bei
722 182 178 33 mehreren
926 185 69 31 und
1019 187 37 30 in
1080 187 78 31 dem
1181 188 122 33 Bezirk
1327 191 177 34 derselben
1528 195 110 33 Wund

230 285 294 51 wandowsky
574 288 68 38 sah
691 290 63 38 bei
802 292 124 39 einem
978 294 201 39 Patienten
1220 297 22 37 6
1285 298 182 41 Wunden
1513 302 99 39 nach
1659 306 181 38 einander

230 337 343 54 hospitulbrandig
616 344 166 38 werden.
859 346 108 38 Doch
1018 348 99 38 auch
1163 348 84 40 hier
1289 353 129 38 finden
1461 355 70 37 wir
1577 355 260 42 Ausnahmen.

230 390 191 51 Marmy
461 393 71 39 sah
562 397 92 37 zwei
685 398 89 37 sehr
804 400 162 49 analoge
995 400 109 39 Fälle
1142 416 75 25 von
1249 405 41 49 je
1332 407 93 38 zwei
1465 408 372 51 Haarseilschüssen,

231 445 118 38 deren
390 446 420 55 Eingangsöfinungen
846 453 292 48 übereinander,
1179 457 59 38 die
1279 462 133 37 untere
1450 475 61 24 am
1541 461 298 52 Oberschenkel,

230 499 61 38 die
322 499 116 39 obere
468 515 40 24 m
539 503 67 38 der
635 504 163 39 Weiche
827 506 136 50 lagen,
1001 508 64 37 bei
1104 509 86 39 dem
1221 512 111 38 einen
1362 514 186 38 Kranken
1576 516 40 37 in
1646 516 67 38 der
1740 517 98 39 Ent-

230 554 172 49 fernung
422 568 76 25 von
519 557 36 45 4,
587 558 64 37 bei
672 559 86 37 dem
780 560 169 38 anderen
970 575 75 24 von
1067 565 22 34 G
1110 577 79 32 cm;
1221 565 38 37 in
1287 566 138 40 beiden
1446 568 132 39 Fällen
1606 571 233 39 erkrankten

230 606 61 38 die
331 607 140 40 beiden
509 611 145 38 oberen
694 611 357 55 Schussöffhungen
1098 631 48 23 an
1191 618 323 51 Hospitalbrand,
1559 623 183 38 während
1780 625 60 38 die

229 663 167 36 unteren
417 662 73 39 frei
510 664 168 47 blieben,
709 667 193 38 trotzdem
930 668 97 39 über
1056 669 55 39 sie
1140 674 95 36 stets
1266 673 59 39 die
1345 674 148 39 Jauche
1512 689 75 25 von
1607 676 72 38 den
1700 678 140 39 oberen

229 713 205 43 herablief.

361 769 128 40 Einen
518 772 102 38 noch
651 773 263 40 eclatanteren
943 775 87 39 Fall
1059 777 68 38 der
1154 777 75 40 Art
1257 779 190 41 berichtet
1476 782 243 40 Thomson:

361 845 64 30 Ein
451 846 294 41 Bombensplitter
778 858 73 21 war
884 851 35 29 in
946 851 60 30 der
1030 851 160 32 Schlacht
1221 862 65 22 von
1320 854 287 43 Fredericksburg
1642 858 51 31 bei
1728 860 110 29 einem

229 886 165 33 Soldaten
421 889 95 30 dicht
541 893 100 27 unter
666 891 75 30 dem
768 892 143 39 Damm,
935 895 169 30 zwischen
1130 895 76 31 dem
1231 897 137 30 rechten
1394 898 251 32 Oberschenkel
1669 901 69 30 und
1762 901 75 30 dem

228 930 160 33 Scrotum
422 932 376 43 hindurchgegangen,
832 936 93 30 hatte
961 938 131 30 sowohl
1118 938 55 31 die
1196 938 219 33 Adductoren
1441 942 49 30 als
1515 942 59 31 das
1598 942 154 31 Scrotum
1777 950 64 24 mit

229 973 77 31 dem
343 975 139 30 rechten
514 976 121 31 Hoden
671 978 257 31 zerschmettert
962 981 68 30 und
1068 981 90 30 dann
1195 983 86 30 nach
1318 984 117 30 hinten
1472 985 89 30 links
1598 985 239 32 durchtretend

228 1018 87 30 auch
341 1018 78 31 dem
443 1019 118 30 linken
581 1020 253 32 Oberschenkel
862 1024 74 29 eine
955 1024 231 40 ausgedehnte
1204 1026 366 39 Riss-Quetschwunde
1593 1028 117 31 hinten
1735 1031 103 29 innen

228 1061 236 40 beigebracht.
510 1062 105 31 Beide
640 1064 159 31 Wunden
825 1066 215 39 granulirten
1067 1068 67 30 und
1161 1070 144 29 narbten
1329 1074 79 36 gut,
1441 1070 50 31 bis
1516 1080 52 21 am
1594 1073 51 30 75.
1670 1072 91 40 Tage
1785 1072 54 31 die

229 1104 136 31 hintere
388 1105 138 31 Wunde
562 1116 40 21 an
641 1109 207 38 exquisitem
873 1108 269 42 Hospitalbrand
1179 1114 62 28 mit
1277 1116 152 37 starren,
1464 1116 181 29 evertirten
1670 1114 170 41 Rändern,

227 1147 290 42 Unterminirung
543 1153 62 28 etc.
624 1151 193 33 erkrankte.
850 1153 175 31 Während
1043 1154 58 30 des
1121 1154 178 41 13tägigen
1318 1156 178 31 Verlaufes
1514 1157 109 31 dieser
1639 1158 200 40 Krankheit,

227 1191 132 30 welche
383 1193 35 29 in
446 1192 55 30 die
526 1193 95 31 Tiefe
655 1195 169 30 zwischen
858 1196 55 30 die
937 1197 156 30 Muskeln
1124 1198 123 40 drang,
1282 1200 189 39 granulirte
1508 1200 59 31 der
1598 1204 113 27 rechte
1736 1200 103 32 Ober-

228 1234 163 31 schenkel
416 1238 62 36 gut
510 1237 71 30 und
614 1238 183 31 vernarbte
826 1239 109 31 rasch.
981 1239 64 31 Die
1070 1241 318 42 hospitalbrandige
1412 1243 173 30 Secretion
1608 1253 71 20 war
1703 1245 74 29 eine
1800 1253 37 22 so

225 1279 152 39 profuse,
403 1279 78 30 dass
506 1280 101 30 keine
624 1280 390 44 Vorsichtsmaassregel
1040 1284 65 30 den
1124 1283 142 32 Contact
1289 1285 58 31 des
1373 1285 107 32 Giftes
1504 1287 64 30 mit
1591 1286 59 31 der
1673 1286 167 31 vorderen

225 1321 138 31 Wunde
386 1322 95 31 hätte
506 1323 146 31 hindern
678 1325 148 31 können.

340 1459 69 42 Oft
439 1462 233 40 verbreitet
703 1462 91 40 sich
827 1463 73 40 der
931 1464 314 50 Hospitalbrand
1279 1477 71 28 nur
1381 1466 35 39 in
1449 1467 112 38 einer
1593 1466 145 40 Region

909 1530 72 39 der
1012 1529 159 41 Wunde.

361 1635 128 39 Schon
519 1637 64 37 bei
612 1637 270 52 Betrachtung
912 1639 66 38 des
1008 1639 216 38 klinischen
1244 1639 131 39 Bildes
1404 1640 134 38 hatten
1566 1640 70 38 wir
1656 1639 179 51 gesehen,

226 1690 90 38 dass
347 1690 216 38 schwerere
583 1691 181 46 Formen,
795 1693 238 38 namentlich
1063 1695 65 37 des
1154 1694 189 49 pulpösen
1358 1694 357 49 Hospitalbrandes,
1737 1707 101 24 zwar

226 1744 84 38 sich
338 1744 116 38 rasch
483 1745 97 38 über
611 1746 84 38 eine
724 1746 260 39 Wundfläche
1014 1762 46 23 zu
1089 1748 218 38 verbreiten
1336 1748 174 49 pflegen,
1542 1748 85 37 dass
1654 1747 92 38 aber
1774 1748 61 37 bei

227 1799 75 37 den
331 1798 214 39 leichteren
574 1799 169 39 Formen
774 1801 62 37 ein
865 1814 155 37 grosser
1050 1801 113 38 Theil
1201 1802 66 37 der
1295 1802 350 37 Wundoberfläche
1680 1801 57 37 oft
1764 1814 76 25 nur

225 1852 180 51 langsam
449 1855 92 37 oder
585 1854 99 38 auch
718 1855 221 38 überhaupt
975 1856 109 37 nicht
1120 1856 169 37 befallen
1318 1856 107 37 wird.
1496 1855 56 38 Ist
1594 1856 60 37 die
1682 1855 155 38 Wunde

225 1907 128 45 tiefer,
384 1907 85 39 ihre
501 1908 150 38 Gestalt
681 1909 272 50 complicirter,
985 1923 42 25 so
1056 1910 149 37 kommt
1235 1923 39 24 es
1304 1923 79 24 vor,
1424 1910 87 37 dass
1541 1910 66 37 der
1635 1909 200 49 Hospital-

225 1962 126 38 brand
381 1976 74 24 nur
485 1963 277 38 oberflächlich
791 1963 141 47 bleibt,
976 1977 71 37 gar
1086 1963 109 38 nicht
1237 1964 37 37 in
1314 1963 73 38 alle
1417 1963 178 50 Spalten,
1639 1977 30 23 z.
1700 1962 45 38 B.
1775 1962 63 38 bei

226 2015 221 39 Gelenken,
490 2017 39 37 in
571 2017 73 38 alle
682 2016 155 52 Gänge,
881 2032 30 23 z.
943 2017 44 38 B.
1019 2018 60 37 bei
1112 2017 309 38 Schusswunden
1459 2019 69 36 etc.
1559 2016 275 50 hiueindringt.

225 2070 207 51 Delpech
461 2070 96 51 geht
587 2072 71 37 auf
685 2071 132 38 diesen
845 2072 132 37 Punkt
1007 2071 282 38 ausführlicher
1318 2071 79 38 ein,
1429 2070 63 38 ich
1523 2070 202 38 entnehme
1755 2069 83 38 ihm

224 2124 239 39 Folgendes:
495 2125 81 38 Der
595 2125 308 50 Hospitalbrand
934 2126 171 38 entsteht
1124 2125 245 51 gewöhnlich
1388 2125 62 37 bei
1469 2124 192 38 Wunden,
1692 2136 144 25 welche

226 2193 42 25 so
298 2179 226 39 beschaffen
554 2180 97 47 sind,
684 2180 87 38 dass
802 2180 54 38 sie
884 2180 74 38 frei
988 2194 74 24 von
1092 2180 67 37 der
1187 2179 94 38 Luft
1309 2179 92 38 oder
1429 2192 74 24 von
1535 2179 73 37 den
1633 2177 203 39 Verband-

227 2234 163 38 stücken
405 2234 165 38 berührt
588 2234 157 38 werden
765 2234 167 38 können.
974 2234 128 37 Wenn
1122 2234 41 37 in
1184 2234 66 37 der
1270 2232 268 39 Ausdehnung
1558 2232 105 37 einer
1682 2231 155 38 Wunde

225 2288 157 39 Punkte
413 2289 98 46 sind,
543 2288 145 39 welche
719 2288 118 38 durch
867 2288 82 38 ihre
969 2288 107 38 Lage
1106 2301 69 24 vor
1205 2287 130 38 diesen
1356 2291 182 33 äusseren
1557 2285 281 50 Berührungen

227 2343 207 51 geschützt
455 2343 97 38 sind,
585 2356 42 25 so
658 2343 86 38 sind
774 2356 55 25 sie
859 2342 99 38 auch
988 2356 41 24 so
1058 2342 117 50 lange
1200 2354 76 25 von
1297 2341 66 38 der
1382 2339 219 39 Krankheit
1619 2351 220 32 verschont,

227 2397 56 38 als
315 2397 104 38 diese
449 2397 212 51 günstigen
681 2397 269 38 Verhältnisse
979 2396 236 38 fortdauern,
1246 2395 79 37 und
1354 2395 154 36 werden
1538 2392 215 52 gleichfalls
1774 2405 60 24 er-

225 2451 160 52 griffen,
417 2465 113 24 wenn
560 2452 54 37 sie
653 2451 206 38 aufhören.
919 2451 50 38 So
1006 2450 128 38 haben
1169 2448 325 40 Schusswunden,
1536 2447 144 38 welche
1718 2445 117 38 durch

226 2506 61 38 die
317 2505 124 38 Dicke
479 2506 105 37 eines
620 2505 153 38 Gliedes
811 2505 166 50 gingen,
1020 2505 138 37 immer
1195 2504 72 37 den
1307 2502 131 38 Brand
1475 2503 127 36 zuerst
1641 2514 48 24 an
1725 2499 111 38 ihren

228 2559 247 51 Oeffnungen
504 2562 165 47 gezeigt.
736 2559 46 38 In
819 2559 149 38 Fällen,
1007 2573 60 23 wo
1105 2558 110 38 beide
1254 2556 242 39 OefiFnungen
1533 2554 201 38 derselben
1771 2552 71 38 auf

228 2614 143 39 einmal
402 2614 186 51 ergriffen
616 2614 172 37 wurden,
821 2612 188 39 erhielten
1040 2613 114 44 diese,
1191 2610 112 39 wohl,
1334 2610 127 38 indem
1501 2609 66 36 der
1595 2607 131 38 Brand
1764 2606 70 37 all-

226 2668 152 39 mählig
409 2668 61 38 die
501 2667 229 39 Oberfläche
760 2671 205 34 zerstörte,
998 2680 82 24 eine
1106 2664 329 49 trichterförmige
1466 2661 165 46 Gestalt;
1663 2659 173 40 dennoch

227 2724 95 37 aber
351 2723 104 38 blieb
488 2723 67 37 der
584 2721 139 39 übrige
754 2720 112 39 Theil
896 2721 65 38 des
992 2720 280 39 Schusskanals
1301 2718 72 38 frei
1404 2746 88 11 ...
1541 2715 56 38 Ist
1624 2728 93 25 aber
1753 2713 81 38 ein-

226 2778 81 38 mal
337 2778 68 38 der
434 2790 122 38 ganze
587 2775 264 39 Schusskanal
881 2775 198 50 ergriffen,
1119 2788 42 24 so
1195 2786 105 24 muss
1329 2785 90 23 man
1449 2770 73 37 den
1550 2768 286 39 furchtbarsten

227 2833 81 37 und
338 2831 237 39 schnellsten
596 2829 305 51 Verheerungen
935 2828 326 51 entgegensehen,
1292 2825 88 38 weil
1398 2824 85 38 hier
1503 2823 59 38 die
1582 2821 255 49 Ansteckung

230 2886 58 38 bis
317 2886 42 38 in
389 2887 74 37 den
492 2883 260 40 Mittelpunkt
782 2882 104 38 eines
917 2881 153 39 Gliedes
1101 2881 132 38 dringt
1268 2879 79 38 und
1382 2878 82 38 sich
1500 2890 75 25 von
1608 2875 83 38 hier
1718 2873 119 39 leicht

226 2940 43 39 in
306 2940 61 38 die
405 2939 340 40 Zwischenräume
787 2937 66 37 der
882 2936 183 38 Muskeln
1107 2936 221 37 verbreitet.
1400 2931 45 39 In
1482 2931 85 38 dem
1606 2940 229 38 spanischen

226 2993 149 52 Kriege
404 2994 149 39 hatten,
584 3006 73 25 wie
678 2990 208 40 Delpech
917 2993 132 36 weiter
1077 2989 200 39 berichtet,
1308 2985 140 40 Aerzte
1477 2982 240 46 beobachtet,
1749 2982 86 37 dass
