2411 3372
163 148 174 51 bleibt
368 150 129 50 auch
528 151 142 50 dann
701 150 267 62 erhalten,
995 172 157 30 wenn
1183 154 120 49 eine
1334 152 339 52 Generation
1702 152 420 67 übersprungen
2150 154 153 61 wird,

163 242 159 30 wenn
348 224 92 50 das
466 224 211 63 Erbgut
703 224 111 50 also
843 224 363 51 anscheinend
1230 226 425 50 verschwunden
1679 229 86 48 ist.
1791 226 150 51 Aber
1966 229 100 49 wie
2092 228 210 49 kommt

163 314 54 31 es
249 296 204 49 wieder
485 315 122 30 zum
638 296 332 50 Vorschein?

234 370 162 52 Eines
431 372 171 63 Tages
637 372 211 50 kommt
885 372 102 50 den
1020 371 192 52 Buben
1247 374 85 50 die
1368 374 386 64 Erleuchtung,
1787 377 100 48 wie
1923 394 54 32 es
2011 375 143 51 wohl
2189 377 113 49 sein

164 442 230 52 könnte:
439 444 103 51 Die
585 445 332 60 Schwarzen,
962 446 84 49 die
1092 465 93 30 aus
1231 447 95 50 der
1370 447 298 64 Kreuzung
1711 446 242 51 Schwarz
1996 448 108 49 mal
2148 446 154 51 Weiß

163 516 486 65 hervorgegangen
689 517 137 59 sind,
865 518 113 49 und
1018 517 84 50 die
1141 516 407 52 Blaßrötlichen
1590 539 93 31 aus
1725 519 95 50 der
1858 518 298 64 Kreuzung
2196 518 106 50 Rot

163 591 99 47 mit
292 588 155 51 Weiß
474 618 72 7 —
574 589 85 50 die
688 589 178 50 haben
896 589 275 51 sicherlich
1204 590 91 51 das
1325 590 211 64 Erbgut
1564 591 151 50 ihrer
1745 591 191 49 Eltern
1965 594 55 47 in
2050 591 106 50 sich
2187 591 115 49 auf¬

163 679 339 44 genommen.
549 662 79 49 Im
674 664 157 47 einen
875 662 151 49 Falle
1071 664 70 48 ist
1188 662 92 50 das
1325 662 211 64 Erbgut
1582 663 111 50 also
1741 662 444 60 Schwarz-Weiß,
2230 664 73 47 im

164 734 241 49 anderen
431 733 308 50 Rot-Weiß.
766 733 193 50 Haben
986 733 130 50 aber
1143 733 85 50 die
1254 734 212 50 Kinder
1490 737 56 46 in
1569 735 177 50 ihrem
1770 733 210 65 Erbgut
2006 753 296 44 sozusagen

162 805 153 49 Platz
352 807 93 48 für
482 809 133 46 zwei
649 805 233 60 Farben,
918 825 208 30 warum
1163 806 159 50 sollte
1361 826 54 30 es
1451 805 89 50 bei
1579 806 102 50 den
1717 806 191 49 Eltern
1945 806 145 50 nicht
2128 825 174 45 genau

163 896 56 31 so
267 878 149 50 sein?
462 877 149 51 Auch
655 881 74 47 im
773 878 211 64 Erbgut
1030 878 96 50 der
1170 877 192 50 Eltern
1406 882 217 46 müssen
1671 878 85 50 die
1799 876 216 51 Farben
2059 878 240 50 zweimal

162 949 233 51 stecken.
440 950 113 50 Der
598 953 120 47 eine
763 950 240 50 Urvater
1045 950 94 50 hat
1184 949 111 51 also
1339 953 74 47 im
1455 949 211 64 Erbgut
1708 949 145 50 nicht
1898 951 86 47 ein
2029 949 272 50 einfaches

163 1021 260 62 Schwarz,
466 1024 239 49 sondern
749 1022 529 64 Schwarz-Schwarz,
1323 1023 98 49 der
1463 1022 201 50 andere
1707 1021 146 50 nicht
1897 1023 88 47 ein
2028 1021 273 50 einfaches

161 1093 126 61 Rot,
339 1095 240 49 sondern
629 1093 262 61 Rot-Rot,
943 1093 88 51 die
1081 1094 203 50 beiden
1332 1093 290 50 Urmütter
1671 1092 181 50 haben
1904 1092 397 64 entsprechend

162 1165 340 51 Weiß-Weiß
556 1169 56 47 in
663 1167 125 49 sich.
837 1166 127 51 Und
1016 1186 131 40 nun,
1201 1166 67 50 da
1322 1166 98 49 der
1470 1165 253 50 rettende
1777 1163 264 51 Gedanke
2094 1164 67 50 da
2214 1166 87 57 ist,

163 1239 260 49 erinnern
465 1239 110 49 sich
618 1238 206 49 Martin
867 1239 112 50 und
1023 1237 164 50 Peter
1231 1257 68 30 an
1343 1238 87 49 die
1474 1236 546 63 Rechenspielereien
2067 1254 92 31 aus
2206 1235 95 49 der

160 1309 209 50 letzten
405 1309 591 51 Mathematikstunde.
1032 1309 112 50 Der
1180 1309 207 50 Lehrer
1423 1308 137 49 hielt
1596 1311 59 46 in
1690 1308 159 62 jeder
1886 1306 163 50 Hand
2087 1309 52 59 je
2181 1309 119 47 eine

161 1382 265 50 schwarze
468 1383 113 49 und
625 1385 121 47 eine
788 1383 173 49 weiße
1002 1380 180 65 Kugel
1223 1382 112 49 und
1378 1381 198 63 fragte,
1617 1383 99 46 wie
1759 1379 86 50 oft
1883 1398 129 30 man
2056 1379 86 49 die
2185 1381 117 47 vier

159 1453 221 64 Kugeln
427 1453 181 51 dieser
653 1457 131 46 zwei
829 1453 352 64 Kugelpaare
1227 1452 371 50 miteinander
1642 1452 318 62 vereinigen
2006 1450 182 50 könne
2233 1478 71 6 —

161 1526 454 57 „kombinieren"
659 1525 154 51 hatte
856 1545 58 30 er
957 1545 51 31 es
1052 1537 257 52 genannt.
1352 1524 85 50 Sie
1480 1523 211 61 hatten,
1734 1523 172 50 damit
1949 1541 53 32 es
2047 1522 251 50 anschau¬

159 1597 168 51 licher
361 1598 200 61 werde,
598 1618 66 30 an
700 1598 97 50 der
831 1597 159 50 Tafel
1027 1598 286 64 folgendes
1351 1598 431 65 aufgezeichnet:

228 2403 246 50 Viermal
529 2404 111 50 also
695 2404 181 50 ließen
931 2404 105 51 sich
1093 2404 84 50 die
1230 2404 217 65 Kugeln
1501 2404 405 50 kombinieren:
1964 2404 214 49 Einmal
2231 2422 63 30 zu

159 2475 532 61 Schwarz-Schwarz,
728 2478 245 48 zweimal
1010 2497 65 29 zu
1114 2476 443 61 Schwarz-Weiß,
1595 2477 201 49 einmal
1834 2495 65 30 zu
1938 2475 357 51 Weiß-Weiß.

158 2549 110 50 Das
298 2548 411 57 „Weiß-Weiß"
741 2549 95 49 der
865 2548 217 65 Kugeln
1107 2579 72 4 —
1207 2550 91 50 das
1329 2549 120 51 sind
1476 2552 53 60 ja
1557 2569 199 30 unsere
1784 2548 213 50 weißen
2024 2547 177 51 Enkel
2228 2577 69 5 —

159 2619 191 52 dachte
388 2622 107 49 sich
531 2620 224 61 Martin,
791 2620 112 50 und
943 2623 93 49 das
1076 2621 507 51 Schwarz-Schwarz
1620 2625 219 47 müssen
1878 2621 147 50 dann
2060 2623 55 60 ja
2152 2618 144 51 wohl

159 2692 86 50 die
295 2692 181 51 Roten
524 2696 134 57 sein,
708 2693 421 51 Schwarz-Weiß
1179 2694 270 63 hingegen
1498 2693 87 51 die
1635 2691 315 61 „Blassen".
1998 2692 113 50 Für
2155 2690 140 51 Mar¬

157 2767 108 48 tins
302 2764 242 50 Versuch
583 2768 278 47 stimmten
902 2765 84 50 die
1025 2764 202 51 Zahlen
1264 2769 55 46 in
1358 2766 96 50 der
1491 2767 100 50 Tat
1628 2767 360 52 wundervoll.
2028 2768 118 52 Wie
2183 2788 112 30 war

158 2837 92 51 das
286 2837 130 50 aber
447 2840 99 47 mit
577 2837 192 51 Peters
804 2837 117 50 drei
953 2837 305 51 schwarzen
1288 2839 112 50 und
1432 2841 177 48 einem
1638 2841 212 49 weißen
1882 2839 412 53 Meerschwein¬

157 2909 129 50 chen
317 2912 56 47 in
406 2910 95 49 der
533 2908 538 65 Enkelgeneration?
1105 2909 338 52 Weiß-Weiß
1473 2942 71 5 —
1575 2912 91 51 das
1697 2915 71 49 ist
1800 2913 139 59 klar,
1973 2914 93 51 das
2098 2916 70 49 ist
2201 2913 92 50 das

155 2982 173 49 weiße
359 2982 326 49 Enkelchen.
718 2982 125 50 Und
872 3002 81 30 wo
986 2982 120 51 sind
1137 2982 86 51 die
1252 2983 539 62 Meerschweinchen,
1825 2985 85 51 die
1943 2986 96 50 der
2070 2985 223 51 Kombi¬

155 3057 192 46 nation
397 3053 427 51 Schwarz-Weiß
876 3054 389 63 entsprechen?
1317 3056 125 50 Nun
1488 3087 70 6 —
1606 3078 54 31 es
1711 3057 114 66 gibt
1876 3057 162 52 keine
2091 3058 202 51 andere
