2113 3404
967 241 86 31 THE
1086 242 243 34 DISORDERS
1361 245 52 30 OF
1445 245 173 32 SPEECH.

468 226 89 40 248

464 354 111 44 local
598 368 196 46 memory
815 359 85 43 and
922 362 265 53 possessions
1204 363 45 41 of
1267 363 73 42 the
1359 363 131 52 mind,
1513 363 138 42 which
1670 377 77 29 can
1765 365 52 42 be
1834 370 246 39 afterwards

463 427 176 43 revived
670 429 86 42 and
780 430 122 42 made
928 445 73 28 use
1032 432 56 42 of.
1151 432 117 42 Thev
1293 447 69 28 are
1386 434 111 41 fixed
1521 447 46 28 or
1599 434 131 41 burnt
1751 434 46 42 in
1818 440 44 36 at
1885 435 71 42 the
1978 436 105 47 first,

463 510 47 29 as
541 498 251 44 afterwards
814 500 105 55 they
941 515 79 28 can
1052 502 52 42 be
1126 503 173 43 revived
1322 503 84 42 and
1435 503 228 52 refreshed,
1685 504 56 42 by
1763 504 74 42 the
1858 505 111 56 light
1996 507 85 41 and

466 568 99 42 heat
586 570 43 40 of
651 570 74 42 the
746 570 244 44 Attention.

522 639 174 42 Within
728 641 103 42 each
864 646 203 39 entrance
1097 647 193 51 gateway
1313 643 64 42 for
1407 644 216 55 incoming
1645 645 286 55 impressions,
1964 646 117 43 there

463 723 71 29 are
567 710 101 42 thus
701 712 206 50 amassed,
930 713 56 55 by
1010 713 86 42 this
1127 727 170 41 process
1320 714 43 41 of
1395 714 223 43 educative
1644 716 226 51 attention,
1894 718 187 41 myriads

463 782 48 40 of
528 795 175 42 sensory
727 783 162 55 images
921 784 46 41 of
995 784 59 42 all
1085 785 139 42 kinds.
1285 786 173 42 "Within
1492 786 102 42 each
1627 787 90 41 exit
1737 801 47 28 or
1809 793 137 37 motor
1966 794 115 51 gate-

466 865 106 40 way,
595 851 45 41 in
663 851 88 42 like
774 866 192 37 manner,
987 853 121 43 there
1130 868 69 28 are
1226 855 205 51 amassed,
1453 856 57 55 by
1532 855 144 43 efforts
1698 856 44 42 of
1765 856 71 43 the
1857 859 225 50 attention,

464 921 73 42 the
560 926 138 38 motor
729 923 227 42 memories
979 924 43 40 of
1053 925 131 55 finely
1212 925 236 42 associated
1479 931 280 38 movements.
1821 928 110 41 That
1961 929 119 42 these

463 991 171 43 various
658 993 224 42 memories
905 993 44 41 of
979 995 218 54 reception
1230 995 85 41 and
1347 996 252 54 production
1622 1011 69 28 are
1718 997 149 43 linked
1889 999 192 42 together

462 1062 93 42 into
578 1062 74 42 the
672 1076 158 42 groups
855 1063 141 43 which
1017 1078 52 41 go
1102 1070 43 36 to
1165 1065 109 42 form
1296 1079 76 29 our
1393 1066 192 55 primary
1606 1067 117 42 ideas
1749 1068 46 41 of
1813 1068 160 42 objects
1995 1069 83 41 and

461 1132 43 41 of
527 1132 151 51 words,
700 1147 64 28 we
786 1133 110 43 have
918 1134 173 55 already
1113 1148 113 29 seen.

520 1203 126 51 Now,
687 1203 173 56 clearly,
893 1205 106 41 such
1041 1219 54 27 an
1137 1206 187 42 exercise
1366 1207 44 41 of
1452 1208 301 42 concentrated
1795 1209 210 41 attention
2043 1210 36 41 is

461 1274 283 56 particularly
767 1289 225 42 necessary
1015 1276 65 41 for
1113 1276 71 42 the
1217 1277 228 43 education
1468 1279 46 41 of
1541 1279 73 42 the
1641 1293 173 28 sensory
1838 1281 83 40 and
1942 1285 137 37 motor

462 1349 166 37 centres
661 1345 237 42 concerned
931 1345 108 42 with
1071 1346 73 42 the
1181 1348 219 54 reception
1436 1348 85 42 and
1555 1348 250 55 production
1842 1350 46 40 of
1915 1350 163 54 speech.

462 1415 90 42 The
604 1416 160 41 sounds
816 1416 44 41 of
911 1416 155 55 speech
1118 1417 96 42 that
1265 1417 110 42 have
1426 1422 44 37 to
1521 1418 52 42 be
1625 1418 313 55 distinguished
1994 1418 85 42 and

462 1487 233 55 registered
752 1501 72 27 are
875 1487 283 54 particularly
1212 1488 181 42 delicate
1454 1488 85 42 and
1600 1488 195 55 complex
1819 1504 9 37 ;
1887 1489 85 41 and
2035 1503 44 28 so

461 1557 90 42 also
584 1571 69 28 are
686 1557 73 41 the
792 1557 217 42 muscular
1039 1562 90 37 acts
1156 1572 224 28 necessary
1406 1558 64 42 for
1501 1559 56 41 its
1583 1559 265 54 production.
1912 1560 45 40 If
1983 1559 36 41 it
2043 1559 37 41 is

462 1628 218 42 sufficient
702 1629 64 40 for
800 1628 74 41 the
896 1642 207 40 purposes
1126 1629 46 41 of
1200 1629 154 55 speech
1376 1629 96 41 that
1493 1629 120 42 these
1635 1628 226 56 delicately
1885 1629 193 56 complex

462 1699 225 43 memories
711 1699 46 41 of
775 1699 218 54 reception
1015 1699 85 41 and
1132 1699 255 55 production
1411 1700 51 41 be
1484 1700 235 54 impressed
1741 1714 114 40 upon
1878 1714 81 28 one
1990 1701 90 41 side

461 1769 44 43 of
539 1770 74 41 the
651 1769 122 42 brain
811 1769 114 55 only,
963 1768 158 43 clearly
1158 1769 36 41 it
1231 1770 90 40 will
1352 1770 53 41 be
1436 1784 24 26 a
1493 1775 117 50 great
1642 1769 150 42 saving
1823 1770 44 41 of
1898 1784 182 29 nervous

462 1856 158 42 energy
643 1846 44 37 to
719 1841 114 41 train
864 1854 81 28 one
981 1840 269 55 hemisphere
1283 1840 116 53 only,
1425 1840 144 42 rather
1601 1840 104 42 than
1742 1845 44 37 to
1818 1841 111 41 train
1962 1840 113 44 both.

461 1911 115 42 This,
598 1911 45 41 in
666 1911 99 41 fact,
787 1910 36 42 is
846 1910 223 42 evidently
1092 1910 74 42 the
1189 1910 278 42 explanation
1489 1910 46 42 of
1558 1910 73 42 the
1654 1914 207 51 apparent
1881 1910 198 55 anomaly

462 1981 96 42 that
590 1980 74 42 the
697 1984 85 44 two
814 1979 294 56 symmetrical
1140 1980 294 54 hemispheres
1465 1979 166 42 should,
1659 1980 45 40 in
1737 1993 44 28 so
1818 1979 64 42 far
1916 1993 46 28 as
1993 1981 86 40 this

461 2052 235 57 particular
727 2052 197 41 function
957 2052 36 42 is
1017 2051 247 42 concerned,
1287 2051 52 42 be
1370 2064 46 29 so
1443 2051 223 54 markedly
1688 2049 315 43 asymmetrical
2034 2049 42 41 in

460 2137 313 43 physiological
795 2127 207 50 capacity.

521 2195 45 42 It
583 2209 86 27 was
686 2194 74 42 the
777 2194 87 41 late
878 2194 65 41 Dr
960 2193 164 42 Moxon
1141 2193 94 41 who
1252 2193 92 41 first
1361 2191 226 56 suggested
1601 2191 102 42 such
1723 2205 52 28 an
1791 2195 286 39 explanation.

461 2266 54 41 In
539 2279 24 28 a
585 2265 119 42 short
736 2265 79 41 but
845 2263 268 43 remarkable
1135 2262 160 56 paper,1
1317 2262 228 55 published
1567 2261 46 42 in
1639 2262 123 51 1866,
1784 2261 54 42 he
1869 2261 211 42 discusses

461 2337 74 41 the
567 2335 223 42 operation
821 2335 47 41 of
896 2334 74 42 the
1001 2334 215 42 attention
1247 2334 46 40 in
1325 2333 73 42 the
1430 2332 226 43 education
1693 2333 45 40 of
1770 2332 73 42 the
1881 2332 119 41 brain
2035 2336 43 37 to

462 2405 167 55 speech,
650 2403 87 43 and
768 2408 44 37 to
844 2403 124 41 other
998 2403 131 41 forms
1162 2403 43 41 of
1236 2402 132 42 finely
1395 2402 272 42 coordinated
1699 2402 152 41 action.
1913 2401 165 55 Taking

460 2474 331 57 piano-playing
822 2488 45 27 as
900 2487 80 27 one
1012 2473 44 41 of
1085 2473 69 41 his
1185 2472 297 42 illustrations,
1503 2473 54 41 he
1589 2473 143 54 points
1765 2477 75 37 out
1871 2472 95 42 that
1986 2472 36 41 it
2042 2473 36 41 is

461 2544 340 56 comparatively
824 2557 100 29 easy
946 2544 65 41 for
1042 2557 25 27 a
1097 2543 207 55 beginner
1334 2547 45 37 to
1410 2543 101 55 play
1534 2543 44 40 in
1612 2543 154 41 unison
1799 2557 53 27 on
1880 2542 198 42 different

461 2630 172 28 octaves
670 2619 105 37 with
815 2614 73 41 the
925 2618 85 36 two
1046 2613 149 41 hands.
1258 2613 102 41 This
1398 2626 135 28 seems
1575 2617 43 37 to
1655 2613 168 55 require
1860 2612 102 42 only
1998 2626 79 27 one

461 2684 215 45 attention
709 2684 66 40 for
797 2683 73 41 the
893 2687 85 37 two
1007 2682 149 42 hands,
1180 2681 94 42 that
1306 2682 213 42 attention
1552 2682 127 42 being
1710 2681 188 43 directed
1929 2686 44 38 to
2006 2682 71 41 the

461 2770 141 29 motor
624 2757 144 39 centre
790 2753 65 41 for
886 2752 74 42 the
981 2752 117 56 right
1126 2752 129 50 hand,
1279 2751 139 42 which
1441 2752 45 40 in
1518 2752 58 41 all
1605 2752 260 55 probability
1896 2751 36 43 is
1956 2751 120 42 made

463 2831 75 40 not
560 2825 102 43 only
694 2829 45 37 to
771 2824 224 41 innervate
1026 2822 73 42 the
1132 2822 185 42 muscles
1349 2822 43 41 of
1424 2821 72 43 the
1530 2822 116 55 right
1666 2822 127 50 hand,
1816 2822 77 41 but
1914 2821 88 42 also
2034 2826 42 37 to

462 2897 126 43 "uide
612 2895 73 42 the
716 2907 144 29 centre
883 2893 66 41 for
971 2893 72 41 the
1066 2892 78 42 left
1165 2892 127 44 hand.
1354 2893 58 42 To
1436 2892 110 42 train
1575 2892 72 42 the
1671 2898 143 36 centre
1836 2892 46 41 in
1904 2892 71 41 the
1997 2905 78 28 one

628 3039 12 22 1
667 3037 141 37 British
824 3036 74 37 and
914 3035 152 49 Foreign
1083 3034 383 48 Medico-Chirurgical
1483 3035 145 44 Review^
1651 3034 99 45 18G6,
1769 3046 33 36 p.
1822 3036 80 33 481.
