2113 3404
445 268 83 42 228

946 289 87 30 THE
1059 289 243 33 DISORDERS
1334 291 52 31 OF
1420 291 174 33 SPEECH.

508 401 88 44 The
621 402 127 55 third,
771 419 24 29 a
819 406 81 56 boy
923 410 46 39 oi'
988 408 114 53 nine,
1124 409 84 43 had
1230 424 25 28 a
1276 411 66 43 bit
1362 413 45 41 of
1438 411 125 56 apple
1596 416 80 50 put
1696 412 92 42 into
1810 413 68 43 his
1902 414 159 50 mouth,

448 471 112 43 after
580 472 68 44 his
671 489 99 41 eyes
792 476 86 43 had
908 478 108 43 been
1048 479 270 45 blindfolded
1351 483 85 41 and
1466 481 67 43 his
1570 482 175 42 nostrils
1777 483 151 43 closed.
1991 485 69 42 He

449 541 174 45 chewed
645 545 47 52 it,
709 547 85 43 and
816 548 91 43 said
930 549 309 57 immediately,
1261 555 21 19 "
1300 552 44 42 It
1364 553 37 42 is
1423 567 55 28 an
1500 552 162 56 apple."
1722 553 243 54 (Although
1987 555 73 42 the

449 615 176 43 nostrils
648 630 109 29 were
779 618 154 54 closed,
954 621 37 41 it
1011 621 37 42 is
1069 622 44 41 of
1135 636 147 29 course
1304 624 120 54 quite
1445 624 186 54 possible
1654 623 95 42 that
1776 637 116 29 some
1915 624 45 42 of
1988 625 72 42 the

448 683 165 44 flavour
634 688 47 40 of
699 688 72 42 the
795 690 126 54 apple
943 704 99 42 may
1060 691 110 43 have
1191 692 180 43 reached
1394 693 73 43 the
1489 693 302 43 Schneiderian
1816 694 243 42 membrane

447 754 58 54 by
529 755 72 43 the
625 759 209 52 posterior
856 761 155 55 nares.)

507 825 89 43 The
620 827 157 53 fourth,
800 843 23 28 a
845 830 84 53 boy
952 831 47 41 of
1016 835 86 47 ten,
1124 832 160 56 having
1312 833 109 42 been
1453 833 279 42 blindfolded,
1754 834 83 41 had
1860 849 53 27 an
1936 835 124 54 apple

448 900 81 48 put
566 896 92 42 into
696 898 68 42 his
800 899 149 43 hands.
1012 901 142 42 When
1193 902 133 42 asked
1367 903 114 41 what
1517 904 36 40 it
1590 917 96 28 was,
1724 903 53 42 he
1814 904 103 42 said,
1953 912 108 34 after

448 965 162 56 having
632 967 80 42 felt
732 968 36 42 it
789 969 66 41 for
876 984 24 27 a
922 976 204 37 moment,
1159 975 20 19 "
1202 972 43 41 It
1266 972 36 42 is
1324 986 53 28 an
1402 973 159 54 apple."

507 1036 217 53 Hitherto,
747 1039 45 41 in
814 1039 74 43 the
911 1041 301 54 experiments,
1234 1043 74 41 the
1330 1043 121 41 mind
1484 1043 83 42 had
1593 1043 218 56 promptly
1833 1058 117 28 come
1971 1048 43 38 to
2037 1058 25 28 a

448 1110 163 37 correct
632 1108 248 42 conclusion
905 1110 109 42 from
1036 1111 74 42 the
1132 1112 279 42 information
1434 1113 199 54 supplied
1654 1119 43 35 to
1719 1113 35 41 it
1775 1114 56 54 by
1850 1113 73 43 the
1940 1127 121 29 sense

447 1177 209 53 appealed
690 1184 55 35 to.
809 1179 88 41 But
930 1195 95 27 now
1053 1196 62 27 we
1147 1182 234 55 proceeded
1412 1189 44 35 to
1488 1183 126 41 make
1645 1197 55 27 an
1732 1183 151 54 appeal
1914 1188 42 37 to
1989 1184 72 41 the

447 1260 123 29 sense
603 1249 43 40 of
678 1249 205 56 Hearing,
906 1250 141 43 which
1082 1252 37 42 is
1154 1253 128 41 much
1317 1253 83 41 less
1435 1252 245 55 frequently
1703 1253 136 42 called
1870 1267 115 41 upon
2018 1260 42 35 to

446 1318 167 42 receive
634 1319 279 55 impressions
937 1322 109 41 from
1070 1322 148 55 apples
1241 1323 105 41 than
1368 1337 85 41 any
1475 1324 46 41 of
1547 1323 71 42 the
1641 1323 121 42 other
1783 1338 154 28 senses.
1999 1325 62 41 As

447 1402 87 28 was
557 1393 43 37 to
623 1390 51 42 be
697 1391 219 54 expected,
937 1406 59 28 we
1020 1393 135 41 found
1178 1393 95 42 that
1294 1394 73 41 the
1390 1393 247 42 conclusion
1661 1394 166 41 arrived
1849 1399 44 36 at
1913 1395 57 41 by
1989 1394 72 42 the

446 1459 121 41 mind
593 1461 108 40 from
723 1461 74 42 the
821 1462 205 43 evidence
1057 1463 47 42 of
1131 1464 139 41 sound
1303 1478 84 27 was
1420 1469 76 37 not
1527 1478 46 28 so
1605 1465 118 40 often
1745 1469 171 37 correct.
1978 1465 83 41 We

445 1529 126 43 made
594 1530 73 42 the
699 1532 139 41 sound
868 1532 59 55 by
948 1533 152 54 paring
1131 1548 55 27 an
1218 1533 126 55 apple
1370 1534 106 41 with
1509 1548 23 27 a
1564 1533 259 42 table-knife
1855 1547 102 27 near
1989 1533 72 42 the

446 1613 73 28 ear
554 1601 44 40 of
631 1601 74 42 the
741 1615 155 41 person
933 1604 322 54 experimented
1293 1618 127 41 upon,
1453 1610 109 35 after
1597 1604 67 41 his
1701 1617 98 28 eyes
1835 1603 83 41 had
1952 1603 106 42 been

446 1669 270 43 blindfolded
739 1672 85 41 and
847 1672 65 42 his
935 1673 175 42 nostrils
1133 1673 150 42 closed.
1348 1674 177 42 Sixteen
1549 1687 172 41 persons
1742 1674 45 40 in
1810 1673 70 51 all,
1904 1673 154 55 mostly

445 1741 156 52 adults,
625 1756 109 28 were
757 1743 110 41 tried
899 1742 47 43 in
977 1743 86 42 this
1091 1744 179 50 fashion,
1292 1744 84 41 and
1409 1744 43 41 of
1484 1744 72 41 the
1580 1743 135 42 whole
1746 1743 181 41 number
1958 1757 101 41 only

445 1811 122 43 three
589 1813 220 42 answered
833 1814 221 54 correctly,
1086 1815 128 41 "You
1250 1829 69 27 are
1353 1815 150 53 paring
1520 1828 53 27 an
1591 1813 161 54 apple."
1812 1813 88 41 The
1917 1813 142 42 others

444 1882 188 55 thought
654 1897 63 27 we
740 1897 110 28 were
882 1884 153 54 paring
1058 1884 131 50 wood,
1221 1884 193 55 clipping
1443 1898 133 41 paper
1609 1883 105 41 with
1746 1884 185 41 scissors,
1961 1884 97 40 rub-

446 1953 103 55 bing
571 1953 95 50 salt,
689 1954 185 55 rubbing
895 1958 85 38 two
1003 1955 187 41 surfaces
1213 1954 46 42 of
1277 1960 116 37 cloth
1417 1954 204 56 together,
1645 1958 75 37 etc.

505 2023 162 55 Lastly,
705 2024 22 40 I
765 2024 110 42 have
913 2024 248 55 frequently
1199 2025 85 41 had
1328 2025 196 41 occasion
1564 2028 43 37 to
1645 2024 175 41 observe
1858 2023 94 42 that
1987 2024 73 41 the

445 2094 226 42 Muscular
693 2094 132 42 Sense
848 2095 76 41 has
950 2095 126 42 made
1106 2095 123 42 itself
1256 2095 186 41 familiar
1465 2095 104 40 with
1601 2108 80 28 one
1713 2094 45 41 of
1786 2094 72 42 the
1892 2107 166 41 proper-

446 2165 82 42 ties
551 2165 43 41 of
616 2179 54 27 an
694 2165 139 55 apple,
856 2166 90 48 viz.,
967 2166 57 42 its
1047 2166 168 42 weight.
1279 2165 22 41 I
1325 2165 109 42 have
1462 2165 46 42 in
1531 2179 71 41 my
1626 2165 238 54 possession
1888 2179 23 26 a
1933 2164 126 42 beau-

445 2237 102 41 tiful
579 2237 380 55 imitation-apple,
981 2238 125 41 made
1139 2238 44 41 of
1215 2252 114 27 some
1361 2237 139 55 heavy
1522 2236 142 42 metal,
1690 2237 78 41 but
1799 2235 175 55 painted
2005 2249 54 27 on

446 2308 76 42 the
543 2307 167 42 surface
738 2308 46 41 in
817 2308 214 42 excellent
1066 2308 216 41 imitation
1318 2308 46 41 of
1394 2322 24 26 a
1451 2307 226 41 Newtown
1712 2307 161 53 pippin.
1936 2303 121 44 With

446 2378 75 42 the
543 2391 78 41 eye
643 2377 136 42 alone,
802 2392 56 26 no
880 2391 80 28 one
992 2392 79 27 can
1104 2378 78 41 tell
1205 2378 95 41 that
1332 2378 35 41 it
1398 2377 36 41 is
1457 2382 75 36 not
1554 2391 52 27 an
1630 2376 137 54 apple,
1789 2376 80 40 but
1890 2375 122 41 when
2037 2375 21 40 I

446 2447 80 42 ask
557 2461 25 28 a
613 2447 141 41 friend
781 2448 34 40 if
846 2447 53 42 he
922 2447 77 42 has
1031 2461 100 28 seen
1164 2451 20 18 "
1204 2447 86 41 this
1320 2461 94 27 new
1438 2451 162 37 variety
1624 2446 46 41 of
1697 2444 160 56 apple,"
1879 2444 36 41 it
1936 2444 36 42 is
1992 2444 66 41 in-

447 2518 209 42 teresting
677 2522 44 36 to
744 2516 140 42 watch
902 2517 108 41 how,
1028 2517 46 41 in
1096 2517 57 41 all
1175 2517 108 54 good
1300 2517 121 41 faith,
1439 2516 53 42 he
1515 2529 198 42 prepares
1732 2522 41 34 to
1796 2515 194 41 examine
2014 2515 45 48 it,

447 2588 86 42 and
554 2587 96 42 how
672 2587 213 41 instantly
908 2587 53 41 he
984 2587 163 42 detects
1171 2587 71 41 the
1265 2587 226 41 deception
1516 2585 122 42 when
1669 2585 71 41 the
1762 2585 140 54 object
1923 2585 35 41 is
1981 2592 78 46 put

445 2660 94 40 into
562 2658 66 40 his
650 2657 125 41 hand.
839 2657 127 41 From
999 2657 73 41 the
1103 2656 275 41 information
1410 2669 128 41 given
1561 2655 56 54 by
1639 2655 73 42 the
1734 2668 88 41 eye.
1844 2654 73 41 the
1940 2653 120 42 mind

446 2728 152 42 thinks
621 2728 34 40 it
677 2728 36 40 is
736 2741 52 27 an
813 2726 150 54 apple;
996 2727 78 40 but
1096 2727 86 40 this
1205 2725 247 42 conclusion
1474 2725 36 42 is
1542 2730 44 36 at
1616 2738 104 28 once
1751 2723 120 55 flatly
1893 2729 165 36 contra-

446 2798 144 42 dicted
614 2798 56 41 by
693 2796 72 42 the
788 2796 204 42 evidence
1015 2795 222 42 furnished
1261 2795 54 55 by
1340 2795 71 41 the
1433 2794 216 42 muscular
1670 2807 132 29 sense.

506 2868 110 43 Now
640 2867 22 42 I
685 2866 129 42 think
846 2866 105 42 such
983 2865 114 42 little
1129 2865 288 42 experiments
1449 2878 70 28 are
1551 2862 178 56 helpful,
1752 2862 124 42 when
1899 2876 62 28 we
1989 2876 69 27 are

446 2939 147 56 trying
615 2943 43 37 to
680 2936 153 42 realize
856 2935 73 42 the
952 2935 204 42 relations
1179 2935 192 41 between
1389 2946 419 30 sense-impressions
1825 2932 83 41 and
1931 2931 125 42 ideas.

446 3011 64 41 As
548 3009 21 41 I
608 3008 109 41 have
756 3019 173 41 already
961 3004 230 43 indicated,
1221 3004 38 42 it
1287 3003 37 43 is
1355 3017 94 29 now
1479 3003 219 56 generally
1728 3001 100 43 held
1859 3001 95 41 that
1985 3000 71 42 the

445 3092 190 42 primary
658 3076 84 42 and
766 3080 111 38 most
899 3074 154 44 simple
1075 3074 97 42 idea
1194 3088 62 28 we
1278 3074 108 41 form
1409 3073 45 42 of
1472 3087 24 27 a
1519 3072 268 55 thingsay,
1803 3084 52 27 an
1875 3068 182 55 apple
