1933 3302
470 157 244 33 Verschiedene
739 156 142 31 Formen
906 156 58 30 des
990 154 311 40 Hospitalbrandes.

1656 153 24 38 3

89 268 227 51 gequollene
345 268 125 38 Masse
508 266 83 38 eine
629 278 119 38 graue
785 277 92 24 oder
915 262 144 38 braune
1098 262 57 37 bis
1192 262 214 46 schwarze,
1444 260 88 38 bald
1572 259 110 38 mehr

88 322 214 50 fleischige,
343 322 87 37 bald
469 320 108 38 mehr
614 318 272 38 schwammige
928 315 189 39 Substanz
1157 315 191 46 darstellt,
1392 314 171 39 infiltrirt
1605 326 75 24 von

87 375 145 39 Jauche
262 375 77 37 und
368 378 58 34 oft
454 373 97 38 auch
581 385 72 25 von
675 371 273 39 Gasbläschen,
973 392 45 3 —
1043 369 59 37 die
1129 368 123 50 Pulpa
1282 369 67 37 der
1370 368 184 38 Autoren.
1600 366 80 38 Das

86 429 156 37 flüssige
272 428 171 38 Exsudat
485 427 49 36 ist
572 426 61 37 bei
671 426 72 37 den
772 425 167 37 leichten
969 422 132 39 Fällen
1141 423 36 36 in
1216 436 72 23 nur
1317 435 201 37 geringem
1548 421 130 39 Maass

87 483 233 37 vorhanden.
376 481 44 37 In
450 481 72 36 den
551 479 134 37 Fällen
716 482 69 34 mit
814 476 258 40 erheblicher,
1112 476 203 38 fibrinöser
1343 476 96 37 Ein-
1470 476 77 37 und
1576 474 101 38 Auf-

86 536 190 50 lagerung
294 534 219 38 verhindert
541 536 58 34 oft
629 533 59 37 die
709 530 306 40 Fibrinschichte
1041 530 69 38 auf
1134 530 158 50 längere
1313 529 84 38 Zeit
1427 529 73 38 alle
1522 531 156 36 weitere

85 589 257 38 Exsudation;
382 587 58 38 die
469 586 153 37 Wunde
659 586 50 36 ist
738 586 176 37 trocken;
954 583 133 38 sobald
1127 583 91 38 aber
1257 583 59 37 die
1347 582 222 39 Ulceration
1598 582 80 38 und

85 643 157 37 Lösung
271 642 66 36 der
364 639 331 39 Fibrinschichten
725 639 171 51 beginnt,
929 638 86 37 tritt
1044 638 100 37 dann
1175 636 95 38 auch
1302 637 59 37 die
1391 636 287 50 Absonderung

87 697 64 37 des
181 695 181 37 flüssigen
391 694 213 37 Exsudates
635 693 76 37 auf.
770 692 62 38 Sie
860 693 50 37 ist
938 692 39 37 in
1007 691 73 38 den
1105 690 216 40 intensiven
1342 689 134 39 Fällen
1507 693 57 35 oft
1593 703 84 25 eine

87 749 89 37 sehr
204 761 229 24 abundante.
491 746 66 37 Ihr
592 746 171 38 mischen
801 759 81 24 sich
918 744 191 39 natürlich
1147 745 59 37 die
1236 744 441 49 Zersetzungsproducte

86 802 71 37 bei.
199 800 61 38 Sie
290 800 93 37 wird
414 800 179 37 meistens
626 813 71 25 von
728 800 72 37 den
829 799 118 38 Alten
977 812 55 24 als
1063 798 83 38 eine
1167 797 347 39 röthlich-braune,
1546 810 129 25 corro-

85 855 167 37 dirende,
282 854 199 38 stinkende
511 853 145 38 Jauche
686 853 262 38 beschrieben.

211 907 73 38 Die
311 907 275 37 Beimischung
614 920 75 24 von
718 906 92 38 Blut
839 906 151 50 (rothen
1016 904 350 51 Blutkörperchen)
1398 918 45 25 zu
1473 905 86 37 dem
1593 904 81 37 Ex-

84 961 111 37 sudat
224 961 49 37 ist
302 960 101 38 beim
432 960 303 38 Hospitalbrand
765 961 59 37 ein
855 960 88 38 sehr
973 960 173 37 häufiges
1182 959 79 37 und
1292 957 383 40 charakteristisches

82 1014 291 38 Vorkommniss
403 1014 76 37 und
509 1014 101 38 kann
641 1014 219 38 erhebliche
891 1013 124 38 Grade
1047 1013 206 38 erreichen.
1305 1012 68 38 Ich
1403 1011 159 39 spreche
1593 1011 84 38 hier

82 1070 182 35 zunächst
292 1067 106 38 nicht
438 1081 73 24 von
549 1068 66 37 der
643 1067 185 38 Arrosion
858 1072 198 45 grösserer
1083 1066 269 51 Blutgefässe,
1392 1067 165 37 sondern
1586 1079 88 25 vom

81 1124 369 46 parenchymatösen
480 1120 263 38 Blutaustritt.
803 1120 128 39 Selbst
959 1121 39 37 in
1028 1121 72 37 den
1135 1120 228 38 leichtesten
1392 1120 164 38 Formen
1597 1120 79 37 und

82 1188 100 24 zwar
220 1178 57 34 oft
316 1174 54 38 als
407 1178 118 34 erstes
556 1174 201 50 Symptom
796 1178 125 34 treten
958 1174 144 38 kleine,
1134 1174 110 38 rothe
1275 1174 229 38 Pünktchen
1532 1173 39 38 in
1602 1174 74 37 den

82 1227 420 39 Granulationsflächen
540 1229 75 36 auf.
685 1228 43 38 In
761 1229 72 37 den
862 1228 424 38 Exsudatmembranen
1328 1228 63 38 bei
1433 1241 241 25 schwereren

80 1281 166 38 Formen
282 1282 128 37 finden
446 1281 82 38 sich
564 1282 149 50 blutige
751 1281 166 39 Streifen
954 1282 78 37 und
1072 1282 144 38 Lagen.
1276 1281 68 39 Oft
1382 1282 86 38 sind
1506 1282 60 38 die
1602 1295 70 36 ge-

81 1338 189 42 nannten,
309 1335 252 49 gequollenen
589 1336 324 37 Exsudatmassen
955 1338 69 35 mit
1066 1335 93 38 Blut
1195 1349 99 37 ganz
1324 1335 274 38 durchtränkt,
1630 1348 42 25 so

84 1389 86 37 dass
199 1389 55 38 sie
284 1389 186 37 aussehen
507 1390 71 37 wie
609 1389 179 38 Coagula.
845 1389 110 38 Beim
984 1389 203 38 Eintreten
1224 1391 67 36 der
1318 1390 237 38 Zersetzung
1583 1402 88 24 ver-

82 1442 136 37 ändert
255 1442 65 37 das
357 1441 93 39 Blut
488 1443 40 37 in
565 1443 291 38 verschiedener
892 1443 132 38 Weise
1062 1443 103 38 seine
1202 1443 135 38 Farbe.
1394 1443 58 38 Im
1489 1442 183 51 Anfange

80 1495 97 37 wird
217 1508 38 24 es
294 1496 118 36 durch
449 1496 212 38 Reduction
697 1510 97 36 ganz
834 1497 184 37 schwarz,
1062 1497 100 37 dann
1199 1497 203 37 bräunlich
1438 1497 92 37 oder
1558 1497 111 50 gelb-

79 1548 77 37 lich
185 1562 33 24 u.
251 1561 28 24 s.
311 1562 44 22 w.
395 1550 76 36 und
508 1552 106 47 trägt
651 1563 45 23 zu
727 1551 84 36 dem
850 1564 40 24 so
920 1550 296 38 verschiedenen
1255 1549 203 39 Aussehen
1498 1551 66 37 der
1594 1549 76 39 Ge-

80 1601 317 37 schwürsflächen
427 1603 221 37 wesentlich
676 1603 73 37 bei.

207 1654 81 38 Hat
317 1655 66 37 das
402 1655 506 51 Hospitalbrandgeschwür
936 1657 156 50 längere
1117 1656 85 39 Zeit
1230 1658 225 37 bestanden,
1487 1671 41 24 so
1548 1657 124 50 pflegt

81 1721 39 23 es
157 1707 189 38 nunmehr
383 1709 59 37 ein
481 1710 110 36 mehr
629 1710 314 49 gleichmässiges
978 1710 87 38 Bild
1112 1711 258 38 darzubieten.
1435 1711 130 37 Wenn
1605 1711 67 37 der

79 1760 302 50 Hospitalbrand
411 1762 138 38 örtlich
587 1763 199 38 erloschen
823 1764 69 46 ist,
932 1778 40 24 so
1002 1764 85 38 tritt
1117 1764 84 38 eine
1229 1765 267 51 gewöhnliche
1525 1764 146 51 Phleg-

80 1827 111 25 mone
219 1815 76 37 und
324 1814 189 52 Eiterung
542 1817 83 45 auf,
659 1816 115 38 durch
805 1818 145 38 welche
988 1819 60 37 die
1084 1819 267 38 mortificirten
1388 1818 281 39 Gewebstheile

80 1867 250 50 abgestossen
359 1869 76 37 und
466 1869 83 38 eine
579 1869 395 40 Granulationsfläche
1003 1871 222 52 geschafi*en
1253 1874 107 37 wird.

139 2056 48 38 B.
234 2057 245 43 Detaillirte
509 2060 317 50 Beschreibung
855 2062 75 40 der
958 2063 329 40 Yerschiedenen
1315 2065 185 40 Formen
1529 2067 73 39 des

672 2126 392 39 Hospitalbrandes.

206 2241 91 38 Fast
325 2244 73 37 alle
417 2243 185 47 Autoren,
626 2245 143 38 welche
792 2246 58 38 die
870 2246 218 40 Krankheit
1108 2249 129 38 bisher
1256 2250 251 39 beschrieben
1528 2251 140 48 haben,

78 2294 165 37 nahmen
260 2296 58 36 die
333 2296 248 52 Aufstellung
592 2299 290 38 verschiedener
895 2299 164 39 Formen
1074 2315 45 24 zu
1134 2302 119 38 Hilfe.
1284 2302 109 39 Auch
1408 2305 60 37 ich
1486 2305 181 39 schliesse

78 2347 101 37 mich
210 2348 140 37 diesem
366 2349 213 39 Verfahren
609 2365 59 32 an,
700 2353 47 36 da
772 2352 60 38 ich
854 2354 82 36 eine
957 2354 128 38 solche
1106 2355 210 52 Trennung
1334 2357 39 38 in
1394 2359 271 39 verschiedene

78 2400 161 38 Formen
255 2401 62 37 für
337 2402 163 50 zulässig
515 2404 115 45 halte,
652 2418 112 24 wenn
783 2419 88 24 man
892 2407 80 36 sich
988 2421 116 24 zuvor
1119 2409 164 39 darüber
1302 2412 251 50 verständigt,
1577 2414 88 37 dass

79 2453 53 37 sie
153 2453 109 37 keine
283 2455 196 37 bestimmt
499 2457 283 49 abgegrenzten
802 2459 213 38 klinischen
1037 2460 193 51 Gruppen,
1263 2465 163 37 sondern
1440 2488 52 4 —
1503 2467 40 48 je
1563 2467 100 37 nach

79 2506 83 37 dem
184 2506 219 40 Vorwalten
432 2510 182 48 gewisser
633 2511 314 51 Erscheinungen
967 2535 50 4 —
1035 2528 71 24 nur
1127 2515 133 50 Typen
1291 2518 216 39 darstellen.
1547 2519 116 39 Diese

76 2558 165 38 Formen
275 2561 125 49 gehen
436 2563 350 39 natürlicherweise
821 2564 224 41 ineinander
1081 2569 114 46 über;
1235 2584 38 24 es
1312 2572 85 37 sind
1432 2586 114 36 sogar
1573 2587 88 25 ver-

77 2612 200 38 schiedene
307 2613 313 40 Combinationen
651 2617 65 37 der
744 2619 309 39 wesentlichsten
1083 2621 222 52 Symptome
1335 2626 181 49 möglich.

204 2665 205 49 Delpech
438 2669 126 38 stellte
594 2673 125 34 zuerst
735 2671 266 40 verschiedene
1021 2674 166 40 Formen
1208 2678 77 44 auf,
1307 2691 73 24 von
1411 2679 122 37 denen
1553 2680 105 47 zwei,

77 2718 59 37 die
155 2718 171 38 ulceröse
354 2721 74 37 und
451 2722 58 37 die
529 2723 172 49 pulpöse,
720 2723 203 50 allgemein
945 2728 169 49 adojDtirt
1133 2731 155 37 wurden
1319 2732 77 36 und
1417 2732 97 38 auch
1542 2733 116 38 heute

75 2771 96 37 noch
203 2771 54 38 als
286 2771 120 39 Norm
443 2775 140 48 gelten.
642 2776 56 38 Im
727 2776 121 39 Laufe
886 2780 66 37 der
981 2780 84 38 Zeit
1102 2783 83 37 sind
1215 2783 215 39 zahlreiche
1465 2787 192 37 verschie-

77 2825 93 37 dene
198 2825 123 37 Arten
360 2829 108 35 unter
506 2829 313 46 verschiedenen,
859 2832 112 38 theils
1009 2835 285 52 berechtigten,
1339 2837 113 38 theils
1490 2840 69 36 auf
1583 2853 74 24 un-

75 2878 241 38 wesentliche
345 2878 210 41 Merkmale
585 2884 262 49 gegründeten
868 2884 348 53 Gesichtspunkten
1246 2890 222 51 aufgestellt
1487 2894 168 37 worden.

75 2929 43 37 In
147 2930 239 50 Delpech's
415 2931 291 55 Beschreibung
734 2937 179 39 kommen
942 2940 60 38 die
1030 2941 194 39 mittleren
1253 2942 127 48 Fälle,
1410 2945 71 38 wie
1510 2946 54 38 sie
1594 2947 61 38 die
