1895 3217
365 233 90 31 THE
480 233 88 31 RED
592 232 57 32 OR
673 232 184 32 ASIATIC
882 232 388 34 ORANG-OUTANG.

1442 228 59 44 83

139 366 255 39 cumstance
412 374 108 45 may
535 360 54 44 be
606 357 276 54 mentioned,
903 357 49 46 of
962 373 26 30 a
1006 358 198 61 singular
1221 361 283 47 attachment

136 444 77 38 the
232 435 169 47 animal
419 436 104 44 took
547 435 64 45 for
627 441 92 39 two
736 435 184 44 kittens.
992 435 144 44 These
1152 435 36 44 it
1207 436 152 44 would
1376 452 128 46 carry

135 514 144 46 under
292 513 108 45 each
416 528 95 29 ann
535 519 45 39 to
604 513 118 44 their
743 518 124 55 gi'eat
891 527 291 46 annoyance;
1208 511 36 45 it
1263 514 177 44 seemed
1458 521 45 38 to

135 590 116 45 have
274 590 202 60 pleasure
500 590 91 45 also
615 589 48 45 in
685 589 176 61 placing
883 596 127 38 them
1035 604 117 45 upon
1177 588 58 45 its
1258 589 131 54 head,
1420 591 83 44 but

135 666 46 45 in
215 667 92 46 this
341 666 191 61 position
563 673 79 39 the
671 667 136 44 claws
843 667 181 44 became
1058 666 298 44 troublesome
1389 665 113 47 from

133 744 120 44 their
287 750 295 47 restlessness,
616 744 90 44 and
741 758 116 29 were
887 749 257 38 sometimes
1173 743 253 60 attempted
1456 750 47 38 to

134 821 54 43 be
218 821 154 59 pulled
395 826 91 40 out.
557 821 109 44 This
690 820 129 45 could
847 825 79 39 not
960 821 55 43 be
1049 819 339 61 accomplished,
1420 821 83 44 but

134 911 46 30 so
208 897 135 44 much
382 913 202 44 pleasure
619 897 177 45 seemed
829 902 46 39 to
912 898 54 43 be
1003 896 290 45 experienced
1331 897 62 60 by
1424 897 79 44 the

132 973 206 59 position,
364 979 102 39 that
489 974 78 44 the
590 974 343 44 inconvenience
957 972 50 46 of
1022 973 116 44 their
1161 979 218 39 scratches
1411 989 93 29 was

132 1047 261 48 afterwards
416 1066 249 30 unheeded.

201 1128 96 44 The
322 1143 182 44 capture
528 1127 50 46 of
603 1143 59 29 an
696 1128 128 44 adult
860 1127 222 45 specimen
1113 1125 49 46 of
1187 1127 91 45 this
1309 1128 185 53 animal,

135 1204 149 44 which
320 1220 68 28 we
421 1204 176 45 noticed
628 1212 47 37 at
709 1211 78 37 the
815 1209 380 39 commencement
1230 1203 50 46 of
1307 1219 80 29 our
1419 1205 79 44 de-

137 1280 224 60 scription,
381 1282 105 43 took
503 1281 123 60 place
645 1281 141 44 under
801 1281 77 44 the
898 1278 225 62 following
1140 1286 356 48 circumstances,

136 1357 89 43 and
248 1357 145 59 places
417 1356 78 44 the
524 1355 86 46 fact
635 1355 50 46 of
715 1356 58 44 its
802 1356 218 44 immense
1052 1356 88 44 size
1171 1356 91 44 and
1296 1357 203 45 strength

138 1433 177 45 beyond
345 1433 172 53 doubt;
565 1448 68 29 we
667 1448 74 30 are
780 1432 214 45 indebted
1034 1433 90 44 also
1162 1431 63 46 for
1265 1431 36 46 it
1335 1439 46 39 to
1419 1435 79 44 the

137 1516 222 38 exertions
399 1509 50 46 of
491 1510 65 44 Dr
608 1510 133 53 Abel,
784 1525 102 29 who
933 1524 138 29 wrote
1119 1524 58 29 an
1227 1517 186 38 account
1458 1509 48 46 of

137 1592 77 37 the
237 1601 193 30 remains
455 1586 49 45 of
518 1594 78 37 the
619 1587 168 44 animal
811 1585 65 45 for
897 1586 78 44 the
995 1585 175 46 Asiatic
1186 1587 312 45 Researches.*

138 1663 44 44 It
206 1662 36 45 is
267 1678 44 29 so
335 1663 263 61 interesting
624 1670 102 38 that
755 1679 68 29 we
852 1663 138 45 insert
1021 1663 36 44 it
1086 1670 155 47 entire,
1272 1664 90 44 and
1384 1664 117 45 have

137 1739 144 44 added
306 1755 119 29 some
455 1739 294 46 illustrations
774 1740 49 44 of
853 1746 78 38 the
966 1739 119 45 skull
1117 1740 90 44 and
1236 1740 126 44 teeth
1389 1739 113 46 from

137 1821 77 38 the
241 1816 144 59 plates
415 1816 350 60 accompanying
794 1822 102 38 that
930 1816 296 60 gentleman’s
1258 1816 241 53 naiTative,

138 1891 89 45 and
258 1907 114 29 casts
404 1892 50 44 of
473 1898 143 47 them,
642 1893 147 43 which
820 1907 74 30 are
921 1892 47 44 in
998 1892 78 43 the
1109 1892 213 44 Museum
1354 1891 50 45 of
1424 1893 78 43 the

139 1967 145 59 Royal
307 1968 177 60 Society
509 1967 49 45 of
574 1968 275 60 Edinburgh.

241 2042 42 45 A
294 2044 105 43 boat
414 2059 133 45 party
563 2045 142 43 under
718 2050 78 38 the
811 2044 236 44 command
1062 2043 50 45 of
1122 2044 165 45 Messrs
1297 2044 205 61 Craygy-

139 2134 107 29 man
270 2119 88 44 and
384 2120 123 52 Fish,
528 2120 166 44 officers
719 2119 50 45 of
784 2120 76 44 the
884 2120 95 60 brig
997 2120 501 45 Mary-Anne-Sophia,

138 2195 167 60 having
349 2196 163 44 landed
557 2203 45 38 to
647 2212 181 44 procure
867 2211 141 30 water
1047 2203 47 38 at
1131 2212 27 29 a
1195 2197 124 60 place
1359 2198 141 44 called

141 2272 261 53 Ramboom,
421 2287 107 30 near
544 2273 271 53 Touraman,
842 2288 56 30 on
921 2279 77 38 the
1022 2280 272 38 north-west
1313 2280 119 38 coast
1457 2273 47 45 of

140 2348 224 52 Sumatra,
391 2364 55 29 on
470 2364 27 29 a
520 2356 97 52 spot
641 2350 147 44 where
811 2356 126 38 there
962 2366 92 28 was
1085 2350 136 44 much
1251 2356 248 39 cultivated

427 2516 20 19 *
471 2515 138 36 Asiatic
630 2515 234 47 Researches,
885 2530 70 22 vol.
983 2530 59 22 xv.
1069 2530 32 34 p.
1125 2517 87 35 941.
