2107 3450
1630 132 83 45 107

662 141 298 36 INTELLIGENT
992 140 177 36 SPEECH.

58 270 202 54 pointing
283 273 43 38 to
360 268 72 42 the
455 281 167 42 picture
648 265 44 42 of
725 278 24 28 a
780 263 119 51 cock,
922 262 55 43 be
1009 276 112 42 says,
1146 264 23 20 "
1186 261 108 43 Das
1324 260 72 44 ist
1417 261 91 43 der
1539 261 158 43 Hahn

58 353 263 29 —kommt
354 336 338 45 immer—das
731 346 161 43 ganze
926 333 168 45 Stuck
1123 330 458 45 fortnehmt—von
1621 331 91 43 der

58 406 321 44 Hand—und
417 405 135 44 laiift
590 404 145 43 fort"
772 404 131 56 (That
939 403 37 42 is
1019 402 75 43 the
1132 400 306 56 cock—keeps
1475 400 236 56 coming—

24 481 7 60 j
54 480 126 42 takes
222 492 122 28 away
382 477 74 43 the
499 476 141 43 whole
677 489 264 42 piece—out
976 475 49 42 of
1057 474 77 43 the
1170 472 271 44 hand—and
1474 486 106 28 runs
1619 472 91 42 off).

54 551 104 42 This
189 550 134 41 refers
361 554 44 37 to
442 549 69 42 his
543 548 206 56 previous
782 547 176 43 feeding
999 546 46 44 of
1089 545 138 44 fowls,
1264 549 46 38 at
1348 544 146 43 which
1540 558 26 28 a
1603 544 106 43 cock

54 620 84 48 had
163 621 191 42 actually
379 620 197 43 behaved
599 634 46 28 as
663 619 237 43 described.
966 618 174 43 During
1163 618 89 42 this
1274 616 170 53 month,
1466 615 56 44 he
1544 615 67 43 for
1633 616 76 42 the

53 694 94 42 first
180 693 105 42 time
310 707 97 28 uses
440 693 74 42 the
537 691 160 44 second
725 691 205 57 personal
961 705 212 43 pronoun,
1195 688 265 57 remarking,
1483 691 21 18 "
1518 687 141 43 What
1685 702 25 28 a

52 772 150 49 pretty
235 769 97 38 coat
361 779 88 42 you
482 763 149 44 have."
694 764 45 42 It
773 764 37 43 is
845 764 135 43 about
1013 764 89 42 this
1130 763 107 43 time
1269 760 231 44 remarked
1543 761 98 42 that
1684 774 25 28 a

51 837 163 43 feeling
236 837 46 42 of
300 837 217 42 self-hood
540 837 38 42 is
601 837 229 56 becoming
847 837 197 57 strongly
1064 835 252 56 developed,
1339 849 46 29 so
1405 834 96 43 that
1523 834 76 42 the
1621 834 87 56 boy

53 909 157 43 wishes
239 914 45 38 to
311 909 54 43 do
399 909 261 57 everything
689 909 67 42 for
787 909 190 43 himself,
1008 914 188 37 without
1217 907 114 57 help.
1394 907 149 43 When
1573 906 136 43 asked

54 981 144 43 where
236 981 55 43 he
328 981 178 44 learned
538 981 108 43 such
684 981 86 43 and
808 982 108 42 such
954 996 56 28 an
1038 980 268 57 expression,
1333 980 56 43 he
1421 979 160 56 replies
1612 979 97 43 that

53 1054 56 43 he
130 1054 179 43 learned
330 1055 37 42 it
389 1058 20 18 "
425 1054 180 43 himself
624 1052 167 45 alone."
853 1054 56 42 In
931 1054 76 43 the
1029 1053 262 57 thirty-fifth
1314 1052 168 50 month,
1501 1066 24 28 a
1546 1051 163 56 feeling

53 1126 48 42 of
135 1126 217 57 causality
373 1127 153 43 begins
558 1131 45 38 to
635 1127 54 42 be
721 1126 234 43 expressed
986 1126 48 42 in
1066 1125 225 57 language.
1362 1124 237 51 Questions
1638 1137 72 29 are

53 1212 98 29 now
190 1199 133 42 asked
356 1199 69 42 till
458 1200 36 41 it
525 1198 176 42 reaches
734 1198 75 42 the
842 1202 126 51 point
999 1197 48 42 of
1076 1197 259 42 weariness:
1370 1199 21 17 "
1408 1195 123 56 Why
1563 1195 38 43 is
1633 1195 76 42 the

54 1271 124 41 wood
201 1276 77 36 cut
294 1271 52 41 ?"
368 1275 20 16 "
404 1271 120 55 Why
547 1270 102 42 does
681 1270 234 42 Frederick
939 1269 122 42 clean
1089 1268 75 42 the
1185 1268 270 55 flower-pots
1472 1269 14 40 ?
1507 1266 23 18 "
1553 1267 86 42 and
1663 1282 47 28 so

53 1357 70 28 on,
147 1343 59 41 ad
226 1343 238 55 infinitum.
529 1342 91 42 The
653 1341 144 43 father
823 1355 100 28 says
947 1340 96 42 that
1076 1340 35 42 it
1144 1353 140 29 seems
1316 1339 274 42 remarkable
1613 1339 99 42 that

51 1414 54 42 he
128 1413 74 43 did
225 1418 78 38 not
325 1427 107 29 once
454 1413 105 43 hear
576 1413 75 42 the
674 1412 120 43 child
817 1426 76 28 say
911 1416 21 17 "
947 1411 146 43 When
1115 1411 51 43 ?"
1191 1410 116 42 until
1331 1410 74 43 the
1430 1410 114 43 close
1568 1411 45 42 of
1635 1410 75 43 the

50 1485 119 43 third
191 1500 112 42 year.
369 1489 21 17 "
406 1485 90 43 The
533 1499 127 29 sense
693 1486 47 41 of
768 1498 128 29 space
929 1484 38 42 is
1000 1484 82 42 but
1113 1482 118 44 little
1264 1482 242 57 developed
1543 1489 46 36 at
1621 1484 90 42 this

50 1557 121 44 time,
193 1557 82 42 but
307 1556 74 44 the
414 1571 125 29 sense
572 1557 47 42 of
649 1556 108 43 time
790 1555 94 44 still
916 1554 122 44 less."
1102 1555 45 43 It
1178 1555 38 42 is
1248 1554 232 43 remarked
1503 1554 100 43 that
1634 1555 76 43 the

20 1604 3 37 '
49 1629 282 44 articulation
362 1629 39 43 is
424 1629 130 56 being
586 1629 198 56 speedily
807 1628 232 57 perfected,
1063 1642 47 29 so
1140 1632 99 38 that
1261 1627 47 43 of
1328 1627 194 44 German
1545 1628 166 43 sounds

48 1702 76 42 the
146 1712 94 32 sen
262 1701 126 43 alone
419 1701 37 43 is
489 1701 168 43 seldom
692 1705 178 48 correct,
892 1701 132 57 being
1058 1701 279 56 represented
1371 1701 57 57 by
1452 1713 37 33 s.
1554 1701 47 42 It
1635 1700 76 43 did

50 1779 78 37 not
150 1773 154 57 finally
326 1774 171 56 replace
521 1774 75 43 the
617 1784 25 33 S
666 1773 114 42 until
803 1773 76 43 the
902 1773 207 57 forty-six
1133 1774 166 43 month.

111 1846 56 42 In
209 1846 75 42 the
327 1846 287 56 thirty-sixth
651 1846 169 51 month,
842 1845 305 57 grammatical
1189 1861 136 28 errors
1369 1861 72 28 are
1479 1847 233 57 becoming

51 1918 133 42 much
210 1932 118 29 more
350 1933 109 28 rare,
494 1918 86 42 and
606 1918 105 43 long
741 1923 228 37 sentences
999 1931 73 29 are
1098 1918 168 43 formed
1290 1918 226 57 correctly,
1539 1920 169 56 though

50 1990 156 43 slowly
242 1990 86 42 and
363 1991 108 41 with
509 2005 169 41 pauses.
762 1990 92 43 The
890 1990 146 42 father
1073 1990 196 43 remarks
1305 1990 98 43 that
1445 1991 76 43 the
1555 1992 155 42 child's

49 2077 187 28 manner
258 2064 46 40 of
323 2063 225 56 speaking,
568 2077 97 28 now
683 2062 98 43 that
797 2062 56 43 he
874 2077 87 28 was
980 2062 123 43 three
1126 2077 127 42 years
1271 2062 84 53 old,
1374 2070 335 49 approximated

49 2149 121 28 more
202 2134 88 43 and
323 2149 119 28 more
475 2135 174 55 rapidly
671 2139 44 38 to
748 2134 99 43 that
879 2135 48 42 of
956 2134 74 43 the
1057 2134 168 57 family,
1248 2135 191 56 through
1467 2137 242 43 continued

48 2206 215 44 listening
285 2212 44 38 to
366 2207 121 43 them
524 2207 87 43 and
645 2207 225 42 imitation
905 2207 44 42 of
984 2206 133 43 them.
1182 2207 72 43 He
1286 2207 232 44 therefore,
1550 2213 47 38 at
1631 2209 76 43 the

48 2279 257 44 conclusion
329 2280 47 43 of
395 2280 76 43 the
494 2280 289 57 thirty-sixth
806 2279 168 53 month,
996 2294 109 43 gave
1126 2295 62 42 up
1211 2281 157 57 taking
1390 2285 136 40 notes.

107 2426 91 41 The
234 2426 137 43 above
407 2441 71 28 are
501 2426 82 43 but
615 2426 226 43 examples
874 2427 47 41 of
950 2425 74 45 the
1047 2441 107 42 very
1181 2427 193 43 detailed
1407 2433 303 38 observations

51 2498 206 43 recorded
289 2498 59 58 by
371 2499 225 43 Professor
630 2500 163 56 Preyer
827 2499 231 57 regarding
1090 2499 75 44 the
1199 2514 201 42 progress
1434 2501 48 42 of
1510 2500 69 44 his
1612 2501 97 57 boy.

52 2570 138 57 Many
216 2570 157 44 details
408 2571 112 43 have
551 2571 112 44 been
699 2572 211 54 omitted;
953 2572 83 43 but
1067 2571 76 44 the
1176 2572 120 43 work
1333 2572 125 44 itself
1494 2573 38 43 is
1570 2573 140 57 easily

49 2643 248 52 accessible,
332 2643 86 42 and
454 2644 36 42 is
522 2644 172 43 worthy
724 2644 46 42 of
806 2644 165 43 careful
1008 2644 188 57 perusal.
1262 2645 45 42 It
1341 2659 183 42 appears
1559 2649 45 39 to
1640 2660 70 29 me

49 2715 98 43 that
179 2730 81 29 one
293 2716 48 43 of
370 2716 74 44 the
477 2722 116 38 most
624 2717 192 43 striking
839 2717 112 43 facts
974 2717 190 57 brought
1197 2722 79 38 out
1297 2718 60 56 by
1390 2718 91 43 this
1503 2719 207 42 valuable

48 2787 152 44 record
237 2789 37 42 is
312 2788 76 44 the
420 2790 181 43 marked
635 2790 220 56 difficulty
879 2789 145 43 which
1060 2804 25 28 a
1122 2789 119 43 child
1265 2790 283 43 experiences
1571 2791 47 41 in
1642 2790 68 43 his

50 2860 94 43 first
167 2866 212 51 attempts
403 2867 43 37 to
469 2876 252 42 pronounce
745 2862 209 43 syllables
988 2877 48 28 or
1058 2862 142 43 words
1228 2863 59 42 by
1310 2877 25 28 a
1367 2863 182 42 definite
1585 2863 127 42 effort

49 2932 47 42 of
125 2932 74 43 the
245 2934 107 56 will,
388 2934 142 43 either
561 2935 346 43 spontaneously
945 2935 223 43 exercised
1202 2950 47 27 or
1281 2935 128 43 made
1443 2939 47 39 at
1521 2939 189 51 request.

50 3004 104 43 This
178 3005 218 57 difficulty
421 3007 199 43 becomes
654 3006 58 44 all
748 3007 75 44 the
856 3022 122 28 more
1001 3007 193 43 striking
1217 3007 129 42 when
1381 3021 83 29 one
1488 3006 226 43 considers
