2125 3612
1676 285 53 42 51

650 293 283 33 HYSTERICAL
967 295 185 32 MUTISM.

64 422 287 37 consonants;
383 430 47 29 so
455 416 97 42 tliat
576 414 123 45 when
738 414 181 45 mutism
944 415 36 43 is
1004 415 85 42 tlue
1113 420 44 37 to
1181 415 75 43 the
1286 415 159 56 larynx
1480 416 139 50 alone,
1653 416 75 41 the

62 488 168 56 patient
249 487 135 44 ought
406 488 93 42 still
525 493 43 37 to
592 488 52 42 be
661 488 98 42 able
784 492 43 37 to
851 487 191 55 produce
1067 487 124 43 these
1211 487 212 43 voiceless
1447 493 278 37 consonants.

59 558 70 44 On
149 559 74 42 the
245 560 127 42 other
388 560 130 41 hand,
537 560 34 41 if
595 560 73 42 the
686 559 90 42 oral
796 558 282 43 articulative
1095 558 274 43 mechanism
1388 559 54 42 be
1460 558 212 43 disabled,
1690 559 37 42 it

57 630 91 44 will
172 632 50 42 be
248 632 251 56 impossible
522 632 67 42 for
620 631 93 42 him
746 636 45 38 to
824 631 192 56 produce
1049 645 110 28 even
1193 631 133 42 these.
1393 631 58 42 Of
1474 644 153 29 course
1649 630 76 44 the

54 704 259 55 production
337 704 44 42 of
412 703 209 43 voiceless
644 707 266 39 consonants
933 702 127 43 alone
1084 703 146 42 would
1263 707 79 38 not
1373 702 156 43 enable
1561 702 94 42 him
1679 707 46 39 to

52 775 146 55 speak.
262 775 136 43 There
422 789 102 42 may
546 775 54 42 be
632 775 124 42 other
788 774 184 43 obvious
1005 775 120 42 signs
1158 775 45 42 of
1240 774 295 44 disablement
1566 773 48 44 in
1647 773 77 43 the

53 847 91 42 oral
167 847 281 43 mechanism,
471 847 108 43 such
601 861 47 29 as
672 847 209 43 slowness
903 847 46 42 in
974 846 76 44 the
1073 851 275 39 movements
1370 847 48 42 of
1437 846 75 43 the
1536 850 190 50 tongue;

52 918 98 51 and,
173 933 159 28 among
352 918 192 43 Natier's
562 933 132 29 cases,
711 933 120 29 some
845 933 73 29 are
936 919 256 43 mentioned
1208 919 48 43 in
1272 920 144 42 which
1433 918 76 44 the
1526 922 197 54 patients

51 990 277 57 complained
346 992 48 42 of
411 1006 25 28 a
453 991 164 43 feeling
633 992 48 42 of
695 991 164 43 weight
875 1006 48 28 or
939 991 232 43 heaviness
1187 991 48 43 in
1250 991 75 43 the
1343 996 175 38 tongue.
1572 990 150 43 When

55 1062 76 43 the
152 1063 175 56 patient
347 1064 197 56 requires
567 1068 44 38 to
635 1063 54 43 be
712 1063 159 57 taught
893 1063 76 44 the
990 1064 218 56 positions
1239 1064 47 42 of
1315 1064 75 43 the
1422 1063 100 57 lips,
1544 1067 179 46 tongue,

56 1139 93 47 etc.,
187 1136 47 42 in
276 1135 76 44 the
392 1136 342 57 pronunciation
776 1136 48 42 of
861 1135 78 44 the
975 1135 175 44 various
1194 1141 280 38 consonants,
1509 1135 77 44 the
1628 1135 93 43 oral

60 1208 271 43 mechanism
353 1209 37 43 is
413 1208 232 43 obviously
668 1214 45 36 at
735 1208 125 43 fault.

286 1364 131 43 Other
438 1365 152 42 Forms
611 1365 51 55 of
675 1365 230 55 Paralysis
926 1363 202 58 affecting
1151 1365 66 42 the
1238 1365 256 43 Adductors.

113 1483 207 57 Aphonia
343 1484 188 42 without
553 1485 196 42 mutism,
770 1483 75 43 the
877 1485 174 55 patient
1083 1485 134 56 being
1249 1484 100 44 able
1382 1490 47 38 to
1461 1485 139 43 speak
1623 1484 46 43 in
1693 1499 25 28 a

52 1558 200 55 whisper,
289 1556 173 51 results,
484 1556 254 56 frequently
770 1556 188 56 enough,
980 1556 114 42 from
1118 1556 76 43 the
1217 1556 230 56 operation
1470 1557 48 42 of
1538 1557 178 42 various

54 1630 248 42 conditions
329 1629 126 42 other
483 1628 109 43 than
619 1628 207 57 hysteria,
854 1627 110 45 such
993 1642 47 29 as
1072 1628 412 57 Blood-poisoning,
1516 1628 201 44 Fatigue,

45 1708 79 36 etc.

117 1773 90 56 (A.)
229 1773 91 42 The
344 1777 116 39 most
482 1772 241 56 important
744 1786 72 29 are
839 1772 126 43 those
988 1772 243 43 connected
1254 1771 110 43 with
1382 1772 178 43 various
1583 1772 133 44 kinds

50 1846 48 41 of
116 1845 394 56 blood-poisoning.
576 1845 45 42 It
642 1845 37 42 is
702 1859 98 28 now
823 1844 76 43 the
930 1844 137 43 belief
1089 1846 48 40 of
1165 1859 134 42 many
1322 1845 261 43 authorities
1616 1845 100 43 that

52 1917 213 56 paralysis
282 1918 48 41 in
346 1917 109 43 such
478 1931 121 28 cases
621 1917 37 42 is
681 1916 85 43 due
790 1923 43 36 to
857 1916 258 43 Peripheral
1136 1917 214 42 Neuritis.
1415 1917 45 41 If
1482 1917 99 43 that
1598 1917 38 43 is
1654 1932 59 38 so,

46 1990 105 56 they
184 1994 137 52 ought
342 1989 205 57 properly
580 1993 45 39 to
659 1989 54 43 be
735 1988 170 44 classed
937 2003 46 29 as
1017 1989 85 43 due
1134 1993 45 38 to
1212 1989 178 55 organic
1421 1989 150 43 rather
1603 1990 111 43 than

45 2067 47 37 to
115 2062 247 42 functional
384 2075 164 30 causes.
609 2061 77 53 As,
704 2061 216 52 however,
938 2060 76 44 the
1038 2061 118 42 toxic
1178 2061 225 56 paralyses
1425 2075 85 37 are,
1528 2061 47 42 in
1597 2063 117 42 their

45 2135 237 41 curability
326 2133 87 43 and
454 2133 48 42 in
554 2132 116 43 their
717 2138 258 51 symptoms,
1013 2132 135 43 allied
1190 2138 46 37 to
1279 2133 76 43 the
1401 2133 223 56 paralyses
1668 2134 46 44 of

44 2205 256 57 Hysterical
335 2206 153 56 origin,
511 2205 37 42 it
582 2219 103 43 may
717 2204 105 44 here
854 2205 54 43 be
940 2205 268 42 convenient
1242 2209 45 38 to
1320 2205 129 42 make
1482 2219 26 28 a
1543 2210 102 39 note
1668 2207 50 42 of

45 2279 133 42 them.
243 2278 222 56 Paralysis
499 2277 227 56 following
758 2291 119 41 upon
910 2276 269 43 Diphtheria
1211 2276 79 43 has
1323 2276 111 43 been
1467 2277 166 43 known
1665 2282 46 39 to

43 2352 132 42 affect
197 2351 75 43 the
298 2364 189 29 muscles
520 2349 44 43 of
589 2348 74 44 the
696 2349 178 56 Larynx
896 2349 45 41 in
967 2363 119 29 some
1109 2347 148 45 cases.1
1324 2348 141 44 Other
1496 2350 137 42 forms
1665 2352 46 42 of

43 2424 213 56 paralysis
301 2437 73 29 are
419 2421 276 43 notoriously
737 2435 119 29 more
900 2435 203 29 common
1146 2421 113 43 after
1301 2421 255 57 diphtheria
1599 2422 110 43 than

41 2496 217 56 paralysis
300 2496 45 43 of
377 2495 74 43 the
495 2493 227 58 laryngeal
754 2493 204 44 muscles,
1002 2494 81 42 but
1116 2493 76 44 the
1228 2493 230 58 laryngeal
1490 2497 219 55 paralysis

40 2569 39 43 is
111 2569 251 42 sometimes
396 2572 90 38 met
523 2566 120 43 with.
733 2567 45 42 It
821 2580 101 42 may
955 2571 180 51 present
1179 2565 218 52 varieties,
1441 2581 47 29 as
1532 2568 178 43 regards

40 2641 75 42 the
150 2640 188 44 muscles
374 2639 222 43 involved,
637 2639 170 43 similar
849 2643 45 38 to
938 2638 127 43 those
1113 2638 45 43 of
1189 2639 243 56 hysterical
1464 2640 248 57 paralysis;

42 2714 79 42 but
154 2714 37 42 it
231 2713 38 43 is
311 2712 95 44 said
449 2712 99 42 that
579 2711 218 57 paralysis
836 2711 45 43 of
924 2710 76 44 the
1044 2711 191 43 muscles
1279 2711 208 57 supplied
1530 2713 60 55 by
1632 2712 77 44 the

40 2786 198 56 superior
273 2784 227 58 laryngeal
537 2799 168 28 nerves,
740 2784 88 43 and
865 2798 121 29 more
1020 2783 241 57 especially
1299 2784 216 56 paralysis
1550 2785 49 43 of
1631 2786 78 43 the

40 2859 315 56 crico-thyroid
379 2857 201 43 muscles,
613 2871 151 29 occurs
787 2857 47 42 in
861 2871 25 29 a
918 2861 172 52 greater
1112 2857 257 56 proportion
1402 2858 45 42 of
1480 2857 75 44 the
1579 2857 130 57 diph-

39 2930 180 44 theritic
262 2930 110 43 than
409 2930 47 43 of
495 2930 76 43 the
618 2929 241 57 hysterical
907 2943 131 29 cases.
1114 2929 56 42 In
1212 2929 110 43 such
1366 2944 134 37 cases,
1542 2944 46 29 as
1632 2931 76 42 the

47 3003 206 56 Superior
296 3001 250 58 Laryngeal
587 3002 37 43 is
668 3001 75 44 the
786 3015 182 30 sensory
1002 3016 133 28 nerve
1174 3001 44 43 of
1252 3001 76 43 the
1361 3002 191 55 Larynx,
1586 3002 123 44 there

87 3096 12 23 1
128 3096 136 37 Morell
284 3096 231 37 Mackenzie,
535 3096 165 37 Diseases
722 3095 41 48 of
784 3096 54 36 the
867 3095 132 36 Throat
1025 3095 76 37 and
1127 3095 106 47 Nose,
1252 3094 74 38 vol.
1347 3094 23 38 i.
1391 3107 40 37 p.
1454 3095 68 37 145
1540 3107 10 32 ;
1575 3095 78 37 also
1672 3108 34 35 p.

37 3160 81 33 434.
