2107 3450
382 345 200 33 AMNESIA
615 343 219 34 VERBALIS
869 343 98 32 AND,
997 342 301 32 PARAPHASIA.

1589 330 84 44 267

14 467 189 43 name?"
238 467 21 42 I
293 467 94 44 said
420 471 44 39 to
498 467 108 43 such
639 482 25 28 a
695 469 173 54 patient
900 465 209 43 recently.
1173 469 20 16 "
1210 464 67 42 Dr
1299 461 270 52 Anderson,"
1593 461 79 43 she

12 539 175 43 replied.
252 544 20 17 "
286 540 105 42 And
414 539 118 44 what
554 539 38 44 is
614 553 110 43 your
746 553 98 28 own
866 552 129 28 name
1013 536 44 44 ?"
1122 536 166 56 "Mary
1311 533 264 44 Anderson"
1593 533 78 44 she

10 612 112 53 said;
148 612 167 57 though
339 611 76 45 she
438 612 99 43 had,
554 626 24 29 a
601 615 123 40 short
747 611 106 43 time
877 608 266 59 previously,
1160 609 133 56 given
1317 608 78 42 her
1417 621 99 28 own
1539 620 129 29 name

13 683 221 58 correctly.

40 834 212 43 Amnesia
295 835 191 43 Verhalis
507 836 91 42 and
619 834 290 44 Paraphasia.
974 834 293 43 Articulative
1288 831 226 45 Amnesia,
1536 831 92 43 and

585 907 291 43 Articulative
897 906 179 46 Ataxia.

64 1036 216 43 Amnesia
311 1037 372 44 Verbalis.—As
707 1038 23 42 I
762 1037 113 44 have
908 1037 177 44 already
1109 1037 95 43 said
1226 1051 25 29 a
1277 1035 113 59 good
1412 1035 99 44 deal
1533 1049 135 29 about

5 1108 90 43 this
117 1108 224 45 Amnesia,
365 1124 47 29 or
434 1110 310 58 forgetfulness
776 1110 45 43 of
853 1110 153 43 words,
1029 1110 88 43 and
1149 1109 135 43 about
1306 1109 76 43 the
1413 1108 86 43 law
1522 1107 146 43 which

6 1194 140 30 seems
179 1186 45 38 to
247 1182 242 44 determine
522 1183 74 43 the
619 1183 187 57 varying
828 1182 178 44 degrees
1038 1183 47 41 in
1110 1182 145 43 which
1279 1181 206 44 different
1507 1194 160 30 classes

5 1253 47 41 of
73 1253 138 44 words
233 1268 103 43 may
358 1255 53 42 be
434 1255 231 57 forgotten,
689 1255 36 42 it
748 1255 91 42 will
862 1259 77 38 not
961 1255 53 42 be
1038 1268 242 42 necessary,
1303 1253 47 42 in
1374 1253 89 43 this
1485 1252 179 57 general

3 1324 156 44 sketch
182 1325 47 43 of
256 1326 176 56 leading
453 1327 287 56 phenomena,
764 1331 44 39 to
832 1326 168 43 discuss
1025 1326 75 43 the
1127 1326 171 42 subject
1320 1325 135 43 much
1477 1324 183 43 further.

4 1393 90 43 But
127 1394 23 42 I
183 1394 157 44 should
372 1396 91 42 like
495 1399 45 39 to
572 1396 155 43 define,
750 1409 46 29 as
830 1395 232 43 distinctly
1095 1409 45 27 as
1175 1395 24 41 I
1231 1409 93 28 can,
1348 1394 76 42 the
1457 1408 126 29 sense
1615 1394 49 42 in

3 1464 145 43 which
183 1466 23 41 I
241 1481 128 28 mean
403 1471 44 38 to
484 1481 76 28 use
595 1467 75 42 the
705 1471 112 38 term
851 1466 213 43 Amnesia
1086 1465 214 43 Verbalis.
1365 1465 69 56 By
1457 1465 207 43 different

2 1536 181 51 writers,
215 1538 36 42 it
272 1538 78 42 has
373 1538 110 43 been
512 1538 109 44 used
645 1538 108 42 with
775 1553 25 27 a
821 1538 188 56 varying
1031 1537 140 42 width
1194 1537 45 42 of
1269 1536 305 57 signification.
1640 1537 24 42 I

2 1622 126 28 mean
152 1614 43 37 to
219 1624 77 28 use
319 1610 36 42 it
376 1610 139 43 solely
537 1611 46 42 in
606 1610 247 44 connexion
876 1616 109 36 with
1008 1609 75 43 the
1098 1610 253 55 productive
1372 1623 223 42 processes
1619 1609 47 43 of

1 1680 186 58 thought
209 1682 87 43 and
328 1683 171 56 speech,
522 1697 47 30 as
601 1683 242 57 signifying
866 1698 24 28 a
913 1682 158 43 failure
1094 1686 45 39 to
1162 1681 86 44 call
1271 1696 59 42 up
1353 1682 49 42 in
1424 1681 76 44 the
1533 1681 127 43 mind

1 1753 69 43 the
93 1755 277 56 appropriate
390 1755 304 43 word-images
712 1756 68 42 for
802 1755 120 43 ideas
945 1756 99 41 that
1061 1769 72 28 are
1157 1754 181 57 seeking
1355 1754 305 44 embodiment

1 1826 41 41 in
77 1826 152 52 words,
254 1827 196 44 whether
472 1828 66 43 for
569 1842 212 42 purposes
815 1828 47 42 of
891 1827 134 44 silent
1055 1827 191 43 thought
1279 1842 47 28 or
1358 1828 69 42 for
1459 1828 127 43 those
1619 1828 48 42 of

1 1899 170 43 Fiudible
204 1900 168 55 speech.
436 1901 84 42 For
554 1900 156 43 failure
742 1901 47 42 in
822 1901 75 43 the
921 1900 351 43 Interpretation
1306 1901 44 42 of
1384 1901 141 43 words
1559 1901 100 43 that

1 1984 68 29 are
107 1971 93 43 still
237 1971 135 44 heard
405 1987 45 28 as
488 1973 176 51 sounds,
696 1987 66 29 we
793 1972 113 44 have
940 1973 74 43 the
1054 1972 266 44 convenient
1354 1977 113 39 term
1499 1974 161 43 Word-

1 2042 223 44 Deafness.
288 2045 102 51 But,
411 2044 68 43 for
500 2045 157 42 failure
680 2049 44 38 to
748 2044 85 43 call
867 2059 58 43 up
951 2044 140 43 words
1123 2045 48 41 in
1199 2044 77 44 the
1310 2059 197 43 memory
1530 2045 130 44 when

1 2114 102 57 they
125 2129 70 29 are
219 2116 174 43 wanted
415 2116 65 43 for
501 2131 212 41 purposes
747 2117 45 42 of
821 2116 275 57 production,
1121 2131 65 29 we
1208 2116 113 44 have
1353 2131 57 29 no
1434 2121 114 39 term
1579 2118 83 43 but

1 2187 84 43 this
121 2188 47 42 of
197 2188 212 43 Amnesia
442 2188 215 43 Verbalis.
722 2189 23 42 I
780 2189 132 42 think
946 2188 100 43 that
1080 2203 65 29 we
1181 2189 161 43 should
1376 2204 172 30 reserve
1582 2190 76 44 the

1 2264 109 40 term
132 2260 176 57 strictly
330 2261 67 43 for
419 2260 89 44 this
531 2261 156 43 failure
709 2261 47 42 in
779 2261 75 43 the
877 2275 147 43 power
1046 2261 47 43 of
1112 2261 164 57 calling
1299 2276 59 43 up
1382 2263 141 43 words
1546 2263 113 43 from

1 2332 165 53 within,
190 2333 85 43 and
308 2333 62 43 let
401 2333 75 43 the
510 2338 111 39 term
643 2333 378 44 "Word-Deafness
1054 2333 130 44 stand
1217 2348 47 29 as
1297 2335 76 43 the
1401 2335 259 44 equivalent

0 2410 108 38 term
132 2405 66 43 for
220 2405 157 43 failure
400 2406 47 42 in
469 2406 223 44 reception
715 2407 86 42 and
824 2406 352 57 interpretation.

56 2477 55 43 In
149 2478 246 43 connexion
433 2478 109 43 with
578 2478 197 44 Written
813 2478 226 57 language,
1073 2478 36 42 it
1147 2492 102 43 may
1287 2479 53 43 be
1379 2480 139 43 found
1557 2495 101 29 con-

1 2551 184 52 venient,
208 2551 46 42 in
286 2551 90 43 like
410 2566 195 29 manner,
635 2556 45 38 to
713 2566 78 29 use
823 2551 76 43 the
933 2555 114 40 term
1079 2550 215 45 Amnesia
1326 2552 250 45 Literarum
1610 2569 47 29 as

0 2623 232 44 indicative
270 2624 47 42 of
350 2638 26 29 a
413 2624 158 44 failure
603 2624 78 57 (on
718 2625 74 42 the
830 2627 261 54 productive
1129 2623 113 58 side)
1276 2628 44 39 to
1359 2625 86 43 call
1481 2641 61 42 up
1582 2627 76 45 the

0 2695 155 57 images
188 2697 46 42 of
262 2696 153 44 letters
448 2697 87 43 and
559 2697 140 43 words
731 2697 48 43 in
803 2697 75 43 the
911 2696 125 43 mind
1060 2696 129 44 when
1212 2696 76 44 the
1311 2698 128 43 effort
1463 2703 45 39 to
1532 2705 125 39 write

0 2767 31 43 is
62 2768 130 57 being
224 2769 151 44 made;
406 2770 48 42 in
487 2774 196 39 contrast
715 2774 44 39 to
792 2769 414 44 Word-Blindness,
1241 2770 146 43 which
1420 2772 178 57 implies
1631 2787 26 30 a

1 2839 146 45 failure
170 2855 55 29 on
249 2842 73 43 the
345 2842 93 43 side
461 2843 45 42 of
527 2843 224 43 reception
775 2842 87 44 and
884 2842 352 44 interpretation.

52 2912 206 45 Without
280 2915 199 56 entering
500 2915 94 43 into
619 2930 87 42 any
729 2915 137 44 detail
889 2930 47 29 as
960 2920 43 38 to
1027 2915 76 44 the
1126 2915 226 44 causation
1377 2917 47 43 of
1441 2917 216 45 Amnesia

1 2982 205 55 Verbalis,
228 3000 65 29 we
315 3000 113 43 may,
452 2987 22 42 I
511 2987 142 52 think,
684 2987 103 44 here
811 2988 128 42 make
975 2992 102 39 note
1112 2987 48 44 of
1190 2991 88 40 two
1314 2987 204 46 different
1553 3005 102 29 con-

1 3054 153 45 litions
177 3057 144 44 which
344 3073 102 43 may
469 3059 105 44 each
596 3060 193 57 produce
811 3060 121 43 it:—

53 3127 76 57 (1.)
162 3130 45 42 It
248 3130 37 43 is
329 3136 92 39 met
463 3131 109 44 with
613 3133 49 42 in
703 3132 251 44 conditions
986 3133 44 43 of
1077 3132 190 44 General
1313 3133 341 46 Enfeeblement

1 3199 32 43 )f
54 3200 74 44 the
150 3202 147 53 Brain,
320 3203 108 44 such
450 3219 46 29 as
519 3218 102 30 may
644 3205 53 43 be
724 3209 244 40 associated
991 3204 109 44 with
1122 3204 76 44 the
1223 3204 187 58 debility
1434 3207 45 42 of
1506 3222 148 30 severe
