2107 3450
330 293 208 41 APHASIA,
570 292 105 41 ETC.,
708 293 46 31 IN
788 292 224 32 RELATION
1045 291 54 33 TO
1133 293 289 32 FUNCTIONAL
1456 293 259 34 DISORDERS.
1771 283 91 47 407

196 422 66 39 set
285 416 45 42 in
356 429 116 29 upon
495 414 75 43 the
593 413 170 44 sudden
785 412 86 44 and
893 413 273 56 unexpected
1186 413 309 44 retrocedence
1514 414 44 42 of
1577 429 55 28 an
1648 417 152 42 attack
1817 417 44 43 of

197 502 176 43 quinsy,
412 487 143 42 which
594 486 76 43 did
708 490 78 39 not
825 499 54 43 go
923 499 56 28 on
1023 491 46 37 to
1107 485 309 57 suppuration,
1453 500 45 28 as
1537 486 76 44 the
1656 489 207 55 patient's

197 574 205 43 previous
450 559 172 42 attacks
670 557 86 43 had
806 557 139 53 done;
997 557 81 56 (2),
1118 557 109 51 that,
1274 557 154 42 unlike
1474 557 126 43 other
1645 560 220 55 supposed

198 632 224 42 examples
453 632 46 42 of
521 631 179 43 aphasia
723 630 45 43 of
795 629 249 43 functional
1077 630 151 56 origin,
1264 629 74 42 the
1371 629 182 56 aphasia
1585 630 102 43 here
1710 631 154 54 lasted,

199 711 77 37 not
310 704 164 44 merely
499 705 65 41 for
594 718 25 28 a
650 704 80 41 few
763 702 194 43 minutes
991 716 46 28 or
1067 701 145 53 hours,
1248 702 79 42 but
1360 702 66 42 for
1458 702 168 43 several
1660 704 176 43 months
1856 719 10 39 ;

197 778 87 43 and
306 778 80 56 (3),
410 778 98 42 that
541 777 35 41 it
610 775 82 43 left
719 774 165 44 behind
906 774 38 43 it
966 789 24 28 a
1018 775 167 43 certain
1204 774 138 57 slight
1359 775 183 43 damage
1561 780 44 38 to
1625 775 74 43 the
1717 790 150 42 power

197 851 48 43 of
273 850 267 43 expression.
603 848 83 43 We
720 862 74 29 are
819 847 92 43 told
934 848 58 56 by
1014 848 248 42 Trousseau
1295 847 98 43 that
1426 848 149 43 before
1608 849 76 42 the
1716 849 150 43 attack

198 922 163 42 Lordat
378 920 222 44 delivered
614 920 68 43 his
706 920 210 43 eloquent
934 920 190 43 lectures
1148 935 55 27 on
1227 920 265 56 physiology
1516 920 190 43 without
1728 925 140 47 notes,

198 995 80 42 but
301 994 97 42 that
430 998 112 38 after
574 993 38 43 it
642 993 56 42 he
732 1007 89 28 was
854 992 176 57 obliged
1062 996 45 39 to
1139 992 105 43 read
1277 992 68 43 his
1378 992 201 43 lectures.
1645 992 114 43 That
1792 993 75 43 the

198 1065 181 43 damage
411 1080 87 28 was
531 1070 78 38 not
641 1080 106 28 very
782 1064 201 43 material
1007 1064 93 43 will
1121 1064 54 43 be
1203 1070 216 50 apparent
1451 1070 45 37 to
1530 1079 87 43 any
1652 1079 82 29 one
1768 1066 98 42 who

198 1139 124 43 reads
366 1137 196 44 Lordat's
605 1138 243 43 admirable
891 1138 179 42 treatise
1118 1152 57 28 on
1225 1137 75 43 the
1345 1136 214 57 Analysis
1602 1139 51 55 of
1687 1136 181 54 Speech,1

201 1217 174 37 written
421 1211 320 57 subsequently
776 1215 44 38 to
853 1210 75 43 the
968 1210 161 43 attack,
1162 1210 87 42 and
1288 1210 258 56 containing
1577 1210 70 43 his
1680 1215 188 38 account

199 1285 47 41 of
266 1284 48 43 it.

260 1358 90 41 The
394 1361 114 38 most
549 1356 275 43 remarkable
867 1360 128 51 point
1032 1355 47 43 in
1117 1354 196 44 Lordat's
1352 1369 98 29 case
1488 1355 37 43 is
1568 1355 70 43 his
1682 1355 186 43 distinct

198 1430 214 42 assertion
437 1434 96 37 that
554 1428 57 42 he
635 1429 128 41 could
787 1427 242 43 internally
1052 1428 134 42 think
1209 1433 123 51 quite
1356 1427 113 43 well,
1492 1427 86 43 and
1603 1428 131 42 could
1757 1442 111 29 even

198 1503 46 41 in
269 1502 67 41 his
360 1502 125 41 mind
509 1515 182 28 arrange
723 1500 76 43 the
833 1500 214 43 headings
1081 1501 46 41 of
1157 1514 25 28 a
1214 1500 179 51 lecture,
1427 1500 170 56 though
1628 1501 163 42 unable
1822 1506 44 37 to

200 1574 89 42 find
308 1575 46 40 in
374 1574 68 41 his
461 1573 124 41 mind
604 1573 74 42 the
696 1572 141 43 words
856 1572 46 41 in
919 1572 145 42 which
1080 1572 69 43 his
1168 1572 213 57 thoughts
1401 1572 129 42 could
1549 1574 53 41 be
1620 1573 246 56 expressed.

199 1648 85 41 For
307 1646 74 42 the
404 1646 120 52 time,
548 1659 104 28 also,
674 1644 55 43 he
752 1658 141 29 seems
917 1649 45 37 to
996 1644 112 43 have
1142 1644 113 43 been
1288 1644 159 57 totally
1478 1645 280 52 word-blind,
1781 1645 86 43 and

201 1718 204 57 partially
444 1732 47 28 or
530 1717 158 43 totally
727 1716 268 43 word-deaf;
1038 1717 87 41 and
1162 1717 37 41 it
1236 1717 38 42 is
1313 1717 214 56 touching
1570 1723 45 37 to
1658 1718 103 43 read
1799 1717 69 44 his

201 1790 270 44 description
504 1791 44 41 of
580 1790 69 42 his
683 1789 185 56 delight,
894 1789 140 52 when,
1057 1803 83 29 one
1173 1789 98 56 day,
1295 1789 75 43 the
1405 1790 100 42 title
1539 1791 45 41 of
1616 1805 25 28 a
1667 1791 121 43 work
1821 1792 47 41 in

200 1863 69 43 his
291 1863 166 56 library
479 1862 163 43 caught
664 1862 68 42 his
756 1876 90 41 eye,
869 1862 89 42 and
982 1861 54 43 he
1070 1861 139 43 found
1231 1861 184 44 himself
1437 1863 99 42 able
1561 1868 43 37 to
1635 1863 104 43 read
1763 1877 106 29 once

201 1950 130 28 more,
354 1935 87 43 and
463 1934 286 44 understand,
772 1934 75 43 the
870 1934 143 43 words
1036 1939 20 17 "
1073 1934 289 57 Hippocratis
1387 1935 182 56 Opera."

262 2008 274 43 Sometimes,
558 2008 47 42 in
630 2007 248 43 functional
901 2007 192 57 aphasia,
1117 2007 261 57 paraphasia
1400 2008 79 42 has
1505 2009 109 42 been
1645 2008 225 44 observed.

202 2081 130 53 Thus,
355 2081 224 43 Professor
611 2081 219 43 Gairdner
863 2080 172 43 records
1069 2080 76 43 the
1179 2095 97 29 case
1309 2081 48 43 of
1376 2095 25 29 a
1423 2081 147 43 friend
1592 2081 45 43 of
1666 2081 69 43 his
1758 2095 113 36 own,

205 2153 94 42 who
322 2153 88 41 had
433 2153 172 42 attacks
628 2154 47 41 of
695 2152 274 43 ophthalmic
992 2152 285 43 disturbance
1302 2152 87 43 and
1408 2153 461 43 vertigoevidently

203 2225 46 43 of
268 2225 74 43 the
367 2230 155 38 nature
556 2226 44 42 of
633 2226 196 56 megrim,
853 2225 169 43 though
1056 2225 189 43 without
1278 2225 222 44 headache
1523 2240 47 28 or
1599 2225 272 51 sickness,

202 2296 87 43 and
343 2297 110 52 who,
495 2298 162 42 during
711 2298 75 42 the
838 2297 185 43 attacks,
1076 2297 230 43 exhibited
1362 2297 181 42 marked
1597 2297 272 55 paraphasia.

203 2369 293 43 "Whenever
527 2369 55 44 he
615 2370 248 43 attempted
897 2374 45 39 to
977 2370 137 43 speak
1149 2370 47 43 in
1233 2371 75 42 the
1344 2370 136 42 midst
1503 2370 47 42 of
1576 2370 90 42 this
1689 2369 183 53 vertigo,

204 2441 73 43 the
316 2442 142 43 words
496 2443 175 42 seemed
706 2448 44 37 to
789 2458 123 28 come
950 2448 77 38 out
1065 2449 124 50 quite
1229 2443 255 43 differently
1518 2443 113 41 from
1664 2442 120 43 what
1815 2442 55 43 he

205 2513 225 44 intended,
453 2515 87 42 and
575 2529 47 28 as
657 2515 35 42 if
729 2515 55 43 he
820 2516 86 42 had
940 2515 88 43 lost
1062 2515 170 43 control
1267 2529 104 29 over
1407 2515 131 43 them.
1604 2514 55 42 In
1692 2515 100 42 fact,
1815 2514 55 43 he

206 2586 149 43 talked
392 2601 228 39 nonsense,
643 2588 210 42 knowing
888 2588 86 42 and
1010 2588 165 43 feeling
1206 2587 99 43 that
1337 2589 37 41 it
1407 2602 88 29 was
1528 2602 230 29 nonsense,
1791 2587 81 43 but

206 2659 191 43 without
419 2660 76 43 the
517 2660 111 43 least
650 2675 146 41 power
818 2668 45 35 to
886 2661 129 43 make
1039 2675 126 29 sense
1189 2661 45 43 of
1255 2660 114 46 it."2

265 2732 43 42 A
342 2733 168 42 similar
544 2747 97 29 case
665 2733 93 42 will
793 2733 53 43 be
880 2734 139 42 found
1054 2734 134 42 noted
1222 2736 46 40 in
1294 2733 68 44 Sir
1394 2733 206 43 Frederic
1622 2733 251 43 Bateman's

208 2804 119 43 work
351 2805 57 56 (p.
433 2806 118 56 203).
613 2806 45 42 It
681 2806 208 43 occurred
911 2807 47 41 in
982 2807 75 42 the
1081 2821 158 41 person
1263 2807 45 42 of
1331 2820 56 29 an
1406 2811 198 38 eminent
1627 2806 246 56 physician,

208 2877 108 53 who,
338 2882 46 38 at
416 2877 74 44 the
523 2878 120 44 time,
665 2893 89 29 was
787 2878 211 44 suffering
1031 2879 111 43 from
1175 2893 152 29 severe
1361 2879 181 55 fatigue,
1565 2878 87 42 and
1675 2877 197 57 possibly

207 2949 90 43 also
323 2950 110 43 from
456 2951 197 57 megrim.
715 2951 150 43 When
897 2952 132 56 going
1053 2951 192 43 through
1267 2951 70 42 his
1361 2950 141 42 wards
1526 2956 46 36 at
1595 2950 74 42 the
1696 2951 174 40 Infirm-

207 3035 77 43 ary
307 3024 149 41 "after
478 3037 25 28 a
524 3023 98 43 deal
652 3024 47 42 of
727 3023 109 43 hard
869 3023 290 57 professional
1193 3023 133 43 work,
1359 3022 55 43 he
1447 3022 89 43 lost
1568 3021 234 43 command
1829 3021 44 42 of

353 3117 11 23 1
390 3117 161 37 Analyse
568 3117 41 37 de
628 3118 38 36 la
680 3118 134 48 parole,
835 3120 105 34 1843.

350 3182 14 24 2
391 3184 232 51 Proceedings
641 3185 41 36 of
696 3185 53 36 the
769 3185 159 49 Glasgoiv
946 3185 208 48 Philosoph.
1176 3184 148 50 Society,
1347 3183 181 46 1865-68,
1548 3195 36 39 p.
1609 3185 81 37 113,
