<?xml version="1.0" encoding="UTF-8"?>
<alto xmlns="http://www.loc.gov/standards/alto/ns-v2#" xmlns:xsi="http://www.w3.org/2001/XMLSchema-instance" xsi:schemaLocation="http://www.loc.gov/standards/alto/ns-v2# http://www.loc.gov/standards/alto/alto.xsd">
  <Description>
    <MeasurementUnit>pixel</MeasurementUnit>
    <sourceImageInformation>
      <fileName>b21273911_abbyy.xml</fileName>
    </sourceImageInformation>
    <OCRProcessing ID="OCR_1">
      <preProcessingStep>
        <processingDateTime>2014-10-24T02:15:27</processingDateTime>
        <processingAgency>intranda GmbH, www.intranda.com</processingAgency>
        <processingSoftware>
          <softwareCreator>intranda GmbH, Germany</softwareCreator>
          <softwareName>intranda OCR Module for TaskManager</softwareName>
          <softwareVersion>1.0r42</softwareVersion>
        </processingSoftware>
      </preProcessingStep>
      <ocrProcessingStep>
        <processingSoftware>
          <softwareCreator>ABBYY (BIT Software), Russia</softwareCreator>
          <softwareName>FineReader Engine</softwareName>
          <softwareVersion>10</softwareVersion>
        </processingSoftware>
      </ocrProcessingStep>
    </OCRProcessing>
  </Description>
  <Layout>
    <Page PHYSICAL_IMG_NR="288" ID="PAGE_288" WIDTH="2113" HEIGHT="3404">
      <TopMargin ID="TopMargin_1" HPOS="354" VPOS="203" WIDTH="1149" HEIGHT="56">
        <TextBlock ID="TextBlock_890" HPOS="354" VPOS="203" WIDTH="1149" HEIGHT="56">
          <TextLine ID="TextLine_10889" HPOS="354" VPOS="203" WIDTH="83" HEIGHT="43">
            <String ID="Word_110473" HPOS="354" VPOS="203" WIDTH="83" HEIGHT="43" CONTENT="272" />
          </TextLine>
          <TextLine ID="TextLine_10890" HPOS="853" VPOS="224" WIDTH="650" HEIGHT="35">
            <String ID="Word_110474" HPOS="853" VPOS="224" WIDTH="86" HEIGHT="31" CONTENT="THE" />
            <SP ID="SP_99590" HPOS="939" VPOS="224" WIDTH="33" HEIGHT="0" />
            <String ID="Word_110475" HPOS="972" VPOS="225" WIDTH="241" HEIGHT="33" CONTENT="DISORDERS" />
            <SP ID="SP_99591" HPOS="1213" VPOS="225" WIDTH="33" HEIGHT="0" />
            <String ID="Word_110476" HPOS="1246" VPOS="226" WIDTH="53" HEIGHT="31" CONTENT="OF" />
            <SP ID="SP_99592" HPOS="1299" VPOS="226" WIDTH="31" HEIGHT="0" />
            <String ID="Word_110477" HPOS="1330" VPOS="227" WIDTH="173" HEIGHT="32" CONTENT="SPEECH." />
          </TextLine>
        </TextBlock>
      </TopMargin>
      <PrintSpace ID="PrintSpace_289" HPOS="348" VPOS="329" WIDTH="1644" HEIGHT="2738">
        <TextBlock ID="TextBlock_889" HPOS="348" VPOS="329" WIDTH="1644" HEIGHT="2738">
          <TextLine ID="TextLine_10891" HPOS="355" VPOS="335" WIDTH="1616" HEIGHT="66">
            <String ID="Word_110478" HPOS="355" VPOS="335" WIDTH="96" HEIGHT="44" CONTENT="that" />
            <SP ID="SP_99593" HPOS="451" VPOS="335" WIDTH="22" HEIGHT="0" />
            <String ID="Word_110479" HPOS="473" VPOS="336" WIDTH="44" HEIGHT="43" CONTENT="in" />
            <SP ID="SP_99594" HPOS="517" VPOS="336" WIDTH="25" HEIGHT="0" />
            <String ID="Word_110480" HPOS="542" VPOS="339" WIDTH="161" HEIGHT="58" CONTENT="testing" />
            <SP ID="SP_99595" HPOS="703" VPOS="339" WIDTH="21" HEIGHT="0" />
            <String ID="Word_110481" HPOS="724" VPOS="342" WIDTH="74" HEIGHT="42" CONTENT="the" />
            <SP ID="SP_99596" HPOS="798" VPOS="342" WIDTH="32" HEIGHT="0" />
            <String ID="Word_110482" HPOS="830" VPOS="343" WIDTH="155" HEIGHT="56" CONTENT="speech" />
            <SP ID="SP_99597" HPOS="985" VPOS="343" WIDTH="32" HEIGHT="0" />
            <String ID="Word_110483" HPOS="1017" VPOS="344" WIDTH="47" HEIGHT="43" CONTENT="of" />
            <SP ID="SP_99598" HPOS="1064" VPOS="344" WIDTH="27" HEIGHT="0" />
            <String ID="Word_110484" HPOS="1091" VPOS="359" WIDTH="54" HEIGHT="28" CONTENT="an" />
            <SP ID="SP_99599" HPOS="1145" VPOS="344" WIDTH="33" HEIGHT="0" />
            <String ID="Word_110485" HPOS="1178" VPOS="344" WIDTH="176" HEIGHT="56" CONTENT="aphasic" />
            <SP ID="SP_99600" HPOS="1354" VPOS="344" WIDTH="30" HEIGHT="0" />
            <String ID="Word_110486" HPOS="1384" VPOS="345" WIDTH="167" HEIGHT="56" CONTENT="patient" />
            <SP ID="SP_99601" HPOS="1551" VPOS="345" WIDTH="22" HEIGHT="0" />
            <String ID="Word_110487" HPOS="1573" VPOS="361" WIDTH="62" HEIGHT="29" CONTENT="we" />
            <SP ID="SP_99602" HPOS="1635" VPOS="352" WIDTH="31" HEIGHT="0" />
            <String ID="Word_110488" HPOS="1666" VPOS="352" WIDTH="116" HEIGHT="38" CONTENT="must" />
            <SP ID="SP_99603" HPOS="1782" VPOS="352" WIDTH="31" HEIGHT="0" />
            <String ID="Word_110489" HPOS="1813" VPOS="354" WIDTH="77" HEIGHT="38" CONTENT="not" />
            <SP ID="SP_99604" HPOS="1890" VPOS="350" WIDTH="28" HEIGHT="0" />
            <String ID="Word_110490" HPOS="1918" VPOS="350" WIDTH="53" HEIGHT="43" CONTENT="be" />
          </TextLine>
          <TextLine ID="TextLine_10892" HPOS="355" VPOS="410" WIDTH="1620" HEIGHT="61">
            <String ID="Word_110491" HPOS="355" VPOS="413" WIDTH="179" HEIGHT="39" CONTENT="content" />
            <SP ID="SP_99605" HPOS="534" VPOS="410" WIDTH="22" HEIGHT="0" />
            <String ID="Word_110492" HPOS="556" VPOS="410" WIDTH="105" HEIGHT="43" CONTENT="with" />
            <SP ID="SP_99606" HPOS="661" VPOS="410" WIDTH="24" HEIGHT="0" />
            <String ID="Word_110493" HPOS="685" VPOS="414" WIDTH="162" HEIGHT="55" CONTENT="merely" />
            <SP ID="SP_99607" HPOS="847" VPOS="414" WIDTH="23" HEIGHT="0" />
            <String ID="Word_110494" HPOS="870" VPOS="415" WIDTH="161" HEIGHT="56" CONTENT="testing" />
            <SP ID="SP_99608" HPOS="1031" VPOS="415" WIDTH="23" HEIGHT="0" />
            <String ID="Word_110495" HPOS="1054" VPOS="415" WIDTH="73" HEIGHT="43" CONTENT="the" />
            <SP ID="SP_99609" HPOS="1127" VPOS="415" WIDTH="23" HEIGHT="0" />
            <String ID="Word_110496" HPOS="1150" VPOS="415" WIDTH="236" HEIGHT="43" CONTENT="Reception" />
            <SP ID="SP_99610" HPOS="1386" VPOS="415" WIDTH="31" HEIGHT="0" />
            <String ID="Word_110497" HPOS="1417" VPOS="416" WIDTH="83" HEIGHT="42" CONTENT="and" />
            <SP ID="SP_99611" HPOS="1500" VPOS="416" WIDTH="32" HEIGHT="0" />
            <String ID="Word_110498" HPOS="1532" VPOS="416" WIDTH="72" HEIGHT="44" CONTENT="the" />
            <SP ID="SP_99612" HPOS="1604" VPOS="416" WIDTH="32" HEIGHT="0" />
            <String ID="Word_110499" HPOS="1636" VPOS="417" WIDTH="259" HEIGHT="44" CONTENT="Production" />
            <SP ID="SP_99613" HPOS="1895" VPOS="417" WIDTH="34" HEIGHT="0" />
            <String ID="Word_110500" HPOS="1929" VPOS="421" WIDTH="46" HEIGHT="41" CONTENT="of" />
          </TextLine>
          <TextLine ID="TextLine_10893" HPOS="353" VPOS="479" WIDTH="1621" HEIGHT="65">
            <String ID="Word_110501" HPOS="353" VPOS="479" WIDTH="169" HEIGHT="55" CONTENT="speech," />
            <SP ID="SP_99614" HPOS="522" VPOS="479" WIDTH="15" HEIGHT="0" />
            <String ID="Word_110502" HPOS="537" VPOS="481" WIDTH="163" HEIGHT="55" CONTENT="spoken" />
            <SP ID="SP_99615" HPOS="700" VPOS="481" WIDTH="19" HEIGHT="0" />
            <String ID="Word_110503" HPOS="719" VPOS="484" WIDTH="83" HEIGHT="41" CONTENT="and" />
            <SP ID="SP_99616" HPOS="802" VPOS="484" WIDTH="17" HEIGHT="0" />
            <String ID="Word_110504" HPOS="819" VPOS="485" WIDTH="185" HEIGHT="42" CONTENT="written," />
            <SP ID="SP_99617" HPOS="1004" VPOS="485" WIDTH="21" HEIGHT="0" />
            <String ID="Word_110505" HPOS="1025" VPOS="486" WIDTH="79" HEIGHT="41" CONTENT="but" />
            <SP ID="SP_99618" HPOS="1104" VPOS="486" WIDTH="16" HEIGHT="0" />
            <String ID="Word_110506" HPOS="1120" VPOS="491" WIDTH="118" HEIGHT="37" CONTENT="must" />
            <SP ID="SP_99619" HPOS="1238" VPOS="486" WIDTH="21" HEIGHT="0" />
            <String ID="Word_110507" HPOS="1259" VPOS="486" WIDTH="89" HEIGHT="42" CONTENT="also" />
            <SP ID="SP_99620" HPOS="1348" VPOS="486" WIDTH="22" HEIGHT="0" />
            <String ID="Word_110508" HPOS="1370" VPOS="487" WIDTH="210" HEIGHT="41" CONTENT="ascertain" />
            <SP ID="SP_99621" HPOS="1580" VPOS="487" WIDTH="23" HEIGHT="0" />
            <String ID="Word_110509" HPOS="1603" VPOS="487" WIDTH="94" HEIGHT="42" CONTENT="how" />
            <SP ID="SP_99622" HPOS="1697" VPOS="487" WIDTH="21" HEIGHT="0" />
            <String ID="Word_110510" HPOS="1718" VPOS="488" WIDTH="72" HEIGHT="42" CONTENT="the" />
            <SP ID="SP_99623" HPOS="1790" VPOS="488" WIDTH="16" HEIGHT="0" />
            <String ID="Word_110511" HPOS="1806" VPOS="490" WIDTH="168" HEIGHT="54" CONTENT="patient" />
          </TextLine>
          <TextLine ID="TextLine_10894" HPOS="354" VPOS="549" WIDTH="1618" HEIGHT="62">
            <String ID="Word_110512" HPOS="354" VPOS="549" WIDTH="187" HEIGHT="56" CONTENT="Repeats" />
            <SP ID="SP_99624" HPOS="541" VPOS="549" WIDTH="34" HEIGHT="0" />
            <String ID="Word_110513" HPOS="575" VPOS="565" WIDTH="46" HEIGHT="27" CONTENT="or" />
            <SP ID="SP_99625" HPOS="621" VPOS="553" WIDTH="37" HEIGHT="0" />
            <String ID="Word_110514" HPOS="658" VPOS="553" WIDTH="174" HEIGHT="43" CONTENT="Echoes." />
            <SP ID="SP_99626" HPOS="832" VPOS="553" WIDTH="65" HEIGHT="0" />
            <String ID="Word_110515" HPOS="897" VPOS="554" WIDTH="91" HEIGHT="43" CONTENT="Can" />
            <SP ID="SP_99627" HPOS="988" VPOS="554" WIDTH="35" HEIGHT="0" />
            <String ID="Word_110516" HPOS="1023" VPOS="555" WIDTH="53" HEIGHT="42" CONTENT="he" />
            <SP ID="SP_99628" HPOS="1076" VPOS="555" WIDTH="23" HEIGHT="0" />
            <String ID="Word_110517" HPOS="1099" VPOS="560" WIDTH="147" HEIGHT="38" CONTENT="repeat" />
            <SP ID="SP_99629" HPOS="1246" VPOS="555" WIDTH="17" HEIGHT="0" />
            <String ID="Word_110518" HPOS="1263" VPOS="555" WIDTH="138" HEIGHT="43" CONTENT="words" />
            <SP ID="SP_99630" HPOS="1401" VPOS="555" WIDTH="22" HEIGHT="0" />
            <String ID="Word_110519" HPOS="1423" VPOS="556" WIDTH="163" HEIGHT="55" CONTENT="spoken" />
            <SP ID="SP_99631" HPOS="1586" VPOS="556" WIDTH="19" HEIGHT="0" />
            <String ID="Word_110520" HPOS="1605" VPOS="561" WIDTH="43" HEIGHT="38" CONTENT="to" />
            <SP ID="SP_99632" HPOS="1648" VPOS="557" WIDTH="23" HEIGHT="0" />
            <String ID="Word_110521" HPOS="1671" VPOS="557" WIDTH="88" HEIGHT="42" CONTENT="him" />
            <SP ID="SP_99633" HPOS="1759" VPOS="557" WIDTH="22" HEIGHT="0" />
            <String ID="Word_110522" HPOS="1781" VPOS="573" WIDTH="8" HEIGHT="38" CONTENT=";" />
            <SP ID="SP_99634" HPOS="1789" VPOS="570" WIDTH="31" HEIGHT="0" />
            <String ID="Word_110523" HPOS="1820" VPOS="573" WIDTH="77" HEIGHT="27" CONTENT="can" />
            <SP ID="SP_99635" HPOS="1897" VPOS="560" WIDTH="24" HEIGHT="0" />
            <String ID="Word_110524" HPOS="1921" VPOS="560" WIDTH="51" HEIGHT="42" CONTENT="he" />
          </TextLine>
          <TextLine ID="TextLine_10895" HPOS="356" VPOS="620" WIDTH="1615" HEIGHT="60">
            <String ID="Word_110525" HPOS="356" VPOS="620" WIDTH="120" HEIGHT="43" CONTENT="write" />
            <SP ID="SP_99636" HPOS="476" VPOS="620" WIDTH="35" HEIGHT="0" />
            <String ID="Word_110526" HPOS="511" VPOS="625" WIDTH="44" HEIGHT="38" CONTENT="to" />
            <SP ID="SP_99637" HPOS="555" VPOS="622" WIDTH="38" HEIGHT="0" />
            <String ID="Word_110527" HPOS="593" VPOS="622" WIDTH="209" HEIGHT="42" CONTENT="dictation" />
            <SP ID="SP_99638" HPOS="802" VPOS="622" WIDTH="25" HEIGHT="0" />
            <String ID="Word_110528" HPOS="827" VPOS="639" WIDTH="10" HEIGHT="37" CONTENT=";" />
            <SP ID="SP_99639" HPOS="837" VPOS="624" WIDTH="46" HEIGHT="0" />
            <String ID="Word_110529" HPOS="883" VPOS="624" WIDTH="84" HEIGHT="42" CONTENT="and" />
            <SP ID="SP_99640" HPOS="967" VPOS="624" WIDTH="33" HEIGHT="0" />
            <String ID="Word_110530" HPOS="1000" VPOS="639" WIDTH="76" HEIGHT="28" CONTENT="can" />
            <SP ID="SP_99641" HPOS="1076" VPOS="625" WIDTH="35" HEIGHT="0" />
            <String ID="Word_110531" HPOS="1111" VPOS="625" WIDTH="54" HEIGHT="42" CONTENT="he" />
            <SP ID="SP_99642" HPOS="1165" VPOS="625" WIDTH="33" HEIGHT="0" />
            <String ID="Word_110532" HPOS="1198" VPOS="638" WIDTH="108" HEIGHT="41" CONTENT="copy" />
            <SP ID="SP_99643" HPOS="1306" VPOS="625" WIDTH="27" HEIGHT="0" />
            <String ID="Word_110533" HPOS="1333" VPOS="625" WIDTH="109" HEIGHT="41" CONTENT="from" />
            <SP ID="SP_99644" HPOS="1442" VPOS="625" WIDTH="32" HEIGHT="0" />
            <String ID="Word_110534" HPOS="1474" VPOS="639" WIDTH="24" HEIGHT="27" CONTENT="a" />
            <SP ID="SP_99645" HPOS="1498" VPOS="626" WIDTH="31" HEIGHT="0" />
            <String ID="Word_110535" HPOS="1529" VPOS="626" WIDTH="173" HEIGHT="54" CONTENT="printed" />
            <SP ID="SP_99646" HPOS="1702" VPOS="626" WIDTH="32" HEIGHT="0" />
            <String ID="Word_110536" HPOS="1734" VPOS="640" WIDTH="46" HEIGHT="28" CONTENT="or" />
            <SP ID="SP_99647" HPOS="1780" VPOS="627" WIDTH="22" HEIGHT="0" />
            <String ID="Word_110537" HPOS="1802" VPOS="633" WIDTH="169" HEIGHT="37" CONTENT="written" />
          </TextLine>
          <TextLine ID="TextLine_10896" HPOS="355" VPOS="695" WIDTH="146" HEIGHT="52">
            <String ID="Word_110538" HPOS="355" VPOS="704" WIDTH="111" HEIGHT="42" CONTENT="page" />
            <SP ID="SP_99648" HPOS="466" VPOS="695" WIDTH="20" HEIGHT="0" />
            <String ID="Word_110539" HPOS="486" VPOS="695" WIDTH="15" HEIGHT="39" CONTENT="?" />
          </TextLine>
          <TextLine ID="TextLine_10897" HPOS="357" VPOS="835" WIDTH="1619" HEIGHT="59">
            <String ID="Word_110540" HPOS="357" VPOS="835" WIDTH="123" HEIGHT="43" CONTENT="Other" />
            <SP ID="SP_99649" HPOS="480" VPOS="835" WIDTH="5" HEIGHT="0" />
            <String ID="Word_110541" HPOS="485" VPOS="837" WIDTH="142" HEIGHT="54" CONTENT="forms" />
            <SP ID="SP_99650" HPOS="627" VPOS="837" WIDTH="16" HEIGHT="0" />
            <String ID="Word_110542" HPOS="643" VPOS="837" WIDTH="50" HEIGHT="54" CONTENT="of" />
            <SP ID="SP_99651" HPOS="693" VPOS="837" WIDTH="5" HEIGHT="0" />
            <String ID="Word_110543" HPOS="698" VPOS="837" WIDTH="98" HEIGHT="41" CONTENT="Loss" />
            <SP ID="SP_99652" HPOS="796" VPOS="837" WIDTH="21" HEIGHT="0" />
            <String ID="Word_110544" HPOS="817" VPOS="838" WIDTH="50" HEIGHT="54" CONTENT="of" />
            <SP ID="SP_99653" HPOS="867" VPOS="838" WIDTH="15" HEIGHT="0" />
            <String ID="Word_110545" HPOS="882" VPOS="838" WIDTH="64" HEIGHT="40" CONTENT="the" />
            <SP ID="SP_99654" HPOS="946" VPOS="838" WIDTH="19" HEIGHT="0" />
            <String ID="Word_110546" HPOS="965" VPOS="838" WIDTH="214" HEIGHT="42" CONTENT="Memories" />
            <SP ID="SP_99655" HPOS="1179" VPOS="838" WIDTH="16" HEIGHT="0" />
            <String ID="Word_110547" HPOS="1195" VPOS="839" WIDTH="50" HEIGHT="54" CONTENT="of" />
            <SP ID="SP_99656" HPOS="1245" VPOS="838" WIDTH="8" HEIGHT="0" />
            <String ID="Word_110548" HPOS="1253" VPOS="838" WIDTH="125" HEIGHT="54" CONTENT="Signs" />
            <SP ID="SP_99657" HPOS="1378" VPOS="838" WIDTH="14" HEIGHT="0" />
            <String ID="Word_110549" HPOS="1392" VPOS="838" WIDTH="211" HEIGHT="55" CONTENT="(Asemia)" />
            <SP ID="SP_99658" HPOS="1603" VPOS="838" WIDTH="19" HEIGHT="0" />
            <String ID="Word_110550" HPOS="1622" VPOS="840" WIDTH="90" HEIGHT="42" CONTENT="that" />
            <SP ID="SP_99659" HPOS="1712" VPOS="840" WIDTH="21" HEIGHT="0" />
            <String ID="Word_110551" HPOS="1733" VPOS="855" WIDTH="71" HEIGHT="27" CONTENT="are" />
            <SP ID="SP_99660" HPOS="1804" VPOS="842" WIDTH="16" HEIGHT="0" />
            <String ID="Word_110552" HPOS="1820" VPOS="846" WIDTH="156" HEIGHT="37" CONTENT="related" />
          </TextLine>
          <TextLine ID="TextLine_10898" HPOS="415" VPOS="906" WIDTH="1558" HEIGHT="57">
            <String ID="Word_110553" HPOS="415" VPOS="910" WIDTH="38" HEIGHT="37" CONTENT="to" />
            <SP ID="SP_99661" HPOS="453" VPOS="906" WIDTH="21" HEIGHT="0" />
            <String ID="Word_110554" HPOS="474" VPOS="906" WIDTH="199" HEIGHT="55" CONTENT="Aphasia" />
            <SP ID="SP_99662" HPOS="673" VPOS="906" WIDTH="34" HEIGHT="0" />
            <String ID="Word_110555" HPOS="707" VPOS="907" WIDTH="89" HEIGHT="41" CONTENT="and" />
            <SP ID="SP_99663" HPOS="796" VPOS="907" WIDTH="20" HEIGHT="0" />
            <String ID="Word_110556" HPOS="816" VPOS="907" WIDTH="225" HEIGHT="42" CONTENT="sometimes" />
            <SP ID="SP_99664" HPOS="1041" VPOS="907" WIDTH="12" HEIGHT="0" />
            <String ID="Word_110557" HPOS="1053" VPOS="908" WIDTH="144" HEIGHT="55" CONTENT="found" />
            <SP ID="SP_99665" HPOS="1197" VPOS="908" WIDTH="21" HEIGHT="0" />
            <String ID="Word_110558" HPOS="1218" VPOS="909" WIDTH="222" HEIGHT="41" CONTENT="associated" />
            <SP ID="SP_99666" HPOS="1440" VPOS="909" WIDTH="13" HEIGHT="0" />
            <String ID="Word_110559" HPOS="1453" VPOS="910" WIDTH="101" HEIGHT="41" CONTENT="with" />
            <SP ID="SP_99667" HPOS="1554" VPOS="910" WIDTH="15" HEIGHT="0" />
            <String ID="Word_110560" HPOS="1569" VPOS="910" WIDTH="45" HEIGHT="42" CONTENT="it." />
            <SP ID="SP_99668" HPOS="1614" VPOS="910" WIDTH="65" HEIGHT="0" />
            <String ID="Word_110561" HPOS="1679" VPOS="911" WIDTH="294" HEIGHT="41" CONTENT="Mind-Blind-" />
          </TextLine>
          <TextLine ID="TextLine_10899" HPOS="414" VPOS="976" WIDTH="1260" HEIGHT="59">
            <String ID="Word_110562" HPOS="414" VPOS="989" WIDTH="97" HEIGHT="29" CONTENT="ness." />
            <SP ID="SP_99669" HPOS="511" VPOS="976" WIDTH="20" HEIGHT="0" />
            <String ID="Word_110563" HPOS="573" VPOS="976" WIDTH="251" HEIGHT="56" CONTENT="Expression" />
            <SP ID="SP_99670" HPOS="824" VPOS="976" WIDTH="21" HEIGHT="0" />
            <String ID="Word_110564" HPOS="845" VPOS="978" WIDTH="50" HEIGHT="55" CONTENT="of" />
            <SP ID="SP_99671" HPOS="895" VPOS="978" WIDTH="13" HEIGHT="0" />
            <String ID="Word_110565" HPOS="908" VPOS="978" WIDTH="207" HEIGHT="42" CONTENT="Emotion." />
            <SP ID="SP_99672" HPOS="1115" VPOS="978" WIDTH="22" HEIGHT="0" />
            <String ID="Word_110566" HPOS="1182" VPOS="979" WIDTH="82" HEIGHT="41" CONTENT="The" />
            <SP ID="SP_99673" HPOS="1264" VPOS="979" WIDTH="23" HEIGHT="0" />
            <String ID="Word_110567" HPOS="1287" VPOS="979" WIDTH="182" HEIGHT="42" CONTENT="Musical" />
            <SP ID="SP_99674" HPOS="1469" VPOS="979" WIDTH="20" HEIGHT="0" />
            <String ID="Word_110568" HPOS="1489" VPOS="979" WIDTH="185" HEIGHT="43" CONTENT="Faculty." />
          </TextLine>
          <TextLine ID="TextLine_10900" HPOS="415" VPOS="1104" WIDTH="1559" HEIGHT="44">
            <String ID="Word_110569" HPOS="415" VPOS="1104" WIDTH="113" HEIGHT="41" CONTENT="Loss" />
            <SP ID="SP_99675" HPOS="528" VPOS="1104" WIDTH="37" HEIGHT="0" />
            <String ID="Word_110570" HPOS="565" VPOS="1113" WIDTH="54" HEIGHT="32" CONTENT="of" />
            <SP ID="SP_99676" HPOS="619" VPOS="1113" WIDTH="38" HEIGHT="0" />
            <String ID="Word_110571" HPOS="657" VPOS="1114" WIDTH="145" HEIGHT="31" CONTENT="other" />
            <SP ID="SP_99677" HPOS="802" VPOS="1104" WIDTH="37" HEIGHT="0" />
            <String ID="Word_110572" HPOS="839" VPOS="1104" WIDTH="204" HEIGHT="43" CONTENT="Gkaphic" />
            <SP ID="SP_99678" HPOS="1043" VPOS="1104" WIDTH="38" HEIGHT="0" />
            <String ID="Word_110573" HPOS="1081" VPOS="1104" WIDTH="402" HEIGHT="43" CONTENT="Symbols.—With" />
            <SP ID="SP_99679" HPOS="1483" VPOS="1105" WIDTH="36" HEIGHT="0" />
            <String ID="Word_110574" HPOS="1519" VPOS="1106" WIDTH="74" HEIGHT="42" CONTENT="the" />
            <SP ID="SP_99680" HPOS="1593" VPOS="1105" WIDTH="43" HEIGHT="0" />
            <String ID="Word_110575" HPOS="1636" VPOS="1105" WIDTH="262" HEIGHT="43" CONTENT="destruction" />
            <SP ID="SP_99681" HPOS="1898" VPOS="1105" WIDTH="34" HEIGHT="0" />
            <String ID="Word_110576" HPOS="1932" VPOS="1107" WIDTH="42" HEIGHT="41" CONTENT="of" />
          </TextLine>
          <TextLine ID="TextLine_10901" HPOS="356" VPOS="1174" WIDTH="1620" HEIGHT="55">
            <String ID="Word_110577" HPOS="356" VPOS="1174" WIDTH="314" HEIGHT="55" CONTENT="word-images," />
            <SP ID="SP_99682" HPOS="670" VPOS="1174" WIDTH="20" HEIGHT="0" />
            <String ID="Word_110578" HPOS="690" VPOS="1174" WIDTH="45" HEIGHT="41" CONTENT="in" />
            <SP ID="SP_99683" HPOS="735" VPOS="1174" WIDTH="33" HEIGHT="0" />
            <String ID="Word_110579" HPOS="768" VPOS="1174" WIDTH="207" HEIGHT="55" CONTENT="Aphasia," />
            <SP ID="SP_99684" HPOS="975" VPOS="1174" WIDTH="22" HEIGHT="0" />
            <String ID="Word_110580" HPOS="997" VPOS="1175" WIDTH="121" HEIGHT="43" CONTENT="there" />
            <SP ID="SP_99685" HPOS="1118" VPOS="1175" WIDTH="31" HEIGHT="0" />
            <String ID="Word_110581" HPOS="1149" VPOS="1176" WIDTH="37" HEIGHT="41" CONTENT="is" />
            <SP ID="SP_99686" HPOS="1186" VPOS="1175" WIDTH="32" HEIGHT="0" />
            <String ID="Word_110582" HPOS="1218" VPOS="1175" WIDTH="120" HEIGHT="43" CONTENT="often" />
            <SP ID="SP_99687" HPOS="1338" VPOS="1175" WIDTH="31" HEIGHT="0" />
            <String ID="Word_110583" HPOS="1369" VPOS="1176" WIDTH="234" HEIGHT="42" CONTENT="associated" />
            <SP ID="SP_99688" HPOS="1603" VPOS="1176" WIDTH="33" HEIGHT="0" />
            <String ID="Word_110584" HPOS="1636" VPOS="1176" WIDTH="263" HEIGHT="42" CONTENT="destruction" />
            <SP ID="SP_99689" HPOS="1899" VPOS="1176" WIDTH="33" HEIGHT="0" />
            <String ID="Word_110585" HPOS="1932" VPOS="1178" WIDTH="44" HEIGHT="41" CONTENT="of" />
          </TextLine>
          <TextLine ID="TextLine_10902" HPOS="357" VPOS="1246" WIDTH="1616" HEIGHT="56">
            <String ID="Word_110586" HPOS="357" VPOS="1247" WIDTH="74" HEIGHT="42" CONTENT="the" />
            <SP ID="SP_99690" HPOS="431" VPOS="1246" WIDTH="22" HEIGHT="0" />
            <String ID="Word_110587" HPOS="453" VPOS="1246" WIDTH="226" HEIGHT="43" CONTENT="memories" />
            <SP ID="SP_99691" HPOS="679" VPOS="1246" WIDTH="25" HEIGHT="0" />
            <String ID="Word_110588" HPOS="704" VPOS="1247" WIDTH="43" HEIGHT="41" CONTENT="of" />
            <SP ID="SP_99692" HPOS="747" VPOS="1247" WIDTH="22" HEIGHT="0" />
            <String ID="Word_110589" HPOS="769" VPOS="1247" WIDTH="123" HEIGHT="42" CONTENT="other" />
            <SP ID="SP_99693" HPOS="892" VPOS="1247" WIDTH="22" HEIGHT="0" />
            <String ID="Word_110590" HPOS="914" VPOS="1247" WIDTH="203" HEIGHT="55" CONTENT="symbols," />
            <SP ID="SP_99694" HPOS="1117" VPOS="1247" WIDTH="24" HEIGHT="0" />
            <String ID="Word_110591" HPOS="1141" VPOS="1247" WIDTH="139" HEIGHT="42" CONTENT="which" />
            <SP ID="SP_99695" HPOS="1280" VPOS="1247" WIDTH="24" HEIGHT="0" />
            <String ID="Word_110592" HPOS="1304" VPOS="1262" WIDTH="68" HEIGHT="28" CONTENT="are" />
            <SP ID="SP_99696" HPOS="1372" VPOS="1248" WIDTH="24" HEIGHT="0" />
            <String ID="Word_110593" HPOS="1396" VPOS="1248" WIDTH="128" HEIGHT="42" CONTENT="allied" />
            <SP ID="SP_99697" HPOS="1524" VPOS="1248" WIDTH="17" HEIGHT="0" />
            <String ID="Word_110594" HPOS="1541" VPOS="1252" WIDTH="43" HEIGHT="38" CONTENT="to" />
            <SP ID="SP_99698" HPOS="1584" VPOS="1248" WIDTH="18" HEIGHT="0" />
            <String ID="Word_110595" HPOS="1602" VPOS="1248" WIDTH="121" HEIGHT="42" CONTENT="those" />
            <SP ID="SP_99699" HPOS="1723" VPOS="1248" WIDTH="22" HEIGHT="0" />
            <String ID="Word_110596" HPOS="1745" VPOS="1248" WIDTH="43" HEIGHT="41" CONTENT="of" />
            <SP ID="SP_99700" HPOS="1788" VPOS="1248" WIDTH="22" HEIGHT="0" />
            <String ID="Word_110597" HPOS="1810" VPOS="1248" WIDTH="163" HEIGHT="42" CONTENT="speech." />
          </TextLine>
          <TextLine ID="TextLine_10903" HPOS="356" VPOS="1317" WIDTH="1619" HEIGHT="58">
            <String ID="Word_110598" HPOS="356" VPOS="1318" WIDTH="118" HEIGHT="42" CONTENT="Thus" />
            <SP ID="SP_99701" HPOS="474" VPOS="1318" WIDTH="23" HEIGHT="0" />
            <String ID="Word_110599" HPOS="497" VPOS="1333" WIDTH="24" HEIGHT="26" CONTENT="a" />
            <SP ID="SP_99702" HPOS="521" VPOS="1317" WIDTH="20" HEIGHT="0" />
            <String ID="Word_110600" HPOS="541" VPOS="1317" WIDTH="281" HEIGHT="42" CONTENT="Word-blind" />
            <SP ID="SP_99703" HPOS="822" VPOS="1317" WIDTH="22" HEIGHT="0" />
            <String ID="Word_110601" HPOS="844" VPOS="1319" WIDTH="172" HEIGHT="54" CONTENT="patient" />
            <SP ID="SP_99704" HPOS="1016" VPOS="1319" WIDTH="30" HEIGHT="0" />
            <String ID="Word_110602" HPOS="1046" VPOS="1319" WIDTH="36" HEIGHT="41" CONTENT="is" />
            <SP ID="SP_99705" HPOS="1082" VPOS="1318" WIDTH="33" HEIGHT="0" />
            <String ID="Word_110603" HPOS="1115" VPOS="1318" WIDTH="120" HEIGHT="42" CONTENT="often" />
            <SP ID="SP_99706" HPOS="1235" VPOS="1318" WIDTH="31" HEIGHT="0" />
            <String ID="Word_110604" HPOS="1266" VPOS="1318" WIDTH="89" HEIGHT="42" CONTENT="also" />
            <SP ID="SP_99707" HPOS="1355" VPOS="1318" WIDTH="31" HEIGHT="0" />
            <String ID="Word_110605" HPOS="1386" VPOS="1318" WIDTH="313" HEIGHT="57" CONTENT="Figure-blind," />
            <SP ID="SP_99708" HPOS="1699" VPOS="1318" WIDTH="22" HEIGHT="0" />
            <String ID="Word_110606" HPOS="1721" VPOS="1332" WIDTH="45" HEIGHT="28" CONTENT="so" />
            <SP ID="SP_99709" HPOS="1766" VPOS="1318" WIDTH="30" HEIGHT="0" />
            <String ID="Word_110607" HPOS="1796" VPOS="1318" WIDTH="96" HEIGHT="41" CONTENT="that" />
            <SP ID="SP_99710" HPOS="1892" VPOS="1318" WIDTH="30" HEIGHT="0" />
            <String ID="Word_110608" HPOS="1922" VPOS="1318" WIDTH="53" HEIGHT="41" CONTENT="he" />
          </TextLine>
          <TextLine ID="TextLine_10904" HPOS="360" VPOS="1388" WIDTH="1614" HEIGHT="56">
            <String ID="Word_110609" HPOS="360" VPOS="1403" WIDTH="97" HEIGHT="27" CONTENT="may" />
            <SP ID="SP_99711" HPOS="457" VPOS="1388" WIDTH="24" HEIGHT="0" />
            <String ID="Word_110610" HPOS="481" VPOS="1388" WIDTH="76" HEIGHT="42" CONTENT="fail" />
            <SP ID="SP_99712" HPOS="557" VPOS="1388" WIDTH="23" HEIGHT="0" />
            <String ID="Word_110611" HPOS="580" VPOS="1392" WIDTH="43" HEIGHT="38" CONTENT="to" />
            <SP ID="SP_99713" HPOS="623" VPOS="1389" WIDTH="24" HEIGHT="0" />
            <String ID="Word_110612" HPOS="647" VPOS="1389" WIDTH="216" HEIGHT="54" CONTENT="recognise" />
            <SP ID="SP_99714" HPOS="863" VPOS="1389" WIDTH="31" HEIGHT="0" />
            <String ID="Word_110613" HPOS="894" VPOS="1389" WIDTH="73" HEIGHT="41" CONTENT="the" />
            <SP ID="SP_99715" HPOS="967" VPOS="1389" WIDTH="33" HEIGHT="0" />
            <String ID="Word_110614" HPOS="1000" VPOS="1389" WIDTH="203" HEIGHT="55" CONTENT="ordinary" />
            <SP ID="SP_99716" HPOS="1203" VPOS="1389" WIDTH="23" HEIGHT="0" />
            <String ID="Word_110615" HPOS="1226" VPOS="1389" WIDTH="231" HEIGHT="42" CONTENT="Numerals" />
            <SP ID="SP_99717" HPOS="1457" VPOS="1389" WIDTH="24" HEIGHT="0" />
            <String ID="Word_110616" HPOS="1481" VPOS="1389" WIDTH="125" HEIGHT="42" CONTENT="when" />
            <SP ID="SP_99718" HPOS="1606" VPOS="1389" WIDTH="31" HEIGHT="0" />
            <String ID="Word_110617" HPOS="1637" VPOS="1389" WIDTH="54" HEIGHT="41" CONTENT="he" />
            <SP ID="SP_99719" HPOS="1691" VPOS="1389" WIDTH="32" HEIGHT="0" />
            <String ID="Word_110618" HPOS="1723" VPOS="1402" WIDTH="91" HEIGHT="29" CONTENT="sees" />
            <SP ID="SP_99720" HPOS="1814" VPOS="1388" WIDTH="31" HEIGHT="0" />
            <String ID="Word_110619" HPOS="1845" VPOS="1388" WIDTH="129" HEIGHT="42" CONTENT="them." />
          </TextLine>
          <TextLine ID="TextLine_10905" HPOS="358" VPOS="1458" WIDTH="1619" HEIGHT="57">
            <String ID="Word_110620" HPOS="358" VPOS="1459" WIDTH="190" HEIGHT="55" CONTENT="Equally" />
            <SP ID="SP_99721" HPOS="548" VPOS="1459" WIDTH="25" HEIGHT="0" />
            <String ID="Word_110621" HPOS="573" VPOS="1459" WIDTH="323" HEIGHT="42" CONTENT="unintelligible" />
            <SP ID="SP_99722" HPOS="896" VPOS="1459" WIDTH="23" HEIGHT="0" />
            <String ID="Word_110622" HPOS="919" VPOS="1464" WIDTH="43" HEIGHT="36" CONTENT="to" />
            <SP ID="SP_99723" HPOS="962" VPOS="1459" WIDTH="21" HEIGHT="0" />
            <String ID="Word_110623" HPOS="983" VPOS="1459" WIDTH="92" HEIGHT="41" CONTENT="him" />
            <SP ID="SP_99724" HPOS="1075" VPOS="1459" WIDTH="24" HEIGHT="0" />
            <String ID="Word_110624" HPOS="1099" VPOS="1473" WIDTH="97" HEIGHT="41" CONTENT="may" />
            <SP ID="SP_99725" HPOS="1196" VPOS="1459" WIDTH="18" HEIGHT="0" />
            <String ID="Word_110625" HPOS="1214" VPOS="1459" WIDTH="89" HEIGHT="42" CONTENT="also" />
            <SP ID="SP_99726" HPOS="1303" VPOS="1459" WIDTH="23" HEIGHT="0" />
            <String ID="Word_110626" HPOS="1326" VPOS="1460" WIDTH="52" HEIGHT="41" CONTENT="be" />
            <SP ID="SP_99727" HPOS="1378" VPOS="1459" WIDTH="29" HEIGHT="0" />
            <String ID="Word_110627" HPOS="1407" VPOS="1459" WIDTH="228" HEIGHT="56" CONTENT="Algebraic" />
            <SP ID="SP_99728" HPOS="1635" VPOS="1459" WIDTH="23" HEIGHT="0" />
            <String ID="Word_110628" HPOS="1658" VPOS="1473" WIDTH="128" HEIGHT="41" CONTENT="signs," />
            <SP ID="SP_99729" HPOS="1786" VPOS="1458" WIDTH="17" HEIGHT="0" />
            <String ID="Word_110629" HPOS="1803" VPOS="1458" WIDTH="82" HEIGHT="42" CONTENT="and" />
            <SP ID="SP_99730" HPOS="1885" VPOS="1458" WIDTH="21" HEIGHT="0" />
            <String ID="Word_110630" HPOS="1906" VPOS="1458" WIDTH="71" HEIGHT="42" CONTENT="the" />
          </TextLine>
          <TextLine ID="TextLine_10906" HPOS="360" VPOS="1528" WIDTH="1620" HEIGHT="56">
            <String ID="Word_110631" HPOS="360" VPOS="1542" WIDTH="117" HEIGHT="28" CONTENT="signs" />
            <SP ID="SP_99731" HPOS="477" VPOS="1528" WIDTH="22" HEIGHT="0" />
            <String ID="Word_110632" HPOS="499" VPOS="1528" WIDTH="107" HEIGHT="42" CONTENT="used" />
            <SP ID="SP_99732" HPOS="606" VPOS="1528" WIDTH="23" HEIGHT="0" />
            <String ID="Word_110633" HPOS="629" VPOS="1529" WIDTH="64" HEIGHT="40" CONTENT="for" />
            <SP ID="SP_99733" HPOS="693" VPOS="1528" WIDTH="28" HEIGHT="0" />
            <String ID="Word_110634" HPOS="721" VPOS="1528" WIDTH="190" HEIGHT="42" CONTENT="Musical" />
            <SP ID="SP_99734" HPOS="911" VPOS="1528" WIDTH="31" HEIGHT="0" />
            <String ID="Word_110635" HPOS="942" VPOS="1529" WIDTH="209" HEIGHT="41" CONTENT="Notation" />
            <SP ID="SP_99735" HPOS="1151" VPOS="1529" WIDTH="20" HEIGHT="0" />
            <String ID="Word_110636" HPOS="1171" VPOS="1543" WIDTH="9" HEIGHT="38" CONTENT=";" />
            <SP ID="SP_99736" HPOS="1180" VPOS="1529" WIDTH="33" HEIGHT="0" />
            <String ID="Word_110637" HPOS="1213" VPOS="1534" WIDTH="221" HEIGHT="49" CONTENT="although," />
            <SP ID="SP_99737" HPOS="1434" VPOS="1528" WIDTH="22" HEIGHT="0" />
            <String ID="Word_110638" HPOS="1456" VPOS="1528" WIDTH="259" HEIGHT="55" CONTENT="previously," />
            <SP ID="SP_99738" HPOS="1715" VPOS="1528" WIDTH="25" HEIGHT="0" />
            <String ID="Word_110639" HPOS="1740" VPOS="1528" WIDTH="118" HEIGHT="41" CONTENT="these" />
            <SP ID="SP_99739" HPOS="1858" VPOS="1528" WIDTH="23" HEIGHT="0" />
            <String ID="Word_110640" HPOS="1881" VPOS="1542" WIDTH="99" HEIGHT="41" CONTENT="may" />
          </TextLine>
          <TextLine ID="TextLine_10907" HPOS="359" VPOS="1599" WIDTH="1617" HEIGHT="55">
            <String ID="Word_110641" HPOS="359" VPOS="1600" WIDTH="110" HEIGHT="41" CONTENT="have" />
            <SP ID="SP_99740" HPOS="469" VPOS="1599" WIDTH="38" HEIGHT="0" />
            <String ID="Word_110642" HPOS="507" VPOS="1599" WIDTH="109" HEIGHT="42" CONTENT="been" />
            <SP ID="SP_99741" HPOS="616" VPOS="1599" WIDTH="38" HEIGHT="0" />
            <String ID="Word_110643" HPOS="654" VPOS="1613" WIDTH="103" HEIGHT="28" CONTENT="very" />
            <SP ID="SP_99742" HPOS="757" VPOS="1599" WIDTH="32" HEIGHT="0" />
            <String ID="Word_110644" HPOS="789" VPOS="1599" WIDTH="187" HEIGHT="41" CONTENT="familiar" />
            <SP ID="SP_99743" HPOS="976" VPOS="1599" WIDTH="37" HEIGHT="0" />
            <String ID="Word_110645" HPOS="1013" VPOS="1604" WIDTH="42" HEIGHT="37" CONTENT="to" />
            <SP ID="SP_99744" HPOS="1055" VPOS="1600" WIDTH="38" HEIGHT="0" />
            <String ID="Word_110646" HPOS="1093" VPOS="1600" WIDTH="102" HEIGHT="40" CONTENT="him." />
            <SP ID="SP_99745" HPOS="1195" VPOS="1599" WIDTH="61" HEIGHT="0" />
            <String ID="Word_110647" HPOS="1256" VPOS="1599" WIDTH="134" HEIGHT="41" CONTENT="There" />
            <SP ID="SP_99746" HPOS="1390" VPOS="1599" WIDTH="37" HEIGHT="0" />
            <String ID="Word_110648" HPOS="1427" VPOS="1613" WIDTH="81" HEIGHT="37" CONTENT="are," />
            <SP ID="SP_99747" HPOS="1508" VPOS="1599" WIDTH="31" HEIGHT="0" />
            <String ID="Word_110649" HPOS="1539" VPOS="1599" WIDTH="210" HEIGHT="42" CONTENT="however," />
            <SP ID="SP_99748" HPOS="1749" VPOS="1599" WIDTH="31" HEIGHT="0" />
            <String ID="Word_110650" HPOS="1780" VPOS="1612" WIDTH="116" HEIGHT="28" CONTENT="cases" />
            <SP ID="SP_99749" HPOS="1896" VPOS="1599" WIDTH="36" HEIGHT="0" />
            <String ID="Word_110651" HPOS="1932" VPOS="1599" WIDTH="44" HEIGHT="40" CONTENT="in" />
          </TextLine>
          <TextLine ID="TextLine_10908" HPOS="361" VPOS="1667" WIDTH="1617" HEIGHT="57">
            <String ID="Word_110652" HPOS="361" VPOS="1669" WIDTH="142" HEIGHT="42" CONTENT="which" />
            <SP ID="SP_99750" HPOS="503" VPOS="1669" WIDTH="21" HEIGHT="0" />
            <String ID="Word_110653" HPOS="524" VPOS="1669" WIDTH="74" HEIGHT="42" CONTENT="the" />
            <SP ID="SP_99751" HPOS="598" VPOS="1669" WIDTH="24" HEIGHT="0" />
            <String ID="Word_110654" HPOS="622" VPOS="1669" WIDTH="341" HEIGHT="41" CONTENT="understanding" />
            <SP ID="SP_99752" HPOS="963" VPOS="1669" WIDTH="21" HEIGHT="0" />
            <String ID="Word_110655" HPOS="984" VPOS="1669" WIDTH="44" HEIGHT="41" CONTENT="of" />
            <SP ID="SP_99753" HPOS="1028" VPOS="1669" WIDTH="29" HEIGHT="0" />
            <String ID="Word_110656" HPOS="1057" VPOS="1683" WIDTH="117" HEIGHT="28" CONTENT="some" />
            <SP ID="SP_99754" HPOS="1174" VPOS="1669" WIDTH="32" HEIGHT="0" />
            <String ID="Word_110657" HPOS="1206" VPOS="1669" WIDTH="46" HEIGHT="41" CONTENT="of" />
            <SP ID="SP_99755" HPOS="1252" VPOS="1669" WIDTH="28" HEIGHT="0" />
            <String ID="Word_110658" HPOS="1280" VPOS="1669" WIDTH="121" HEIGHT="41" CONTENT="these" />
            <SP ID="SP_99756" HPOS="1401" VPOS="1668" WIDTH="32" HEIGHT="0" />
            <String ID="Word_110659" HPOS="1433" VPOS="1668" WIDTH="120" HEIGHT="42" CONTENT="other" />
            <SP ID="SP_99757" HPOS="1553" VPOS="1667" WIDTH="31" HEIGHT="0" />
            <String ID="Word_110660" HPOS="1584" VPOS="1667" WIDTH="190" HEIGHT="56" CONTENT="symbols" />
            <SP ID="SP_99758" HPOS="1774" VPOS="1667" WIDTH="31" HEIGHT="0" />
            <String ID="Word_110661" HPOS="1805" VPOS="1681" WIDTH="101" HEIGHT="41" CONTENT="may" />
            <SP ID="SP_99759" HPOS="1906" VPOS="1668" WIDTH="21" HEIGHT="0" />
            <String ID="Word_110662" HPOS="1927" VPOS="1668" WIDTH="51" HEIGHT="41" CONTENT="be" />
          </TextLine>
          <TextLine ID="TextLine_10909" HPOS="360" VPOS="1738" WIDTH="1618" HEIGHT="55">
            <String ID="Word_110663" HPOS="360" VPOS="1739" WIDTH="208" HEIGHT="50" CONTENT="retained," />
            <SP ID="SP_99760" HPOS="568" VPOS="1739" WIDTH="23" HEIGHT="0" />
            <String ID="Word_110664" HPOS="591" VPOS="1739" WIDTH="163" HEIGHT="54" CONTENT="though" />
            <SP ID="SP_99761" HPOS="754" VPOS="1739" WIDTH="23" HEIGHT="0" />
            <String ID="Word_110665" HPOS="777" VPOS="1739" WIDTH="154" HEIGHT="54" CONTENT="speech" />
            <SP ID="SP_99762" HPOS="931" VPOS="1739" WIDTH="24" HEIGHT="0" />
            <String ID="Word_110666" HPOS="955" VPOS="1739" WIDTH="190" HEIGHT="54" CONTENT="symbols" />
            <SP ID="SP_99763" HPOS="1145" VPOS="1739" WIDTH="23" HEIGHT="0" />
            <String ID="Word_110667" HPOS="1168" VPOS="1739" WIDTH="52" HEIGHT="41" CONTENT="be" />
            <SP ID="SP_99764" HPOS="1220" VPOS="1739" WIDTH="21" HEIGHT="0" />
            <String ID="Word_110668" HPOS="1241" VPOS="1739" WIDTH="94" HEIGHT="41" CONTENT="lost." />
            <SP ID="SP_99765" HPOS="1335" VPOS="1739" WIDTH="63" HEIGHT="0" />
            <String ID="Word_110669" HPOS="1398" VPOS="1739" WIDTH="116" HEIGHT="41" CONTENT="Thus" />
            <SP ID="SP_99766" HPOS="1514" VPOS="1738" WIDTH="27" HEIGHT="0" />
            <String ID="Word_110670" HPOS="1541" VPOS="1738" WIDTH="188" HEIGHT="55" CONTENT="patients" />
            <SP ID="SP_99767" HPOS="1729" VPOS="1738" WIDTH="32" HEIGHT="0" />
            <String ID="Word_110671" HPOS="1761" VPOS="1752" WIDTH="70" HEIGHT="27" CONTENT="are" />
            <SP ID="SP_99768" HPOS="1831" VPOS="1738" WIDTH="32" HEIGHT="0" />
            <String ID="Word_110672" HPOS="1863" VPOS="1743" WIDTH="115" HEIGHT="36" CONTENT="often" />
          </TextLine>
          <TextLine ID="TextLine_10910" HPOS="362" VPOS="1807" WIDTH="1616" HEIGHT="57">
            <String ID="Word_110673" HPOS="362" VPOS="1810" WIDTH="95" HEIGHT="42" CONTENT="able" />
            <SP ID="SP_99769" HPOS="457" VPOS="1810" WIDTH="39" HEIGHT="0" />
            <String ID="Word_110674" HPOS="496" VPOS="1814" WIDTH="42" HEIGHT="37" CONTENT="to" />
            <SP ID="SP_99770" HPOS="538" VPOS="1809" WIDTH="35" HEIGHT="0" />
            <String ID="Word_110675" HPOS="573" VPOS="1809" WIDTH="101" HEIGHT="42" CONTENT="read" />
            <SP ID="SP_99771" HPOS="674" VPOS="1809" WIDTH="34" HEIGHT="0" />
            <String ID="Word_110676" HPOS="708" VPOS="1810" WIDTH="158" HEIGHT="53" CONTENT="figures" />
            <SP ID="SP_99772" HPOS="866" VPOS="1809" WIDTH="35" HEIGHT="0" />
            <String ID="Word_110677" HPOS="901" VPOS="1809" WIDTH="166" HEIGHT="55" CONTENT="though" />
            <SP ID="SP_99773" HPOS="1067" VPOS="1809" WIDTH="38" HEIGHT="0" />
            <String ID="Word_110678" HPOS="1105" VPOS="1809" WIDTH="104" HEIGHT="41" CONTENT="they" />
            <SP ID="SP_99774" HPOS="1209" VPOS="1809" WIDTH="22" HEIGHT="0" />
            <String ID="Word_110679" HPOS="1231" VPOS="1813" WIDTH="158" HEIGHT="37" CONTENT="cannot" />
            <SP ID="SP_99775" HPOS="1389" VPOS="1808" WIDTH="37" HEIGHT="0" />
            <String ID="Word_110680" HPOS="1426" VPOS="1808" WIDTH="98" HEIGHT="42" CONTENT="read" />
            <SP ID="SP_99776" HPOS="1524" VPOS="1807" WIDTH="33" HEIGHT="0" />
            <String ID="Word_110681" HPOS="1557" VPOS="1807" WIDTH="148" HEIGHT="43" CONTENT="words." />
            <SP ID="SP_99777" HPOS="1705" VPOS="1807" WIDTH="63" HEIGHT="0" />
            <String ID="Word_110682" HPOS="1768" VPOS="1808" WIDTH="118" HEIGHT="42" CONTENT="They" />
            <SP ID="SP_99778" HPOS="1886" VPOS="1808" WIDTH="22" HEIGHT="0" />
            <String ID="Word_110683" HPOS="1908" VPOS="1821" WIDTH="70" HEIGHT="28" CONTENT="are" />
          </TextLine>
          <TextLine ID="TextLine_10911" HPOS="362" VPOS="1878" WIDTH="1616" HEIGHT="56">
            <String ID="Word_110684" HPOS="362" VPOS="1880" WIDTH="107" HEIGHT="42" CONTENT="able," />
            <SP ID="SP_99779" HPOS="469" VPOS="1880" WIDTH="24" HEIGHT="0" />
            <String ID="Word_110685" HPOS="493" VPOS="1881" WIDTH="63" HEIGHT="40" CONTENT="for" />
            <SP ID="SP_99780" HPOS="556" VPOS="1879" WIDTH="37" HEIGHT="0" />
            <String ID="Word_110686" HPOS="593" VPOS="1879" WIDTH="210" HEIGHT="55" CONTENT="example," />
            <SP ID="SP_99781" HPOS="803" VPOS="1879" WIDTH="24" HEIGHT="0" />
            <String ID="Word_110687" HPOS="827" VPOS="1883" WIDTH="42" HEIGHT="38" CONTENT="to" />
            <SP ID="SP_99782" HPOS="869" VPOS="1879" WIDTH="32" HEIGHT="0" />
            <String ID="Word_110688" HPOS="901" VPOS="1879" WIDTH="102" HEIGHT="42" CONTENT="read" />
            <SP ID="SP_99783" HPOS="1003" VPOS="1879" WIDTH="34" HEIGHT="0" />
            <String ID="Word_110689" HPOS="1037" VPOS="1879" WIDTH="74" HEIGHT="42" CONTENT="the" />
            <SP ID="SP_99784" HPOS="1111" VPOS="1879" WIDTH="36" HEIGHT="0" />
            <String ID="Word_110690" HPOS="1147" VPOS="1880" WIDTH="132" HEIGHT="54" CONTENT="figure" />
            <SP ID="SP_99785" HPOS="1279" VPOS="1880" WIDTH="34" HEIGHT="0" />
            <String ID="Word_110691" HPOS="1313" VPOS="1880" WIDTH="36" HEIGHT="50" CONTENT="3," />
            <SP ID="SP_99786" HPOS="1349" VPOS="1878" WIDTH="23" HEIGHT="0" />
            <String ID="Word_110692" HPOS="1372" VPOS="1878" WIDTH="163" HEIGHT="56" CONTENT="though" />
            <SP ID="SP_99787" HPOS="1535" VPOS="1878" WIDTH="33" HEIGHT="0" />
            <String ID="Word_110693" HPOS="1568" VPOS="1879" WIDTH="103" HEIGHT="54" CONTENT="they" />
            <SP ID="SP_99788" HPOS="1671" VPOS="1879" WIDTH="23" HEIGHT="0" />
            <String ID="Word_110694" HPOS="1694" VPOS="1883" WIDTH="157" HEIGHT="37" CONTENT="cannot" />
            <SP ID="SP_99789" HPOS="1851" VPOS="1879" WIDTH="30" HEIGHT="0" />
            <String ID="Word_110695" HPOS="1881" VPOS="1879" WIDTH="97" HEIGHT="41" CONTENT="read" />
          </TextLine>
          <TextLine ID="TextLine_10912" HPOS="362" VPOS="1948" WIDTH="1618" HEIGHT="57">
            <String ID="Word_110696" HPOS="362" VPOS="1952" WIDTH="75" HEIGHT="41" CONTENT="the" />
            <SP ID="SP_99790" HPOS="437" VPOS="1950" WIDTH="23" HEIGHT="0" />
            <String ID="Word_110697" HPOS="460" VPOS="1950" WIDTH="117" HEIGHT="43" CONTENT="word" />
            <SP ID="SP_99791" HPOS="577" VPOS="1950" WIDTH="27" HEIGHT="0" />
            <String ID="Word_110698" HPOS="604" VPOS="1950" WIDTH="137" HEIGHT="42" CONTENT="Three." />
            <SP ID="SP_99792" HPOS="741" VPOS="1950" WIDTH="64" HEIGHT="0" />
            <String ID="Word_110699" HPOS="805" VPOS="1950" WIDTH="53" HEIGHT="41" CONTENT="In" />
            <SP ID="SP_99793" HPOS="858" VPOS="1949" WIDTH="23" HEIGHT="0" />
            <String ID="Word_110700" HPOS="881" VPOS="1949" WIDTH="281" HEIGHT="43" CONTENT="explanation" />
            <SP ID="SP_99794" HPOS="1162" VPOS="1949" WIDTH="23" HEIGHT="0" />
            <String ID="Word_110701" HPOS="1185" VPOS="1950" WIDTH="46" HEIGHT="40" CONTENT="of" />
            <SP ID="SP_99795" HPOS="1231" VPOS="1949" WIDTH="19" HEIGHT="0" />
            <String ID="Word_110702" HPOS="1250" VPOS="1949" WIDTH="99" HEIGHT="51" CONTENT="this," />
            <SP ID="SP_99796" HPOS="1349" VPOS="1949" WIDTH="19" HEIGHT="0" />
            <String ID="Word_110703" HPOS="1368" VPOS="1950" WIDTH="34" HEIGHT="40" CONTENT="it" />
            <SP ID="SP_99797" HPOS="1402" VPOS="1949" WIDTH="21" HEIGHT="0" />
            <String ID="Word_110704" HPOS="1423" VPOS="1949" WIDTH="76" HEIGHT="41" CONTENT="has" />
            <SP ID="SP_99798" HPOS="1499" VPOS="1949" WIDTH="19" HEIGHT="0" />
            <String ID="Word_110705" HPOS="1518" VPOS="1950" WIDTH="105" HEIGHT="41" CONTENT="been" />
            <SP ID="SP_99799" HPOS="1623" VPOS="1948" WIDTH="19" HEIGHT="0" />
            <String ID="Word_110706" HPOS="1642" VPOS="1948" WIDTH="225" HEIGHT="56" CONTENT="suggested" />
            <SP ID="SP_99800" HPOS="1867" VPOS="1948" WIDTH="20" HEIGHT="0" />
            <String ID="Word_110707" HPOS="1887" VPOS="1953" WIDTH="93" HEIGHT="37" CONTENT="that" />
          </TextLine>
          <TextLine ID="TextLine_10913" HPOS="363" VPOS="2019" WIDTH="1616" HEIGHT="59">
            <String ID="Word_110708" HPOS="363" VPOS="2023" WIDTH="157" HEIGHT="41" CONTENT="figures" />
            <SP ID="SP_99801" HPOS="520" VPOS="2023" WIDTH="22" HEIGHT="0" />
            <String ID="Word_110709" HPOS="542" VPOS="2035" WIDTH="71" HEIGHT="28" CONTENT="are" />
            <SP ID="SP_99802" HPOS="613" VPOS="2034" WIDTH="22" HEIGHT="0" />
            <String ID="Word_110710" HPOS="635" VPOS="2035" WIDTH="117" HEIGHT="28" CONTENT="more" />
            <SP ID="SP_99803" HPOS="752" VPOS="2020" WIDTH="23" HEIGHT="0" />
            <String ID="Word_110711" HPOS="775" VPOS="2020" WIDTH="150" HEIGHT="42" CONTENT="nearly" />
            <SP ID="SP_99804" HPOS="925" VPOS="2020" WIDTH="23" HEIGHT="0" />
            <String ID="Word_110712" HPOS="948" VPOS="2020" WIDTH="131" HEIGHT="42" CONTENT="allied" />
            <SP ID="SP_99805" HPOS="1079" VPOS="2020" WIDTH="30" HEIGHT="0" />
            <String ID="Word_110713" HPOS="1109" VPOS="2025" WIDTH="43" HEIGHT="36" CONTENT="to" />
            <SP ID="SP_99806" HPOS="1152" VPOS="2020" WIDTH="33" HEIGHT="0" />
            <String ID="Word_110714" HPOS="1185" VPOS="2024" WIDTH="187" HEIGHT="50" CONTENT="pictures" />
            <SP ID="SP_99807" HPOS="1372" VPOS="2019" WIDTH="31" HEIGHT="0" />
            <String ID="Word_110715" HPOS="1403" VPOS="2019" WIDTH="107" HEIGHT="41" CONTENT="than" />
            <SP ID="SP_99808" HPOS="1510" VPOS="2019" WIDTH="32" HEIGHT="0" />
            <String ID="Word_110716" HPOS="1542" VPOS="2023" WIDTH="43" HEIGHT="38" CONTENT="to" />
            <SP ID="SP_99809" HPOS="1585" VPOS="2019" WIDTH="23" HEIGHT="0" />
            <String ID="Word_110717" HPOS="1608" VPOS="2019" WIDTH="148" HEIGHT="42" CONTENT="words," />
            <SP ID="SP_99810" HPOS="1756" VPOS="2019" WIDTH="22" HEIGHT="0" />
            <String ID="Word_110718" HPOS="1778" VPOS="2019" WIDTH="84" HEIGHT="41" CONTENT="and" />
            <SP ID="SP_99811" HPOS="1862" VPOS="2019" WIDTH="21" HEIGHT="0" />
            <String ID="Word_110719" HPOS="1883" VPOS="2033" WIDTH="96" HEIGHT="40" CONTENT="sug-" />
          </TextLine>
          <TextLine ID="TextLine_10914" HPOS="364" VPOS="2089" WIDTH="1616" HEIGHT="60">
            <String ID="Word_110720" HPOS="364" VPOS="2099" WIDTH="94" HEIGHT="50" CONTENT="gest" />
            <SP ID="SP_99812" HPOS="458" VPOS="2093" WIDTH="37" HEIGHT="0" />
            <String ID="Word_110721" HPOS="495" VPOS="2093" WIDTH="73" HEIGHT="41" CONTENT="the" />
            <SP ID="SP_99813" HPOS="568" VPOS="2092" WIDTH="39" HEIGHT="0" />
            <String ID="Word_110722" HPOS="607" VPOS="2092" WIDTH="183" HEIGHT="42" CONTENT="number" />
            <SP ID="SP_99814" HPOS="790" VPOS="2092" WIDTH="38" HEIGHT="0" />
            <String ID="Word_110723" HPOS="828" VPOS="2097" WIDTH="43" HEIGHT="36" CONTENT="to" />
            <SP ID="SP_99815" HPOS="871" VPOS="2092" WIDTH="37" HEIGHT="0" />
            <String ID="Word_110724" HPOS="908" VPOS="2092" WIDTH="74" HEIGHT="41" CONTENT="the" />
            <SP ID="SP_99816" HPOS="982" VPOS="2092" WIDTH="36" HEIGHT="0" />
            <String ID="Word_110725" HPOS="1018" VPOS="2092" WIDTH="119" HEIGHT="40" CONTENT="mind" />
            <SP ID="SP_99817" HPOS="1137" VPOS="2092" WIDTH="35" HEIGHT="0" />
            <String ID="Word_110726" HPOS="1172" VPOS="2105" WIDTH="46" HEIGHT="27" CONTENT="as" />
            <SP ID="SP_99818" HPOS="1218" VPOS="2105" WIDTH="37" HEIGHT="0" />
            <String ID="Word_110727" HPOS="1255" VPOS="2105" WIDTH="24" HEIGHT="27" CONTENT="a" />
            <SP ID="SP_99819" HPOS="1279" VPOS="2091" WIDTH="36" HEIGHT="0" />
            <String ID="Word_110728" HPOS="1315" VPOS="2091" WIDTH="166" HEIGHT="54" CONTENT="picture" />
            <SP ID="SP_99820" HPOS="1481" VPOS="2091" WIDTH="33" HEIGHT="0" />
            <String ID="Word_110729" HPOS="1514" VPOS="2094" WIDTH="192" HEIGHT="51" CONTENT="suggests" />
            <SP ID="SP_99821" HPOS="1706" VPOS="2094" WIDTH="37" HEIGHT="0" />
            <String ID="Word_110730" HPOS="1743" VPOS="2103" WIDTH="54" HEIGHT="28" CONTENT="an" />
            <SP ID="SP_99822" HPOS="1797" VPOS="2089" WIDTH="35" HEIGHT="0" />
            <String ID="Word_110731" HPOS="1832" VPOS="2090" WIDTH="148" HEIGHT="41" CONTENT="object." />
          </TextLine>
          <TextLine ID="TextLine_10915" HPOS="363" VPOS="2158" WIDTH="1617" HEIGHT="60">
            <String ID="Word_110732" HPOS="363" VPOS="2164" WIDTH="193" HEIGHT="42" CONTENT="Perhaps" />
            <SP ID="SP_99823" HPOS="556" VPOS="2162" WIDTH="23" HEIGHT="0" />
            <String ID="Word_110733" HPOS="579" VPOS="2162" WIDTH="126" HEIGHT="43" CONTENT="when" />
            <SP ID="SP_99824" HPOS="705" VPOS="2162" WIDTH="23" HEIGHT="0" />
            <String ID="Word_110734" HPOS="728" VPOS="2163" WIDTH="154" HEIGHT="41" CONTENT="figures" />
            <SP ID="SP_99825" HPOS="882" VPOS="2163" WIDTH="23" HEIGHT="0" />
            <String ID="Word_110735" HPOS="905" VPOS="2175" WIDTH="70" HEIGHT="29" CONTENT="are" />
            <SP ID="SP_99826" HPOS="975" VPOS="2161" WIDTH="18" HEIGHT="0" />
            <String ID="Word_110736" HPOS="993" VPOS="2161" WIDTH="129" HEIGHT="42" CONTENT="much" />
            <SP ID="SP_99827" HPOS="1122" VPOS="2160" WIDTH="18" HEIGHT="0" />
            <String ID="Word_110737" HPOS="1140" VPOS="2160" WIDTH="104" HEIGHT="43" CONTENT="used" />
            <SP ID="SP_99828" HPOS="1244" VPOS="2160" WIDTH="20" HEIGHT="0" />
            <String ID="Word_110738" HPOS="1264" VPOS="2160" WIDTH="104" HEIGHT="42" CONTENT="both" />
            <SP ID="SP_99829" HPOS="1368" VPOS="2159" WIDTH="17" HEIGHT="0" />
            <String ID="Word_110739" HPOS="1385" VPOS="2159" WIDTH="292" HEIGHT="55" CONTENT="hemispheres" />
            <SP ID="SP_99830" HPOS="1677" VPOS="2159" WIDTH="18" HEIGHT="0" />
            <String ID="Word_110740" HPOS="1695" VPOS="2172" WIDTH="97" HEIGHT="42" CONTENT="may" />
            <SP ID="SP_99831" HPOS="1792" VPOS="2158" WIDTH="19" HEIGHT="0" />
            <String ID="Word_110741" HPOS="1811" VPOS="2158" WIDTH="169" HEIGHT="56" CONTENT="acquire" />
          </TextLine>
          <TextLine ID="TextLine_10916" HPOS="366" VPOS="2233" WIDTH="475" HEIGHT="50">
            <String ID="Word_110742" HPOS="366" VPOS="2235" WIDTH="73" HEIGHT="42" CONTENT="the" />
            <SP ID="SP_99832" HPOS="439" VPOS="2235" WIDTH="23" HEIGHT="0" />
            <String ID="Word_110743" HPOS="462" VPOS="2235" WIDTH="161" HEIGHT="40" CONTENT="images" />
            <SP ID="SP_99833" HPOS="623" VPOS="2234" WIDTH="24" HEIGHT="0" />
            <String ID="Word_110744" HPOS="647" VPOS="2234" WIDTH="43" HEIGHT="41" CONTENT="of" />
            <SP ID="SP_99834" HPOS="690" VPOS="2233" WIDTH="22" HEIGHT="0" />
            <String ID="Word_110745" HPOS="712" VPOS="2233" WIDTH="129" HEIGHT="42" CONTENT="them." />
          </TextLine>
          <TextLine ID="TextLine_10917" HPOS="426" VPOS="2369" WIDTH="1555" HEIGHT="58">
            <String ID="Word_110746" HPOS="426" VPOS="2375" WIDTH="180" HEIGHT="43" CONTENT="AMIMIA" />
            <SP ID="SP_99835" HPOS="606" VPOS="2375" WIDTH="24" HEIGHT="0" />
            <String ID="Word_110747" HPOS="630" VPOS="2385" WIDTH="91" HEIGHT="30" CONTENT="and" />
            <SP ID="SP_99836" HPOS="721" VPOS="2375" WIDTH="23" HEIGHT="0" />
            <String ID="Word_110748" HPOS="744" VPOS="2372" WIDTH="483" HEIGHT="43" CONTENT="Paramimia.—When" />
            <SP ID="SP_99837" HPOS="1227" VPOS="2370" WIDTH="26" HEIGHT="0" />
            <String ID="Word_110749" HPOS="1253" VPOS="2370" WIDTH="274" HEIGHT="43" CONTENT="intelligence" />
            <SP ID="SP_99838" HPOS="1527" VPOS="2370" WIDTH="23" HEIGHT="0" />
            <String ID="Word_110750" HPOS="1550" VPOS="2370" WIDTH="35" HEIGHT="42" CONTENT="is" />
            <SP ID="SP_99839" HPOS="1585" VPOS="2369" WIDTH="22" HEIGHT="0" />
            <String ID="Word_110751" HPOS="1607" VPOS="2369" WIDTH="191" HEIGHT="42" CONTENT="retained" />
            <SP ID="SP_99840" HPOS="1798" VPOS="2369" WIDTH="24" HEIGHT="0" />
            <String ID="Word_110752" HPOS="1822" VPOS="2369" WIDTH="159" HEIGHT="55" CONTENT="though" />
          </TextLine>
          <TextLine ID="TextLine_10918" HPOS="369" VPOS="2439" WIDTH="1612" HEIGHT="64">
            <String ID="Word_110753" HPOS="369" VPOS="2447" WIDTH="157" HEIGHT="43" CONTENT="speech" />
            <SP ID="SP_99841" HPOS="526" VPOS="2447" WIDTH="22" HEIGHT="0" />
            <String ID="Word_110754" HPOS="548" VPOS="2447" WIDTH="36" HEIGHT="41" CONTENT="is" />
            <SP ID="SP_99842" HPOS="584" VPOS="2446" WIDTH="22" HEIGHT="0" />
            <String ID="Word_110755" HPOS="606" VPOS="2446" WIDTH="96" HEIGHT="42" CONTENT="lost," />
            <SP ID="SP_99843" HPOS="702" VPOS="2445" WIDTH="22" HEIGHT="0" />
            <String ID="Word_110756" HPOS="724" VPOS="2445" WIDTH="74" HEIGHT="42" CONTENT="the" />
            <SP ID="SP_99844" HPOS="798" VPOS="2445" WIDTH="23" HEIGHT="0" />
            <String ID="Word_110757" HPOS="821" VPOS="2445" WIDTH="168" HEIGHT="55" CONTENT="patient" />
            <SP ID="SP_99845" HPOS="989" VPOS="2445" WIDTH="23" HEIGHT="0" />
            <String ID="Word_110758" HPOS="1012" VPOS="2459" WIDTH="78" HEIGHT="26" CONTENT="can" />
            <SP ID="SP_99846" HPOS="1090" VPOS="2444" WIDTH="32" HEIGHT="0" />
            <String ID="Word_110759" HPOS="1122" VPOS="2444" WIDTH="44" HEIGHT="40" CONTENT="in" />
            <SP ID="SP_99847" HPOS="1166" VPOS="2444" WIDTH="35" HEIGHT="0" />
            <String ID="Word_110760" HPOS="1201" VPOS="2446" WIDTH="112" HEIGHT="38" CONTENT="most" />
            <SP ID="SP_99848" HPOS="1313" VPOS="2446" WIDTH="31" HEIGHT="0" />
            <String ID="Word_110761" HPOS="1344" VPOS="2455" WIDTH="116" HEIGHT="29" CONTENT="cases" />
            <SP ID="SP_99849" HPOS="1460" VPOS="2455" WIDTH="32" HEIGHT="0" />
            <String ID="Word_110762" HPOS="1492" VPOS="2455" WIDTH="173" HEIGHT="41" CONTENT="express" />
            <SP ID="SP_99850" HPOS="1665" VPOS="2441" WIDTH="26" HEIGHT="0" />
            <String ID="Word_110763" HPOS="1691" VPOS="2441" WIDTH="67" HEIGHT="42" CONTENT="his" />
            <SP ID="SP_99851" HPOS="1758" VPOS="2439" WIDTH="22" HEIGHT="0" />
            <String ID="Word_110764" HPOS="1780" VPOS="2439" WIDTH="201" HEIGHT="56" CONTENT="thoughts" />
          </TextLine>
          <TextLine ID="TextLine_10919" HPOS="370" VPOS="2507" WIDTH="1614" HEIGHT="65">
            <String ID="Word_110765" HPOS="370" VPOS="2519" WIDTH="43" HEIGHT="40" CONTENT="in" />
            <SP ID="SP_99852" HPOS="413" VPOS="2516" WIDTH="25" HEIGHT="0" />
            <String ID="Word_110766" HPOS="438" VPOS="2516" WIDTH="265" HEIGHT="56" CONTENT="pantomime" />
            <SP ID="SP_99853" HPOS="703" VPOS="2516" WIDTH="23" HEIGHT="0" />
            <String ID="Word_110767" HPOS="726" VPOS="2516" WIDTH="189" HEIGHT="53" CONTENT="(gesture" />
            <SP ID="SP_99854" HPOS="915" VPOS="2513" WIDTH="32" HEIGHT="0" />
            <String ID="Word_110768" HPOS="947" VPOS="2513" WIDTH="240" HEIGHT="55" CONTENT="language)." />
            <SP ID="SP_99855" HPOS="1187" VPOS="2512" WIDTH="64" HEIGHT="0" />
            <String ID="Word_110769" HPOS="1251" VPOS="2512" WIDTH="70" HEIGHT="41" CONTENT="He" />
            <SP ID="SP_99856" HPOS="1321" VPOS="2511" WIDTH="34" HEIGHT="0" />
            <String ID="Word_110770" HPOS="1355" VPOS="2511" WIDTH="106" HEIGHT="41" CONTENT="nods" />
            <SP ID="SP_99857" HPOS="1461" VPOS="2510" WIDTH="32" HEIGHT="0" />
            <String ID="Word_110771" HPOS="1493" VPOS="2510" WIDTH="67" HEIGHT="42" CONTENT="his" />
            <SP ID="SP_99858" HPOS="1560" VPOS="2510" WIDTH="32" HEIGHT="0" />
            <String ID="Word_110772" HPOS="1592" VPOS="2510" WIDTH="109" HEIGHT="41" CONTENT="head" />
            <SP ID="SP_99859" HPOS="1701" VPOS="2510" WIDTH="31" HEIGHT="0" />
            <String ID="Word_110773" HPOS="1732" VPOS="2510" WIDTH="63" HEIGHT="41" CONTENT="for" />
            <SP ID="SP_99860" HPOS="1795" VPOS="2510" WIDTH="32" HEIGHT="0" />
            <String ID="Word_110774" HPOS="1827" VPOS="2515" WIDTH="20" HEIGHT="15" CONTENT="&quot;" />
            <SP ID="SP_99861" HPOS="1847" VPOS="2507" WIDTH="16" HEIGHT="0" />
            <String ID="Word_110775" HPOS="1863" VPOS="2507" WIDTH="121" HEIGHT="53" CONTENT="Yes,&quot;" />
          </TextLine>
          <TextLine ID="TextLine_10920" HPOS="370" VPOS="2578" WIDTH="1614" HEIGHT="56">
            <String ID="Word_110776" HPOS="370" VPOS="2587" WIDTH="86" HEIGHT="43" CONTENT="and" />
            <SP ID="SP_99862" HPOS="456" VPOS="2584" WIDTH="23" HEIGHT="0" />
            <String ID="Word_110777" HPOS="479" VPOS="2584" WIDTH="155" HEIGHT="44" CONTENT="shakes" />
            <SP ID="SP_99863" HPOS="634" VPOS="2584" WIDTH="22" HEIGHT="0" />
            <String ID="Word_110778" HPOS="656" VPOS="2585" WIDTH="35" HEIGHT="41" CONTENT="it" />
            <SP ID="SP_99864" HPOS="691" VPOS="2585" WIDTH="31" HEIGHT="0" />
            <String ID="Word_110779" HPOS="722" VPOS="2585" WIDTH="66" HEIGHT="41" CONTENT="for" />
            <SP ID="SP_99865" HPOS="788" VPOS="2585" WIDTH="31" HEIGHT="0" />
            <String ID="Word_110780" HPOS="819" VPOS="2586" WIDTH="20" HEIGHT="18" CONTENT="&quot;" />
            <SP ID="SP_99866" HPOS="839" VPOS="2582" WIDTH="17" HEIGHT="0" />
            <String ID="Word_110781" HPOS="856" VPOS="2582" WIDTH="104" HEIGHT="43" CONTENT="No,&quot;" />
            <SP ID="SP_99867" HPOS="960" VPOS="2582" WIDTH="35" HEIGHT="0" />
            <String ID="Word_110782" HPOS="995" VPOS="2582" WIDTH="84" HEIGHT="42" CONTENT="and" />
            <SP ID="SP_99868" HPOS="1079" VPOS="2582" WIDTH="35" HEIGHT="0" />
            <String ID="Word_110783" HPOS="1114" VPOS="2582" WIDTH="208" HEIGHT="41" CONTENT="indicates" />
            <SP ID="SP_99869" HPOS="1322" VPOS="2579" WIDTH="35" HEIGHT="0" />
            <String ID="Word_110784" HPOS="1357" VPOS="2579" WIDTH="202" HEIGHT="42" CONTENT="numbers" />
            <SP ID="SP_99870" HPOS="1559" VPOS="2578" WIDTH="33" HEIGHT="0" />
            <String ID="Word_110785" HPOS="1592" VPOS="2578" WIDTH="103" HEIGHT="42" CONTENT="with" />
            <SP ID="SP_99871" HPOS="1695" VPOS="2578" WIDTH="34" HEIGHT="0" />
            <String ID="Word_110786" HPOS="1729" VPOS="2578" WIDTH="72" HEIGHT="42" CONTENT="the" />
            <SP ID="SP_99872" HPOS="1801" VPOS="2578" WIDTH="33" HEIGHT="0" />
            <String ID="Word_110787" HPOS="1834" VPOS="2579" WIDTH="150" HEIGHT="54" CONTENT="fingers" />
          </TextLine>
          <TextLine ID="TextLine_10921" HPOS="372" VPOS="2646" WIDTH="1613" HEIGHT="62">
            <String ID="Word_110788" HPOS="372" VPOS="2658" WIDTH="47" HEIGHT="44" CONTENT="of" />
            <SP ID="SP_99873" HPOS="419" VPOS="2658" WIDTH="27" HEIGHT="0" />
            <String ID="Word_110789" HPOS="446" VPOS="2658" WIDTH="75" HEIGHT="42" CONTENT="the" />
            <SP ID="SP_99874" HPOS="521" VPOS="2655" WIDTH="27" HEIGHT="0" />
            <String ID="Word_110790" HPOS="548" VPOS="2655" WIDTH="115" HEIGHT="43" CONTENT="hand" />
            <SP ID="SP_99875" HPOS="663" VPOS="2655" WIDTH="24" HEIGHT="0" />
            <String ID="Word_110791" HPOS="687" VPOS="2658" WIDTH="96" HEIGHT="39" CONTENT="that" />
            <SP ID="SP_99876" HPOS="783" VPOS="2654" WIDTH="30" HEIGHT="0" />
            <String ID="Word_110792" HPOS="813" VPOS="2654" WIDTH="38" HEIGHT="41" CONTENT="is" />
            <SP ID="SP_99877" HPOS="851" VPOS="2654" WIDTH="31" HEIGHT="0" />
            <String ID="Word_110793" HPOS="882" VPOS="2657" WIDTH="77" HEIGHT="38" CONTENT="not" />
            <SP ID="SP_99878" HPOS="959" VPOS="2652" WIDTH="31" HEIGHT="0" />
            <String ID="Word_110794" HPOS="990" VPOS="2666" WIDTH="236" HEIGHT="42" CONTENT="paralysed." />
            <SP ID="SP_99879" HPOS="1226" VPOS="2650" WIDTH="63" HEIGHT="0" />
            <String ID="Word_110795" HPOS="1289" VPOS="2650" WIDTH="69" HEIGHT="42" CONTENT="He" />
            <SP ID="SP_99880" HPOS="1358" VPOS="2649" WIDTH="33" HEIGHT="0" />
            <String ID="Word_110796" HPOS="1391" VPOS="2649" WIDTH="100" HEIGHT="51" CONTENT="also," />
            <SP ID="SP_99881" HPOS="1491" VPOS="2649" WIDTH="22" HEIGHT="0" />
            <String ID="Word_110797" HPOS="1513" VPOS="2649" WIDTH="88" HEIGHT="42" CONTENT="like" />
            <SP ID="SP_99882" HPOS="1601" VPOS="2649" WIDTH="32" HEIGHT="0" />
            <String ID="Word_110798" HPOS="1633" VPOS="2663" WIDTH="54" HEIGHT="27" CONTENT="an" />
            <SP ID="SP_99883" HPOS="1687" VPOS="2646" WIDTH="33" HEIGHT="0" />
            <String ID="Word_110799" HPOS="1720" VPOS="2646" WIDTH="265" HEIGHT="44" CONTENT="uneducated" />
          </TextLine>
          <TextLine ID="TextLine_10922" HPOS="373" VPOS="2717" WIDTH="1609" HEIGHT="60">
            <String ID="Word_110800" HPOS="373" VPOS="2729" WIDTH="251" HEIGHT="42" CONTENT="deaf-mute," />
            <SP ID="SP_99884" HPOS="624" VPOS="2725" WIDTH="22" HEIGHT="0" />
            <String ID="Word_110801" HPOS="646" VPOS="2725" WIDTH="190" HEIGHT="42" CONTENT="imitates" />
            <SP ID="SP_99885" HPOS="836" VPOS="2723" WIDTH="24" HEIGHT="0" />
            <String ID="Word_110802" HPOS="860" VPOS="2723" WIDTH="176" HEIGHT="43" CONTENT="actions," />
            <SP ID="SP_99886" HPOS="1036" VPOS="2722" WIDTH="23" HEIGHT="0" />
            <String ID="Word_110803" HPOS="1059" VPOS="2722" WIDTH="83" HEIGHT="42" CONTENT="and" />
            <SP ID="SP_99887" HPOS="1142" VPOS="2721" WIDTH="23" HEIGHT="0" />
            <String ID="Word_110804" HPOS="1165" VPOS="2721" WIDTH="182" HEIGHT="42" CONTENT="&quot;makes" />
            <SP ID="SP_99888" HPOS="1347" VPOS="2720" WIDTH="21" HEIGHT="0" />
            <String ID="Word_110805" HPOS="1368" VPOS="2725" WIDTH="189" HEIGHT="50" CONTENT="pictures" />
            <SP ID="SP_99889" HPOS="1557" VPOS="2719" WIDTH="22" HEIGHT="0" />
            <String ID="Word_110806" HPOS="1579" VPOS="2719" WIDTH="46" HEIGHT="42" CONTENT="in" />
            <SP ID="SP_99890" HPOS="1625" VPOS="2719" WIDTH="22" HEIGHT="0" />
            <String ID="Word_110807" HPOS="1647" VPOS="2719" WIDTH="73" HEIGHT="41" CONTENT="the" />
            <SP ID="SP_99891" HPOS="1720" VPOS="2719" WIDTH="22" HEIGHT="0" />
            <String ID="Word_110808" HPOS="1742" VPOS="2719" WIDTH="97" HEIGHT="41" CONTENT="air.&quot;" />
            <SP ID="SP_99892" HPOS="1839" VPOS="2717" WIDTH="62" HEIGHT="0" />
            <String ID="Word_110809" HPOS="1901" VPOS="2717" WIDTH="81" HEIGHT="43" CONTENT="But" />
          </TextLine>
          <TextLine ID="TextLine_10923" HPOS="373" VPOS="2789" WIDTH="1613" HEIGHT="61">
            <String ID="Word_110810" HPOS="373" VPOS="2813" WIDTH="117" HEIGHT="30" CONTENT="some" />
            <SP ID="SP_99893" HPOS="490" VPOS="2806" WIDTH="23" HEIGHT="0" />
            <String ID="Word_110811" HPOS="513" VPOS="2811" WIDTH="117" HEIGHT="29" CONTENT="cases" />
            <SP ID="SP_99894" HPOS="630" VPOS="2797" WIDTH="22" HEIGHT="0" />
            <String ID="Word_110812" HPOS="652" VPOS="2797" WIDTH="43" HEIGHT="41" CONTENT="of" />
            <SP ID="SP_99895" HPOS="695" VPOS="2794" WIDTH="21" HEIGHT="0" />
            <String ID="Word_110813" HPOS="716" VPOS="2794" WIDTH="195" HEIGHT="43" CONTENT="Aphasia" />
            <SP ID="SP_99896" HPOS="911" VPOS="2794" WIDTH="22" HEIGHT="0" />
            <String ID="Word_110814" HPOS="933" VPOS="2807" WIDTH="116" HEIGHT="29" CONTENT="show" />
            <SP ID="SP_99897" HPOS="1049" VPOS="2791" WIDTH="25" HEIGHT="0" />
            <String ID="Word_110815" HPOS="1074" VPOS="2791" WIDTH="276" HEIGHT="42" CONTENT="impairment" />
            <SP ID="SP_99898" HPOS="1350" VPOS="2790" WIDTH="21" HEIGHT="0" />
            <String ID="Word_110816" HPOS="1371" VPOS="2790" WIDTH="44" HEIGHT="42" CONTENT="of" />
            <SP ID="SP_99899" HPOS="1415" VPOS="2790" WIDTH="32" HEIGHT="0" />
            <String ID="Word_110817" HPOS="1447" VPOS="2790" WIDTH="85" HEIGHT="41" CONTENT="this" />
            <SP ID="SP_99900" HPOS="1532" VPOS="2790" WIDTH="31" HEIGHT="0" />
            <String ID="Word_110818" HPOS="1563" VPOS="2794" WIDTH="169" HEIGHT="51" CONTENT="gesture" />
            <SP ID="SP_99901" HPOS="1732" VPOS="2789" WIDTH="22" HEIGHT="0" />
            <String ID="Word_110819" HPOS="1754" VPOS="2789" WIDTH="205" HEIGHT="55" CONTENT="langunge" />
            <SP ID="SP_99902" HPOS="1959" VPOS="2789" WIDTH="18" HEIGHT="0" />
            <String ID="Word_110820" HPOS="1977" VPOS="2802" WIDTH="9" HEIGHT="37" CONTENT=";" />
          </TextLine>
          <TextLine ID="TextLine_10924" HPOS="373" VPOS="2859" WIDTH="1613" HEIGHT="63">
            <String ID="Word_110821" HPOS="373" VPOS="2870" WIDTH="86" HEIGHT="43" CONTENT="and" />
            <SP ID="SP_99903" HPOS="459" VPOS="2869" WIDTH="22" HEIGHT="0" />
            <String ID="Word_110822" HPOS="481" VPOS="2869" WIDTH="120" HEIGHT="42" CONTENT="there" />
            <SP ID="SP_99904" HPOS="601" VPOS="2869" WIDTH="24" HEIGHT="0" />
            <String ID="Word_110823" HPOS="625" VPOS="2881" WIDTH="98" HEIGHT="28" CONTENT="may" />
            <SP ID="SP_99905" HPOS="723" VPOS="2866" WIDTH="22" HEIGHT="0" />
            <String ID="Word_110824" HPOS="745" VPOS="2866" WIDTH="53" HEIGHT="42" CONTENT="be" />
            <SP ID="SP_99906" HPOS="798" VPOS="2864" WIDTH="21" HEIGHT="0" />
            <String ID="Word_110825" HPOS="819" VPOS="2864" WIDTH="280" HEIGHT="43" CONTENT="impairment" />
            <SP ID="SP_99907" HPOS="1099" VPOS="2862" WIDTH="26" HEIGHT="0" />
            <String ID="Word_110826" HPOS="1125" VPOS="2876" WIDTH="88" HEIGHT="28" CONTENT="also" />
            <SP ID="SP_99908" HPOS="1213" VPOS="2861" WIDTH="32" HEIGHT="0" />
            <String ID="Word_110827" HPOS="1245" VPOS="2861" WIDTH="45" HEIGHT="42" CONTENT="of" />
            <SP ID="SP_99909" HPOS="1290" VPOS="2861" WIDTH="30" HEIGHT="0" />
            <String ID="Word_110828" HPOS="1320" VPOS="2861" WIDTH="73" HEIGHT="42" CONTENT="the" />
            <SP ID="SP_99910" HPOS="1393" VPOS="2861" WIDTH="31" HEIGHT="0" />
            <String ID="Word_110829" HPOS="1424" VPOS="2874" WIDTH="141" HEIGHT="41" CONTENT="power" />
            <SP ID="SP_99911" HPOS="1565" VPOS="2860" WIDTH="22" HEIGHT="0" />
            <String ID="Word_110830" HPOS="1587" VPOS="2860" WIDTH="45" HEIGHT="42" CONTENT="of" />
            <SP ID="SP_99912" HPOS="1632" VPOS="2859" WIDTH="18" HEIGHT="0" />
            <String ID="Word_110831" HPOS="1650" VPOS="2859" WIDTH="336" HEIGHT="53" CONTENT="understanding" />
          </TextLine>
          <TextLine ID="TextLine_10925" HPOS="371" VPOS="2928" WIDTH="1613" HEIGHT="69">
            <String ID="Word_110832" HPOS="371" VPOS="2942" WIDTH="75" HEIGHT="42" CONTENT="the" />
            <SP ID="SP_99913" HPOS="446" VPOS="2942" WIDTH="21" HEIGHT="0" />
            <String ID="Word_110833" HPOS="467" VPOS="2953" WIDTH="171" HEIGHT="44" CONTENT="gesture" />
            <SP ID="SP_99914" HPOS="638" VPOS="2937" WIDTH="22" HEIGHT="0" />
            <String ID="Word_110834" HPOS="660" VPOS="2937" WIDTH="210" HEIGHT="55" CONTENT="language" />
            <SP ID="SP_99915" HPOS="870" VPOS="2935" WIDTH="21" HEIGHT="0" />
            <String ID="Word_110835" HPOS="891" VPOS="2935" WIDTH="44" HEIGHT="42" CONTENT="of" />
            <SP ID="SP_99916" HPOS="935" VPOS="2934" WIDTH="32" HEIGHT="0" />
            <String ID="Word_110836" HPOS="967" VPOS="2934" WIDTH="153" HEIGHT="42" CONTENT="others." />
            <SP ID="SP_99917" HPOS="1120" VPOS="2932" WIDTH="64" HEIGHT="0" />
            <String ID="Word_110837" HPOS="1184" VPOS="2932" WIDTH="53" HEIGHT="41" CONTENT="In" />
            <SP ID="SP_99918" HPOS="1237" VPOS="2932" WIDTH="31" HEIGHT="0" />
            <String ID="Word_110838" HPOS="1268" VPOS="2945" WIDTH="94" HEIGHT="29" CONTENT="rare" />
            <SP ID="SP_99919" HPOS="1362" VPOS="2944" WIDTH="32" HEIGHT="0" />
            <String ID="Word_110839" HPOS="1394" VPOS="2944" WIDTH="129" HEIGHT="37" CONTENT="cases," />
            <SP ID="SP_99920" HPOS="1523" VPOS="2930" WIDTH="31" HEIGHT="0" />
            <String ID="Word_110840" HPOS="1554" VPOS="2930" WIDTH="136" HEIGHT="56" CONTENT="again," />
            <SP ID="SP_99921" HPOS="1690" VPOS="2929" WIDTH="26" HEIGHT="0" />
            <String ID="Word_110841" HPOS="1716" VPOS="2929" WIDTH="74" HEIGHT="43" CONTENT="the" />
            <SP ID="SP_99922" HPOS="1790" VPOS="2928" WIDTH="30" HEIGHT="0" />
            <String ID="Word_110842" HPOS="1820" VPOS="2932" WIDTH="164" HEIGHT="51" CONTENT="patient" />
          </TextLine>
          <TextLine ID="TextLine_10926" HPOS="372" VPOS="2996" WIDTH="1612" HEIGHT="65">
            <String ID="Word_110843" HPOS="372" VPOS="3014" WIDTH="78" HEIGHT="42" CONTENT="has" />
            <SP ID="SP_99923" HPOS="450" VPOS="3012" WIDTH="22" HEIGHT="0" />
            <String ID="Word_110844" HPOS="472" VPOS="3012" WIDTH="109" HEIGHT="42" CONTENT="been" />
            <SP ID="SP_99924" HPOS="581" VPOS="3008" WIDTH="22" HEIGHT="0" />
            <String ID="Word_110845" HPOS="603" VPOS="3008" WIDTH="134" HEIGHT="43" CONTENT="found" />
            <SP ID="SP_99925" HPOS="737" VPOS="3008" WIDTH="22" HEIGHT="0" />
            <String ID="Word_110846" HPOS="759" VPOS="3012" WIDTH="44" HEIGHT="38" CONTENT="to" />
            <SP ID="SP_99926" HPOS="803" VPOS="3012" WIDTH="22" HEIGHT="0" />
            <String ID="Word_110847" HPOS="825" VPOS="3019" WIDTH="76" HEIGHT="30" CONTENT="use" />
            <SP ID="SP_99927" HPOS="901" VPOS="3003" WIDTH="22" HEIGHT="0" />
            <String ID="Word_110848" HPOS="923" VPOS="3003" WIDTH="283" HEIGHT="58" CONTENT="pantomimic" />
            <SP ID="SP_99928" HPOS="1206" VPOS="3003" WIDTH="22" HEIGHT="0" />
            <String ID="Word_110849" HPOS="1228" VPOS="3016" WIDTH="115" HEIGHT="43" CONTENT="signs" />
            <SP ID="SP_99929" HPOS="1343" VPOS="3001" WIDTH="22" HEIGHT="0" />
            <String ID="Word_110850" HPOS="1365" VPOS="3001" WIDTH="194" HEIGHT="56" CONTENT="wrongly," />
            <SP ID="SP_99930" HPOS="1559" VPOS="3000" WIDTH="19" HEIGHT="0" />
            <String ID="Word_110851" HPOS="1578" VPOS="3000" WIDTH="189" HEIGHT="56" CONTENT="nodding" />
            <SP ID="SP_99931" HPOS="1767" VPOS="2999" WIDTH="16" HEIGHT="0" />
            <String ID="Word_110852" HPOS="1783" VPOS="2999" WIDTH="67" HEIGHT="42" CONTENT="his" />
            <SP ID="SP_99932" HPOS="1850" VPOS="2996" WIDTH="17" HEIGHT="0" />
            <String ID="Word_110853" HPOS="1867" VPOS="2996" WIDTH="117" HEIGHT="51" CONTENT="head," />
          </TextLine>
        </TextBlock>
      </PrintSpace>
    </Page>
  </Layout>
</alto>
