2107 3450
731 271 228 31 AUDITOHY
995 271 205 31 APHASIA.

1707 257 84 45 285

138 412 182 44 gesture.
385 396 54 42 In
478 408 118 30 cases
634 391 230 58 originally
890 391 86 42 less
1015 404 160 38 severe,
1199 390 86 42 and
1323 390 47 42 in
1408 404 119 29 cases
1565 392 46 40 in
1650 390 142 43 which

138 484 204 30 recovery
364 469 38 42 is
434 480 258 41 advancing,
715 465 75 42 the
823 463 172 56 patient
1028 476 100 43 may
1153 462 273 43 understand
1448 476 25 28 a
1496 462 110 56 good
1630 462 97 43 deal
1751 463 45 41 of

140 556 115 27 what
276 541 36 42 is
335 539 94 44 said
454 546 42 35 to
519 538 119 42 him;
671 537 80 42 but
773 535 55 43 he
861 535 37 42 is
921 538 77 52 apt
1021 540 43 36 to
1088 534 173 42 exhibit
1283 533 159 44 failure
1463 534 47 42 in
1535 533 75 43 the
1635 534 160 43 under-

137 613 205 43 standing
357 612 45 41 of
414 624 153 38 nouns,
582 608 236 57 especially
833 607 45 42 of
893 606 124 43 those
1032 606 144 43 which
1194 620 71 29 are
1282 605 74 44 the
1373 620 149 29 names
1539 606 47 42 of
1597 611 199 39 concrete

138 685 156 42 things.
349 683 44 42 It
406 683 36 41 is
459 681 139 43 worth
615 680 156 43 noting
789 684 97 38 that
903 678 197 57 patients
1116 678 174 52 unable,
1309 678 113 43 from
1441 678 358 53 word-deafness,

137 761 43 37 to
218 754 272 43 understand
528 753 218 56 anything
783 751 101 53 else,
922 765 103 42 may
1068 754 87 53 yet,
1194 751 46 42 in
1279 765 120 29 some
1439 765 131 38 cases,
1607 751 191 57 respond

139 826 127 43 when
289 825 116 43 their
427 839 97 29 own
548 838 151 29 names
723 838 73 29 are
819 822 151 44 called.

200 900 52 41 In
276 897 271 43 illustration
572 897 44 42 of
641 896 354 43 word-deafness,
1015 894 22 43 I
1061 895 131 42 think
1215 895 23 42 I
1263 900 162 38 cannot
1447 895 54 43 do
1526 895 142 44 better
1693 896 104 43 than

138 970 134 43 select
305 983 119 29 some
457 969 227 56 questions
718 968 88 42 and
839 981 191 29 answers
1064 967 113 42 from
1210 967 75 42 the
1319 967 308 43 conversation
1657 968 144 42 which

139 1043 39 43 is
200 1041 308 44 incorporated
538 1041 49 42 in
608 1038 277 46 Wernicke's
908 1039 151 44 record
1083 1040 44 42 of
1153 1054 82 28 one
1258 1039 47 43 of
1324 1039 75 43 the
1423 1054 119 29 cases
1564 1040 238 56 published

141 1116 59 41 by
222 1115 95 42 him
349 1115 48 42 in
429 1114 75 43 the
536 1128 136 42 paper
705 1114 143 41 which
882 1112 76 43 did
982 1126 45 29 so
1052 1112 132 43 much
1207 1116 44 38 to
1276 1112 128 43 make
1426 1112 76 43 the
1525 1126 279 42 phenomena

141 1188 45 43 of
209 1186 192 58 Sensory
423 1186 199 57 Aphasia
651 1185 224 58 generally
897 1186 166 41 known
1095 1189 44 38 to
1167 1185 76 42 the
1266 1185 257 56 profession.
1589 1185 82 43 Let
1692 1186 38 42 it
1750 1186 54 42 be

144 1259 266 44 understood
433 1259 97 42 that
551 1259 48 42 in
622 1258 88 43 this
734 1272 110 29 case,
866 1258 86 43 and
970 1258 46 41 in
1040 1257 60 43 all
1123 1257 74 43 the
1221 1257 147 43 others
1391 1261 45 39 to
1459 1258 53 42 be
1536 1258 189 43 referred
1748 1263 57 48 to,

146 1333 183 43 hearing
353 1346 86 28 was
462 1332 150 42 intact.

203 1477 119 43 Case
346 1476 33 43 I.
408 1475 275 57 (Wernicke,
705 1475 90 42 Der
816 1474 264 56 Aphasische
1102 1473 468 57 Symptomencomplex,
1594 1475 210 58 1874).—

141 1549 44 42 A
208 1549 154 42 widow
395 1548 46 42 of
470 1562 24 27 a
527 1561 237 38 workman,
787 1547 108 56 aged
930 1546 69 43 59,
1030 1546 178 43 became
1242 1546 220 43 suddenly
1483 1546 51 43 ill
1566 1547 48 42 in
1646 1548 160 44 March

144 1621 127 46 1874,
290 1620 108 42 with
417 1620 166 43 vertigo
606 1619 88 43 and
715 1618 233 52 headache,
967 1618 81 42 but
1065 1618 191 43 without
1271 1618 88 43 loss
1383 1619 47 42 of
1449 1620 333 44 consciousness
1800 1638 10 38 ;

142 1693 86 42 and
251 1692 136 56 spoke
410 1690 274 57 confusedly,
705 1689 257 57 expressing
993 1689 165 44 herself
1190 1689 253 44 sometimes
1477 1692 226 56 correctly,
1725 1693 82 43 but

142 1777 248 42 answering
422 1762 226 57 questions
671 1762 124 56 quite
819 1766 43 38 at
885 1761 195 43 random.
1144 1761 92 43 The
1263 1762 173 55 patient
1458 1767 46 38 at
1526 1763 96 43 first
1645 1765 161 43 under-

142 1836 126 43 stood
290 1835 248 56 absolutely
560 1835 188 42 nothing
769 1834 99 43 that
891 1849 88 28 was
1003 1834 94 43 said
1123 1839 43 37 to
1189 1834 104 43 her;
1317 1835 81 42 but
1420 1849 82 29 one
1525 1836 87 43 had
1635 1841 44 39 to
1703 1839 104 43 take

142 1923 96 28 care
274 1913 77 37 not
385 1911 45 39 to
467 1907 131 43 assist
634 1907 79 43 her
749 1907 59 56 by
843 1920 186 44 gesture.
1094 1906 89 43 Yet
1217 1907 129 42 when
1385 1907 77 43 she
1500 1909 137 55 spoke
1676 1924 130 29 spon-

145 1980 241 56 taneously,
424 1980 77 42 she
545 1979 237 44 expressed
822 1978 178 44 herself,
1029 1978 111 43 with
1181 1979 297 57 intelligence,
1516 1981 168 58 though
1729 1984 77 43 she

146 2051 294 57 occasionally
475 2050 369 44 mispronounced
879 2065 25 28 a
940 2050 120 42 word
1096 2065 46 27 or
1177 2051 109 43 used
1322 2066 24 27 a
1381 2066 149 43 wrong
1564 2067 92 30 one.
1724 2055 86 43 She

145 2123 228 56 gradually
388 2123 254 56 improved;
664 2123 87 42 and
769 2137 55 28 on
843 2122 75 43 the
938 2122 109 42 20th
1065 2122 44 42 of
1125 2121 132 57 April
1276 2121 129 46 1874,
1419 2123 129 43 when
1565 2122 244 48 Wernicke

144 2195 209 43 recorded
381 2195 77 43 the
482 2195 88 43 last
601 2209 104 29 note
737 2195 47 42 of
811 2194 79 43 her
911 2208 211 43 progress,
1146 2194 74 43 the
1245 2195 343 45 word-deafness
1611 2196 88 44 had
1722 2198 86 44 dis-

144 2267 230 57 appeared,
389 2267 86 43 and
494 2268 77 42 she
588 2267 87 43 had
693 2266 91 44 also
802 2267 127 42 made
947 2281 25 28 a
988 2271 122 52 great
1128 2266 194 43 advance
1340 2268 46 41 in
1404 2282 150 42 power
1571 2269 47 42 of
1632 2283 175 31 expres-

143 2341 106 42 sion.
315 2340 119 43 Here
457 2340 37 43 is
517 2354 25 28 a
563 2340 118 42 little
704 2340 66 42 bit
793 2340 43 41 of
859 2339 75 43 the
958 2339 307 43 conversation
1287 2340 104 43 held
1414 2341 108 42 with
1547 2341 88 52 her,
1654 2357 55 28 on
1733 2344 76 44 the

146 2413 107 42 18th
277 2413 47 42 of
342 2413 167 42 March,
535 2412 126 43 when
685 2412 325 56 improvement
1033 2411 87 43 had
1150 2412 178 57 already
1351 2413 156 57 begun.
1573 2414 45 43 It
1641 2416 93 43 will
1756 2417 54 44 be

146 2485 211 43 observed
381 2485 98 42 that
497 2485 75 43 she
596 2484 268 44 understood
883 2484 75 43 the
977 2484 96 43 first
1096 2485 218 56 question,
1333 2499 24 28 a
1380 2488 313 42 conventional
1717 2503 93 30 one.

208 2563 20 16 "
245 2558 122 42 Good
387 2559 204 54 morning
609 2575 8 36 ;
640 2558 97 42 how
762 2572 70 28 are
856 2572 88 41 you
961 2559 15 41 ?
993 2557 19 16 "
1067 2560 21 18 "
1103 2556 157 43 Thank
1279 2572 86 43 you
1382 2574 10 38 ;
1415 2558 22 43 I
1461 2573 71 29 am
1549 2575 108 41 very
1678 2563 136 43 well."

147 2635 19 15 "
184 2630 114 43 How
322 2630 70 43 old
418 2644 71 32 are
522 2644 88 42 you
628 2632 14 40 ?
659 2630 19 16 "
743 2634 20 18 "
779 2630 156 42 Thank
958 2644 87 42 you
1063 2646 9 37 ;
1105 2629 133 57 fairly
1261 2630 139 43 well."
1463 2635 21 18 "
1499 2632 117 44 How
1640 2634 72 43 old
1740 2649 73 30 are

148 2716 86 42 you
252 2702 50 43 ?"
356 2706 21 18 "
392 2702 70 43 Do
485 2717 87 42 you
597 2717 126 28 mean
740 2707 44 39 to
804 2702 79 43 ask
900 2702 99 43 how
1020 2702 22 42 I
1061 2702 105 43 hear
1183 2702 52 44 V
1289 2703 61 42 "I
1370 2704 111 43 wish
1500 2710 44 37 to
1562 2706 132 44 know
1713 2708 100 44 how

148 2774 72 42 old
242 2788 88 43 you
352 2789 82 29 are.
488 2775 116 42 How
628 2775 71 43 old
723 2789 72 30 are
817 2790 89 42 you
927 2775 51 43 ?"
1033 2776 20 22 "
1071 2775 181 44 Indeed,
1277 2776 97 43 that
1396 2778 36 42 is
1451 2778 96 56 just
1570 2779 119 44 what
1711 2781 24 42 I
1758 2781 55 44 do

149 2850 78 38 not
247 2846 131 43 know
412 2881 133 9 ....
579 2862 47 29 as
650 2848 22 42 I
697 2848 105 43 hear
825 2848 93 42 folk
942 2848 115 56 say."
1120 2851 20 18 "
1158 2846 170 46 Would
1352 2864 87 43 you
1463 2851 147 56 please
1636 2857 45 39 to
1713 2854 100 57 give

150 2932 69 29 me
254 2932 110 42 your
398 2919 117 42 hand
535 2919 50 43 ?"
649 2920 60 43 "I
745 2920 140 57 really
909 2921 54 42 do
1000 2925 79 38 not
1113 2921 129 43 know
1269 2922 97 43 how
1401 2921 59 56 I,"
1483 2929 78 39 etc.
1586 2925 77 57 (no
1698 2932 116 38 trace

150 2991 46 42 of
218 2991 393 57 comprehension).
675 2997 21 17 "
712 2993 164 43 Where
899 2993 37 43 is
960 2993 192 44 Richard
1171 2996 15 42 ?
1203 2994 20 16 "
1288 2995 60 42 "I
1371 2995 55 44 do
1444 3002 80 37 not
1545 2997 132 44 know
1696 3004 119 38 what

155 3064 19 42 I
208 3063 113 44 shall
355 3077 88 43 say.
507 3063 81 57 My
622 3078 128 30 name
782 3065 37 43 is
852 3065 114 43 Frau
1000 3065 184 43 Adam."
1249 3067 201 44 "Where
1483 3068 38 44 is
1554 3069 262 45 Richard?"

153 3136 255 57 (Considers
431 3150 25 29 a
477 3135 104 58 long
605 3137 139 55 time),
765 3142 22 16 "
803 3137 126 43 Mein
954 3137 160 44 Sodam
1137 3138 174 57 (Sohn),
1334 3141 118 42 mein
1477 3141 232 45 Richard."
