<?xml version="1.0" encoding="UTF-8"?>
<alto xmlns="http://www.loc.gov/standards/alto/ns-v2#" xmlns:xsi="http://www.w3.org/2001/XMLSchema-instance" xsi:schemaLocation="http://www.loc.gov/standards/alto/ns-v2# http://www.loc.gov/standards/alto/alto.xsd">
  <Description>
    <MeasurementUnit>pixel</MeasurementUnit>
    <sourceImageInformation>
      <fileName>b21273911_abbyy.xml</fileName>
    </sourceImageInformation>
    <OCRProcessing ID="OCR_1">
      <preProcessingStep>
        <processingDateTime>2014-10-24T02:15:27</processingDateTime>
        <processingAgency>intranda GmbH, www.intranda.com</processingAgency>
        <processingSoftware>
          <softwareCreator>intranda GmbH, Germany</softwareCreator>
          <softwareName>intranda OCR Module for TaskManager</softwareName>
          <softwareVersion>1.0r42</softwareVersion>
        </processingSoftware>
      </preProcessingStep>
      <ocrProcessingStep>
        <processingSoftware>
          <softwareCreator>ABBYY (BIT Software), Russia</softwareCreator>
          <softwareName>FineReader Engine</softwareName>
          <softwareVersion>10</softwareVersion>
        </processingSoftware>
      </ocrProcessingStep>
    </OCRProcessing>
  </Description>
  <Layout>
    <Page PHYSICAL_IMG_NR="21" ID="PAGE_21" WIDTH="2149" HEIGHT="3654">
      <TopMargin ID="TopMargin_1" HPOS="272" VPOS="268" WIDTH="1438" HEIGHT="46">
        <TextBlock ID="TextBlock_97" HPOS="272" VPOS="268" WIDTH="1438" HEIGHT="46">
          <TextLine ID="TextLine_388" HPOS="1685" VPOS="268" WIDTH="25" HEIGHT="45">
            <String ID="Word_3173" HPOS="1685" VPOS="268" WIDTH="25" HEIGHT="45" CONTENT="7" />
          </TextLine>
          <TextLine ID="TextLine_387" HPOS="272" VPOS="276" WIDTH="1210" HEIGHT="38">
            <String ID="Word_3166" HPOS="272" VPOS="277" WIDTH="308" HEIGHT="37" CONTENT="STAMMERING," />
            <SP ID="SP_2780" HPOS="580" VPOS="277" WIDTH="34" HEIGHT="0" />
            <String ID="Word_3167" HPOS="614" VPOS="278" WIDTH="92" HEIGHT="30" CONTENT="AND" />
            <SP ID="SP_2781" HPOS="706" VPOS="276" WIDTH="33" HEIGHT="0" />
            <String ID="Word_3168" HPOS="739" VPOS="276" WIDTH="88" HEIGHT="34" CONTENT="THE" />
            <SP ID="SP_2782" HPOS="827" VPOS="276" WIDTH="34" HEIGHT="0" />
            <String ID="Word_3169" HPOS="861" VPOS="277" WIDTH="146" HEIGHT="31" CONTENT="STUDY" />
            <SP ID="SP_2783" HPOS="1007" VPOS="277" WIDTH="33" HEIGHT="0" />
            <String ID="Word_3170" HPOS="1040" VPOS="277" WIDTH="55" HEIGHT="32" CONTENT="OF" />
            <SP ID="SP_2784" HPOS="1095" VPOS="277" WIDTH="22" HEIGHT="0" />
            <String ID="Word_3171" HPOS="1117" VPOS="277" WIDTH="88" HEIGHT="31" CONTENT="THE" />
            <SP ID="SP_2785" HPOS="1205" VPOS="277" WIDTH="32" HEIGHT="0" />
            <String ID="Word_3172" HPOS="1237" VPOS="278" WIDTH="245" HEIGHT="32" CONTENT="ALPHABET." />
          </TextLine>
        </TextBlock>
      </TopMargin>
      <PrintSpace ID="PrintSpace_22" HPOS="42" VPOS="391" WIDTH="1683" HEIGHT="2777">
        <TextBlock ID="TextBlock_96" HPOS="42" VPOS="391" WIDTH="1683" HEIGHT="2777">
          <TextLine ID="TextLine_389" HPOS="54" VPOS="397" WIDTH="1656" HEIGHT="56">
            <String ID="Word_3174" HPOS="54" VPOS="403" WIDTH="155" HEIGHT="45" CONTENT="within" />
            <SP ID="SP_2786" HPOS="209" VPOS="403" WIDTH="38" HEIGHT="0" />
            <String ID="Word_3175" HPOS="247" VPOS="416" WIDTH="25" HEIGHT="28" CONTENT="a" />
            <SP ID="SP_2787" HPOS="272" VPOS="401" WIDTH="37" HEIGHT="0" />
            <String ID="Word_3176" HPOS="309" VPOS="401" WIDTH="91" HEIGHT="42" CONTENT="foot" />
            <SP ID="SP_2788" HPOS="400" VPOS="401" WIDTH="37" HEIGHT="0" />
            <String ID="Word_3177" HPOS="437" VPOS="414" WIDTH="46" HEIGHT="27" CONTENT="or" />
            <SP ID="SP_2789" HPOS="483" VPOS="404" WIDTH="38" HEIGHT="0" />
            <String ID="Word_3178" HPOS="521" VPOS="404" WIDTH="86" HEIGHT="37" CONTENT="two" />
            <SP ID="SP_2790" HPOS="607" VPOS="398" WIDTH="34" HEIGHT="0" />
            <String ID="Word_3179" HPOS="641" VPOS="398" WIDTH="45" HEIGHT="43" CONTENT="of" />
            <SP ID="SP_2791" HPOS="686" VPOS="397" WIDTH="47" HEIGHT="0" />
            <String ID="Word_3180" HPOS="733" VPOS="397" WIDTH="76" HEIGHT="43" CONTENT="the" />
            <SP ID="SP_2792" HPOS="809" VPOS="397" WIDTH="42" HEIGHT="0" />
            <String ID="Word_3181" HPOS="851" VPOS="397" WIDTH="387" HEIGHT="56" CONTENT="sounding-board," />
            <SP ID="SP_2793" HPOS="1238" VPOS="397" WIDTH="37" HEIGHT="0" />
            <String ID="Word_3182" HPOS="1275" VPOS="397" WIDTH="99" HEIGHT="56" CONTENT="sing" />
            <SP ID="SP_2794" HPOS="1374" VPOS="397" WIDTH="43" HEIGHT="0" />
            <String ID="Word_3183" HPOS="1417" VPOS="413" WIDTH="81" HEIGHT="28" CONTENT="one" />
            <SP ID="SP_2795" HPOS="1498" VPOS="399" WIDTH="43" HEIGHT="0" />
            <String ID="Word_3184" HPOS="1541" VPOS="399" WIDTH="45" HEIGHT="42" CONTENT="of" />
            <SP ID="SP_2796" HPOS="1586" VPOS="399" WIDTH="48" HEIGHT="0" />
            <String ID="Word_3185" HPOS="1634" VPOS="399" WIDTH="76" HEIGHT="41" CONTENT="the" />
          </TextLine>
          <TextLine ID="TextLine_390" HPOS="52" VPOS="468" WIDTH="1658" HEIGHT="58">
            <String ID="Word_3186" HPOS="52" VPOS="488" WIDTH="173" HEIGHT="30" CONTENT="vowels," />
            <SP ID="SP_2797" HPOS="225" VPOS="473" WIDTH="23" HEIGHT="0" />
            <String ID="Word_3187" HPOS="248" VPOS="473" WIDTH="107" HEIGHT="43" CONTENT="such" />
            <SP ID="SP_2798" HPOS="355" VPOS="473" WIDTH="33" HEIGHT="0" />
            <String ID="Word_3188" HPOS="388" VPOS="487" WIDTH="46" HEIGHT="27" CONTENT="as" />
            <SP ID="SP_2799" HPOS="434" VPOS="481" WIDTH="22" HEIGHT="0" />
            <String ID="Word_3189" HPOS="456" VPOS="481" WIDTH="31" HEIGHT="32" CONTENT="O" />
            <SP ID="SP_2800" HPOS="487" VPOS="481" WIDTH="23" HEIGHT="0" />
            <String ID="Word_3190" HPOS="510" VPOS="485" WIDTH="46" HEIGHT="28" CONTENT="or" />
            <SP ID="SP_2801" HPOS="556" VPOS="480" WIDTH="21" HEIGHT="0" />
            <String ID="Word_3191" HPOS="577" VPOS="480" WIDTH="40" HEIGHT="33" CONTENT="e," />
            <SP ID="SP_2802" HPOS="617" VPOS="470" WIDTH="33" HEIGHT="0" />
            <String ID="Word_3192" HPOS="650" VPOS="470" WIDTH="48" HEIGHT="41" CONTENT="in" />
            <SP ID="SP_2803" HPOS="698" VPOS="470" WIDTH="37" HEIGHT="0" />
            <String ID="Word_3193" HPOS="735" VPOS="483" WIDTH="25" HEIGHT="28" CONTENT="a" />
            <SP ID="SP_2804" HPOS="760" VPOS="468" WIDTH="38" HEIGHT="0" />
            <String ID="Word_3194" HPOS="798" VPOS="468" WIDTH="126" HEIGHT="52" CONTENT="clear," />
            <SP ID="SP_2805" HPOS="924" VPOS="468" WIDTH="31" HEIGHT="0" />
            <String ID="Word_3195" HPOS="955" VPOS="469" WIDTH="105" HEIGHT="42" CONTENT="loud" />
            <SP ID="SP_2806" HPOS="1060" VPOS="469" WIDTH="36" HEIGHT="0" />
            <String ID="Word_3196" HPOS="1096" VPOS="473" WIDTH="104" HEIGHT="38" CONTENT="tone" />
            <SP ID="SP_2807" HPOS="1200" VPOS="469" WIDTH="34" HEIGHT="0" />
            <String ID="Word_3197" HPOS="1234" VPOS="469" WIDTH="45" HEIGHT="42" CONTENT="of" />
            <SP ID="SP_2808" HPOS="1279" VPOS="469" WIDTH="33" HEIGHT="0" />
            <String ID="Word_3198" HPOS="1312" VPOS="469" WIDTH="88" HEIGHT="43" CONTENT="low" />
            <SP ID="SP_2809" HPOS="1400" VPOS="469" WIDTH="23" HEIGHT="0" />
            <String ID="Word_3199" HPOS="1423" VPOS="470" WIDTH="131" HEIGHT="55" CONTENT="pitch." />
            <SP ID="SP_2810" HPOS="1554" VPOS="470" WIDTH="64" HEIGHT="0" />
            <String ID="Word_3200" HPOS="1618" VPOS="470" WIDTH="92" HEIGHT="43" CONTENT="The" />
          </TextLine>
          <TextLine ID="TextLine_391" HPOS="53" VPOS="540" WIDTH="1659" HEIGHT="61">
            <String ID="Word_3201" HPOS="53" VPOS="560" WIDTH="130" HEIGHT="41" CONTENT="piano" />
            <SP ID="SP_2811" HPOS="183" VPOS="545" WIDTH="18" HEIGHT="0" />
            <String ID="Word_3202" HPOS="201" VPOS="545" WIDTH="91" HEIGHT="42" CONTENT="will" />
            <SP ID="SP_2812" HPOS="292" VPOS="545" WIDTH="18" HEIGHT="0" />
            <String ID="Word_3203" HPOS="310" VPOS="549" WIDTH="76" HEIGHT="38" CONTENT="not" />
            <SP ID="SP_2813" HPOS="386" VPOS="542" WIDTH="25" HEIGHT="0" />
            <String ID="Word_3204" HPOS="411" VPOS="556" WIDTH="163" HEIGHT="30" CONTENT="merely" />
            <SP ID="SP_2814" HPOS="574" VPOS="540" WIDTH="20" HEIGHT="0" />
            <String ID="Word_3205" HPOS="594" VPOS="540" WIDTH="106" HEIGHT="44" CONTENT="echo" />
            <SP ID="SP_2815" HPOS="700" VPOS="540" WIDTH="19" HEIGHT="0" />
            <String ID="Word_3206" HPOS="719" VPOS="540" WIDTH="114" HEIGHT="43" CONTENT="back" />
            <SP ID="SP_2816" HPOS="833" VPOS="540" WIDTH="17" HEIGHT="0" />
            <String ID="Word_3207" HPOS="850" VPOS="540" WIDTH="76" HEIGHT="43" CONTENT="the" />
            <SP ID="SP_2817" HPOS="926" VPOS="540" WIDTH="18" HEIGHT="0" />
            <String ID="Word_3208" HPOS="944" VPOS="544" WIDTH="103" HEIGHT="39" CONTENT="note" />
            <SP ID="SP_2818" HPOS="1047" VPOS="540" WIDTH="17" HEIGHT="0" />
            <String ID="Word_3209" HPOS="1064" VPOS="540" WIDTH="47" HEIGHT="42" CONTENT="in" />
            <SP ID="SP_2819" HPOS="1111" VPOS="540" WIDTH="22" HEIGHT="0" />
            <String ID="Word_3210" HPOS="1133" VPOS="540" WIDTH="59" HEIGHT="43" CONTENT="its" />
            <SP ID="SP_2820" HPOS="1192" VPOS="540" WIDTH="18" HEIGHT="0" />
            <String ID="Word_3211" HPOS="1210" VPOS="545" WIDTH="167" HEIGHT="38" CONTENT="correct" />
            <SP ID="SP_2821" HPOS="1377" VPOS="540" WIDTH="22" HEIGHT="0" />
            <String ID="Word_3212" HPOS="1399" VPOS="540" WIDTH="141" HEIGHT="56" CONTENT="pitch:" />
            <SP ID="SP_2822" HPOS="1540" VPOS="540" WIDTH="24" HEIGHT="0" />
            <String ID="Word_3213" HPOS="1564" VPOS="541" WIDTH="36" HEIGHT="42" CONTENT="it" />
            <SP ID="SP_2823" HPOS="1600" VPOS="541" WIDTH="18" HEIGHT="0" />
            <String ID="Word_3214" HPOS="1618" VPOS="541" WIDTH="94" HEIGHT="42" CONTENT="will" />
          </TextLine>
          <TextLine ID="TextLine_392" HPOS="50" VPOS="610" WIDTH="1659" HEIGHT="61">
            <String ID="Word_3215" HPOS="50" VPOS="615" WIDTH="242" HEIGHT="56" CONTENT="distinctly," />
            <SP ID="SP_2824" HPOS="292" VPOS="615" WIDTH="18" HEIGHT="0" />
            <String ID="Word_3216" HPOS="310" VPOS="615" WIDTH="46" HEIGHT="41" CONTENT="in" />
            <SP ID="SP_2825" HPOS="356" VPOS="614" WIDTH="19" HEIGHT="0" />
            <String ID="Word_3217" HPOS="375" VPOS="614" WIDTH="57" HEIGHT="42" CONTENT="its" />
            <SP ID="SP_2826" HPOS="432" VPOS="612" WIDTH="19" HEIGHT="0" />
            <String ID="Word_3218" HPOS="451" VPOS="612" WIDTH="119" HEIGHT="52" CONTENT="echo," />
            <SP ID="SP_2827" HPOS="570" VPOS="612" WIDTH="18" HEIGHT="0" />
            <String ID="Word_3219" HPOS="588" VPOS="624" WIDTH="252" HEIGHT="44" CONTENT="pronounce" />
            <SP ID="SP_2828" HPOS="840" VPOS="610" WIDTH="25" HEIGHT="0" />
            <String ID="Word_3220" HPOS="865" VPOS="610" WIDTH="75" HEIGHT="43" CONTENT="the" />
            <SP ID="SP_2829" HPOS="940" VPOS="610" WIDTH="23" HEIGHT="0" />
            <String ID="Word_3221" HPOS="963" VPOS="610" WIDTH="154" HEIGHT="52" CONTENT="vowel," />
            <SP ID="SP_2830" HPOS="1117" VPOS="610" WIDTH="22" HEIGHT="0" />
            <String ID="Word_3222" HPOS="1139" VPOS="625" WIDTH="31" HEIGHT="32" CONTENT="o" />
            <SP ID="SP_2831" HPOS="1170" VPOS="624" WIDTH="20" HEIGHT="0" />
            <String ID="Word_3223" HPOS="1190" VPOS="624" WIDTH="47" HEIGHT="29" CONTENT="or" />
            <SP ID="SP_2832" HPOS="1237" VPOS="619" WIDTH="21" HEIGHT="0" />
            <String ID="Word_3224" HPOS="1258" VPOS="619" WIDTH="41" HEIGHT="43" CONTENT="e," />
            <SP ID="SP_2833" HPOS="1299" VPOS="619" WIDTH="22" HEIGHT="0" />
            <String ID="Word_3225" HPOS="1321" VPOS="624" WIDTH="46" HEIGHT="29" CONTENT="as" />
            <SP ID="SP_2834" HPOS="1367" VPOS="610" WIDTH="23" HEIGHT="0" />
            <String ID="Word_3226" HPOS="1390" VPOS="610" WIDTH="76" HEIGHT="43" CONTENT="the" />
            <SP ID="SP_2835" HPOS="1466" VPOS="610" WIDTH="24" HEIGHT="0" />
            <String ID="Word_3227" HPOS="1490" VPOS="625" WIDTH="98" HEIGHT="29" CONTENT="case" />
            <SP ID="SP_2836" HPOS="1588" VPOS="625" WIDTH="17" HEIGHT="0" />
            <String ID="Word_3228" HPOS="1605" VPOS="625" WIDTH="104" HEIGHT="42" CONTENT="may" />
          </TextLine>
          <TextLine ID="TextLine_393" HPOS="53" VPOS="682" WIDTH="1658" HEIGHT="48">
            <String ID="Word_3229" HPOS="53" VPOS="689" WIDTH="62" HEIGHT="41" CONTENT="be." />
            <SP ID="SP_2837" HPOS="115" VPOS="687" WIDTH="80" HEIGHT="0" />
            <String ID="Word_3230" HPOS="195" VPOS="687" WIDTH="105" HEIGHT="42" CONTENT="This" />
            <SP ID="SP_2838" HPOS="300" VPOS="686" WIDTH="38" HEIGHT="0" />
            <String ID="Word_3231" HPOS="338" VPOS="686" WIDTH="37" HEIGHT="42" CONTENT="is" />
            <SP ID="SP_2839" HPOS="375" VPOS="685" WIDTH="38" HEIGHT="0" />
            <String ID="Word_3232" HPOS="413" VPOS="685" WIDTH="85" HEIGHT="42" CONTENT="due" />
            <SP ID="SP_2840" HPOS="498" VPOS="685" WIDTH="39" HEIGHT="0" />
            <String ID="Word_3233" HPOS="537" VPOS="689" WIDTH="45" HEIGHT="38" CONTENT="to" />
            <SP ID="SP_2841" HPOS="582" VPOS="683" WIDTH="43" HEIGHT="0" />
            <String ID="Word_3234" HPOS="625" VPOS="683" WIDTH="75" HEIGHT="42" CONTENT="the" />
            <SP ID="SP_2842" HPOS="700" VPOS="683" WIDTH="43" HEIGHT="0" />
            <String ID="Word_3235" HPOS="743" VPOS="683" WIDTH="90" HEIGHT="42" CONTENT="fact" />
            <SP ID="SP_2843" HPOS="833" VPOS="682" WIDTH="43" HEIGHT="0" />
            <String ID="Word_3236" HPOS="876" VPOS="682" WIDTH="99" HEIGHT="43" CONTENT="that" />
            <SP ID="SP_2844" HPOS="975" VPOS="682" WIDTH="38" HEIGHT="0" />
            <String ID="Word_3237" HPOS="1013" VPOS="682" WIDTH="75" HEIGHT="43" CONTENT="the" />
            <SP ID="SP_2845" HPOS="1088" VPOS="682" WIDTH="44" HEIGHT="0" />
            <String ID="Word_3238" HPOS="1132" VPOS="682" WIDTH="206" HEIGHT="44" CONTENT="different" />
            <SP ID="SP_2846" HPOS="1338" VPOS="682" WIDTH="40" HEIGHT="0" />
            <String ID="Word_3239" HPOS="1378" VPOS="683" WIDTH="333" HEIGHT="43" CONTENT="vowel-sounds" />
          </TextLine>
          <TextLine ID="TextLine_394" HPOS="51" VPOS="753" WIDTH="1657" HEIGHT="49">
            <String ID="Word_3240" HPOS="51" VPOS="759" WIDTH="165" HEIGHT="43" CONTENT="consist" />
            <SP ID="SP_2847" HPOS="216" VPOS="759" WIDTH="34" HEIGHT="0" />
            <String ID="Word_3241" HPOS="250" VPOS="759" WIDTH="47" HEIGHT="42" CONTENT="in" />
            <SP ID="SP_2848" HPOS="297" VPOS="757" WIDTH="38" HEIGHT="0" />
            <String ID="Word_3242" HPOS="335" VPOS="757" WIDTH="207" HEIGHT="43" CONTENT="different" />
            <SP ID="SP_2849" HPOS="542" VPOS="754" WIDTH="42" HEIGHT="0" />
            <String ID="Word_3243" HPOS="584" VPOS="754" WIDTH="325" HEIGHT="44" CONTENT="combinations" />
            <SP ID="SP_2850" HPOS="909" VPOS="753" WIDTH="44" HEIGHT="0" />
            <String ID="Word_3244" HPOS="953" VPOS="753" WIDTH="47" HEIGHT="43" CONTENT="of" />
            <SP ID="SP_2851" HPOS="1000" VPOS="753" WIDTH="40" HEIGHT="0" />
            <String ID="Word_3245" HPOS="1040" VPOS="754" WIDTH="75" HEIGHT="42" CONTENT="the" />
            <SP ID="SP_2852" HPOS="1115" VPOS="754" WIDTH="45" HEIGHT="0" />
            <String ID="Word_3246" HPOS="1160" VPOS="760" WIDTH="102" HEIGHT="38" CONTENT="note" />
            <SP ID="SP_2853" HPOS="1262" VPOS="755" WIDTH="45" HEIGHT="0" />
            <String ID="Word_3247" HPOS="1307" VPOS="755" WIDTH="107" HEIGHT="41" CONTENT="with" />
            <SP ID="SP_2854" HPOS="1414" VPOS="755" WIDTH="44" HEIGHT="0" />
            <String ID="Word_3248" HPOS="1458" VPOS="760" WIDTH="250" HEIGHT="38" CONTENT="over-tones" />
          </TextLine>
          <TextLine ID="TextLine_395" HPOS="52" VPOS="826" WIDTH="1658" HEIGHT="57">
            <String ID="Word_3249" HPOS="52" VPOS="846" WIDTH="47" HEIGHT="28" CONTENT="or" />
            <SP ID="SP_2855" HPOS="99" VPOS="830" WIDTH="46" HEIGHT="0" />
            <String ID="Word_3250" HPOS="145" VPOS="830" WIDTH="259" HEIGHT="42" CONTENT="harmonics." />
            <SP ID="SP_2856" HPOS="404" VPOS="827" WIDTH="85" HEIGHT="0" />
            <String ID="Word_3251" HPOS="489" VPOS="827" WIDTH="92" HEIGHT="43" CONTENT="The" />
            <SP ID="SP_2857" HPOS="581" VPOS="826" WIDTH="47" HEIGHT="0" />
            <String ID="Word_3252" HPOS="628" VPOS="826" WIDTH="136" HEIGHT="51" CONTENT="voice," />
            <SP ID="SP_2858" HPOS="764" VPOS="826" WIDTH="43" HEIGHT="0" />
            <String ID="Word_3253" HPOS="807" VPOS="826" WIDTH="231" HEIGHT="52" CONTENT="therefore," />
            <SP ID="SP_2859" HPOS="1038" VPOS="826" WIDTH="44" HEIGHT="0" />
            <String ID="Word_3254" HPOS="1082" VPOS="826" WIDTH="104" HEIGHT="43" CONTENT="does" />
            <SP ID="SP_2860" HPOS="1186" VPOS="826" WIDTH="44" HEIGHT="0" />
            <String ID="Word_3255" HPOS="1230" VPOS="831" WIDTH="79" HEIGHT="38" CONTENT="not" />
            <SP ID="SP_2861" HPOS="1309" VPOS="826" WIDTH="43" HEIGHT="0" />
            <String ID="Word_3256" HPOS="1352" VPOS="826" WIDTH="105" HEIGHT="57" CONTENT="only" />
            <SP ID="SP_2862" HPOS="1457" VPOS="826" WIDTH="43" HEIGHT="0" />
            <String ID="Word_3257" HPOS="1500" VPOS="827" WIDTH="142" HEIGHT="43" CONTENT="excite" />
            <SP ID="SP_2863" HPOS="1642" VPOS="827" WIDTH="43" HEIGHT="0" />
            <String ID="Word_3258" HPOS="1685" VPOS="842" WIDTH="25" HEIGHT="27" CONTENT="a" />
          </TextLine>
          <TextLine ID="TextLine_396" HPOS="50" VPOS="898" WIDTH="1660" HEIGHT="62">
            <String ID="Word_3259" HPOS="50" VPOS="902" WIDTH="296" HEIGHT="58" CONTENT="sympathetic" />
            <SP ID="SP_2864" HPOS="346" VPOS="900" WIDTH="32" HEIGHT="0" />
            <String ID="Word_3260" HPOS="378" VPOS="900" WIDTH="223" HEIGHT="43" CONTENT="vibration" />
            <SP ID="SP_2865" HPOS="601" VPOS="898" WIDTH="23" HEIGHT="0" />
            <String ID="Word_3261" HPOS="624" VPOS="898" WIDTH="48" HEIGHT="42" CONTENT="in" />
            <SP ID="SP_2866" HPOS="672" VPOS="898" WIDTH="24" HEIGHT="0" />
            <String ID="Word_3262" HPOS="696" VPOS="898" WIDTH="97" HEIGHT="42" CONTENT="that" />
            <SP ID="SP_2867" HPOS="793" VPOS="898" WIDTH="23" HEIGHT="0" />
            <String ID="Word_3263" HPOS="816" VPOS="898" WIDTH="103" HEIGHT="42" CONTENT="wire" />
            <SP ID="SP_2868" HPOS="919" VPOS="898" WIDTH="24" HEIGHT="0" />
            <String ID="Word_3264" HPOS="943" VPOS="898" WIDTH="47" HEIGHT="42" CONTENT="of" />
            <SP ID="SP_2869" HPOS="990" VPOS="898" WIDTH="19" HEIGHT="0" />
            <String ID="Word_3265" HPOS="1009" VPOS="898" WIDTH="76" HEIGHT="42" CONTENT="the" />
            <SP ID="SP_2870" HPOS="1085" VPOS="898" WIDTH="32" HEIGHT="0" />
            <String ID="Word_3266" HPOS="1117" VPOS="898" WIDTH="132" HEIGHT="56" CONTENT="piano" />
            <SP ID="SP_2871" HPOS="1249" VPOS="898" WIDTH="35" HEIGHT="0" />
            <String ID="Word_3267" HPOS="1284" VPOS="898" WIDTH="144" HEIGHT="43" CONTENT="which" />
            <SP ID="SP_2872" HPOS="1428" VPOS="898" WIDTH="31" HEIGHT="0" />
            <String ID="Word_3268" HPOS="1459" VPOS="905" WIDTH="251" HEIGHT="50" CONTENT="represents" />
          </TextLine>
          <TextLine ID="TextLine_397" HPOS="50" VPOS="969" WIDTH="1659" HEIGHT="57">
            <String ID="Word_3269" HPOS="50" VPOS="977" WIDTH="57" HEIGHT="40" CONTENT="its" />
            <SP ID="SP_2873" HPOS="107" VPOS="972" WIDTH="23" HEIGHT="0" />
            <String ID="Word_3270" HPOS="130" VPOS="972" WIDTH="309" HEIGHT="45" CONTENT="fundamental" />
            <SP ID="SP_2874" HPOS="439" VPOS="972" WIDTH="23" HEIGHT="0" />
            <String ID="Word_3271" HPOS="462" VPOS="986" WIDTH="102" HEIGHT="28" CONTENT="note" />
            <SP ID="SP_2875" HPOS="564" VPOS="970" WIDTH="23" HEIGHT="0" />
            <String ID="Word_3272" HPOS="587" VPOS="970" WIDTH="88" HEIGHT="43" CONTENT="and" />
            <SP ID="SP_2876" HPOS="675" VPOS="970" WIDTH="18" HEIGHT="0" />
            <String ID="Word_3273" HPOS="693" VPOS="970" WIDTH="123" HEIGHT="56" CONTENT="pitch" />
            <SP ID="SP_2877" HPOS="816" VPOS="970" WIDTH="18" HEIGHT="0" />
            <String ID="Word_3274" HPOS="834" VPOS="987" WIDTH="7" HEIGHT="25" CONTENT=":" />
            <SP ID="SP_2878" HPOS="841" VPOS="970" WIDTH="28" HEIGHT="0" />
            <String ID="Word_3275" HPOS="869" VPOS="970" WIDTH="37" HEIGHT="42" CONTENT="it" />
            <SP ID="SP_2879" HPOS="906" VPOS="969" WIDTH="23" HEIGHT="0" />
            <String ID="Word_3276" HPOS="929" VPOS="969" WIDTH="91" HEIGHT="43" CONTENT="also" />
            <SP ID="SP_2880" HPOS="1020" VPOS="969" WIDTH="19" HEIGHT="0" />
            <String ID="Word_3277" HPOS="1039" VPOS="970" WIDTH="166" HEIGHT="43" CONTENT="excites" />
            <SP ID="SP_2881" HPOS="1205" VPOS="970" WIDTH="24" HEIGHT="0" />
            <String ID="Word_3278" HPOS="1229" VPOS="971" WIDTH="168" HEIGHT="42" CONTENT="similar" />
            <SP ID="SP_2882" HPOS="1397" VPOS="971" WIDTH="24" HEIGHT="0" />
            <String ID="Word_3279" HPOS="1421" VPOS="971" WIDTH="220" HEIGHT="42" CONTENT="vibration" />
            <SP ID="SP_2883" HPOS="1641" VPOS="971" WIDTH="22" HEIGHT="0" />
            <String ID="Word_3280" HPOS="1663" VPOS="971" WIDTH="46" HEIGHT="44" CONTENT="in" />
          </TextLine>
          <TextLine ID="TextLine_398" HPOS="51" VPOS="1041" WIDTH="1659" HEIGHT="55">
            <String ID="Word_3281" HPOS="51" VPOS="1061" WIDTH="25" HEIGHT="28" CONTENT="a" />
            <SP ID="SP_2884" HPOS="76" VPOS="1045" WIDTH="21" HEIGHT="0" />
            <String ID="Word_3282" HPOS="97" VPOS="1045" WIDTH="187" HEIGHT="43" CONTENT="number" />
            <SP ID="SP_2885" HPOS="284" VPOS="1045" WIDTH="33" HEIGHT="0" />
            <String ID="Word_3283" HPOS="317" VPOS="1045" WIDTH="45" HEIGHT="41" CONTENT="of" />
            <SP ID="SP_2886" HPOS="362" VPOS="1043" WIDTH="30" HEIGHT="0" />
            <String ID="Word_3284" HPOS="392" VPOS="1043" WIDTH="125" HEIGHT="43" CONTENT="other" />
            <SP ID="SP_2887" HPOS="517" VPOS="1042" WIDTH="33" HEIGHT="0" />
            <String ID="Word_3285" HPOS="550" VPOS="1056" WIDTH="141" HEIGHT="36" CONTENT="wires," />
            <SP ID="SP_2888" HPOS="691" VPOS="1041" WIDTH="22" HEIGHT="0" />
            <String ID="Word_3286" HPOS="713" VPOS="1041" WIDTH="147" HEIGHT="42" CONTENT="which" />
            <SP ID="SP_2889" HPOS="860" VPOS="1041" WIDTH="31" HEIGHT="0" />
            <String ID="Word_3287" HPOS="891" VPOS="1046" WIDTH="227" HEIGHT="50" CONTENT="represent" />
            <SP ID="SP_2890" HPOS="1118" VPOS="1042" WIDTH="31" HEIGHT="0" />
            <String ID="Word_3288" HPOS="1149" VPOS="1042" WIDTH="77" HEIGHT="42" CONTENT="the" />
            <SP ID="SP_2891" HPOS="1226" VPOS="1042" WIDTH="33" HEIGHT="0" />
            <String ID="Word_3289" HPOS="1259" VPOS="1048" WIDTH="250" HEIGHT="37" CONTENT="over-tones" />
            <SP ID="SP_2892" HPOS="1509" VPOS="1048" WIDTH="28" HEIGHT="0" />
            <String ID="Word_3290" HPOS="1537" VPOS="1057" WIDTH="48" HEIGHT="28" CONTENT="or" />
            <SP ID="SP_2893" HPOS="1585" VPOS="1042" WIDTH="26" HEIGHT="0" />
            <String ID="Word_3291" HPOS="1611" VPOS="1042" WIDTH="99" HEIGHT="43" CONTENT="har-" />
          </TextLine>
          <TextLine ID="TextLine_399" HPOS="50" VPOS="1113" WIDTH="1660" HEIGHT="57">
            <String ID="Word_3292" HPOS="50" VPOS="1118" WIDTH="167" HEIGHT="42" CONTENT="monics" />
            <SP ID="SP_2894" HPOS="217" VPOS="1118" WIDTH="17" HEIGHT="0" />
            <String ID="Word_3293" HPOS="234" VPOS="1132" WIDTH="8" HEIGHT="38" CONTENT=";" />
            <SP ID="SP_2895" HPOS="242" VPOS="1117" WIDTH="32" HEIGHT="0" />
            <String ID="Word_3294" HPOS="274" VPOS="1117" WIDTH="100" HEIGHT="42" CONTENT="and," />
            <SP ID="SP_2896" HPOS="374" VPOS="1117" WIDTH="22" HEIGHT="0" />
            <String ID="Word_3295" HPOS="396" VPOS="1130" WIDTH="47" HEIGHT="29" CONTENT="as" />
            <SP ID="SP_2897" HPOS="443" VPOS="1116" WIDTH="24" HEIGHT="0" />
            <String ID="Word_3296" HPOS="467" VPOS="1116" WIDTH="125" HEIGHT="42" CONTENT="these" />
            <SP ID="SP_2898" HPOS="592" VPOS="1116" WIDTH="23" HEIGHT="0" />
            <String ID="Word_3297" HPOS="615" VPOS="1118" WIDTH="251" HEIGHT="39" CONTENT="over-tones" />
            <SP ID="SP_2899" HPOS="866" VPOS="1113" WIDTH="23" HEIGHT="0" />
            <String ID="Word_3298" HPOS="889" VPOS="1113" WIDTH="128" HEIGHT="43" CONTENT="differ" />
            <SP ID="SP_2900" HPOS="1017" VPOS="1113" WIDTH="22" HEIGHT="0" />
            <String ID="Word_3299" HPOS="1039" VPOS="1114" WIDTH="48" HEIGHT="41" CONTENT="in" />
            <SP ID="SP_2901" HPOS="1087" VPOS="1114" WIDTH="23" HEIGHT="0" />
            <String ID="Word_3300" HPOS="1110" VPOS="1114" WIDTH="74" HEIGHT="43" CONTENT="the" />
            <SP ID="SP_2902" HPOS="1184" VPOS="1114" WIDTH="23" HEIGHT="0" />
            <String ID="Word_3301" HPOS="1207" VPOS="1114" WIDTH="207" HEIGHT="43" CONTENT="different" />
            <SP ID="SP_2903" HPOS="1414" VPOS="1114" WIDTH="21" HEIGHT="0" />
            <String ID="Word_3302" HPOS="1435" VPOS="1115" WIDTH="176" HEIGHT="43" CONTENT="vowels," />
            <SP ID="SP_2904" HPOS="1611" VPOS="1115" WIDTH="23" HEIGHT="0" />
            <String ID="Word_3303" HPOS="1634" VPOS="1115" WIDTH="76" HEIGHT="43" CONTENT="the" />
          </TextLine>
          <TextLine ID="TextLine_400" HPOS="50" VPOS="1184" WIDTH="1659" HEIGHT="61">
            <String ID="Word_3304" HPOS="50" VPOS="1203" WIDTH="132" HEIGHT="42" CONTENT="piano" />
            <SP ID="SP_2905" HPOS="182" VPOS="1188" WIDTH="32" HEIGHT="0" />
            <String ID="Word_3305" HPOS="214" VPOS="1201" WIDTH="263" HEIGHT="30" CONTENT="reproduces" />
            <SP ID="SP_2906" HPOS="477" VPOS="1186" WIDTH="32" HEIGHT="0" />
            <String ID="Word_3306" HPOS="509" VPOS="1186" WIDTH="76" HEIGHT="43" CONTENT="the" />
            <SP ID="SP_2907" HPOS="585" VPOS="1184" WIDTH="35" HEIGHT="0" />
            <String ID="Word_3307" HPOS="620" VPOS="1184" WIDTH="162" HEIGHT="43" CONTENT="vowels" />
            <SP ID="SP_2908" HPOS="782" VPOS="1184" WIDTH="33" HEIGHT="0" />
            <String ID="Word_3308" HPOS="815" VPOS="1184" WIDTH="233" HEIGHT="57" CONTENT="distinctly" />
            <SP ID="SP_2909" HPOS="1048" VPOS="1184" WIDTH="31" HEIGHT="0" />
            <String ID="Word_3309" HPOS="1079" VPOS="1185" WIDTH="87" HEIGHT="42" CONTENT="and" />
            <SP ID="SP_2910" HPOS="1166" VPOS="1185" WIDTH="34" HEIGHT="0" />
            <String ID="Word_3310" HPOS="1200" VPOS="1185" WIDTH="279" HEIGHT="56" CONTENT="specifically." />
            <SP ID="SP_2911" HPOS="1479" VPOS="1185" WIDTH="64" HEIGHT="0" />
            <String ID="Word_3311" HPOS="1543" VPOS="1186" WIDTH="57" HEIGHT="42" CONTENT="In" />
            <SP ID="SP_2912" HPOS="1600" VPOS="1185" WIDTH="33" HEIGHT="0" />
            <String ID="Word_3312" HPOS="1633" VPOS="1185" WIDTH="76" HEIGHT="43" CONTENT="the" />
          </TextLine>
          <TextLine ID="TextLine_401" HPOS="50" VPOS="1256" WIDTH="1659" HEIGHT="61">
            <String ID="Word_3313" HPOS="50" VPOS="1275" WIDTH="263" HEIGHT="42" CONTENT="production" />
            <SP ID="SP_2913" HPOS="313" VPOS="1260" WIDTH="33" HEIGHT="0" />
            <String ID="Word_3314" HPOS="346" VPOS="1260" WIDTH="47" HEIGHT="42" CONTENT="of" />
            <SP ID="SP_2914" HPOS="393" VPOS="1258" WIDTH="27" HEIGHT="0" />
            <String ID="Word_3315" HPOS="420" VPOS="1272" WIDTH="176" HEIGHT="30" CONTENT="vowels," />
            <SP ID="SP_2915" HPOS="596" VPOS="1257" WIDTH="23" HEIGHT="0" />
            <String ID="Word_3316" HPOS="619" VPOS="1257" WIDTH="77" HEIGHT="43" CONTENT="the" />
            <SP ID="SP_2916" HPOS="696" VPOS="1257" WIDTH="31" HEIGHT="0" />
            <String ID="Word_3317" HPOS="727" VPOS="1257" WIDTH="161" HEIGHT="54" CONTENT="larynx" />
            <SP ID="SP_2917" HPOS="888" VPOS="1256" WIDTH="33" HEIGHT="0" />
            <String ID="Word_3318" HPOS="921" VPOS="1256" WIDTH="104" HEIGHT="42" CONTENT="thus" />
            <SP ID="SP_2918" HPOS="1025" VPOS="1256" WIDTH="23" HEIGHT="0" />
            <String ID="Word_3319" HPOS="1048" VPOS="1257" WIDTH="221" HEIGHT="42" CONTENT="furnishes" />
            <SP ID="SP_2919" HPOS="1269" VPOS="1257" WIDTH="34" HEIGHT="0" />
            <String ID="Word_3320" HPOS="1303" VPOS="1257" WIDTH="74" HEIGHT="43" CONTENT="the" />
            <SP ID="SP_2920" HPOS="1377" VPOS="1257" WIDTH="24" HEIGHT="0" />
            <String ID="Word_3321" HPOS="1401" VPOS="1258" WIDTH="308" HEIGHT="42" CONTENT="fundamental" />
          </TextLine>
          <TextLine ID="TextLine_402" HPOS="54" VPOS="1328" WIDTH="1658" HEIGHT="58">
            <String ID="Word_3322" HPOS="54" VPOS="1347" WIDTH="104" HEIGHT="28" CONTENT="note" />
            <SP ID="SP_2921" HPOS="158" VPOS="1332" WIDTH="23" HEIGHT="0" />
            <String ID="Word_3323" HPOS="181" VPOS="1332" WIDTH="86" HEIGHT="42" CONTENT="and" />
            <SP ID="SP_2922" HPOS="267" VPOS="1332" WIDTH="21" HEIGHT="0" />
            <String ID="Word_3324" HPOS="288" VPOS="1332" WIDTH="58" HEIGHT="41" CONTENT="its" />
            <SP ID="SP_2923" HPOS="346" VPOS="1332" WIDTH="24" HEIGHT="0" />
            <String ID="Word_3325" HPOS="370" VPOS="1344" WIDTH="278" HEIGHT="29" CONTENT="over-tones;" />
            <SP ID="SP_2924" HPOS="648" VPOS="1329" WIDTH="32" HEIGHT="0" />
            <String ID="Word_3326" HPOS="680" VPOS="1329" WIDTH="81" HEIGHT="41" CONTENT="but" />
            <SP ID="SP_2925" HPOS="761" VPOS="1328" WIDTH="30" HEIGHT="0" />
            <String ID="Word_3327" HPOS="791" VPOS="1328" WIDTH="89" HEIGHT="41" CONTENT="this" />
            <SP ID="SP_2926" HPOS="880" VPOS="1328" WIDTH="30" HEIGHT="0" />
            <String ID="Word_3328" HPOS="910" VPOS="1328" WIDTH="201" HEIGHT="42" CONTENT="material" />
            <SP ID="SP_2927" HPOS="1111" VPOS="1328" WIDTH="33" HEIGHT="0" />
            <String ID="Word_3329" HPOS="1144" VPOS="1329" WIDTH="38" HEIGHT="41" CONTENT="is" />
            <SP ID="SP_2928" HPOS="1182" VPOS="1328" WIDTH="34" HEIGHT="0" />
            <String ID="Word_3330" HPOS="1216" VPOS="1328" WIDTH="206" HEIGHT="43" CONTENT="modified" />
            <SP ID="SP_2929" HPOS="1422" VPOS="1328" WIDTH="32" HEIGHT="0" />
            <String ID="Word_3331" HPOS="1454" VPOS="1329" WIDTH="48" HEIGHT="42" CONTENT="in" />
            <SP ID="SP_2930" HPOS="1502" VPOS="1329" WIDTH="31" HEIGHT="0" />
            <String ID="Word_3332" HPOS="1533" VPOS="1330" WIDTH="179" HEIGHT="56" CONTENT="passing" />
          </TextLine>
          <TextLine ID="TextLine_403" HPOS="53" VPOS="1399" WIDTH="1663" HEIGHT="60">
            <String ID="Word_3333" HPOS="53" VPOS="1404" WIDTH="189" HEIGHT="42" CONTENT="through" />
            <SP ID="SP_2931" HPOS="242" VPOS="1404" WIDTH="40" HEIGHT="0" />
            <String ID="Word_3334" HPOS="282" VPOS="1404" WIDTH="74" HEIGHT="41" CONTENT="the" />
            <SP ID="SP_2932" HPOS="356" VPOS="1402" WIDTH="40" HEIGHT="0" />
            <String ID="Word_3335" HPOS="396" VPOS="1402" WIDTH="92" HEIGHT="43" CONTENT="oral" />
            <SP ID="SP_2933" HPOS="488" VPOS="1401" WIDTH="37" HEIGHT="0" />
            <String ID="Word_3336" HPOS="525" VPOS="1407" WIDTH="161" HEIGHT="49" CONTENT="cavity," />
            <SP ID="SP_2934" HPOS="686" VPOS="1400" WIDTH="24" HEIGHT="0" />
            <String ID="Word_3337" HPOS="710" VPOS="1400" WIDTH="60" HEIGHT="55" CONTENT="by" />
            <SP ID="SP_2935" HPOS="770" VPOS="1399" WIDTH="23" HEIGHT="0" />
            <String ID="Word_3338" HPOS="793" VPOS="1399" WIDTH="74" HEIGHT="42" CONTENT="the" />
            <SP ID="SP_2936" HPOS="867" VPOS="1399" WIDTH="24" HEIGHT="0" />
            <String ID="Word_3339" HPOS="891" VPOS="1400" WIDTH="146" HEIGHT="41" CONTENT="action" />
            <SP ID="SP_2937" HPOS="1037" VPOS="1400" WIDTH="33" HEIGHT="0" />
            <String ID="Word_3340" HPOS="1070" VPOS="1414" WIDTH="120" HEIGHT="41" CONTENT="upon" />
            <SP ID="SP_2938" HPOS="1190" VPOS="1400" WIDTH="36" HEIGHT="0" />
            <String ID="Word_3341" HPOS="1226" VPOS="1400" WIDTH="37" HEIGHT="42" CONTENT="it" />
            <SP ID="SP_2939" HPOS="1263" VPOS="1400" WIDTH="37" HEIGHT="0" />
            <String ID="Word_3342" HPOS="1300" VPOS="1401" WIDTH="47" HEIGHT="41" CONTENT="of" />
            <SP ID="SP_2940" HPOS="1347" VPOS="1401" WIDTH="34" HEIGHT="0" />
            <String ID="Word_3343" HPOS="1381" VPOS="1415" WIDTH="25" HEIGHT="27" CONTENT="a" />
            <SP ID="SP_2941" HPOS="1406" VPOS="1401" WIDTH="37" HEIGHT="0" />
            <String ID="Word_3344" HPOS="1443" VPOS="1401" WIDTH="273" HEIGHT="56" CONTENT="Eesonating" />
          </TextLine>
          <TextLine ID="TextLine_404" HPOS="53" VPOS="1470" WIDTH="1658" HEIGHT="59">
            <String ID="Word_3345" HPOS="53" VPOS="1476" WIDTH="219" HEIGHT="43" CONTENT="Chamber" />
            <SP ID="SP_2942" HPOS="272" VPOS="1473" WIDTH="32" HEIGHT="0" />
            <String ID="Word_3346" HPOS="304" VPOS="1473" WIDTH="179" HEIGHT="43" CONTENT="capable" />
            <SP ID="SP_2943" HPOS="483" VPOS="1472" WIDTH="33" HEIGHT="0" />
            <String ID="Word_3347" HPOS="516" VPOS="1472" WIDTH="48" HEIGHT="42" CONTENT="of" />
            <SP ID="SP_2944" HPOS="564" VPOS="1472" WIDTH="29" HEIGHT="0" />
            <String ID="Word_3348" HPOS="593" VPOS="1476" WIDTH="123" HEIGHT="51" CONTENT="great" />
            <SP ID="SP_2945" HPOS="716" VPOS="1470" WIDTH="38" HEIGHT="0" />
            <String ID="Word_3349" HPOS="754" VPOS="1470" WIDTH="220" HEIGHT="42" CONTENT="variation" />
            <SP ID="SP_2946" HPOS="974" VPOS="1470" WIDTH="33" HEIGHT="0" />
            <String ID="Word_3350" HPOS="1007" VPOS="1471" WIDTH="47" HEIGHT="41" CONTENT="in" />
            <SP ID="SP_2947" HPOS="1054" VPOS="1471" WIDTH="35" HEIGHT="0" />
            <String ID="Word_3351" HPOS="1089" VPOS="1471" WIDTH="87" HEIGHT="42" CONTENT="size" />
            <SP ID="SP_2948" HPOS="1176" VPOS="1471" WIDTH="33" HEIGHT="0" />
            <String ID="Word_3352" HPOS="1209" VPOS="1471" WIDTH="87" HEIGHT="43" CONTENT="and" />
            <SP ID="SP_2949" HPOS="1296" VPOS="1471" WIDTH="34" HEIGHT="0" />
            <String ID="Word_3353" HPOS="1330" VPOS="1471" WIDTH="148" HEIGHT="57" CONTENT="shape," />
            <SP ID="SP_2950" HPOS="1478" VPOS="1471" WIDTH="37" HEIGHT="0" />
            <String ID="Word_3354" HPOS="1515" VPOS="1473" WIDTH="196" HEIGHT="43" CONTENT="wherein" />
          </TextLine>
          <TextLine ID="TextLine_405" HPOS="52" VPOS="1541" WIDTH="1659" HEIGHT="59">
            <String ID="Word_3355" HPOS="52" VPOS="1547" WIDTH="76" HEIGHT="42" CONTENT="the" />
            <SP ID="SP_2951" HPOS="128" VPOS="1547" WIDTH="32" HEIGHT="0" />
            <String ID="Word_3356" HPOS="160" VPOS="1552" WIDTH="249" HEIGHT="36" CONTENT="over-tones" />
            <SP ID="SP_2952" HPOS="409" VPOS="1552" WIDTH="39" HEIGHT="0" />
            <String ID="Word_3357" HPOS="448" VPOS="1558" WIDTH="72" HEIGHT="28" CONTENT="are" />
            <SP ID="SP_2953" HPOS="520" VPOS="1541" WIDTH="36" HEIGHT="0" />
            <String ID="Word_3358" HPOS="556" VPOS="1541" WIDTH="299" HEIGHT="56" CONTENT="individually" />
            <SP ID="SP_2954" HPOS="855" VPOS="1541" WIDTH="34" HEIGHT="0" />
            <String ID="Word_3359" HPOS="889" VPOS="1542" WIDTH="262" HEIGHT="56" CONTENT="suppressed" />
            <SP ID="SP_2955" HPOS="1151" VPOS="1542" WIDTH="35" HEIGHT="0" />
            <String ID="Word_3360" HPOS="1186" VPOS="1557" WIDTH="48" HEIGHT="28" CONTENT="or" />
            <SP ID="SP_2956" HPOS="1234" VPOS="1544" WIDTH="34" HEIGHT="0" />
            <String ID="Word_3361" HPOS="1268" VPOS="1544" WIDTH="317" HEIGHT="55" CONTENT="exaggerated;" />
            <SP ID="SP_2957" HPOS="1585" VPOS="1546" WIDTH="38" HEIGHT="0" />
            <String ID="Word_3362" HPOS="1623" VPOS="1546" WIDTH="88" HEIGHT="42" CONTENT="and" />
          </TextLine>
          <TextLine ID="TextLine_406" HPOS="52" VPOS="1613" WIDTH="1659" HEIGHT="59">
            <String ID="Word_3363" HPOS="52" VPOS="1619" WIDTH="75" HEIGHT="41" CONTENT="the" />
            <SP ID="SP_2958" HPOS="127" VPOS="1616" WIDTH="43" HEIGHT="0" />
            <String ID="Word_3364" HPOS="170" VPOS="1616" WIDTH="142" HEIGHT="44" CONTENT="sound" />
            <SP ID="SP_2959" HPOS="312" VPOS="1616" WIDTH="40" HEIGHT="0" />
            <String ID="Word_3365" HPOS="352" VPOS="1616" WIDTH="38" HEIGHT="42" CONTENT="is" />
            <SP ID="SP_2960" HPOS="390" VPOS="1616" WIDTH="33" HEIGHT="0" />
            <String ID="Word_3366" HPOS="423" VPOS="1616" WIDTH="105" HEIGHT="41" CONTENT="thus" />
            <SP ID="SP_2961" HPOS="528" VPOS="1613" WIDTH="43" HEIGHT="0" />
            <String ID="Word_3367" HPOS="571" VPOS="1613" WIDTH="207" HEIGHT="43" CONTENT="moulded" />
            <SP ID="SP_2962" HPOS="778" VPOS="1613" WIDTH="38" HEIGHT="0" />
            <String ID="Word_3368" HPOS="816" VPOS="1614" WIDTH="96" HEIGHT="42" CONTENT="into" />
            <SP ID="SP_2963" HPOS="912" VPOS="1614" WIDTH="34" HEIGHT="0" />
            <String ID="Word_3369" HPOS="946" VPOS="1614" WIDTH="73" HEIGHT="42" CONTENT="the" />
            <SP ID="SP_2964" HPOS="1019" VPOS="1614" WIDTH="34" HEIGHT="0" />
            <String ID="Word_3370" HPOS="1053" VPOS="1615" WIDTH="195" HEIGHT="42" CONTENT="acoustic" />
            <SP ID="SP_2965" HPOS="1248" VPOS="1615" WIDTH="36" HEIGHT="0" />
            <String ID="Word_3371" HPOS="1284" VPOS="1615" WIDTH="139" HEIGHT="56" CONTENT="figure" />
            <SP ID="SP_2966" HPOS="1423" VPOS="1615" WIDTH="42" HEIGHT="0" />
            <String ID="Word_3372" HPOS="1465" VPOS="1631" WIDTH="159" HEIGHT="41" CONTENT="proper" />
            <SP ID="SP_2967" HPOS="1624" VPOS="1623" WIDTH="43" HEIGHT="0" />
            <String ID="Word_3373" HPOS="1667" VPOS="1623" WIDTH="44" HEIGHT="37" CONTENT="to" />
          </TextLine>
          <TextLine ID="TextLine_407" HPOS="53" VPOS="1685" WIDTH="1657" HEIGHT="60">
            <String ID="Word_3374" HPOS="53" VPOS="1690" WIDTH="74" HEIGHT="42" CONTENT="the" />
            <SP ID="SP_2968" HPOS="127" VPOS="1689" WIDTH="33" HEIGHT="0" />
            <String ID="Word_3375" HPOS="160" VPOS="1689" WIDTH="141" HEIGHT="43" CONTENT="vowel" />
            <SP ID="SP_2969" HPOS="301" VPOS="1689" WIDTH="31" HEIGHT="0" />
            <String ID="Word_3376" HPOS="332" VPOS="1692" WIDTH="45" HEIGHT="38" CONTENT="to" />
            <SP ID="SP_2970" HPOS="377" VPOS="1688" WIDTH="32" HEIGHT="0" />
            <String ID="Word_3377" HPOS="409" VPOS="1688" WIDTH="54" HEIGHT="43" CONTENT="be" />
            <SP ID="SP_2971" HPOS="463" VPOS="1686" WIDTH="33" HEIGHT="0" />
            <String ID="Word_3378" HPOS="496" VPOS="1700" WIDTH="234" HEIGHT="43" CONTENT="produced." />
            <SP ID="SP_2972" HPOS="730" VPOS="1685" WIDTH="65" HEIGHT="0" />
            <String ID="Word_3379" HPOS="795" VPOS="1685" WIDTH="149" HEIGHT="43" CONTENT="When" />
            <SP ID="SP_2973" HPOS="944" VPOS="1685" WIDTH="35" HEIGHT="0" />
            <String ID="Word_3380" HPOS="979" VPOS="1686" WIDTH="76" HEIGHT="43" CONTENT="the" />
            <SP ID="SP_2974" HPOS="1055" VPOS="1686" WIDTH="36" HEIGHT="0" />
            <String ID="Word_3381" HPOS="1091" VPOS="1686" WIDTH="140" HEIGHT="43" CONTENT="vowel" />
            <SP ID="SP_2975" HPOS="1231" VPOS="1686" WIDTH="42" HEIGHT="0" />
            <String ID="Word_3382" HPOS="1273" VPOS="1687" WIDTH="37" HEIGHT="43" CONTENT="is" />
            <SP ID="SP_2976" HPOS="1310" VPOS="1687" WIDTH="33" HEIGHT="0" />
            <String ID="Word_3383" HPOS="1343" VPOS="1701" WIDTH="114" HEIGHT="44" CONTENT="sung" />
            <SP ID="SP_2977" HPOS="1457" VPOS="1701" WIDTH="36" HEIGHT="0" />
            <String ID="Word_3384" HPOS="1493" VPOS="1703" WIDTH="105" HEIGHT="29" CONTENT="over" />
            <SP ID="SP_2978" HPOS="1598" VPOS="1689" WIDTH="39" HEIGHT="0" />
            <String ID="Word_3385" HPOS="1637" VPOS="1689" WIDTH="73" HEIGHT="44" CONTENT="the" />
          </TextLine>
          <TextLine ID="TextLine_408" HPOS="49" VPOS="1755" WIDTH="1663" HEIGHT="61">
            <String ID="Word_3386" HPOS="49" VPOS="1773" WIDTH="145" HEIGHT="43" CONTENT="piano," />
            <SP ID="SP_2979" HPOS="194" VPOS="1759" WIDTH="41" HEIGHT="0" />
            <String ID="Word_3387" HPOS="235" VPOS="1760" WIDTH="89" HEIGHT="41" CONTENT="this" />
            <SP ID="SP_2980" HPOS="324" VPOS="1757" WIDTH="43" HEIGHT="0" />
            <String ID="Word_3388" HPOS="367" VPOS="1757" WIDTH="196" HEIGHT="43" CONTENT="acoustic" />
            <SP ID="SP_2981" HPOS="563" VPOS="1756" WIDTH="43" HEIGHT="0" />
            <String ID="Word_3389" HPOS="606" VPOS="1756" WIDTH="136" HEIGHT="55" CONTENT="figure" />
            <SP ID="SP_2982" HPOS="742" VPOS="1755" WIDTH="49" HEIGHT="0" />
            <String ID="Word_3390" HPOS="791" VPOS="1755" WIDTH="37" HEIGHT="43" CONTENT="is" />
            <SP ID="SP_2983" HPOS="828" VPOS="1755" WIDTH="43" HEIGHT="0" />
            <String ID="Word_3391" HPOS="871" VPOS="1756" WIDTH="282" HEIGHT="55" CONTENT="represented" />
            <SP ID="SP_2984" HPOS="1153" VPOS="1756" WIDTH="49" HEIGHT="0" />
            <String ID="Word_3392" HPOS="1202" VPOS="1757" WIDTH="58" HEIGHT="56" CONTENT="by" />
            <SP ID="SP_2985" HPOS="1260" VPOS="1757" WIDTH="39" HEIGHT="0" />
            <String ID="Word_3393" HPOS="1299" VPOS="1757" WIDTH="75" HEIGHT="43" CONTENT="the" />
            <SP ID="SP_2986" HPOS="1374" VPOS="1757" WIDTH="32" HEIGHT="0" />
            <String ID="Word_3394" HPOS="1406" VPOS="1759" WIDTH="218" HEIGHT="55" CONTENT="grouping" />
            <SP ID="SP_2987" HPOS="1624" VPOS="1759" WIDTH="43" HEIGHT="0" />
            <String ID="Word_3395" HPOS="1667" VPOS="1760" WIDTH="45" HEIGHT="41" CONTENT="of" />
          </TextLine>
          <TextLine ID="TextLine_409" HPOS="50" VPOS="1827" WIDTH="1660" HEIGHT="60">
            <String ID="Word_3396" HPOS="50" VPOS="1832" WIDTH="75" HEIGHT="41" CONTENT="the" />
            <SP ID="SP_2988" HPOS="125" VPOS="1831" WIDTH="43" HEIGHT="0" />
            <String ID="Word_3397" HPOS="168" VPOS="1845" WIDTH="126" HEIGHT="28" CONTENT="wires" />
            <SP ID="SP_2989" HPOS="294" VPOS="1829" WIDTH="44" HEIGHT="0" />
            <String ID="Word_3398" HPOS="338" VPOS="1829" WIDTH="142" HEIGHT="43" CONTENT="called" />
            <SP ID="SP_2990" HPOS="480" VPOS="1829" WIDTH="42" HEIGHT="0" />
            <String ID="Word_3399" HPOS="522" VPOS="1829" WIDTH="96" HEIGHT="41" CONTENT="into" />
            <SP ID="SP_2991" HPOS="618" VPOS="1827" WIDTH="38" HEIGHT="0" />
            <String ID="Word_3400" HPOS="656" VPOS="1827" WIDTH="299" HEIGHT="56" CONTENT="sympathetic" />
            <SP ID="SP_2992" HPOS="955" VPOS="1827" WIDTH="37" HEIGHT="0" />
            <String ID="Word_3401" HPOS="992" VPOS="1828" WIDTH="234" HEIGHT="43" CONTENT="vibration." />
            <SP ID="SP_2993" HPOS="1226" VPOS="1828" WIDTH="77" HEIGHT="0" />
            <String ID="Word_3402" HPOS="1303" VPOS="1829" WIDTH="45" HEIGHT="42" CONTENT="It" />
            <SP ID="SP_2994" HPOS="1348" VPOS="1829" WIDTH="41" HEIGHT="0" />
            <String ID="Word_3403" HPOS="1389" VPOS="1829" WIDTH="38" HEIGHT="43" CONTENT="is" />
            <SP ID="SP_2995" HPOS="1427" VPOS="1829" WIDTH="43" HEIGHT="0" />
            <String ID="Word_3404" HPOS="1470" VPOS="1830" WIDTH="159" HEIGHT="57" CONTENT="chiefly" />
            <SP ID="SP_2996" HPOS="1629" VPOS="1830" WIDTH="36" HEIGHT="0" />
            <String ID="Word_3405" HPOS="1665" VPOS="1837" WIDTH="45" HEIGHT="37" CONTENT="to" />
          </TextLine>
          <TextLine ID="TextLine_410" HPOS="49" VPOS="1896" WIDTH="1661" HEIGHT="61">
            <String ID="Word_3406" HPOS="49" VPOS="1900" WIDTH="182" HEIGHT="52" CONTENT="&quot;Willis,1" />
            <SP ID="SP_2997" HPOS="231" VPOS="1896" WIDTH="25" HEIGHT="0" />
            <String ID="Word_3407" HPOS="256" VPOS="1896" WIDTH="323" HEIGHT="46" CONTENT="Wheatstone,2" />
            <SP ID="SP_2998" HPOS="579" VPOS="1896" WIDTH="23" HEIGHT="0" />
            <String ID="Word_3408" HPOS="602" VPOS="1896" WIDTH="88" HEIGHT="43" CONTENT="and" />
            <SP ID="SP_2999" HPOS="690" VPOS="1896" WIDTH="29" HEIGHT="0" />
            <String ID="Word_3409" HPOS="719" VPOS="1896" WIDTH="259" HEIGHT="43" CONTENT="Helmholtz" />
            <SP ID="SP_3000" HPOS="978" VPOS="1896" WIDTH="29" HEIGHT="0" />
            <String ID="Word_3410" HPOS="1007" VPOS="1896" WIDTH="97" HEIGHT="43" CONTENT="that" />
            <SP ID="SP_3001" HPOS="1104" VPOS="1896" WIDTH="30" HEIGHT="0" />
            <String ID="Word_3411" HPOS="1134" VPOS="1912" WIDTH="64" HEIGHT="28" CONTENT="we" />
            <SP ID="SP_3002" HPOS="1198" VPOS="1912" WIDTH="25" HEIGHT="0" />
            <String ID="Word_3412" HPOS="1223" VPOS="1912" WIDTH="91" HEIGHT="29" CONTENT="owe" />
            <SP ID="SP_3003" HPOS="1314" VPOS="1912" WIDTH="23" HEIGHT="0" />
            <String ID="Word_3413" HPOS="1337" VPOS="1912" WIDTH="80" HEIGHT="29" CONTENT="our" />
            <SP ID="SP_3004" HPOS="1417" VPOS="1899" WIDTH="31" HEIGHT="0" />
            <String ID="Word_3414" HPOS="1448" VPOS="1899" WIDTH="262" HEIGHT="45" CONTENT="knowledge" />
          </TextLine>
          <TextLine ID="TextLine_411" HPOS="50" VPOS="1968" WIDTH="1659" HEIGHT="61">
            <String ID="Word_3415" HPOS="50" VPOS="1973" WIDTH="46" HEIGHT="42" CONTENT="of" />
            <SP ID="SP_3005" HPOS="96" VPOS="1972" WIDTH="31" HEIGHT="0" />
            <String ID="Word_3416" HPOS="127" VPOS="1972" WIDTH="75" HEIGHT="43" CONTENT="the" />
            <SP ID="SP_3006" HPOS="202" VPOS="1971" WIDTH="34" HEIGHT="0" />
            <String ID="Word_3417" HPOS="236" VPOS="1971" WIDTH="90" HEIGHT="43" CONTENT="real" />
            <SP ID="SP_3007" HPOS="326" VPOS="1971" WIDTH="35" HEIGHT="0" />
            <String ID="Word_3418" HPOS="361" VPOS="1985" WIDTH="157" HEIGHT="28" CONTENT="nature" />
            <SP ID="SP_3008" HPOS="518" VPOS="1970" WIDTH="31" HEIGHT="0" />
            <String ID="Word_3419" HPOS="549" VPOS="1970" WIDTH="44" HEIGHT="42" CONTENT="of" />
            <SP ID="SP_3009" HPOS="593" VPOS="1968" WIDTH="34" HEIGHT="0" />
            <String ID="Word_3420" HPOS="627" VPOS="1968" WIDTH="174" HEIGHT="43" CONTENT="vowels." />
            <SP ID="SP_3010" HPOS="801" VPOS="1968" WIDTH="65" HEIGHT="0" />
            <String ID="Word_3421" HPOS="866" VPOS="1969" WIDTH="91" HEIGHT="42" CONTENT="The" />
            <SP ID="SP_3011" HPOS="957" VPOS="1969" WIDTH="38" HEIGHT="0" />
            <String ID="Word_3422" HPOS="995" VPOS="1970" WIDTH="174" HEIGHT="56" CONTENT="subject" />
            <SP ID="SP_3012" HPOS="1169" VPOS="1970" WIDTH="33" HEIGHT="0" />
            <String ID="Word_3423" HPOS="1202" VPOS="1970" WIDTH="94" HEIGHT="43" CONTENT="will" />
            <SP ID="SP_3013" HPOS="1296" VPOS="1970" WIDTH="33" HEIGHT="0" />
            <String ID="Word_3424" HPOS="1329" VPOS="1971" WIDTH="55" HEIGHT="43" CONTENT="be" />
            <SP ID="SP_3014" HPOS="1384" VPOS="1971" WIDTH="34" HEIGHT="0" />
            <String ID="Word_3425" HPOS="1418" VPOS="1972" WIDTH="139" HEIGHT="43" CONTENT="found" />
            <SP ID="SP_3015" HPOS="1557" VPOS="1972" WIDTH="37" HEIGHT="0" />
            <String ID="Word_3426" HPOS="1594" VPOS="1973" WIDTH="115" HEIGHT="56" CONTENT="fully" />
          </TextLine>
          <TextLine ID="TextLine_412" HPOS="52" VPOS="2040" WIDTH="1668" HEIGHT="61">
            <String ID="Word_3427" HPOS="52" VPOS="2043" WIDTH="227" HEIGHT="43" CONTENT="discussed" />
            <SP ID="SP_3016" HPOS="279" VPOS="2041" WIDTH="53" HEIGHT="0" />
            <String ID="Word_3428" HPOS="332" VPOS="2041" WIDTH="48" HEIGHT="44" CONTENT="in" />
            <SP ID="SP_3017" HPOS="380" VPOS="2040" WIDTH="43" HEIGHT="0" />
            <String ID="Word_3429" HPOS="423" VPOS="2040" WIDTH="294" HEIGHT="44" CONTENT="Helmholtz's" />
            <SP ID="SP_3018" HPOS="717" VPOS="2040" WIDTH="55" HEIGHT="0" />
            <String ID="Word_3430" HPOS="772" VPOS="2045" WIDTH="122" HEIGHT="51" CONTENT="great" />
            <SP ID="SP_3019" HPOS="894" VPOS="2041" WIDTH="45" HEIGHT="0" />
            <String ID="Word_3431" HPOS="939" VPOS="2041" WIDTH="122" HEIGHT="42" CONTENT="work" />
            <SP ID="SP_3020" HPOS="1061" VPOS="2041" WIDTH="54" HEIGHT="0" />
            <String ID="Word_3432" HPOS="1115" VPOS="2055" WIDTH="56" HEIGHT="28" CONTENT="on" />
            <SP ID="SP_3021" HPOS="1171" VPOS="2041" WIDTH="60" HEIGHT="0" />
            <String ID="Word_3433" HPOS="1231" VPOS="2041" WIDTH="86" HEIGHT="43" CONTENT="The" />
            <SP ID="SP_3022" HPOS="1317" VPOS="2041" WIDTH="53" HEIGHT="0" />
            <String ID="Word_3434" HPOS="1370" VPOS="2041" WIDTH="244" HEIGHT="46" CONTENT="Sensations" />
            <SP ID="SP_3023" HPOS="1614" VPOS="2041" WIDTH="53" HEIGHT="0" />
            <String ID="Word_3435" HPOS="1667" VPOS="2045" WIDTH="53" HEIGHT="56" CONTENT="of" />
          </TextLine>
          <TextLine ID="TextLine_413" HPOS="57" VPOS="2116" WIDTH="120" HEIGHT="42">
            <String ID="Word_3436" HPOS="57" VPOS="2116" WIDTH="120" HEIGHT="42" CONTENT="Tone." />
          </TextLine>
          <TextLine ID="TextLine_414" HPOS="113" VPOS="2180" WIDTH="1599" HEIGHT="61">
            <String ID="Word_3437" HPOS="113" VPOS="2186" WIDTH="57" HEIGHT="42" CONTENT="In" />
            <SP ID="SP_3024" HPOS="170" VPOS="2184" WIDTH="21" HEIGHT="0" />
            <String ID="Word_3438" HPOS="191" VPOS="2184" WIDTH="187" HEIGHT="57" CONTENT="English" />
            <SP ID="SP_3025" HPOS="378" VPOS="2184" WIDTH="20" HEIGHT="0" />
            <String ID="Word_3439" HPOS="398" VPOS="2196" WIDTH="254" HEIGHT="44" CONTENT="grammars," />
            <SP ID="SP_3026" HPOS="652" VPOS="2180" WIDTH="23" HEIGHT="0" />
            <String ID="Word_3440" HPOS="675" VPOS="2180" WIDTH="75" HEIGHT="43" CONTENT="the" />
            <SP ID="SP_3027" HPOS="750" VPOS="2180" WIDTH="23" HEIGHT="0" />
            <String ID="Word_3441" HPOS="773" VPOS="2181" WIDTH="163" HEIGHT="44" CONTENT="vowels" />
            <SP ID="SP_3028" HPOS="936" VPOS="2181" WIDTH="31" HEIGHT="0" />
            <String ID="Word_3442" HPOS="967" VPOS="2196" WIDTH="71" HEIGHT="29" CONTENT="are" />
            <SP ID="SP_3029" HPOS="1038" VPOS="2182" WIDTH="22" HEIGHT="0" />
            <String ID="Word_3443" HPOS="1060" VPOS="2182" WIDTH="133" HEIGHT="57" CONTENT="given" />
            <SP ID="SP_3030" HPOS="1193" VPOS="2182" WIDTH="21" HEIGHT="0" />
            <String ID="Word_3444" HPOS="1214" VPOS="2182" WIDTH="47" HEIGHT="42" CONTENT="in" />
            <SP ID="SP_3031" HPOS="1261" VPOS="2182" WIDTH="23" HEIGHT="0" />
            <String ID="Word_3445" HPOS="1284" VPOS="2182" WIDTH="76" HEIGHT="44" CONTENT="the" />
            <SP ID="SP_3032" HPOS="1360" VPOS="2182" WIDTH="29" HEIGHT="0" />
            <String ID="Word_3446" HPOS="1389" VPOS="2183" WIDTH="126" HEIGHT="44" CONTENT="order" />
            <SP ID="SP_3033" HPOS="1515" VPOS="2183" WIDTH="30" HEIGHT="0" />
            <String ID="Word_3447" HPOS="1545" VPOS="2195" WIDTH="46" HEIGHT="41" CONTENT="a," />
            <SP ID="SP_3034" HPOS="1591" VPOS="2195" WIDTH="25" HEIGHT="0" />
            <String ID="Word_3448" HPOS="1616" VPOS="2195" WIDTH="40" HEIGHT="42" CONTENT="e," />
            <SP ID="SP_3035" HPOS="1656" VPOS="2183" WIDTH="26" HEIGHT="0" />
            <String ID="Word_3449" HPOS="1682" VPOS="2183" WIDTH="30" HEIGHT="50" CONTENT="i," />
          </TextLine>
          <TextLine ID="TextLine_415" HPOS="52" VPOS="2252" WIDTH="1661" HEIGHT="59">
            <String ID="Word_3450" HPOS="52" VPOS="2269" WIDTH="44" HEIGHT="39" CONTENT="o," />
            <SP ID="SP_3036" HPOS="96" VPOS="2269" WIDTH="32" HEIGHT="0" />
            <String ID="Word_3451" HPOS="128" VPOS="2269" WIDTH="47" HEIGHT="30" CONTENT="u," />
            <SP ID="SP_3037" HPOS="175" VPOS="2256" WIDTH="35" HEIGHT="0" />
            <String ID="Word_3452" HPOS="210" VPOS="2256" WIDTH="87" HEIGHT="43" CONTENT="and" />
            <SP ID="SP_3038" HPOS="297" VPOS="2256" WIDTH="33" HEIGHT="0" />
            <String ID="Word_3453" HPOS="330" VPOS="2256" WIDTH="38" HEIGHT="42" CONTENT="it" />
            <SP ID="SP_3039" HPOS="368" VPOS="2256" WIDTH="30" HEIGHT="0" />
            <String ID="Word_3454" HPOS="398" VPOS="2256" WIDTH="37" HEIGHT="43" CONTENT="is" />
            <SP ID="SP_3040" HPOS="435" VPOS="2253" WIDTH="33" HEIGHT="0" />
            <String ID="Word_3455" HPOS="468" VPOS="2253" WIDTH="213" HEIGHT="45" CONTENT="expected" />
            <SP ID="SP_3041" HPOS="681" VPOS="2252" WIDTH="34" HEIGHT="0" />
            <String ID="Word_3456" HPOS="715" VPOS="2252" WIDTH="97" HEIGHT="43" CONTENT="that" />
            <SP ID="SP_3042" HPOS="812" VPOS="2252" WIDTH="35" HEIGHT="0" />
            <String ID="Word_3457" HPOS="847" VPOS="2253" WIDTH="121" HEIGHT="44" CONTENT="these" />
            <SP ID="SP_3043" HPOS="968" VPOS="2253" WIDTH="34" HEIGHT="0" />
            <String ID="Word_3458" HPOS="1002" VPOS="2254" WIDTH="116" HEIGHT="43" CONTENT="shall" />
            <SP ID="SP_3044" HPOS="1118" VPOS="2254" WIDTH="37" HEIGHT="0" />
            <String ID="Word_3459" HPOS="1155" VPOS="2255" WIDTH="55" HEIGHT="43" CONTENT="be" />
            <SP ID="SP_3045" HPOS="1210" VPOS="2255" WIDTH="31" HEIGHT="0" />
            <String ID="Word_3460" HPOS="1241" VPOS="2257" WIDTH="284" HEIGHT="54" CONTENT="pronounced" />
            <SP ID="SP_3046" HPOS="1525" VPOS="2257" WIDTH="31" HEIGHT="0" />
            <String ID="Word_3461" HPOS="1556" VPOS="2258" WIDTH="48" HEIGHT="43" CONTENT="in" />
            <SP ID="SP_3047" HPOS="1604" VPOS="2258" WIDTH="34" HEIGHT="0" />
            <String ID="Word_3462" HPOS="1638" VPOS="2259" WIDTH="75" HEIGHT="43" CONTENT="the" />
          </TextLine>
          <TextLine ID="TextLine_416" HPOS="50" VPOS="2325" WIDTH="1664" HEIGHT="62">
            <String ID="Word_3463" HPOS="50" VPOS="2329" WIDTH="185" HEIGHT="45" CONTENT="English" />
            <SP ID="SP_3048" HPOS="235" VPOS="2329" WIDTH="18" HEIGHT="0" />
            <String ID="Word_3464" HPOS="253" VPOS="2342" WIDTH="193" HEIGHT="29" CONTENT="manner." />
            <SP ID="SP_3049" HPOS="446" VPOS="2328" WIDTH="66" HEIGHT="0" />
            <String ID="Word_3465" HPOS="512" VPOS="2328" WIDTH="90" HEIGHT="41" CONTENT="But" />
            <SP ID="SP_3050" HPOS="602" VPOS="2325" WIDTH="23" HEIGHT="0" />
            <String ID="Word_3466" HPOS="625" VPOS="2325" WIDTH="122" HEIGHT="44" CONTENT="there" />
            <SP ID="SP_3051" HPOS="747" VPOS="2325" WIDTH="18" HEIGHT="0" />
            <String ID="Word_3467" HPOS="765" VPOS="2338" WIDTH="71" HEIGHT="29" CONTENT="are" />
            <SP ID="SP_3052" HPOS="836" VPOS="2326" WIDTH="20" HEIGHT="0" />
            <String ID="Word_3468" HPOS="856" VPOS="2326" WIDTH="286" HEIGHT="43" CONTENT="well-known" />
            <SP ID="SP_3053" HPOS="1142" VPOS="2326" WIDTH="18" HEIGHT="0" />
            <String ID="Word_3469" HPOS="1160" VPOS="2327" WIDTH="242" HEIGHT="57" CONTENT="objections" />
            <SP ID="SP_3054" HPOS="1402" VPOS="2327" WIDTH="22" HEIGHT="0" />
            <String ID="Word_3470" HPOS="1424" VPOS="2334" WIDTH="41" HEIGHT="38" CONTENT="to" />
            <SP ID="SP_3055" HPOS="1465" VPOS="2330" WIDTH="16" HEIGHT="0" />
            <String ID="Word_3471" HPOS="1481" VPOS="2330" WIDTH="88" HEIGHT="43" CONTENT="this" />
            <SP ID="SP_3056" HPOS="1569" VPOS="2330" WIDTH="19" HEIGHT="0" />
            <String ID="Word_3472" HPOS="1588" VPOS="2331" WIDTH="126" HEIGHT="44" CONTENT="order" />
          </TextLine>
          <TextLine ID="TextLine_417" HPOS="51" VPOS="2396" WIDTH="1662" HEIGHT="63">
            <String ID="Word_3473" HPOS="51" VPOS="2403" WIDTH="86" HEIGHT="43" CONTENT="and" />
            <SP ID="SP_3057" HPOS="137" VPOS="2400" WIDTH="22" HEIGHT="0" />
            <String ID="Word_3474" HPOS="159" VPOS="2400" WIDTH="350" HEIGHT="59" CONTENT="pronunciation." />
            <SP ID="SP_3058" HPOS="509" VPOS="2400" WIDTH="65" HEIGHT="0" />
            <String ID="Word_3475" HPOS="574" VPOS="2400" WIDTH="92" HEIGHT="41" CONTENT="The" />
            <SP ID="SP_3059" HPOS="666" VPOS="2396" WIDTH="33" HEIGHT="0" />
            <String ID="Word_3476" HPOS="699" VPOS="2396" WIDTH="188" HEIGHT="57" CONTENT="English" />
            <SP ID="SP_3060" HPOS="887" VPOS="2396" WIDTH="29" HEIGHT="0" />
            <String ID="Word_3477" HPOS="916" VPOS="2397" WIDTH="17" HEIGHT="44" CONTENT="i" />
            <SP ID="SP_3061" HPOS="933" VPOS="2397" WIDTH="29" HEIGHT="0" />
            <String ID="Word_3478" HPOS="962" VPOS="2399" WIDTH="38" HEIGHT="42" CONTENT="is" />
            <SP ID="SP_3062" HPOS="1000" VPOS="2399" WIDTH="33" HEIGHT="0" />
            <String ID="Word_3479" HPOS="1033" VPOS="2399" WIDTH="137" HEIGHT="57" CONTENT="really" />
            <SP ID="SP_3063" HPOS="1170" VPOS="2399" WIDTH="25" HEIGHT="0" />
            <String ID="Word_3480" HPOS="1195" VPOS="2405" WIDTH="78" HEIGHT="38" CONTENT="not" />
            <SP ID="SP_3064" HPOS="1273" VPOS="2405" WIDTH="32" HEIGHT="0" />
            <String ID="Word_3481" HPOS="1305" VPOS="2415" WIDTH="25" HEIGHT="28" CONTENT="a" />
            <SP ID="SP_3065" HPOS="1330" VPOS="2401" WIDTH="32" HEIGHT="0" />
            <String ID="Word_3482" HPOS="1362" VPOS="2401" WIDTH="160" HEIGHT="57" CONTENT="simple" />
            <SP ID="SP_3066" HPOS="1522" VPOS="2401" WIDTH="29" HEIGHT="0" />
            <String ID="Word_3483" HPOS="1551" VPOS="2404" WIDTH="162" HEIGHT="43" CONTENT="vowel-" />
          </TextLine>
          <TextLine ID="TextLine_418" HPOS="48" VPOS="2471" WIDTH="1664" HEIGHT="61">
            <String ID="Word_3484" HPOS="48" VPOS="2475" WIDTH="154" HEIGHT="44" CONTENT="sound," />
            <SP ID="SP_3067" HPOS="202" VPOS="2474" WIDTH="22" HEIGHT="0" />
            <String ID="Word_3485" HPOS="224" VPOS="2474" WIDTH="80" HEIGHT="43" CONTENT="but" />
            <SP ID="SP_3068" HPOS="304" VPOS="2474" WIDTH="23" HEIGHT="0" />
            <String ID="Word_3486" HPOS="327" VPOS="2488" WIDTH="25" HEIGHT="28" CONTENT="a" />
            <SP ID="SP_3069" HPOS="352" VPOS="2472" WIDTH="22" HEIGHT="0" />
            <String ID="Word_3487" HPOS="374" VPOS="2472" WIDTH="249" HEIGHT="44" CONTENT="compound" />
            <SP ID="SP_3070" HPOS="623" VPOS="2472" WIDTH="34" HEIGHT="0" />
            <String ID="Word_3488" HPOS="657" VPOS="2473" WIDTH="44" HEIGHT="42" CONTENT="of" />
            <SP ID="SP_3071" HPOS="701" VPOS="2473" WIDTH="33" HEIGHT="0" />
            <String ID="Word_3489" HPOS="734" VPOS="2478" WIDTH="88" HEIGHT="38" CONTENT="two" />
            <SP ID="SP_3072" HPOS="822" VPOS="2471" WIDTH="33" HEIGHT="0" />
            <String ID="Word_3490" HPOS="855" VPOS="2471" WIDTH="328" HEIGHT="44" CONTENT="vowel-sounds" />
            <SP ID="SP_3073" HPOS="1183" VPOS="2471" WIDTH="32" HEIGHT="0" />
            <String ID="Word_3491" HPOS="1215" VPOS="2473" WIDTH="100" HEIGHT="43" CONTENT="that" />
            <SP ID="SP_3074" HPOS="1315" VPOS="2473" WIDTH="33" HEIGHT="0" />
            <String ID="Word_3492" HPOS="1348" VPOS="2488" WIDTH="103" HEIGHT="43" CONTENT="may" />
            <SP ID="SP_3075" HPOS="1451" VPOS="2475" WIDTH="32" HEIGHT="0" />
            <String ID="Word_3493" HPOS="1483" VPOS="2475" WIDTH="53" HEIGHT="43" CONTENT="be" />
            <SP ID="SP_3076" HPOS="1536" VPOS="2475" WIDTH="31" HEIGHT="0" />
            <String ID="Word_3494" HPOS="1567" VPOS="2490" WIDTH="145" HEIGHT="42" CONTENT="repre-" />
          </TextLine>
          <TextLine ID="TextLine_419" HPOS="48" VPOS="2542" WIDTH="1665" HEIGHT="63">
            <String ID="Word_3495" HPOS="48" VPOS="2548" WIDTH="154" HEIGHT="43" CONTENT="sented" />
            <SP ID="SP_3077" HPOS="202" VPOS="2547" WIDTH="22" HEIGHT="0" />
            <String ID="Word_3496" HPOS="224" VPOS="2547" WIDTH="60" HEIGHT="56" CONTENT="by" />
            <SP ID="SP_3078" HPOS="284" VPOS="2546" WIDTH="22" HEIGHT="0" />
            <String ID="Word_3497" HPOS="306" VPOS="2546" WIDTH="76" HEIGHT="43" CONTENT="the" />
            <SP ID="SP_3079" HPOS="382" VPOS="2546" WIDTH="22" HEIGHT="0" />
            <String ID="Word_3498" HPOS="404" VPOS="2546" WIDTH="154" HEIGHT="43" CONTENT="letters" />
            <SP ID="SP_3080" HPOS="558" VPOS="2546" WIDTH="23" HEIGHT="0" />
            <String ID="Word_3499" HPOS="581" VPOS="2555" WIDTH="34" HEIGHT="32" CONTENT="a" />
            <SP ID="SP_3081" HPOS="615" VPOS="2542" WIDTH="20" HEIGHT="0" />
            <String ID="Word_3500" HPOS="635" VPOS="2542" WIDTH="27" HEIGHT="46" CONTENT="i." />
            <SP ID="SP_3082" HPOS="662" VPOS="2542" WIDTH="38" HEIGHT="0" />
            <String ID="Word_3501" HPOS="700" VPOS="2584" WIDTH="4" HEIGHT="4" CONTENT="." />
            <SP ID="SP_3083" HPOS="704" VPOS="2545" WIDTH="23" HEIGHT="0" />
            <String ID="Word_3502" HPOS="727" VPOS="2545" WIDTH="68" HEIGHT="53" CONTENT="So," />
            <SP ID="SP_3084" HPOS="795" VPOS="2545" WIDTH="23" HEIGHT="0" />
            <String ID="Word_3503" HPOS="818" VPOS="2559" WIDTH="104" HEIGHT="39" CONTENT="also," />
            <SP ID="SP_3085" HPOS="922" VPOS="2544" WIDTH="23" HEIGHT="0" />
            <String ID="Word_3504" HPOS="945" VPOS="2544" WIDTH="76" HEIGHT="43" CONTENT="the" />
            <SP ID="SP_3086" HPOS="1021" VPOS="2544" WIDTH="32" HEIGHT="0" />
            <String ID="Word_3505" HPOS="1053" VPOS="2545" WIDTH="188" HEIGHT="57" CONTENT="English" />
            <SP ID="SP_3087" HPOS="1241" VPOS="2545" WIDTH="30" HEIGHT="0" />
            <String ID="Word_3506" HPOS="1271" VPOS="2556" WIDTH="37" HEIGHT="31" CONTENT="u" />
            <SP ID="SP_3088" HPOS="1308" VPOS="2547" WIDTH="25" HEIGHT="0" />
            <String ID="Word_3507" HPOS="1333" VPOS="2547" WIDTH="38" HEIGHT="42" CONTENT="is" />
            <SP ID="SP_3089" HPOS="1371" VPOS="2547" WIDTH="33" HEIGHT="0" />
            <String ID="Word_3508" HPOS="1404" VPOS="2561" WIDTH="24" HEIGHT="28" CONTENT="a" />
            <SP ID="SP_3090" HPOS="1428" VPOS="2550" WIDTH="34" HEIGHT="0" />
            <String ID="Word_3509" HPOS="1462" VPOS="2550" WIDTH="251" HEIGHT="42" CONTENT="compound" />
          </TextLine>
          <TextLine ID="TextLine_420" HPOS="47" VPOS="2616" WIDTH="1665" HEIGHT="61">
            <String ID="Word_3510" HPOS="47" VPOS="2619" WIDTH="141" HEIGHT="43" CONTENT="sound" />
            <SP ID="SP_3091" HPOS="188" VPOS="2618" WIDTH="22" HEIGHT="0" />
            <String ID="Word_3511" HPOS="210" VPOS="2618" WIDTH="138" HEIGHT="57" CONTENT="really" />
            <SP ID="SP_3092" HPOS="348" VPOS="2618" WIDTH="22" HEIGHT="0" />
            <String ID="Word_3512" HPOS="370" VPOS="2619" WIDTH="304" HEIGHT="55" CONTENT="representing" />
            <SP ID="SP_3093" HPOS="674" VPOS="2619" WIDTH="22" HEIGHT="0" />
            <String ID="Word_3513" HPOS="696" VPOS="2629" WIDTH="37" HEIGHT="42" CONTENT="y" />
            <SP ID="SP_3094" HPOS="733" VPOS="2628" WIDTH="20" HEIGHT="0" />
            <String ID="Word_3514" HPOS="753" VPOS="2628" WIDTH="47" HEIGHT="32" CONTENT="u." />
            <SP ID="SP_3095" HPOS="800" VPOS="2617" WIDTH="65" HEIGHT="0" />
            <String ID="Word_3515" HPOS="865" VPOS="2617" WIDTH="46" HEIGHT="43" CONTENT="It" />
            <SP ID="SP_3096" HPOS="911" VPOS="2616" WIDTH="20" HEIGHT="0" />
            <String ID="Word_3516" HPOS="931" VPOS="2616" WIDTH="38" HEIGHT="44" CONTENT="is" />
            <SP ID="SP_3097" HPOS="969" VPOS="2616" WIDTH="23" HEIGHT="0" />
            <String ID="Word_3517" HPOS="992" VPOS="2617" WIDTH="155" HEIGHT="52" CONTENT="better," />
            <SP ID="SP_3098" HPOS="1147" VPOS="2617" WIDTH="24" HEIGHT="0" />
            <String ID="Word_3518" HPOS="1171" VPOS="2617" WIDTH="232" HEIGHT="45" CONTENT="therefore," />
            <SP ID="SP_3099" HPOS="1403" VPOS="2617" WIDTH="17" HEIGHT="0" />
            <String ID="Word_3519" HPOS="1420" VPOS="2623" WIDTH="45" HEIGHT="39" CONTENT="to" />
            <SP ID="SP_3100" HPOS="1465" VPOS="2620" WIDTH="18" HEIGHT="0" />
            <String ID="Word_3520" HPOS="1483" VPOS="2620" WIDTH="135" HEIGHT="57" CONTENT="adopt" />
            <SP ID="SP_3101" HPOS="1618" VPOS="2620" WIDTH="17" HEIGHT="0" />
            <String ID="Word_3521" HPOS="1635" VPOS="2621" WIDTH="77" HEIGHT="43" CONTENT="the" />
          </TextLine>
          <TextLine ID="TextLine_421" HPOS="48" VPOS="2688" WIDTH="1663" HEIGHT="61">
            <String ID="Word_3522" HPOS="48" VPOS="2690" WIDTH="128" HEIGHT="42" CONTENT="Latin" />
            <SP ID="SP_3102" HPOS="176" VPOS="2689" WIDTH="24" HEIGHT="0" />
            <String ID="Word_3523" HPOS="200" VPOS="2689" WIDTH="340" HEIGHT="57" CONTENT="pronunciation" />
            <SP ID="SP_3103" HPOS="540" VPOS="2689" WIDTH="38" HEIGHT="0" />
            <String ID="Word_3524" HPOS="578" VPOS="2690" WIDTH="47" HEIGHT="41" CONTENT="of" />
            <SP ID="SP_3104" HPOS="625" VPOS="2690" WIDTH="30" HEIGHT="0" />
            <String ID="Word_3525" HPOS="655" VPOS="2690" WIDTH="75" HEIGHT="44" CONTENT="the" />
            <SP ID="SP_3105" HPOS="730" VPOS="2689" WIDTH="33" HEIGHT="0" />
            <String ID="Word_3526" HPOS="763" VPOS="2703" WIDTH="177" HEIGHT="31" CONTENT="vowels," />
            <SP ID="SP_3106" HPOS="940" VPOS="2688" WIDTH="26" HEIGHT="0" />
            <String ID="Word_3527" HPOS="966" VPOS="2688" WIDTH="143" HEIGHT="44" CONTENT="which" />
            <SP ID="SP_3107" HPOS="1109" VPOS="2688" WIDTH="32" HEIGHT="0" />
            <String ID="Word_3528" HPOS="1141" VPOS="2689" WIDTH="122" HEIGHT="56" CONTENT="gives" />
            <SP ID="SP_3108" HPOS="1263" VPOS="2689" WIDTH="33" HEIGHT="0" />
            <String ID="Word_3529" HPOS="1296" VPOS="2695" WIDTH="45" HEIGHT="38" CONTENT="to" />
            <SP ID="SP_3109" HPOS="1341" VPOS="2691" WIDTH="33" HEIGHT="0" />
            <String ID="Word_3530" HPOS="1374" VPOS="2691" WIDTH="107" HEIGHT="42" CONTENT="each" />
            <SP ID="SP_3110" HPOS="1481" VPOS="2691" WIDTH="32" HEIGHT="0" />
            <String ID="Word_3531" HPOS="1513" VPOS="2706" WIDTH="25" HEIGHT="28" CONTENT="a" />
            <SP ID="SP_3111" HPOS="1538" VPOS="2692" WIDTH="33" HEIGHT="0" />
            <String ID="Word_3532" HPOS="1571" VPOS="2693" WIDTH="140" HEIGHT="43" CONTENT="single" />
          </TextLine>
          <TextLine ID="TextLine_422" HPOS="50" VPOS="2759" WIDTH="1660" HEIGHT="60">
            <String ID="Word_3533" HPOS="50" VPOS="2760" WIDTH="178" HEIGHT="44" CONTENT="definite" />
            <SP ID="SP_3112" HPOS="228" VPOS="2759" WIDTH="33" HEIGHT="0" />
            <String ID="Word_3534" HPOS="261" VPOS="2759" WIDTH="153" HEIGHT="44" CONTENT="sound." />
            <SP ID="SP_3113" HPOS="414" VPOS="2759" WIDTH="64" HEIGHT="0" />
            <String ID="Word_3535" HPOS="478" VPOS="2760" WIDTH="202" HEIGHT="55" CONTENT="Further," />
            <SP ID="SP_3114" HPOS="680" VPOS="2760" WIDTH="35" HEIGHT="0" />
            <String ID="Word_3536" HPOS="715" VPOS="2762" WIDTH="49" HEIGHT="43" CONTENT="in" />
            <SP ID="SP_3115" HPOS="764" VPOS="2760" WIDTH="35" HEIGHT="0" />
            <String ID="Word_3537" HPOS="799" VPOS="2760" WIDTH="234" HEIGHT="57" CONTENT="arranging" />
            <SP ID="SP_3116" HPOS="1033" VPOS="2760" WIDTH="34" HEIGHT="0" />
            <String ID="Word_3538" HPOS="1067" VPOS="2760" WIDTH="135" HEIGHT="43" CONTENT="them," />
            <SP ID="SP_3117" HPOS="1202" VPOS="2760" WIDTH="22" HEIGHT="0" />
            <String ID="Word_3539" HPOS="1224" VPOS="2761" WIDTH="38" HEIGHT="42" CONTENT="it" />
            <SP ID="SP_3118" HPOS="1262" VPOS="2761" WIDTH="33" HEIGHT="0" />
            <String ID="Word_3540" HPOS="1295" VPOS="2761" WIDTH="38" HEIGHT="43" CONTENT="is" />
            <SP ID="SP_3119" HPOS="1333" VPOS="2761" WIDTH="38" HEIGHT="0" />
            <String ID="Word_3541" HPOS="1371" VPOS="2762" WIDTH="98" HEIGHT="43" CONTENT="best" />
            <SP ID="SP_3120" HPOS="1469" VPOS="2762" WIDTH="35" HEIGHT="0" />
            <String ID="Word_3542" HPOS="1504" VPOS="2766" WIDTH="45" HEIGHT="39" CONTENT="to" />
            <SP ID="SP_3121" HPOS="1549" VPOS="2763" WIDTH="36" HEIGHT="0" />
            <String ID="Word_3543" HPOS="1585" VPOS="2763" WIDTH="125" HEIGHT="56" CONTENT="place" />
          </TextLine>
          <TextLine ID="TextLine_423" HPOS="50" VPOS="2831" WIDTH="1661" HEIGHT="58">
            <String ID="Word_3544" HPOS="50" VPOS="2831" WIDTH="122" HEIGHT="45" CONTENT="them" />
            <SP ID="SP_3122" HPOS="172" VPOS="2831" WIDTH="32" HEIGHT="0" />
            <String ID="Word_3545" HPOS="204" VPOS="2833" WIDTH="47" HEIGHT="41" CONTENT="in" />
            <SP ID="SP_3123" HPOS="251" VPOS="2833" WIDTH="23" HEIGHT="0" />
            <String ID="Word_3546" HPOS="274" VPOS="2847" WIDTH="56" HEIGHT="28" CONTENT="an" />
            <SP ID="SP_3124" HPOS="330" VPOS="2831" WIDTH="24" HEIGHT="0" />
            <String ID="Word_3547" HPOS="354" VPOS="2831" WIDTH="125" HEIGHT="44" CONTENT="order" />
            <SP ID="SP_3125" HPOS="479" VPOS="2831" WIDTH="22" HEIGHT="0" />
            <String ID="Word_3548" HPOS="501" VPOS="2832" WIDTH="146" HEIGHT="43" CONTENT="which" />
            <SP ID="SP_3126" HPOS="647" VPOS="2832" WIDTH="23" HEIGHT="0" />
            <String ID="Word_3549" HPOS="670" VPOS="2833" WIDTH="93" HEIGHT="43" CONTENT="will" />
            <SP ID="SP_3127" HPOS="763" VPOS="2833" WIDTH="32" HEIGHT="0" />
            <String ID="Word_3550" HPOS="795" VPOS="2837" WIDTH="228" HEIGHT="39" CONTENT="represent" />
            <SP ID="SP_3128" HPOS="1023" VPOS="2837" WIDTH="32" HEIGHT="0" />
            <String ID="Word_3551" HPOS="1055" VPOS="2846" WIDTH="26" HEIGHT="29" CONTENT="a" />
            <SP ID="SP_3129" HPOS="1081" VPOS="2832" WIDTH="30" HEIGHT="0" />
            <String ID="Word_3552" HPOS="1111" VPOS="2832" WIDTH="185" HEIGHT="57" CONTENT="gradual" />
            <SP ID="SP_3130" HPOS="1296" VPOS="2832" WIDTH="31" HEIGHT="0" />
            <String ID="Word_3553" HPOS="1327" VPOS="2834" WIDTH="238" HEIGHT="43" CONTENT="transition" />
            <SP ID="SP_3131" HPOS="1565" VPOS="2834" WIDTH="33" HEIGHT="0" />
            <String ID="Word_3554" HPOS="1598" VPOS="2836" WIDTH="113" HEIGHT="42" CONTENT="from" />
          </TextLine>
          <TextLine ID="TextLine_424" HPOS="48" VPOS="2904" WIDTH="1664" HEIGHT="58">
            <String ID="Word_3555" HPOS="48" VPOS="2904" WIDTH="75" HEIGHT="43" CONTENT="the" />
            <SP ID="SP_3132" HPOS="123" VPOS="2904" WIDTH="22" HEIGHT="0" />
            <String ID="Word_3556" HPOS="145" VPOS="2909" WIDTH="238" HEIGHT="38" CONTENT="narrowest" />
            <SP ID="SP_3133" HPOS="383" VPOS="2904" WIDTH="22" HEIGHT="0" />
            <String ID="Word_3557" HPOS="405" VPOS="2904" WIDTH="87" HEIGHT="43" CONTENT="and" />
            <SP ID="SP_3134" HPOS="492" VPOS="2904" WIDTH="23" HEIGHT="0" />
            <String ID="Word_3558" HPOS="515" VPOS="2904" WIDTH="187" HEIGHT="57" CONTENT="tightest" />
            <SP ID="SP_3135" HPOS="702" VPOS="2904" WIDTH="29" HEIGHT="0" />
            <String ID="Word_3559" HPOS="731" VPOS="2905" WIDTH="136" HEIGHT="43" CONTENT="shape" />
            <SP ID="SP_3136" HPOS="867" VPOS="2905" WIDTH="24" HEIGHT="0" />
            <String ID="Word_3560" HPOS="891" VPOS="2905" WIDTH="47" HEIGHT="43" CONTENT="of" />
            <SP ID="SP_3137" HPOS="938" VPOS="2904" WIDTH="28" HEIGHT="0" />
            <String ID="Word_3561" HPOS="966" VPOS="2904" WIDTH="76" HEIGHT="43" CONTENT="the" />
            <SP ID="SP_3138" HPOS="1042" VPOS="2904" WIDTH="23" HEIGHT="0" />
            <String ID="Word_3562" HPOS="1065" VPOS="2905" WIDTH="257" HEIGHT="57" CONTENT="resonating" />
            <SP ID="SP_3139" HPOS="1322" VPOS="2905" WIDTH="22" HEIGHT="0" />
            <String ID="Word_3563" HPOS="1344" VPOS="2908" WIDTH="368" HEIGHT="43" CONTENT="chamberthat" />
          </TextLine>
          <TextLine ID="TextLine_425" HPOS="48" VPOS="2975" WIDTH="1661" HEIGHT="60">
            <String ID="Word_3564" HPOS="48" VPOS="2975" WIDTH="65" HEIGHT="43" CONTENT="for" />
            <SP ID="SP_3140" HPOS="113" VPOS="2975" WIDTH="21" HEIGHT="0" />
            <String ID="Word_3565" HPOS="134" VPOS="2976" WIDTH="16" HEIGHT="43" CONTENT="i" />
            <SP ID="SP_3141" HPOS="150" VPOS="2976" WIDTH="25" HEIGHT="0" />
            <String ID="Word_3566" HPOS="175" VPOS="2977" WIDTH="201" HEIGHT="55" CONTENT="(English" />
            <SP ID="SP_3142" HPOS="376" VPOS="2976" WIDTH="27" HEIGHT="0" />
            <String ID="Word_3567" HPOS="403" VPOS="2976" WIDTH="208" HEIGHT="55" CONTENT="ee),on" />
            <SP ID="SP_3143" HPOS="611" VPOS="2981" WIDTH="24" HEIGHT="0" />
            <String ID="Word_3568" HPOS="635" VPOS="2981" WIDTH="44" HEIGHT="39" CONTENT="to" />
            <SP ID="SP_3144" HPOS="679" VPOS="2977" WIDTH="24" HEIGHT="0" />
            <String ID="Word_3569" HPOS="703" VPOS="2977" WIDTH="76" HEIGHT="43" CONTENT="the" />
            <SP ID="SP_3145" HPOS="779" VPOS="2977" WIDTH="24" HEIGHT="0" />
            <String ID="Word_3570" HPOS="803" VPOS="2977" WIDTH="232" HEIGHT="43" CONTENT="hollowest" />
            <SP ID="SP_3146" HPOS="1035" VPOS="2976" WIDTH="21" HEIGHT="0" />
            <String ID="Word_3571" HPOS="1056" VPOS="2976" WIDTH="89" HEIGHT="43" CONTENT="and" />
            <SP ID="SP_3147" HPOS="1145" VPOS="2976" WIDTH="31" HEIGHT="0" />
            <String ID="Word_3572" HPOS="1176" VPOS="2977" WIDTH="163" HEIGHT="57" CONTENT="largest" />
            <SP ID="SP_3148" HPOS="1339" VPOS="2977" WIDTH="22" HEIGHT="0" />
            <String ID="Word_3573" HPOS="1361" VPOS="2983" WIDTH="348" HEIGHT="39" CONTENT="shapesthose" />
          </TextLine>
          <TextLine ID="TextLine_426" HPOS="242" VPOS="3062" WIDTH="1303" HEIGHT="52">
            <String ID="Word_3574" HPOS="242" VPOS="3064" WIDTH="11" HEIGHT="23" CONTENT="1" />
            <SP ID="SP_3149" HPOS="253" VPOS="3063" WIDTH="31" HEIGHT="0" />
            <String ID="Word_3575" HPOS="284" VPOS="3063" WIDTH="125" HEIGHT="37" CONTENT="Trans," />
            <SP ID="SP_3150" HPOS="409" VPOS="3063" WIDTH="19" HEIGHT="0" />
            <String ID="Word_3576" HPOS="428" VPOS="3063" WIDTH="42" HEIGHT="47" CONTENT="of" />
            <SP ID="SP_3151" HPOS="470" VPOS="3063" WIDTH="12" HEIGHT="0" />
            <String ID="Word_3577" HPOS="482" VPOS="3063" WIDTH="54" HEIGHT="36" CONTENT="the" />
            <SP ID="SP_3152" HPOS="536" VPOS="3062" WIDTH="21" HEIGHT="0" />
            <String ID="Word_3578" HPOS="557" VPOS="3062" WIDTH="207" HEIGHT="48" CONTENT="Cambridye" />
            <SP ID="SP_3153" HPOS="764" VPOS="3062" WIDTH="23" HEIGHT="0" />
            <String ID="Word_3579" HPOS="787" VPOS="3064" WIDTH="268" HEIGHT="47" CONTENT="Philosophical" />
            <SP ID="SP_3154" HPOS="1055" VPOS="3064" WIDTH="17" HEIGHT="0" />
            <String ID="Word_3580" HPOS="1072" VPOS="3064" WIDTH="148" HEIGHT="48" CONTENT="Society," />
            <SP ID="SP_3155" HPOS="1220" VPOS="3064" WIDTH="20" HEIGHT="0" />
            <String ID="Word_3581" HPOS="1240" VPOS="3064" WIDTH="74" HEIGHT="37" CONTENT="vol." />
            <SP ID="SP_3156" HPOS="1314" VPOS="3064" WIDTH="20" HEIGHT="0" />
            <String ID="Word_3582" HPOS="1334" VPOS="3064" WIDTH="53" HEIGHT="38" CONTENT="iii." />
            <SP ID="SP_3157" HPOS="1387" VPOS="3064" WIDTH="21" HEIGHT="0" />
            <String ID="Word_3583" HPOS="1408" VPOS="3078" WIDTH="34" HEIGHT="36" CONTENT="p." />
            <SP ID="SP_3158" HPOS="1442" VPOS="3068" WIDTH="23" HEIGHT="0" />
            <String ID="Word_3584" HPOS="1465" VPOS="3068" WIDTH="80" HEIGHT="35" CONTENT="231." />
          </TextLine>
          <TextLine ID="TextLine_427" HPOS="241" VPOS="3124" WIDTH="1094" HEIGHT="38">
            <String ID="Word_3585" HPOS="241" VPOS="3124" WIDTH="14" HEIGHT="22" CONTENT="2" />
            <SP ID="SP_3159" HPOS="255" VPOS="3124" WIDTH="26" HEIGHT="0" />
            <String ID="Word_3586" HPOS="281" VPOS="3124" WIDTH="150" HEIGHT="36" CONTENT="London" />
            <SP ID="SP_3160" HPOS="431" VPOS="3124" WIDTH="17" HEIGHT="0" />
            <String ID="Word_3587" HPOS="448" VPOS="3124" WIDTH="76" HEIGHT="36" CONTENT="and" />
            <SP ID="SP_3161" HPOS="524" VPOS="3124" WIDTH="24" HEIGHT="0" />
            <String ID="Word_3588" HPOS="548" VPOS="3124" WIDTH="247" HEIGHT="37" CONTENT="Westminster" />
            <SP ID="SP_3162" HPOS="795" VPOS="3124" WIDTH="18" HEIGHT="0" />
            <String ID="Word_3589" HPOS="813" VPOS="3125" WIDTH="140" HEIGHT="36" CONTENT="Review" />
            <SP ID="SP_3163" HPOS="953" VPOS="3124" WIDTH="18" HEIGHT="0" />
            <String ID="Word_3590" HPOS="971" VPOS="3124" WIDTH="57" HEIGHT="37" CONTENT="for" />
            <SP ID="SP_3164" HPOS="1028" VPOS="3124" WIDTH="19" HEIGHT="0" />
            <String ID="Word_3591" HPOS="1047" VPOS="3124" WIDTH="161" HEIGHT="37" CONTENT="October" />
            <SP ID="SP_3165" HPOS="1208" VPOS="3124" WIDTH="23" HEIGHT="0" />
            <String ID="Word_3592" HPOS="1231" VPOS="3128" WIDTH="104" HEIGHT="34" CONTENT="1837." />
          </TextLine>
        </TextBlock>
      </PrintSpace>
    </Page>
  </Layout>
</alto>
