2107 3450
1744 286 86 46 437

474 292 266 33 PATHOLOGY
773 293 53 31 OF
859 294 87 30 THE
979 293 152 33 MOTOR
1163 294 368 35 SPEECH-TRACTS.

178 415 45 41 in
251 426 298 43 consequence
581 413 45 41 of
661 412 87 43 this
781 413 202 43 invasion
1018 414 45 42 of
1100 414 76 42 the
1210 414 393 58 spinal-accessory
1640 417 197 42 nucleus.

180 486 135 42 These
369 486 213 55 are—(I),
635 485 266 56 Temporary
950 499 259 41 paroxysms
1258 486 47 43 of
1350 486 225 57 laryngeal
1623 487 214 42 dyspnoea

179 559 40 55 ("
235 557 222 56 laryngeal
489 570 133 30 crises
638 556 55 57 "),
723 556 142 43 which
892 557 58 55 by
972 571 120 28 some
1125 557 262 43 authorities
1419 573 73 28 are
1525 559 241 42 attributed
1794 564 44 37 to

180 636 244 48 temporary
468 642 146 28 spasm
658 628 47 41 of
755 627 75 42 the
876 627 213 42 adductor
1136 627 204 43 muscles,
1382 629 86 41 and
1509 629 57 56 by
1609 629 147 42 others
1794 635 44 37 to

180 707 246 50 temporary
461 699 218 57 paralysis
709 700 45 41 of
796 699 76 43 the
906 699 234 43 abductors
1160 715 9 37 ;
1213 699 77 56 (2),
1323 704 261 51 permanent
1621 701 215 55 paralysis

178 774 45 42 of
253 772 222 57 laryngeal
512 770 197 43 muscles.
773 770 106 43 This
911 770 217 56 paralysis
1161 784 140 29 seems
1334 770 166 56 always
1524 776 44 37 to
1601 771 129 43 affect
1762 773 74 42 the

180 846 230 41 abductors
444 844 47 41 in
526 843 73 43 the
635 844 91 41 first
759 843 213 43 instance.
1066 843 45 41 It
1151 857 99 41 may
1284 843 54 42 be
1380 843 203 42 confined
1626 847 43 37 to
1713 844 123 43 these

180 916 278 57 throughout,
482 931 57 27 or,
562 915 45 42 in
643 929 150 29 course
815 915 45 42 of
883 916 119 50 time,
1026 930 101 41 may
1160 915 178 43 involve
1371 916 92 42 also
1495 917 74 42 the
1591 917 244 43 adductors.

237 990 146 53 Often,
417 989 237 57 especially
676 994 46 38 at
758 990 107 50 first,
886 988 77 44 the
996 989 216 56 paralysis
1245 990 38 42 is
1305 990 261 43 unilateral;
1598 991 87 42 and
1717 991 120 52 then,

177 1077 47 29 so
246 1063 103 42 long
371 1077 47 28 as
439 1063 37 42 it
497 1063 37 42 is
557 1062 157 56 purely
738 1077 24 26 a
797 1062 232 42 unilateral
1053 1062 213 42 abductor
1299 1062 227 56 paralysis,
1548 1063 36 41 it
1616 1077 81 28 can
1730 1063 104 56 only

178 1136 52 42 be
269 1135 199 43 detected
508 1135 108 42 with
655 1135 75 42 the
766 1134 514 56 laryngoscope,—there
1318 1135 130 42 being
1485 1149 55 27 no
1579 1141 257 51 symptoms,

176 1207 106 43 such
305 1221 48 29 as
375 1207 87 43 loss
489 1207 45 42 of
566 1207 134 42 voice,
723 1221 47 28 or
802 1206 227 56 laryngeal
1052 1206 225 56 dyspnoea.
1340 1207 161 52 When,
1524 1207 215 53 however,
1762 1208 75 43 the

175 1279 233 43 adductors
430 1294 73 28 are
525 1279 91 43 also
638 1279 200 43 affected,
862 1279 88 42 and
972 1279 76 42 the
1079 1279 103 42 cord
1206 1279 78 42 has
1309 1279 136 42 fallen
1471 1280 109 41 back
1614 1281 111 41 from
1762 1281 73 43 the

176 1351 175 42 median
372 1351 94 42 into
491 1351 73 42 the
587 1351 228 43 cadaveric
837 1356 205 51 position,
1066 1350 109 43 then
1199 1350 124 43 there
1355 1351 38 42 is
1426 1351 87 42 loss
1546 1351 44 42 of
1622 1352 134 43 voice,
1789 1367 47 28 as

174 1423 47 43 in
245 1423 74 43 the
342 1423 226 43 advanced
590 1437 121 29 stage
733 1423 45 42 of
812 1423 236 43 unilateral
1074 1428 227 38 recurrent
1332 1423 216 56 paralysis
1571 1424 47 41 in
1641 1437 119 29 cases
1793 1425 48 41 of

177 1509 230 29 aneurism.

236 1569 43 41 If
302 1568 122 43 there
446 1568 38 42 is
507 1568 201 43 bilateral
729 1568 218 57 paralysis
973 1568 47 42 of
1041 1568 75 42 the
1138 1568 214 42 abductor
1376 1567 189 43 muscles
1588 1567 250 53 alone—as,

175 1642 45 40 in
246 1641 120 43 tabes
400 1641 195 43 dorsalis,
617 1641 123 43 there
764 1642 121 42 often
909 1641 221 43 is,—then
1154 1641 76 43 the
1252 1641 173 56 patient
1448 1641 155 43 suffers
1627 1642 111 42 from
1762 1642 74 44 the

176 1712 178 43 marked
377 1713 85 42 and
486 1713 243 57 dangerous
758 1713 226 57 laryngeal
1006 1713 216 56 dyspnoea
1246 1712 144 43 which
1422 1712 79 44 has
1523 1713 112 43 been
1659 1714 177 57 already

173 1785 132 43 noted
328 1800 46 28 as
397 1786 327 42 characteristic
741 1786 45 42 of
811 1786 98 42 that
933 1785 236 43 condition.
1224 1785 106 42 This
1365 1785 90 41 will
1489 1785 245 56 disappear,
1758 1787 80 42 but

174 1857 74 42 the
272 1857 120 43 voice
418 1857 90 43 will
532 1857 51 43 be
605 1857 97 43 lost,
732 1857 39 42 if
789 1858 75 42 the
898 1871 215 42 paralysis
1146 1856 254 43 ultimately
1422 1856 202 43 involves
1646 1856 92 44 also
1762 1857 74 43 the

173 1929 246 43 adductors.

222 2002 139 43 These
375 2002 222 56 laryngeal
619 2002 333 43 complications
970 2002 46 42 of
1036 2002 123 43 tabes
1177 2002 184 42 dorsalis
1379 2007 119 38 must
1516 2003 52 42 be
1588 2018 250 29 commoner

174 2075 107 43 than
304 2076 38 42 is
365 2076 176 56 usually
564 2075 232 56 imagined.
861 2076 66 41 Dr
950 2075 162 43 Semon
1135 2089 101 29 says
1261 2075 96 43 that
1379 2075 45 42 in
1450 2076 74 42 the
1552 2076 94 42 first
1677 2076 159 43 twelve

173 2162 119 28 cases
331 2148 45 42 of
408 2148 124 43 tabes
565 2148 235 43 examined
833 2148 60 42 by
925 2147 93 42 him
1054 2147 45 43 in
1134 2147 75 43 the
1243 2151 20 17 "
1279 2148 213 42 National
1526 2149 209 55 Hospital
1770 2150 66 42 for

173 2221 212 56 Epilepsy
423 2221 87 42 and
549 2221 256 56 Paralysis,"
846 2221 53 42 he
938 2220 138 42 found
1116 2235 54 27 no
1210 2221 132 42 1'ewer
1381 2221 108 41 than
1528 2236 132 28 seven
1701 2226 44 38 to
1782 2222 55 43 be

173 2293 179 43 affected
390 2293 142 43 either
557 2299 103 35 with
686 2292 237 43 unilateral
952 2292 217 56 paralysis
1203 2292 44 42 of
1280 2292 75 43 the
1388 2293 226 53 abductor,
1647 2308 47 28 or
1728 2300 107 36 with

172 2366 232 42 unilateral
430 2366 216 56 paralysis
665 2365 47 42 of
728 2365 103 43 both
851 2365 75 43 the
945 2364 213 43 abductor
1175 2365 87 42 and
1287 2364 75 44 the
1385 2365 248 44 adductors,
1655 2381 48 28 or
1726 2373 108 36 with

171 2452 147 29 severe
342 2438 202 43 bilateral
566 2438 165 57 paresis
755 2438 47 42 of
832 2437 73 43 the
929 2437 244 43 abductors.
1238 2438 90 42 But
1352 2438 54 42 he
1429 2438 108 43 adds
1561 2439 99 42 that
1682 2440 46 42 in
1759 2439 75 44 the

172 2515 108 39 next
303 2512 98 41 fifty
424 2526 47 27 or
493 2511 119 43 sixty
636 2524 120 30 cases
779 2514 79 39 not
879 2524 24 29 a
927 2509 140 58 single
1093 2523 98 30 case
1224 2511 233 56 presented
1489 2525 89 43 any
1610 2517 225 52 symptom

172 2584 45 42 of
239 2584 223 57 laryngeal
485 2582 248 59 paralysis.1

233 2655 161 45 Seeing
426 2661 97 38 that
554 2654 46 46 in
634 2670 47 29 so
713 2670 136 28 many
872 2655 48 43 of
938 2654 124 44 these
1085 2668 120 30 cases
1239 2654 75 43 the
1347 2653 215 44 abductor
1586 2655 38 43 is
1647 2655 187 44 affected

170 2728 139 44 alone,
340 2743 48 28 or
419 2729 37 43 is
489 2728 185 44 affected
708 2729 105 42 first,
847 2728 147 42 before
1027 2726 76 44 the
1136 2726 237 44 adductors
1399 2741 72 29 are
1494 2727 92 43 also
1609 2728 224 52 involved,

172 2802 64 41 Ur
260 2802 157 41 Semon
452 2802 77 41 has
562 2802 111 43 been
706 2800 227 44 naturally
965 2800 72 42 led
1071 2804 44 38 to
1149 2799 75 43 the
1259 2799 254 43 conclusion
1548 2804 98 38 that
1678 2799 47 44 in
1758 2801 76 42 the

171 2873 244 57 medullary
441 2873 148 44 nuclei
611 2874 45 43 of
680 2873 73 44 the
775 2872 229 58 laryngeal
1038 2886 157 29 nerves
1227 2872 125 43 there
1386 2872 37 42 is
1456 2871 75 44 the
1564 2886 120 28 same
1718 2886 116 29 com-

171 2946 198 56 parative
392 2946 316 43 vulnerability
730 2946 48 42 in
800 2946 77 42 the
899 2945 214 43 abductor
1135 2944 263 44 nerve-cells
1423 2943 97 43 that
1553 2943 54 43 he
1642 2944 192 45 believes

171 3023 45 38 to
239 3018 116 43 exist
376 3018 47 42 in
446 3018 76 43 the
545 3017 212 44 abductor
780 3018 286 43 nerve-fibres
1090 3018 46 42 of
1155 3017 76 43 the
1261 3020 229 40 recurrent
1522 3030 143 29 nerve.
1729 3017 106 43 And

828 3167 11 23 1
871 3166 62 48 Op.
953 3166 68 46 cit,
1040 3177 35 37 p.
1095 3168 84 34 444.
