2125 3524
374 230 53 40 82

853 245 86 30 THE
973 246 241 31 DISORDERS
1247 247 52 31 OF
1332 246 173 33 SPEECH.

372 357 330 53 Neurasthenia,
735 362 73 42 the
840 363 158 55 supply
1032 365 43 40 of
1107 378 154 40 energy
1306 364 36 40 is
1379 364 136 40 below
1559 376 85 40 par,
1686 375 46 29 so
1774 361 94 42 that
1908 364 67 43 the

373 433 140 38 motor
549 437 143 37 cortex
730 438 92 50 gets
859 434 134 54 easily
1025 433 249 42 exhausted,
1310 433 86 41 and
1430 446 19 26 a
1495 432 179 55 Fatigue
1710 432 202 43 Neurosis
1944 436 33 42 is

374 497 165 56 readily
561 499 245 57 developed.
871 501 41 42 It
944 503 76 40 has
1053 501 89 42 also
1174 502 106 40 been
1314 500 207 42 observed
1553 500 95 41 that
1678 500 301 54 Nervousness,

374 568 106 41 such
517 583 46 28 as
600 584 99 42 may
734 571 52 42 be
823 572 169 41 excited
1030 572 44 39 in
1114 571 71 41 the
1225 570 168 54 patient
1433 570 58 53 by
1523 569 71 42 the
1626 583 201 41 presence
1858 570 45 41 of
1929 586 50 28 an

375 637 215 52 onlooker,
621 645 250 49 aggravates
905 641 73 41 the
1010 640 201 41 affection
1246 640 65 40 for
1343 639 73 41 the
1448 639 104 42 time
1590 639 136 54 being.
1788 640 192 53 Further,

376 707 65 41 Dr
463 708 137 42 Lewis
631 710 89 41 has,
741 710 46 40 in
818 710 68 41 his
918 710 295 41 observations
1248 723 115 40 upon
1401 708 73 43 the
1504 709 125 42 allied
1662 709 320 54 Telegraphist's

377 778 180 55 Fatigue
579 780 217 41 Neurosis,
819 779 129 41 noted
969 779 108 41 that,
1099 779 45 41 in
1167 793 117 27 some
1307 792 130 28 cases,
1455 778 122 42 when
1601 779 73 41 the
1696 779 167 55 patient
1884 780 99 44 feels

378 847 73 41 the
474 848 202 55 inability
699 854 43 36 to
770 849 186 53 perform
979 853 105 36 with
1118 848 66 41 his
1215 848 117 41 hand
1364 848 73 42 the
1468 849 154 54 simple
1653 849 330 42 manipulations

377 917 198 54 required
597 918 46 40 in
667 918 125 41 using
814 918 73 41 the
910 918 144 41 Morse
1076 918 276 49 instrument,
1375 918 53 42 he
1459 923 45 37 at
1534 919 74 41 the
1639 932 116 28 same
1787 919 104 41 time
1916 933 67 28 ex-

377 987 219 53 periences
619 1001 54 27 an
696 987 201 54 inability
921 992 43 36 to
987 988 109 40 form
1120 988 46 40 in
1187 987 67 42 his
1288 988 121 41 mind
1431 1002 24 27 a
1477 1002 154 40 proper
1662 989 251 53 conception
1945 992 40 40 of

378 1057 72 41 the
473 1057 95 41 dots
590 1057 84 41 and
697 1057 166 42 strokes
886 1057 198 55 required
1106 1057 64 41 for
1200 1058 337 41 representation
1570 1058 45 41 of
1643 1058 73 41 the
1746 1058 157 41 letters.
1966 1061 17 39 I

377 1140 88 27 saw
486 1125 84 42 last
591 1126 174 55 August
790 1140 24 27 a
847 1127 179 53 patient,
1048 1140 96 28 now
1167 1127 205 41 suffering
1403 1128 108 40 from
1546 1127 173 41 marked
1751 1133 234 48 symptoms

375 1198 46 39 of
439 1197 330 50 Neurasthenia,
786 1197 105 49 who,
910 1197 125 42 when
1058 1197 209 42 speaking
1289 1197 45 41 in
1350 1197 158 55 public,
1523 1197 76 41 has
1617 1197 42 41 of
1682 1196 86 42 late
1782 1210 200 28 observed

377 1281 24 26 a
417 1272 115 36 want
545 1267 43 41 of
611 1280 143 41 power
770 1268 44 40 in
834 1267 72 42 the
926 1272 120 37 tones
1061 1268 46 40 of
1125 1267 67 42 his
1208 1267 130 42 voice.
1392 1267 106 41 Five
1518 1280 122 41 years
1663 1267 154 41 before,
1833 1267 51 41 he
1901 1267 82 41 had

379 1337 225 42 consulted
626 1351 67 27 me
716 1352 55 26 on
794 1343 181 36 account
997 1338 45 41 of
1061 1352 24 27 a
1107 1352 104 28 very
1233 1338 179 41 distinct
1439 1337 271 42 threatening
1733 1337 43 40 of
1797 1337 189 41 Writer's

381 1407 168 55 Cramp,
570 1408 218 54 produced
819 1408 57 54 by
898 1408 288 42 over-fatigue
1212 1408 44 41 in
1279 1408 182 41 writing.
1524 1408 53 40 In
1608 1407 85 42 this
1715 1421 106 27 case,
1853 1407 134 41 Neur-

380 1478 196 41 asthenia
598 1491 135 28 seems
757 1483 43 36 to
826 1477 109 43 have
966 1478 108 41 been
1108 1479 72 40 the
1211 1478 298 54 predisposing
1541 1491 125 27 cause
1698 1478 42 40 of
1774 1477 212 40 weakness

381 1547 105 41 both
508 1548 45 40 in
576 1547 73 41 the
671 1548 116 40 hand
809 1548 85 40 and
915 1548 46 40 in
986 1548 72 41 the
1082 1549 184 40 Larynx.

442 1618 98 40 But,
575 1617 125 41 while
736 1618 100 41 thus
869 1617 112 55 fully
1016 1618 269 54 recognising
1318 1617 73 41 the
1424 1618 267 40 importance
1730 1618 45 39 of
1811 1630 178 28 nervous

381 1688 258 41 exhaustion
676 1701 45 27 as
759 1701 24 27 a
820 1688 297 53 predisposing
1149 1701 123 28 cause
1310 1687 43 41 of
1384 1687 196 41 Writer's
1616 1687 169 53 Cramp,
1823 1700 62 27 we
1920 1693 71 47 yet

382 1763 158 36 cannot
578 1758 180 41 exclude
793 1758 73 42 the
898 1759 264 53 probability
1193 1758 96 41 that
1323 1772 129 40 many
1483 1772 117 28 cases
1632 1772 70 27 are
1733 1759 44 40 of
1808 1758 108 41 local
1947 1772 43 27 or

381 1828 243 55 peripheral
654 1829 232 41 causation.
950 1829 43 40 It
1030 1843 136 27 seems
1199 1829 163 41 certain
1394 1827 107 51 that,
1528 1842 155 41 among
1715 1828 275 54 professional

382 1898 247 42 scriveners,
652 1898 73 41 the
759 1898 155 54 simple
948 1897 162 42 fatigue
1145 1899 43 40 of
1220 1898 73 41 the
1326 1898 184 41 muscles
1545 1898 56 54 by
1634 1899 116 41 work
1787 1898 203 42 specially

383 1968 107 41 hard
527 1968 84 41 and
660 1968 101 41 long
798 1968 236 41 continued
1071 1968 37 41 is
1149 1968 44 41 of
1234 1968 122 41 itself
1389 1968 216 41 sufficient
1642 1975 42 34 to
1721 1969 154 41 induce
1918 1968 71 42 the

382 2038 212 50 affection,
617 2052 107 28 even
749 2038 141 41 where
923 2038 73 42 the
1029 2038 283 41 constitution
1345 2038 36 41 is
1413 2038 122 55 quite
1566 2038 157 41 robust.
1788 2039 54 40 In
1873 2038 115 42 these

383 2122 129 36 cases,
529 2108 242 54 peripheral
793 2121 185 28 changes
999 2107 45 42 in
1067 2107 74 43 the
1163 2122 153 28 nerves
1334 2121 47 28 or
1397 2107 184 42 muscles
1605 2121 97 41 may
1721 2108 50 41 be
1789 2108 201 54 expected

387 2186 41 34 to
451 2192 127 28 occur
599 2183 104 37 with
727 2178 161 54 special
910 2178 247 55 frequency.

442 2253 63 41 As
539 2255 42 38 to
614 2251 73 41 the
718 2250 247 55 possibility
987 2250 46 41 of
1060 2249 198 42 Writer's
1290 2247 158 55 Cramp
1475 2248 160 41 having
1665 2247 243 42 sometimes
1939 2247 52 39 its

384 2322 138 41 origin
553 2321 46 41 in
631 2319 286 42 over-fatigue
949 2320 46 40 of
1024 2319 72 41 the
1120 2319 151 54 Spinal
1302 2323 99 49 part
1432 2318 46 41 of
1507 2318 72 40 the
1611 2330 138 27 motor
1781 2321 119 44 tract,
1931 2316 60 40 Dr

385 2393 145 40 Poore,
553 2389 46 43 in
635 2390 67 40 his
735 2389 116 41 chief
879 2402 143 40 paper,
1043 2389 143 53 points
1218 2392 76 37 out
1326 2388 95 40 that
1453 2386 163 43 several
1647 2387 43 40 of
1721 2385 74 42 the
1826 2385 165 55 leading

384 2461 223 42 affections
629 2460 45 40 of
703 2458 73 42 the
800 2458 150 42 Spinal
973 2457 109 43 Cord
1106 2471 96 41 may
1228 2457 126 55 begin
1389 2462 43 36 to
1455 2458 149 41 betray
1627 2455 258 43 themselves
1906 2455 88 41 first

385 2533 43 41 of
469 2531 59 42 all
569 2531 45 40 in
656 2529 74 41 the
771 2529 128 50 hand,
942 2528 156 41 during
1141 2527 72 41 the
1259 2532 69 36 act
1369 2528 43 40 of
1465 2527 180 54 writing.
1728 2525 265 42 Progressive

384 2600 225 44 Muscular
639 2598 201 54 Atrophy
863 2611 139 28 shows
1034 2596 122 42 itself
1182 2597 47 40 in
1252 2596 86 42 this
1361 2610 94 28 way
1478 2610 114 28 more
1623 2595 247 55 frequently
1892 2595 100 41 than

385 2686 85 27 any
493 2671 44 41 of
557 2670 73 42 the
653 2669 168 42 others;
852 2668 79 40 but
951 2667 64 41 Dr
1037 2667 133 41 Poore
1193 2667 89 41 also
1314 2667 167 41 records
1503 2680 24 27 a
1549 2680 95 28 case
1674 2666 44 40 of
1749 2666 245 40 Locomotor

383 2741 163 43 Ataxia
577 2743 97 38 that
704 2738 137 41 began
873 2744 107 33 with
1012 2735 312 42 inco-ordinate
1356 2741 247 36 movement
1631 2735 47 41 of
1706 2734 73 42 the
1810 2733 115 42 hand
1950 2733 43 40 in

383 2812 185 53 writing,
586 2809 83 42 and
693 2813 96 36 that
805 2805 235 43 developed
1058 2811 42 35 to
1123 2819 24 27 a
1168 2805 176 41 marked
1362 2805 150 54 degree
1533 2805 44 40 in
1602 2804 72 42 the
1693 2818 144 41 upper,
1855 2804 137 41 before

382 2885 36 41 it
440 2880 181 44 affected
643 2879 73 41 the
737 2878 130 41 lower
889 2875 275 43 extremities.
1226 2875 65 41 Dr
1314 2875 131 41 Poore
1467 2888 206 41 supposes
1694 2875 95 40 that
1814 2873 45 42 in
1891 2873 100 42 such

383 2967 118 30 cases
524 2952 118 41 there
664 2948 180 44 existed,
864 2948 46 41 in
932 2946 73 42 the
1037 2947 91 41 first
1150 2945 205 42 instance,
1377 2959 25 27 a
1423 2949 147 50 strong
1598 2944 330 55 predisposition
1951 2949 40 35 to

384 3025 74 42 the
480 3024 110 41 form
622 3021 46 42 of
696 3020 163 42 disease
892 3015 247 56 ultimately
1162 3014 248 56 developed,
1432 3014 83 42 and
1549 3019 94 37 that
1675 3013 72 43 the
1772 3013 158 55 fatigue
1951 3011 42 42 of
