1895 3217
762 302 87 40 115

272 855 110 39 THE
411 856 205 40 KAHAU
647 856 73 40 OR
748 857 296 39 PROBOSCIS
1074 858 259 40 MONKEY.

453 964 171 37 yasalis
645 963 485 39 larvatus.—Geoffroy.

690 1070 134 37 Plate
845 1071 73 37 VI.

127 1174 188 38 Proboscis
334 1176 181 48 Monkey,
544 1178 226 36 Pennant's
792 1178 277 47 Quadrupeds^
1092 1190 151 35 append,
1265 1192 33 34 p.
1325 1179 88 37 322.
1432 1204 55 9 —

403 1242 207 45 Audibert,
629 1242 404 37 HistoireNaturelle
1048 1243 66 35 des
1128 1244 141 46 Singes
1341 1243 145 37 Nasalis

181 1307 170 45 larvatus,
372 1307 185 47 Geoffroy
575 1308 119 36 Saint
707 1308 176 46 Hilaire,
895 1308 180 36 Annales
1103 1308 54 36 du
1181 1309 206 46 Mtiseum,
1406 1310 73 35 vol.

179 1385 77 23 six.
274 1385 31 35 p.
321 1372 280 36 91.—Guenon
613 1385 160 35 nasique,
788 1373 242 36 Desmaret's
1041 1374 295 45 Mammalogie,
1349 1388 32 34 p.
1404 1374 62 36 55.

214 1505 117 44 This
381 1504 196 45 singular
608 1505 198 59 monkey
842 1504 36 45 is
919 1510 47 39 at
1006 1520 105 30 once
1156 1503 328 47 distinguished

125 1581 62 60 by
225 1587 77 38 the
336 1581 335 60 extraordinary
702 1581 250 45 elongation
984 1581 49 45 of
1057 1587 78 39 the
1171 1596 119 38 nose,
1333 1581 149 45 which

124 1657 36 44 is
196 1657 157 61 nearly
376 1656 96 46 four
493 1658 151 44 inches
668 1658 46 44 in
736 1658 169 60 length,
932 1658 89 44 and
1053 1673 122 45 gives
1201 1673 26 28 a
1249 1664 233 54 grotesque

123 1749 272 45 appearance
439 1740 45 39 to
523 1741 77 38 the
645 1734 183 52 animal,
875 1741 47 37 at
967 1740 78 38 the
1091 1749 122 30 same
1257 1734 111 45 time
1413 1733 68 46 far

123 1809 110 46 from
254 1810 213 61 pleasing.
525 1811 54 45 In
603 1817 126 39 other
749 1816 191 40 respects
964 1810 36 44 it
1023 1816 199 54 presents
1246 1825 27 29 a
1303 1809 111 45 form
1438 1810 48 45 of

122 1887 296 45 considerable
441 1887 184 45 interest
648 1892 45 40 to
716 1893 78 38 the
817 1887 240 59 zoologist;
1092 1886 78 44 the
1193 1886 119 60 body
1335 1885 38 45 is
1394 1902 87 28 un-

124 1963 200 59 shapely,
343 1962 259 61 protruding
616 1962 47 45 in
676 1960 117 46 front
810 1962 90 44 like
923 1963 77 43 the
1019 1961 186 61 Orangs,
1225 1962 89 44 and
1333 1968 147 38 wants

124 2038 78 44 the
232 2039 215 60 lightness
469 2038 228 60 possessed
725 2039 63 59 by
823 2054 45 29 so
897 2053 142 45 many
1063 2037 49 45 of
1139 2038 78 44 the
1252 2037 226 46 Guenons.

126 2115 96 44 The
245 2130 118 29 arms
379 2130 72 29 are
470 2113 49 47 of
544 2130 108 45 very
676 2114 296 45 considerable
993 2113 295 61 proportional
1306 2113 170 46 length,

120 2191 91 45 like
234 2191 77 45 the
335 2191 230 53 Gibbons;
601 2191 103 53 and,
729 2191 91 45 like
849 2191 77 44 the
959 2191 196 60 howling
1183 2191 233 61 monkeys,
1442 2191 36 45 it

121 2284 216 44 possesses
369 2284 26 29 a
422 2269 119 60 large
575 2268 202 61 guttural
815 2267 304 46 sack—while
1154 2274 78 38 the
1270 2283 207 45 presence

124 2344 49 46 of
199 2360 26 29 a
247 2345 270 45 lengthened
539 2345 96 53 tail,
662 2345 89 44 and
774 2343 50 47 of
847 2345 147 44 naked
1025 2344 249 53 callosities,
1299 2351 179 53 present

124 2421 244 45 altogether
391 2437 26 29 a
440 2437 108 45 very
572 2437 173 29 curious
769 2421 312 46 combination.

189 2498 97 44 The
326 2498 152 44 kahau
514 2498 37 45 is
591 2499 136 43 about
763 2498 124 44 three
923 2498 88 44 feet
1055 2497 49 45 in
1147 2497 155 44 height
1344 2512 131 30 when

125 2589 155 44 placed
311 2573 46 45 in
389 2589 56 30 an
482 2580 115 39 erect
631 2573 204 61 position,
870 2589 102 38 and,
1006 2573 113 45 with
1143 2579 77 39 the
1244 2573 232 61 exception
