2107 3450
261 305 230 35 INABILITY
522 303 54 33 TO
609 300 281 35 ARTICULATE
924 300 118 33 SOME
1075 299 161 33 SINGLE
1270 299 280 34 CONSONANT.
1646 288 84 43 135

75 428 212 45 Anterior
305 423 356 60 Linguo-palatal
679 422 239 56 (Burring).
985 420 266 45 Sometimes
1274 419 42 44 L
1333 421 36 42 is
1386 425 299 49 substituted;
1707 434 25 29 a

73 503 173 53 patient
267 499 45 42 of
344 512 75 42 my
442 510 109 29 own,
575 495 66 42 for
662 493 217 58 example,
902 492 164 57 giving,
1089 497 21 17 "
1129 491 161 44 Lound
1313 491 76 43 the
1411 491 160 56 lugged
1593 491 139 52 lock,"

75 572 67 42 for
163 576 22 17 "
200 570 159 43 Sound
377 569 73 43 the
473 567 163 58 rugged
653 566 143 43 rock."
850 565 262 44 Sometimes
1129 563 60 46 W
1212 564 124 42 takes
1354 563 77 43 the
1453 563 124 56 place
1601 564 44 42 of
1667 562 39 45 B
1724 579 8 38 ;

73 644 47 41 in
145 642 143 43 which
311 655 96 29 case
439 641 75 42 the
549 653 128 29 name
702 638 46 43 of
767 638 75 43 the
878 637 144 43 father
1043 637 46 43 of
1123 636 219 44 medicine
1374 636 149 42 would
1545 636 53 43 be
1631 651 99 41 pro-

73 714 200 43 nounced
296 727 46 29 as
368 717 20 17 ':
404 710 350 58 Hippocwates."
817 710 56 42 In
895 724 119 29 rarer
1037 724 132 29 cases,
1191 709 41 43 E
1258 709 79 43 has
1359 708 111 44 been
1494 709 237 43 converted

73 787 95 42 into
221 790 87 38 two
361 785 81 42 T's,
483 798 49 28 or
581 784 95 42 into
730 781 45 45 G
821 798 47 27 or
912 781 93 56 Ng,
1060 797 46 27 or
1153 782 110 43 been
1306 781 206 56 prefaced
1564 781 61 57 by
1675 795 56 28 an

73 858 144 43 initial
242 856 47 52 S,
321 855 85 45 Ds,
433 871 47 28 or
501 854 34 44 Z
560 855 89 55 (see
673 855 276 43 Kussmaul).
1014 853 146 45 There
1188 868 139 29 seems
1361 858 44 38 to
1428 853 54 44 be
1504 867 57 29 no
1594 853 139 44 doubt

72 935 97 38 that
192 929 191 55 Burring
404 929 36 43 is
464 928 250 44 sometimes
739 928 85 42 clue
848 931 44 39 to
911 927 226 43 shortness
1155 927 45 42 of
1222 926 75 43 the
1316 927 191 42 Frenum
1526 925 206 44 Lingua:;

73 1002 143 42 which
241 1005 206 52 prevents
462 1001 74 43 the
560 1001 66 43 tip
649 1001 47 43 of
715 1000 74 43 the
808 1004 163 52 tongue
994 1000 130 42 being
1147 998 200 44 elevated
1371 999 269 43 sufficiently
1663 1000 69 42 for

73 1076 74 43 the
173 1074 262 56 production
463 1074 46 43 of
528 1089 25 27 a
584 1088 157 42 proper
764 1072 54 44 R.
883 1073 193 42 Burring
1108 1072 79 43 has
1220 1072 111 43 been
1364 1072 170 43 termed
1565 1072 164 43 Rhota-

72 1149 180 41 cismus:
287 1161 127 29 when
448 1145 126 43 other
606 1145 154 43 letters
795 1159 73 29 are
902 1144 271 44 substituted
1206 1144 66 42 for
1305 1142 55 55 R,
1395 1144 74 43 the
1504 1145 226 42 condition

73 1221 79 42 has
174 1222 110 42 been
308 1219 167 44 termed
497 1218 413 43 Pararhotacisnnis.

135 1293 77 56 (2.)
260 1291 43 45 L
344 1291 255 56 frequently
641 1296 202 51 presents
886 1290 171 42 similar
1099 1289 265 43 difficulties.
1461 1289 150 43 When
1654 1290 76 43 the

71 1365 133 42 letter
226 1365 36 42 is
286 1363 183 44 omitted
493 1378 47 27 or
572 1362 265 56 defectively
858 1361 295 57 pronounced,
1179 1361 73 43 the
1277 1361 226 43 condition
1527 1362 38 42 is
1589 1363 142 42 called

69 1436 379 43 Lambdacismus:
486 1449 128 28 when
649 1434 123 42 other
805 1434 152 42 letters
992 1447 72 29 are
1099 1433 271 43 substituted
1407 1434 67 42 for
1505 1434 49 51 it,
1585 1433 145 44 Para-

70 1509 340 42 lambdacismus.
474 1507 90 42 The
597 1506 131 43 letter
761 1505 270 43 substituted
1066 1519 102 43 may
1200 1506 53 42 be
1290 1503 50 53 T,
1370 1503 56 53 D,
1462 1504 47 53 S,
1542 1504 84 53 Zh,
1669 1505 61 55 N,

72 1579 95 55 Ng,
191 1594 47 28 or
259 1578 55 44 R.

133 1651 77 56 (o.)
243 1650 269 43 Difficulties
556 1657 108 36 with
710 1649 34 45 S
791 1649 325 57 (Sigmatismiis
1154 1649 86 43 and
1278 1649 455 48 Parasigniatismus}.

71 1724 44 41 It
143 1738 100 28 may
264 1723 54 43 be
353 1723 281 56 pronounced
667 1723 108 42 with
812 1737 266 43 unpleasant
1102 1722 246 56 sharpness,
1371 1736 48 29 or
1439 1722 156 44 letters
1629 1738 103 42 may

70 1796 54 43 be
162 1801 284 46 substituted,
484 1795 238 56 especially
761 1794 77 43 Th
878 1794 238 56 (Lisping),
1139 1795 87 42 and
1261 1793 74 45 Sh
1368 1810 46 28 as
1447 1795 47 42 in
1526 1796 204 44 Mozhesh.

69 1868 43 42 A
135 1868 173 43 curious
332 1882 96 28 case
458 1869 45 41 of
526 1882 75 41 my
624 1881 99 29 own
756 1871 272 39 substituted
1052 1865 78 45 Oh
1155 1867 107 55 (tsh)
1289 1868 65 42 for
1379 1866 43 45 S,
1446 1867 87 43 and
1559 1868 173 44 instead

70 1940 45 42 of
137 1940 154 56 saying
312 1942 22 19 "
352 1939 135 42 Sarah
511 1943 66 39 sat
600 1938 264 43 sorrowful,"
888 1939 94 42 said
1006 1942 20 19 "
1044 1937 176 45 Cliarah
1244 1939 102 42 chat
1368 1940 307 43 chorrowful."

130 2012 78 57 (4.)
243 2012 69 43 So,
334 2012 46 42 in
406 2011 92 43 like
532 2025 195 37 manner,
761 2011 123 42 there
917 2025 103 42 may
1053 2011 52 43 be
1138 2011 254 43 difficulties
1428 2011 107 42 with
1560 2012 73 42 the
1658 2011 74 45 Sh

70 2084 154 44 sound,
242 2084 67 42 for
330 2083 144 44 which
499 2082 47 45 S,
565 2099 47 26 or
633 2082 53 54 L,
710 2099 48 26 or
782 2084 73 42 the
879 2091 199 36 softened
1101 2083 173 44 Freuch
1298 2082 95 46 Gil,
1418 2083 37 44 is
1478 2086 253 42 sometimes

69 2156 284 44 substituted.

132 2227 77 58 (5.)
262 2228 43 41 A
357 2241 106 28 very
516 2241 201 28 common
770 2226 88 43 and
910 2227 243 56 important
1205 2227 233 57 difficulty,
1491 2233 240 52 persisting

68 2300 239 56 especially
330 2300 42 41 in
409 2299 198 43 children
630 2299 97 43 who
749 2299 113 43 have
886 2299 110 43 been
1021 2299 105 43 slow
1150 2299 47 42 in
1230 2299 201 58 learning
1454 2305 44 38 to
1522 2301 149 56 speak,
1694 2302 38 43 is

69 2371 208 43 inability
320 2376 45 38 to
396 2384 250 43 pronounce
678 2369 49 44 K
771 2385 48 28 or
860 2369 45 45 G
952 2371 363 57 (Gammacismus
1357 2372 86 42 and
1486 2372 246 43 Paragam-

69 2458 260 43 macismus),
362 2443 75 43 the
472 2443 123 56 place
629 2443 47 42 of
705 2443 123 43 these
860 2443 153 43 letters
1046 2444 133 56 being
1211 2444 252 56 frequently
1502 2445 133 43 taken
1671 2446 59 57 by

68 2515 39 44 T
125 2516 87 43 and
235 2514 54 45 D.
345 2517 90 42 The
454 2514 48 44 K
523 2516 85 42 and
625 2514 44 45 G
683 2530 73 29 are
771 2517 253 43 sometimes
1047 2522 79 37 not
1148 2517 218 43 mastered
1390 2518 66 42 for
1478 2532 125 43 years
1622 2525 113 37 after

69 2588 75 44 the
167 2588 281 43 articulation
473 2588 45 43 of
540 2588 60 43 all
624 2589 74 43 the
722 2588 127 44 other
872 2594 267 38 consonants
1164 2589 78 44 lias
1264 2590 178 44 become
1466 2591 123 56 quite
1612 2606 118 29 easy.

131 2661 138 43 Other
303 2661 253 43 difficulties
594 2676 130 28 occur
762 2662 109 42 with
907 2662 125 43 other
1069 2667 280 49 consonants,
1388 2664 81 42 but
1507 2663 76 44 the
1619 2664 112 42 diffi-

68 2733 157 43 culties
248 2733 177 58 already
448 2734 285 43 enumerated
755 2749 72 29 are
851 2735 76 43 the
951 2738 116 40 most
1090 2749 202 29 common
1317 2736 85 42 and
1425 2736 254 44 important.

130 2805 46 42 It
197 2805 36 43 is
254 2805 170 57 worthy
447 2806 47 42 of
508 2811 102 38 note
628 2812 46 37 at
697 2806 88 44 this
808 2807 139 56 point,
969 2807 99 43 that
1087 2805 179 59 Lalling
1283 2822 119 28 upon
1422 2822 24 28 a
1470 2808 141 43 single
1631 2823 101 28 con-

69 2883 160 38 sonant
250 2877 37 44 is
310 2883 76 38 not
410 2878 189 44 entitled
624 2885 43 37 to
690 2879 54 43 be
766 2879 210 57 regarded
999 2894 47 28 as
1068 2894 88 43 any
1180 2880 244 43 indication
1449 2880 45 43 of
1518 2880 216 43 defective

68 2949 211 53 intellect,
301 2950 225 58 although,
550 2966 46 29 as
620 2966 63 29 we
705 2951 113 44 have
842 2966 115 39 seen,
979 2958 242 51 persistent
1244 2951 181 57 Lalling
1457 2967 117 42 upon
1599 2967 135 42 many

69 3027 264 39 consonants
367 3024 37 42 is
439 3023 162 58 always
637 3039 106 42 very
777 3025 201 56 strongly
1013 3025 250 56 suggestive
1297 3025 47 41 of
1373 3024 109 43 such
1516 3039 24 27 a
1576 3024 157 43 defect.

69 3092 199 58 Lisping,
290 3094 85 44 and
399 3095 75 43 the
506 3096 291 43 substitution
831 3097 44 41 of
896 3094 73 44 W
991 3096 67 43 for
1080 3095 56 53 R,
1160 3111 70 28 are
1264 3096 254 43 sometimes
1548 3094 185 44 affected

69 3166 58 60 by
171 3167 191 43 dandies.
427 3167 90 44 The
551 3166 149 45 Greek
737 3167 181 44 dandies
952 3167 108 44 used
1105 3173 45 38 to
1194 3171 242 40 substitute
1478 3163 18 43 1
1539 3165 66 43 for
1647 3175 87 32 r
