2323 3951
1260 280 26 44 4

434 423 177 64 placed
636 423 168 50 before
830 424 83 48 the
941 423 298 51 Committee
1265 431 49 40 at
1340 440 149 47 every
1517 422 189 65 weekly
1735 422 232 66 meeting,
1987 422 142 50 with-

433 521 85 41 out
557 531 29 32 a
610 516 159 65 single
806 515 292 49 exception:
1138 516 113 47 and,
1278 514 142 48 when
1460 513 23 48 I
1520 520 126 42 state
1676 514 108 48 that
1811 514 24 47 I
1860 515 125 48 have
2010 515 119 64 only

431 607 127 47 been
584 614 99 41 two
703 608 157 48 entire
885 608 124 64 days
1029 623 171 32 absent
1219 606 127 49 from
1365 613 135 42 town
1525 607 182 47 during
1732 606 84 48 the
1838 606 156 48 whole
2012 608 121 46 time

430 699 60 48 of
519 716 85 48 my
630 702 281 47 connexion
935 701 122 48 with
1092 701 84 48 the
1216 700 247 63 Hospital,
1490 700 85 48 the
1600 700 257 48 occasions
1881 716 66 33 on
1972 699 162 49 which

429 806 86 48 my
552 791 227 63 personal
817 791 296 48 attendance
1151 790 86 48 has
1275 795 88 44 not
1399 790 127 48 been
1561 789 241 49 available
1838 806 129 32 were
2011 806 122 47 very

428 883 93 48 few
547 885 197 48 indeed.

573 1022 59 48 In
658 1038 86 48 my
769 1022 305 48 intercourse
1100 1021 119 49 with
1245 1021 84 49 the
1357 1020 166 50 Board
1550 1021 57 49 of
1627 1020 202 50 Health,
1857 1021 98 48 and
1993 1019 141 50 other

437 1114 323 48 Committees
786 1113 58 50 of
862 1114 83 48 the
976 1113 217 49 Citizens
1219 1112 77 50 for
1320 1113 85 48 the
1429 1114 149 47 relief
1597 1112 57 49 of
1671 1114 83 47 the
1779 1113 108 48 sick
1911 1114 98 47 and
2035 1112 99 48 suf-

432 1208 164 63 fering
636 1223 140 47 poor,
819 1207 24 47 I
886 1207 349 49 endeavoured
1277 1212 53 42 to
1373 1206 145 48 make
1561 1206 188 64 myself
1791 1223 52 32 as
1882 1207 255 66 generally

431 1295 160 49 useful
615 1313 52 31 as
693 1297 383 49 circumstances
1102 1297 164 49 would
1290 1303 197 58 permit.

575 1427 59 49 In
661 1428 304 49 conclusion,
992 1428 147 48 while
1167 1427 25 49 I
1217 1429 165 48 would
1409 1429 230 49 consider
1676 1446 84 32 my
1787 1429 210 49 election
2029 1446 51 31 as
2106 1446 30 32 a

434 1525 143 58 great
618 1519 230 63 personal
884 1519 209 50 honour,
1134 1520 99 48 and
1272 1520 144 63 hope,
1458 1521 69 63 by
1568 1536 86 32 my
1679 1520 244 48 attention
1961 1526 52 41 to
2051 1519 85 48 the

435 1609 164 49 duties
625 1609 57 49 of
710 1610 85 48 the
832 1610 252 50 situation,
1111 1617 52 42 to
1192 1610 181 66 justify
1398 1612 84 48 the
1520 1611 258 49 Directors
1815 1611 50 47 in
1898 1611 85 48 the
2018 1627 116 47 pro-

432 1709 261 56 propriety
719 1702 58 49 of
794 1704 129 48 their
947 1705 188 48 choice,
1167 1704 23 48 I
1216 1721 116 48 may
1351 1706 62 48 be
1438 1706 269 63 permitted
1732 1713 52 40 to
1810 1705 205 48 observe
2030 1711 107 42 that

429 1793 87 48 the
553 1800 346 57 appointment
923 1793 58 49 of
1010 1811 30 31 a
1077 1794 212 48 District
1329 1794 224 49 Surgeon
1578 1795 167 48 would
1782 1801 201 42 operate
2020 1811 52 32 as
2109 1811 30 32 a

433 1888 227 47 stimulus
698 1889 100 47 and
830 1905 63 31 an
920 1896 418 41 encouragement
1370 1896 52 41 to
1450 1907 85 46 my
1560 1888 323 65 professional
1908 1890 229 48 brethren

432 1981 51 46 in
510 1981 85 48 the
621 1981 262 49 discharge
909 1982 58 48 of
996 1983 163 47 duties
1195 1982 282 65 frequently
1505 2000 121 48 very
1650 1983 263 49 laborious,
1952 1985 97 47 and
2088 1991 50 40 at

436 2073 64 47 all
526 2074 145 48 times
698 2073 58 49 of
773 2074 84 50 the
882 2074 200 67 highest
1109 2076 323 48 importance.

995 2303 21 47 I
1043 2321 93 40 am,

1137 2439 365 61 Gentlemen,

1306 2577 177 60 Yours,
1516 2596 119 47 very
1662 2582 334 64 respectfully,

1632 2758 197 51 JOHN
1871 2757 191 51 DICK.

498 2935 231 49 Glasgow,
752 2937 39 48 2,
819 2937 174 40 London
1022 2939 145 45 Street,

695 2993 107 55 May
832 2996 121 42 1840.
