2125 3524
869 217 86 30 THE
990 218 239 32 DISORDERS
1262 219 52 31 OF
1346 219 174 32 SPEECH.

387 202 54 42 80

386 349 102 42 very
510 337 252 58 distressing
784 354 123 29 sense
940 342 46 41 of
1015 342 161 42 fatigue
1198 343 45 40 in
1267 342 72 41 the
1361 342 114 41 hand
1497 342 85 42 and
1604 356 89 28 arm
1713 360 8 26 :
1754 344 72 42 the
1847 359 87 30 arm
1955 351 32 42 is

383 408 247 43 sometimes
662 409 223 44 described
917 411 57 54 by
1006 411 72 42 the
1110 412 168 54 patient
1307 425 46 28 as
1386 411 158 42 feeling
1575 426 46 27 as
1654 412 137 57 heavy
1813 428 45 28 as
1888 416 100 56 lead,

384 477 85 42 and
491 492 45 28 as
559 479 127 56 being
707 485 45 36 at
775 480 72 42 the
869 494 116 29 same
1009 481 104 41 time
1136 481 119 54 quite
1288 494 92 26 sore
1404 480 105 41 with
1541 481 171 55 fatigue.
1773 483 154 44 Efforts
1949 497 38 34 to

383 549 205 42 continue
611 550 118 41 work
753 550 107 42 with
883 550 74 42 the
979 550 194 41 disabled
1206 550 115 41 hand
1353 549 156 43 induce
1532 550 88 42 also
1642 565 23 28 a
1687 566 121 28 sense
1830 554 43 40 of
1900 569 87 40 pro-

382 617 136 43 found
539 619 172 55 general
734 619 161 55 fatigue
912 635 9 36 ;
952 619 83 41 and
1060 619 72 42 the
1162 618 240 42 exhausted
1433 619 180 54 patient,
1634 620 35 41 if
1690 621 53 42 he
1764 635 225 43 persevere,

383 702 111 42 may,
517 689 110 41 from
656 689 66 41 his
754 689 230 42 exertions,
1007 689 173 42 become
1203 688 158 42 bathed
1393 688 45 41 in
1472 690 295 53 perspiration.
1829 692 51 42 In
1904 708 83 31 rare

383 772 128 29 cases,
527 759 276 41 Vaso-motor
819 758 185 55 changes
1026 772 71 28 are
1114 758 247 54 developed,
1378 758 73 42 the
1475 758 116 42 hand
1613 760 222 56 becoming
1852 765 137 41 turgid

384 834 102 35 with
511 828 126 41 blood
667 829 87 41 and
785 842 107 28 even
925 828 178 55 slightly
1126 828 223 55 cyanosed.
1411 828 115 51 And,
1547 829 89 42 also
1668 830 46 41 in
1743 844 93 29 rare
1867 846 121 40 cases,

381 897 198 54 shooting
600 898 136 54 pains,
769 897 46 40 of
842 897 219 55 neuralgic
1092 897 231 52 character,
1356 911 100 41 may
1479 912 135 29 occur.
1675 900 89 42 The
1797 914 191 33 common

381 967 188 42 troubles
591 967 44 41 of
657 967 230 49 sensation,
906 967 207 51 however,
1130 981 70 28 are
1220 967 72 42 the
1314 981 122 28 sense
1458 969 46 40 of
1523 982 91 28 sore
1637 970 161 55 fatigue
1819 972 84 41 and
1920 973 68 44 the

380 1036 160 43 feeling
561 1037 45 40 of
625 1036 331 54 heavyweight;
985 1036 85 42 and
1090 1037 121 41 these
1234 1037 238 42 sensations
1494 1052 97 40 may
1608 1039 157 41 extend
1787 1040 107 42 from
1917 1043 68 43 the

377 1106 116 41 hand
524 1120 59 40 up
615 1119 108 28 even
755 1109 44 37 to
830 1105 74 42 the
934 1106 211 41 shoulder.
1211 1104 255 44 Something
1488 1107 45 40 of
1561 1106 72 42 the
1657 1107 156 55 feeling
1834 1110 45 39 of
1898 1123 86 31 sore

379 1176 162 55 futigue
572 1175 86 43 and
679 1175 159 56 weight
871 1190 98 41 may
1002 1176 51 42 be
1085 1181 174 49 present
1291 1190 108 27 even
1430 1176 45 40 in
1514 1176 71 41 the
1623 1176 248 55 Spasmodic
1906 1182 81 42 and

379 1246 253 42 Tremulous
655 1246 209 42 varieties,
889 1246 77 41 but
987 1247 35 40 it
1043 1246 36 42 is
1104 1251 114 37 most
1240 1246 245 55 constantly
1508 1246 246 55 developed,
1776 1248 81 41 and
1881 1256 106 36 most

380 1330 157 28 severe,
558 1315 45 43 in
626 1316 74 42 the
723 1316 218 55 Paralytic
965 1330 91 28 one.

440 1386 135 42 Other
596 1387 144 54 points
762 1387 45 41 in
830 1387 73 41 the
926 1387 399 55 Symptomatology
1345 1387 44 41 of
1409 1387 195 42 Writer's
1622 1387 169 55 Cramp,
1809 1389 179 43 brought

379 1462 77 36 out
486 1457 231 54 especially
742 1458 55 40 by
826 1458 65 40 Dr
913 1457 166 41 Poore's
1111 1457 161 42 careful
1295 1457 291 42 examination
1617 1458 45 40 of
1690 1472 127 36 cases,
1839 1472 147 29 are:—

381 1526 75 53 (1.)
479 1525 89 42 The
590 1526 237 41 occasional
849 1540 203 41 presence
1067 1527 45 40 of
1131 1527 179 41 neuritis
1327 1527 46 40 in
1391 1540 80 28 one
1488 1541 47 26 or
1551 1526 120 42 other
1691 1527 43 41 of
1751 1527 72 41 the
1840 1541 145 29 nerves

378 1595 235 55 supplying
628 1596 72 41 the
718 1595 125 42 hand.
881 1596 102 41 This
1001 1610 147 28 occurs
1165 1600 112 37 most
1294 1596 246 55 frequently
1556 1596 45 41 in
1617 1596 72 41 the
1709 1597 129 40 trunk
1856 1598 42 40 of
1915 1598 69 42 the

378 1666 139 41 Ulnar
534 1666 154 41 Nerve,
706 1666 76 41 but
805 1667 35 41 is
864 1666 89 41 also
974 1670 91 38 met
1081 1670 104 36 with
1209 1665 283 42 occasionally
1510 1666 45 40 in
1577 1666 74 41 the
1669 1666 191 50 Median,
1876 1681 45 27 or
1943 1668 41 40 in

377 1737 74 41 the
473 1736 208 41 branches
704 1737 46 40 of
768 1736 73 42 the
862 1735 374 42 Musculo-Spiral.
1300 1736 43 40 It
1369 1736 172 55 betrays
1572 1735 120 43 itself
1723 1736 57 55 by
1803 1737 184 55 exciting

379 1808 185 54 Sensory
590 1807 308 41 disturbances,
921 1807 105 41 such
1049 1821 45 27 as
1117 1806 186 55 tingling
1324 1807 84 41 and
1440 1806 336 55 hyperesthesia
1798 1821 99 28 over
1917 1808 69 41 the

377 1884 235 34 cutaneous
627 1889 96 28 area
737 1876 46 41 of
793 1875 296 42 distribution;
1110 1876 85 40 and
1212 1876 52 54 by
1281 1875 248 55 producing,
1543 1875 46 40 in
1603 1875 75 41 the
1693 1875 183 42 muscles
1891 1890 95 41 sup-

375 1947 129 54 plied,
527 1960 24 27 a
572 1946 161 54 paretic
751 1946 232 41 weakness,
1001 1945 140 41 which
1165 1959 98 41 may
1281 1946 51 41 be
1354 1945 235 42 associated
1609 1945 102 41 with
1730 1946 255 54 perceptible

376 2017 195 53 wasting,
589 2016 105 41 with
719 2016 176 40 fibrillar
915 2020 281 38 movements,
1213 2015 85 41 and
1317 2015 103 41 with
1438 2028 116 27 more
1568 2028 45 26 or
1629 2014 83 41 less
1730 2014 255 42 diminution

375 2088 47 41 of
439 2100 203 29 response
665 2091 43 37 to
731 2086 72 42 the
835 2086 181 41 Faradic
1048 2090 184 37 current.
1295 2085 135 41 There
1462 2099 99 40 may
1594 2084 88 41 also
1715 2085 51 41 be
1797 2099 113 27 more
1942 2099 43 27 or

374 2158 85 41 less
496 2157 251 42 tenderness
784 2161 44 37 to
865 2170 195 41 pressure
1099 2170 102 27 over
1235 2155 75 42 the
1343 2155 132 41 trunk
1507 2155 43 41 of
1581 2155 73 41 the
1686 2168 139 29 nerve.
1899 2155 85 42 The

375 2242 252 28 occurrence
649 2227 44 41 of
723 2227 198 41 Neuritis
954 2226 44 41 in
1033 2226 72 42 the
1138 2226 142 42 Ulnar
1311 2226 144 41 Nerve
1491 2238 83 28 was
1597 2224 97 43 well
1716 2226 266 41 exemplified

373 2300 47 40 in
441 2313 25 28 a
488 2312 95 28 case
605 2298 44 41 of
671 2297 73 42 the
765 2297 217 54 Paralytic
1003 2297 168 41 variety
1193 2310 100 28 seen
1317 2296 57 54 by
1397 2310 79 35 me,
1498 2296 63 40 for
1590 2295 73 41 the
1689 2296 92 40 first
1803 2296 116 41 time,
1939 2296 43 41 in

375 2369 184 42 October
583 2368 122 41 1889.
769 2367 53 41 In
845 2367 87 41 this
955 2381 105 27 case,
1084 2367 119 41 there
1227 2380 95 36 was,
1345 2380 127 27 along
1495 2365 103 41 with
1629 2379 24 27 a
1682 2365 112 41 little
1817 2365 163 41 tender-

374 2453 98 28 ness
504 2453 101 27 over
637 2437 72 41 the
742 2450 128 28 nerve
902 2436 146 46 trunk,
1069 2436 186 55 tingling
1287 2436 218 41 sensation
1537 2449 101 28 over
1669 2435 73 41 the
1774 2435 95 55 ring
1899 2435 81 41 and

372 2511 116 41 little
510 2511 168 54 fingers,
695 2508 85 41 and
797 2522 103 40 very
919 2507 132 54 slight
1073 2508 78 41 but
1167 2507 262 55 perceptible
1446 2507 183 55 wasting
1645 2507 46 40 in
1709 2507 74 42 the
1801 2520 179 28 muscles

373 2581 46 41 of
453 2580 73 42 the
561 2579 287 55 Hypothenar
878 2578 245 42 Eminence.
1191 2578 73 54 (2.)
1299 2578 241 41 Alteration
1565 2579 46 40 of
1643 2577 227 42 Electrical
1901 2579 78 41 Re-

372 2652 164 40 actions
559 2651 44 40 in
627 2648 242 42 individual
891 2647 194 42 muscles.
1147 2647 66 41 Dr
1235 2648 132 40 Poore
1391 2647 185 42 believes
1599 2647 94 41 that
1711 2647 70 42 the
1801 2647 179 42 disable-

371 2727 123 36 ment
514 2721 47 42 of
588 2734 84 28 any
695 2733 81 28 one
807 2719 46 42 of
880 2718 73 43 the
985 2731 130 41 many
1138 2717 182 42 muscles
1354 2717 226 54 employed
1612 2717 46 41 in
1680 2718 172 55 writing
1882 2730 96 41 may

372 2793 140 42 throw
534 2791 73 42 the
631 2789 136 42 whole
790 2802 167 42 process
978 2787 93 41 into
1094 2786 201 50 disorder,
1317 2786 56 55 by
1395 2786 229 55 impairing
1652 2800 23 27 a
1707 2786 95 41 link
1832 2787 44 40 in
1909 2785 69 41 the

371 2863 127 43 chain
536 2862 46 41 of
615 2860 324 43 co-ordination.
1002 2857 70 41 He
1106 2869 217 29 examines
1361 2855 73 42 the
1471 2855 184 42 muscles
1692 2855 285 53 individually

370 2934 106 42 with
494 2932 74 43 the
590 2930 172 44 electric
785 2942 189 30 current;
996 2927 84 42 and
1101 2927 55 41 he
1178 2939 132 29 states
1328 2925 106 51 that,
1450 2925 44 41 in
1514 2939 24 27 a
1555 2939 101 42 very
1672 2925 114 55 large
1802 2937 176 29 number

370 3007 44 41 of
435 3005 67 42 his
525 3017 129 29 cases,
675 3002 36 42 it
734 3015 85 28 was
840 2999 186 57 possible
1049 2996 224 44 distinctly
1296 3001 43 37 to
1373 2996 124 42 make
1528 3000 86 46 out,
1637 2996 45 41 in
1705 2996 73 42 the
1800 2992 177 45 affected
