1933 3302
554 179 268 31 Amputationen
848 177 89 31 beim
965 174 277 41 Hospitalbrand.

1653 174 43 37 81

102 303 81 25 aus,
215 302 109 24 wenn
356 302 40 24 es
426 288 78 37 sich
536 301 62 23 um
631 292 177 44 grössere
831 284 161 39 Gefässe
1014 283 200 44 handelte;
1247 296 41 24 er
1308 281 173 39 furchtet
1502 281 59 38 die
1583 280 120 38 nach-

102 343 190 50 trägliche
322 342 175 38 Blutung
526 341 61 37 bei
618 340 159 38 Lösung
807 341 67 36 des
905 338 157 38 Schorfs
1093 337 76 37 und
1200 336 152 38 möchte
1381 349 81 25 sich
1483 335 222 49 überhaupt

103 397 61 37 bei
195 396 183 38 Arterien
400 409 86 24 vom
507 394 161 37 Kaliber
691 407 105 25 einer
817 392 225 45 Femoralis,
1074 390 180 50 Poplitea
1283 390 76 37 und
1389 389 186 39 Axillaris
1596 391 108 36 nicht

103 451 70 37 auf
200 450 60 38 die
290 449 215 50 styptische
536 447 200 49 Wirkung
767 461 73 23 von
870 444 258 40 Aetzmitteln
1159 443 209 38 verlassen.
1419 443 101 38 Dass
1551 457 39 25 es
1621 442 82 39 sich

102 504 63 37 bei
188 504 123 37 dieser
328 502 258 38 Anwendung
607 502 66 36 des
695 501 228 38 Chlorzinks
946 513 63 24 um
1029 498 110 38 mehr
1161 497 55 38 als
1239 511 61 23 um
1325 497 84 37 eine
1437 497 259 51 ,styptische"

104 557 200 49 Wirkung
333 556 170 38 handelt,
535 555 140 37 bedarf
703 554 100 38 wohl
834 555 135 37 keiner
999 552 265 49 Erwähnung.

232 610 251 38 Heutzutage
523 607 153 39 möchte
723 608 81 37 sich
856 608 59 37 die
965 606 193 38 Therapie
1205 604 100 39 wohl
1351 604 153 38 einfach
1550 619 41 24 so
1630 617 72 38 ge-

103 663 162 38 stalten,
311 664 86 37 dass
436 676 89 24 man
563 661 70 37 mit
662 661 224 38 Ausnahme
926 674 73 24 von
1035 660 119 50 jähen
1185 658 225 50 Blutungen
1440 672 69 24 aus
1540 672 161 36 grossen

102 717 204 38 Arterien,
346 717 77 36 und
461 729 59 23 wo
552 715 209 37 Anätzung
796 728 74 24 von
900 714 352 38 Nervenstämmen
1290 712 108 38 nicht
1436 726 46 23 zu
1519 712 181 38 furchten

102 771 62 45 ist,
195 770 185 38 König's
418 769 77 37 und
533 768 244 38 Heiberg's
807 768 219 38 Verfahren
1068 779 186 27 zunächst
1290 765 207 39 versuchte
1532 766 76 37 und
1639 767 63 37 bei

103 822 365 39 wiederkehrender
497 821 175 39 Blutung
710 822 198 38 vielleicht
945 821 97 38 noch
1082 822 59 36 die
1174 820 251 38 Tumponade
1460 819 71 38 mit
1560 819 140 38 Eisen-

103 877 265 37 chloridwatte
392 889 70 25 etc.
484 876 242 38 hinzufügte.
769 876 75 37 Wo
862 876 139 49 jedoch
1030 876 60 36 die
1111 874 175 49 Blutung
1317 874 84 37 eine
1432 873 89 38 sehr
1549 873 151 39 heftige

102 931 51 36 ist
191 930 76 37 und
312 930 234 37 namentlich
590 943 68 24 aus
687 929 181 38 Arterien
911 943 161 37 grossen
1110 928 181 38 Kalibers
1335 928 170 44 kommt,
1549 927 40 37 in
1633 928 68 36 der

102 982 313 40 Nachbarschaft
434 996 76 25 von
530 982 353 39 Nervenstämmen
904 984 92 37 oder
1017 983 59 46 da,
1099 995 59 25 wo
1180 982 60 37 die
1254 981 183 38 Aetzung
1458 981 115 38 allein
1594 994 108 24 nicht

102 1037 130 38 helfen
255 1037 88 37 will,
375 1037 131 37 würde
528 1051 89 23 man
639 1050 57 23 wo
718 1037 168 37 möglich
907 1036 183 38 während
1117 1035 306 50 provisorischer
1446 1035 255 51 Blutstillung

103 1093 129 35 zuerst
261 1091 59 37 die
342 1090 227 50 gründliche
591 1091 229 37 Ausätzung
840 1091 77 37 und
940 1090 267 37 Desinfection
1230 1090 66 37 des
1317 1102 161 37 ganzen,
1510 1089 189 49 hospital-

101 1144 218 38 brandigen
351 1143 254 39 Geschwüres
634 1144 99 37 nach
763 1144 73 37 den
865 1145 100 37 oben
1000 1144 229 50 gegebenen
1263 1143 148 50 Regeln
1446 1143 251 47 vornehmen,

102 1198 80 37 imd
212 1198 98 37 dann
342 1198 59 38 die
431 1197 322 50 Unterbindung,
784 1211 101 36 resp.
917 1197 272 39 Umstechung
1219 1197 66 37 des
1317 1196 201 47 Gefässes,
1550 1211 41 24 so
1621 1197 77 37 nah

103 1265 73 24 wie
206 1251 167 38 möglich
404 1266 48 22 an
482 1252 67 37 der
579 1251 319 49 Blutungsstelle,
930 1252 93 37 aber
1052 1251 50 37 im
1136 1250 208 38 Gesunden
1374 1251 174 37 machen.
1599 1251 99 38 Eine

103 1306 225 46 besondere,
358 1305 135 39 örtlich
526 1305 273 49 antiseptische
821 1304 215 39 Sicherung
1057 1305 67 37 der
1146 1305 278 37 Ligaturstelle
1455 1319 30 23 z.
1509 1305 44 37 B.
1577 1305 121 37 durch

105 1359 250 37 Tamponade
385 1362 70 34 mit
474 1359 313 50 Jodoformgaze,
817 1372 153 24 nassem
1001 1359 92 37 oder
1122 1359 228 37 trockenem
1380 1359 318 49 antiseptischem

104 1412 99 37 Mull
232 1415 90 35 etc.,
362 1413 132 37 würde
531 1412 96 38 noch
667 1426 67 24 zur
765 1412 184 38 Garantie
988 1413 66 37 des
1089 1412 183 50 Erfolges
1309 1412 217 50 beitragen.
1584 1412 114 38 Mehr

105 1466 99 37 noch
234 1466 56 37 als
319 1467 39 36 in
386 1466 178 37 früherer
595 1466 85 38 Zeit
716 1467 132 36 würde
886 1466 238 37 heutzutage
1160 1466 40 36 in
1230 1466 227 50 Erwägung
1487 1481 44 22 zu
1562 1480 136 24 ziehen

105 1520 93 37 sein,
230 1520 48 37 ob
298 1520 77 37 und
396 1534 111 23 wann
527 1520 53 37 im
600 1520 209 49 speziellen
833 1520 84 37 Fall
939 1520 83 37 eine
1044 1519 175 38 Blutung
1241 1520 73 37 den
1334 1519 221 50 Ausschlag
1576 1521 120 49 giebt,

105 1573 61 37 die
188 1573 182 37 Ablation
391 1573 295 38 vorzunehmen.
732 1573 99 38 Dass
852 1574 54 36 sie
929 1573 80 37 dies
1038 1587 66 23 um
1133 1586 41 24 so
1206 1572 92 38 eher
1327 1573 96 37 thun
1445 1574 108 45 wird,
1586 1588 110 25 wenn

104 1625 374 39 Substanzverluste,
497 1626 347 38 Sehnennekrosen
866 1640 71 24 etc.
954 1627 73 37 den
1046 1626 286 38 funktionellen
1354 1627 140 37 Erfolg
1514 1628 39 36 in
1570 1627 128 39 Frage

104 1679 149 38 stellen,
274 1693 111 24 wenn
407 1680 213 38 schlechtes
644 1680 401 50 Allgemeinbefinden
1066 1680 237 38 beunruhigt
1324 1683 71 35 etc.
1419 1683 85 45 etc.,
1528 1681 170 38 brauche

103 1733 63 37 ich
193 1733 106 38 nicht
327 1734 135 37 weiter
491 1739 270 32 auszuführen.

293 2071 112 55 VII.
465 2070 408 72 Amputationen
912 2071 135 57 beim
1086 2073 416 56 Hospitalbrand

106 2208 135 37 hatten
272 2210 61 36 bei
363 2211 73 36 den
466 2210 215 50 Chirurgen
712 2212 67 37 der
810 2214 128 35 ersten
968 2212 136 38 Hälfte
1135 2226 160 24 unseres
1315 2212 287 39 Jahi'hunderts
1625 2214 74 37 den

108 2261 281 39 schlechtesten
418 2263 155 49 Erfolg,
604 2265 98 37 weil,
733 2265 72 37 wie
835 2265 118 38 schon
983 2265 231 50 Gillespie
1245 2266 226 38 berichtete,
1503 2267 97 37 auch
1631 2268 69 37 der

109 2314 159 50 Stumpf
292 2315 332 52 hospitalbrandig
653 2332 47 23 zu
731 2318 219 37 erkranken
979 2319 156 48 pflegte.
1196 2318 181 39 Gerson
1416 2319 139 50 (1817)
1591 2321 109 48 giebt

108 2382 67 32 an,
212 2370 85 36 dass
328 2370 59 36 die
422 2371 254 48 Amputation
712 2372 56 36 oft
802 2372 181 46 gemacht
1018 2373 156 37 worden
1213 2373 72 37 sei,
1322 2373 92 37 aber
1449 2373 77 38 fast
1561 2375 138 37 immer

108 2421 72 38 mit
216 2422 313 49 unglücklichem
564 2424 171 49 Erfolge.
797 2424 69 38 Oft
901 2426 154 36 starben
1093 2426 60 37 die
1195 2426 204 37 Patienten
1434 2427 99 37 nach
1571 2428 129 50 wenig

111 2474 132 49 Tagen
276 2489 47 23 an
353 2477 121 36 einem
494 2476 117 50 jähen
634 2477 138 38 Fieber
793 2479 91 37 oder
905 2482 130 45 später
1056 2493 47 23 an
1124 2479 284 50 Erschöpfung.
1470 2480 69 38 Oft
1557 2482 143 37 rafi'ten

109 2528 95 37 noch
220 2528 180 39 ßecidive
413 2530 65 36 des
491 2530 414 49 Hospitalbrandesam
920 2532 297 49 granulirenden
1233 2533 175 50 Stumpfe
1422 2534 60 37 die
1492 2534 205 38 Patienten

108 2580 79 37 hin.
244 2580 43 38 In
319 2581 211 39 Gerson's
556 2583 130 38 Praxis
717 2597 168 36 genasen
907 2599 71 23 nur
1000 2587 22 35 2
1040 2587 134 48 junge,
1205 2587 130 38 starke
1366 2587 124 38 Leute
1521 2589 176 37 mehrere

109 2633 157 39 Monate
295 2635 96 37 nach
414 2637 65 37 der
499 2636 196 38 Ablation.
753 2637 107 38 Wer
868 2639 118 36 neck
1010 2640 208 48 amputirte
1241 2640 140 38 einmal
1401 2641 70 37 mit
1490 2641 207 45 Unglück;

110 2700 42 24 er
191 2688 198 49 empfiehlt
426 2703 67 23 vor
531 2690 128 37 Allem
698 2691 59 36 die
796 2691 282 49 Ligaturfäden
1117 2693 96 37 kurz
1254 2707 47 24 zu
1341 2693 219 39 schneiden.
1628 2695 70 37 Bei

111 2740 206 50 Delpech
344 2742 127 37 finden
502 2744 69 36 wir
601 2744 109 37 einen
741 2745 272 37 wesentlichen
1042 2745 233 39 Fortschritt
1310 2747 63 37 für
1409 2748 66 36 das
1507 2747 192 39 Gelingen

111 2794 106 37 einer
238 2794 251 49 Amputation
517 2797 101 37 beim
640 2796 317 50 Hospitalbrand.
996 2799 55 37 Er
1075 2799 232 38 behandelte
1326 2801 39 36 in
1387 2801 72 36 den
1482 2801 147 38 Fällen,
1659 2802 39 37 in

111 2847 172 36 welchen
304 2840 250 57 Amputation
584 2850 248 50 nothwendig
864 2864 89 32 war,
985 2853 60 36 die
1073 2853 66 37 der
1162 2854 384 48 Amputationsstelle
1576 2855 122 38 nahe-

110 2898 205 51 liegenden
336 2901 422 49 Hospitalbrandherde
781 2914 67 27 vor
869 2904 67 37 der
953 2904 210 50 Operation
1184 2911 71 33 mit
1271 2906 190 49 Spaltung
1481 2909 75 37 und
1574 2907 124 39 Glüh-

112 2952 116 47 eisen,
246 2968 64 23 um
327 2955 66 37 der
413 2953 187 39 Infection
623 2957 64 37 des
708 2956 197 50 Stumpfes
925 2959 284 51 vorzubeugen.
1239 2960 191 38 Hennen
1450 2961 97 38 hielt
1562 2976 138 37 wegen

176 3018 225 30 Bosenbach,
420 3020 231 33 Hospitalbrand.
1486 3019 19 33 6
