2417 3376
183 130 79 50 Im
290 129 117 51 Fall
438 131 95 50 der
562 131 215 51 blassen
807 130 522 51 Meerschweinchen
1359 130 148 49 kann
1539 129 96 50 der
1663 126 588 53 Meerschwein-Vater

116 214 104 48 rot,
249 202 85 50 die
361 202 210 51 Mutter
597 204 138 49 weiß
766 222 244 45 geAvesen
1038 205 114 49 sein
1181 203 133 50 oder
1342 202 348 63 umgekehrt,
1718 203 88 48 ein
1832 201 202 49 weißes
2062 199 189 49 Männ¬

115 274 128 50 chen
292 275 147 49 kann
486 278 99 47 mit
634 279 178 47 einem
860 287 158 38 roten
1068 274 291 51 Weibchen
1407 271 576 65 zusammengebracht
2031 270 224 51 worden

117 349 115 49 sein
254 377 71 5 —
348 347 120 51 ihre
493 347 212 50 Kinder
733 347 137 60 sind,
898 347 346 64 gleichgültig
1271 346 68 50 ob
1368 349 76 48 sie
1470 345 304 50 Männchen
1802 344 134 49 oder
1963 343 292 50 Weibchen

116 420 236 58 werden,
387 419 284 64 durchweg
703 419 237 50 blaßrot.
976 418 202 64 Wegen
1213 419 178 49 dieser
1424 416 437 51 Zwischenfarbe
1896 414 203 65 spricht
2132 433 125 31 man

117 493 54 48 in
224 491 205 50 diesem
477 491 119 50 Fall
645 491 144 50 wohl
841 492 129 49 auch
1023 509 107 31 von
1182 489 495 59 „intermediärer"
1729 487 329 64 Vererbung
2111 487 148 63 (vom

118 564 351 50 lateinischen
504 564 410 58 intermedium,
951 564 85 49 die
1072 562 466 63 Zwischenstufe).

187 639 208 50 Martin
424 641 112 49 und
563 641 166 49 Peter
757 640 191 49 hatten
975 669 71 5 —
1075 640 92 50 das
1197 643 217 46 müssen
1443 641 98 47 wir
1570 638 135 50 noch
1734 637 312 50 feststellen
2074 666 71 6 —
2171 635 89 50 bei

119 710 156 51 ihren
310 712 312 50 Versuchen
659 712 125 49 sehr
820 712 107 49 viel
964 711 169 50 Glück
1169 711 217 64 gehabt.
1425 710 159 50 Nicht
1619 714 196 46 immer
1851 721 183 38 treten
2070 712 56 46 in
2165 708 95 50 der

119 784 522 65 Enkelgeneration,
675 785 84 49 die
791 804 125 29 man
950 785 129 49 auch
1110 786 191 47 zweite
1334 782 429 50 Nachkommen-
1796 781 135 50 oder
1960 781 300 50 F-2-Gene-

120 859 182 47 ration
354 868 189 48 nennt,
599 857 86 50 die
738 856 575 49 Zahlenverhältnisse
1366 855 147 49 beim
1568 853 542 51 Wiedererscheinen
2167 853 96 49 der

121 929 457 64 großelterlichen
607 928 436 64 Eigenschaften,
1073 927 146 50 beim
1250 926 421 63 „Aufspalten",
1702 946 57 31 so
1793 925 236 50 deutlich
2060 925 202 50 hervor

120 1004 101 47 wie
259 1001 90 50 bei
389 1001 103 50 den
531 1001 237 50 Zuchten
807 1020 230 30 unserer
1075 999 272 50 Freunde.
1389 999 64 54 Je
1492 998 156 50 mehr
1689 997 409 50 Nachkommen
2137 1015 127 31 man

123 1073 131 50 aber
287 1074 113 59 hat,
435 1074 153 50 desto
623 1071 186 51 klarer
841 1073 220 49 werden
1097 1071 84 50 die
1216 1071 591 49 Zahlenverhältnisse.
1844 1069 104 49 Um
1980 1068 284 64 möglichst

123 1146 139 50 viele
289 1145 408 50 Nachkommen
724 1164 66 30 zu
818 1145 254 58 erzielen,
1099 1143 153 50 hatte
1281 1143 211 63 Gregor
1518 1142 221 49 Mendel
1767 1140 137 51 eben
1933 1141 129 50 auch
2090 1140 173 50 lieber

122 1220 99 48 mit
253 1217 258 50 Pflanzen
545 1216 324 64 gearbeitet,
905 1216 167 49 deren
1106 1216 140 50 viele
1280 1214 201 50 Blüten
1514 1214 113 50 und
1661 1213 194 50 Samen
1890 1214 108 48 viel
2032 1213 233 63 größere

123 1289 204 56 Zahlen
356 1289 236 64 ergeben
624 1289 75 50 als
730 1289 169 50 selbst
931 1289 85 49 die
1046 1289 411 50 fruchtbarsteh
1485 1289 542 51 Meerschweinchen.

194 1371 129 50 Man
374 1372 148 49 kann
575 1372 104 50 den
730 1372 756 50 Meerschweinchenversuch
1539 1372 541 51 selbstverständlich
2133 1371 134 51 noch

125 1446 191 47 weiter
364 1444 236 50 treiben:
651 1443 130 50 Man
830 1443 197 50 kreuzt
1077 1446 88 47 ein
1212 1443 307 52 fuchsrotes
1569 1444 303 50 Männchen
1925 1445 96 50 der
2070 1445 197 49 Enkel-

128 1515 509 65 (F-2-)Generation
670 1519 99 46 mit
803 1518 178 47 einem
1013 1516 318 50 fuchsroten
1364 1515 291 51 Weibchen
1691 1517 95 49 der
1822 1516 239 63 gleichen
2095 1517 172 50 Gene¬

127 1590 182 48 ration
360 1589 111 50 und
524 1588 178 50 erhält
753 1591 56 46 in
862 1588 96 50 der
1012 1588 205 50 dritten
1269 1588 870 64 Mischlings-(F-3-)Generation,
2193 1589 74 50 als

127 1660 246 51 Urenkel
406 1661 112 50 also
553 1661 92 50 des
678 1660 503 64 Ausgangspaares,
1215 1661 406 49 ausschließlich
1653 1661 280 49 fuchsrote
1967 1661 302 50 Nachkom¬

128 1751 137 32 men.
301 1733 110 51 Das
447 1733 200 64 gleiche
685 1733 113 63 gilt,
832 1752 158 30 wenn
1024 1751 126 31 man
1183 1733 174 49 weiße
1392 1732 380 50 Enkelkinder
1807 1732 197 50 kreuzt
2035 1763 72 6 —
2141 1732 128 50 auch

128 1805 118 50 ihre
284 1805 408 49 Nachkommen
728 1805 121 50 sind
886 1805 285 63 durchweg
1208 1807 118 47 rein
1360 1805 158 59 weiß,
1555 1807 76 48 sie
1668 1804 298 57 „züchten"
2005 1805 130 59 also,
2170 1807 100 47 wie

129 1896 125 31 man
293 1890 136 51 sagt,
468 1880 154 55 „rein
660 1877 244 60 weiter",
942 1880 76 47 sie
1058 1878 122 48 sind
1221 1877 365 63 „reinerbig".
1624 1877 102 50 Die
1764 1877 297 49 blaßroten
2099 1877 171 49 Meer¬

130 1948 365 51 schweinchen
541 1950 95 49 der
679 1948 468 51 F-2-Generation
1192 1949 148 59 aber,
1383 1961 164 37 unter
1593 1949 105 50 sich
1744 1948 283 65 gekreuzt,
2071 1949 202 50 liefern

131 2021 425 60 Nachkommen,
600 2022 85 50 die
725 2021 303 50 wiederum
1067 2022 133 49 nach
1244 2020 314 50 demselben
1601 2021 511 50 Zahlenverhältnis
2158 2021 114 49 auf¬

132 2095 229 61 spalten,
410 2094 92 51 das
547 2094 207 50 bereits
803 2094 85 49 die
933 2093 467 50 F-2-Generation
1447 2093 168 50 selbst
1663 2093 129 49 auch
1840 2095 210 61 gezeigt
2096 2093 174 49 hatte:

131 2168 65 49 25
237 2167 239 50 Prozent
520 2167 95 49 der
656 2166 247 50 Urenkel
945 2165 140 64 (F-3)
1127 2164 221 50 werden
1390 2165 191 64 richtig
1622 2165 265 58 fuchsrot,
1928 2166 65 48 25
2035 2165 240 49 Prozent

132 2239 157 59 weiß,
319 2239 113 50 und
462 2240 66 49 50
557 2239 241 49 Prozent
828 2240 187 61 zeigen
1048 2237 92 50 das
1172 2237 255 50 blaßrote
1459 2237 323 59 Haarkleid,
1815 2236 92 51 das
1939 2257 123 30 zum
2094 2249 183 39 ersten

132 2309 111 52 Mal
283 2314 57 46 in
382 2311 95 50 der
517 2310 468 51 F-l-Generation
1028 2310 352 62 aufgetreten
1421 2329 128 30 war.
1593 2309 125 50 Und
1760 2309 147 49 diese
1949 2309 328 50 Zahlenver¬

133 2382 263 51 hältnisse
426 2385 172 48 meint
629 2383 92 50 das
752 2385 192 47 zweite
973 2381 464 61 Mendel-Gesetz,
1466 2401 158 30 wenn
1655 2401 54 30 es
1741 2392 136 52 sagt:
1911 2381 211 50 Kreuzt
2153 2401 126 30 man

135 2456 85 50 die
251 2455 317 64 Mischlinge
602 2456 95 49 der
730 2467 183 38 ersten
945 2453 739 64 Nachkommengeneration
1718 2452 140 65 (F-1)
1891 2454 388 57 miteinander,

134 2548 57 31 so
222 2541 182 38 treten
432 2530 56 47 in
519 2528 96 50 der
644 2526 506 65 Enkelgeneration
1182 2526 139 64 (F-2)
1356 2526 85 50 die
1474 2525 468 64 gegensätzlichen
1971 2525 308 50 Merkmale

136 2600 96 51 der
273 2600 198 50 beiden
514 2600 337 51 Großeltern
891 2599 204 50 wieder
1140 2599 112 59 auf,
1294 2599 113 49 und
1448 2618 143 29 zwar
1633 2600 56 47 in
1732 2616 133 45 ganz
1908 2596 372 60 bestimmten,

134 2676 195 48 immer
363 2672 529 52 wiederkehrenden
929 2672 627 52 Zahlenverhältnissen.

206 2748 129 51 Man
383 2762 172 38 nennt
605 2750 103 50 den
755 2750 243 50 Versuch
1047 2753 99 46 mit
1194 2751 234 50 Martins
1478 2763 159 38 roten
1685 2751 113 50 und
1845 2752 212 51 weißen
2105 2752 176 50 Meer¬

136 2822 365 51 schweinchen
530 2825 57 47 in
619 2823 96 49 der
743 2822 369 63 Fachsprache
1146 2822 94 51 der
1270 2823 514 64 Vererbungslehre
1819 2823 102 50 den
1954 2824 327 57 „Mirabilis-

138 2895 151 64 Typ"
324 2896 31 49 d
364 2915 56 30 er
449 2895 343 64 Vererbung,
820 2896 116 49 und
970 2915 141 30 zwar
1144 2895 246 61 deshalb,
1422 2896 122 49 weil
1577 2916 175 44 genau
1785 2896 88 50 die
1906 2897 244 63 gleichen
2185 2896 97 50 Ge¬

139 2967 512 64 setzmäßigkeiten,
685 2967 85 51 die
804 2967 90 50 bei
928 2967 101 50 den
1062 2967 526 50 Meerschweinchen
1622 2969 253 63 gegolten
1909 2968 210 61 hatten,
2153 2969 130 50 auch

139 3039 89 51 bei
261 3040 103 50 den
397 3053 87 38 rot
516 3040 113 50 und
659 3040 139 50 weiß
831 3039 315 50 blühenden
1178 3040 203 63 Sippen
1415 3040 96 51 der
1546 3040 433 52 Wunderblume
2013 3040 273 54 Mirabilis

1183 3187 62 52 13
