2113 3404
635 231 86 31 THE
754 232 275 34 PHYSIOLOGY
1061 235 53 32 OF
1144 238 87 31 THE
1263 238 476 39 LARYNX.—APPENDIX.

359 215 85 43 478

357 341 79 37 The
464 347 104 33 notes
594 345 96 37 from
717 346 32 37 G
778 350 172 46 upwards
976 362 94 26 were
1098 351 39 37 of
1159 365 22 23 a
1207 354 201 48 screaming
1436 355 190 49 imperfect
1652 359 191 37 character.
1895 361 78 36 The

355 396 193 51 following
581 413 60 24 are
670 403 197 50 examples,
893 418 38 24 as
965 406 132 47 before,
1125 409 39 35 of
1195 409 63 37 the
1287 411 122 37 effects
1439 413 40 35 of
1504 414 184 37 increased
1718 415 96 37 force
1842 417 39 35 in
1910 417 63 35 the

357 461 150 31 current
524 457 39 36 of
578 458 54 35 air
649 471 57 24 :—

545 541 16 31 1
580 539 48 34 lb.
721 554 42 18 =
848 544 30 32 G
927 558 7 20 :
960 547 157 33 removed
1207 560 43 18 =
1340 550 30 32 G

545 586 19 31 8
582 596 45 22 oz.
720 598 42 26 =
853 589 30 35 D
931 602 5 22 :
1207 603 43 19 =
1341 595 39 43 F,

545 632 66 37 4>>
717 653 43 18 —
849 634 55 37 A,
928 646 6 20 :
1028 661 21 14 ,,
1205 648 43 18 =
1340 638 26 33 E
1381 649 42 21 =
1440 639 236 35 fundamental
1693 645 90 30 note.

403 708 32 32 4.
464 705 106 36 With
594 706 65 36 the
685 719 99 25 same
808 708 134 48 larynx
969 711 17 34 I
1014 712 108 46 again
1147 713 149 46 applied
1321 715 63 36 the
1402 716 136 47 weight
1562 728 38 24 so
1626 730 37 23 as
1686 722 37 31 to
1749 719 141 36 imitate
1910 719 63 37 the

354 761 122 36 action
504 761 39 36 of
565 762 64 36 the
655 764 275 48 crico-thyroid,
949 778 38 24 as
1013 767 40 35 in
1077 767 72 36 last
1174 770 238 46 experiment,
1430 771 69 36 but
1515 772 39 35 in
1571 772 76 36 this
1666 785 78 24 case
1769 774 63 36 the
1857 776 116 47 string

354 817 228 47 suspending
594 818 64 36 the
671 819 134 47 larynx
818 833 74 23 was
905 822 181 46 attached,
1100 828 66 31 not
1179 828 38 33 to
1231 825 63 37 the
1308 826 129 36 needle
1449 828 217 47 transfixing
1677 829 62 36 the
1753 831 218 34 arytenoids,

354 873 70 35 but
448 877 38 32 to
512 875 156 36 another
692 877 130 46 passed
850 877 56 36 for
939 878 75 36 this
1047 891 158 35 purpose
1238 883 246 46 transversely
1510 883 159 48 through
1702 885 63 35 the
1799 887 175 45 posterior

355 929 140 37 surface
514 931 39 35 of
568 931 63 37 the
650 933 134 35 cricoid
802 934 182 47 cartilage.
1037 935 80 36 The
1135 937 144 45 cricoid,
1298 938 190 37 therefore,
1503 940 73 35 and
1593 946 65 30 not
1675 941 63 36 the
1754 943 218 35 arytenoids,

354 998 74 24 was
453 987 64 36 the
543 988 98 36 fixed
666 990 116 47 point.
835 991 133 48 Owing
994 995 36 32 to
1056 992 64 36 the
1144 993 134 47 larynx
1295 994 137 47 having
1448 995 147 48 already
1613 996 92 37 been
1724 997 250 49 considerably

354 1043 102 45 used,
480 1043 64 37 the
569 1045 260 37 fundamental
853 1051 87 32 note
965 1049 186 46 produced
1178 1062 47 24 on
1250 1050 163 49 blowing
1437 1064 89 35 very
1550 1053 128 47 gently
1702 1066 75 24 was
1800 1067 84 23 now
1909 1055 65 46 C,,

353 1100 145 36 instead
517 1101 39 35 of
570 1101 68 46 E,,
657 1114 38 24 as
712 1102 185 48 formerly.

576 1185 252 33 Fundamental
846 1189 89 38 note,
974 1187 40 44 C,

578 1232 17 30 1
614 1241 46 22 oz.
681 1230 112 33 raised
809 1231 96 43 pitch
923 1235 35 29 to
976 1232 46 43 Dl

1299 1193 19 29 2
1336 1202 45 21 oz.
1404 1191 108 33 raised
1530 1192 97 43 pitch
1643 1195 35 30 to
1696 1193 45 44 D,

1299 1237 18 30 3
1530 1261 21 13 ,,
1689 1237 40 37 E,

355 1306 100 36 Here
483 1307 18 35 I
528 1319 74 23 was
626 1306 114 37 much
765 1307 155 47 puzzled
945 1312 37 31 to
1009 1309 77 35 find
1112 1309 82 37 that
1219 1310 126 37 whilst
1371 1312 107 35 when
1507 1313 17 34 I
1551 1312 95 36 blew
1672 1313 91 36 with
1790 1319 183 33 moderate

353 1363 99 37 force
469 1363 64 36 the
551 1367 87 32 note
655 1376 74 23 was
747 1364 31 35 E
793 1392 21 17 ,,
833 1364 64 36 the
914 1365 104 47 pitch
1041 1378 79 24 rose
1145 1371 38 31 to
1209 1367 51 37 G,
1283 1368 110 36 when
1413 1369 17 35 I
1450 1369 224 36 diminished
1691 1370 63 36 the
1776 1376 145 31 current
1937 1373 40 35 of

354 1420 65 46 air,
448 1420 74 36 and
549 1419 76 37 this
651 1421 199 35 transition
884 1422 209 36 sometimes
1121 1425 173 35 occurred
1320 1437 94 23 even
1440 1425 126 36 whilst
1592 1426 63 36 the
1682 1427 95 35 force
1803 1427 122 37 which
1953 1430 19 34 I

355 1477 197 47 employed
577 1477 42 35 in
643 1477 164 48 blowing
831 1478 191 36 remained
1046 1479 64 36 the
1136 1492 107 24 same.
1296 1481 59 36 On
1381 1482 211 47 examining
1617 1482 62 36 the
1696 1483 104 35 vocal
1822 1485 112 45 cords,
1956 1486 16 34 I

354 1532 118 37 found
497 1533 85 36 that
606 1533 64 36 the
696 1546 106 35 space
823 1534 167 37 between
1015 1535 104 37 them
1144 1537 148 36 became
1316 1538 229 47 perceptibly
1563 1539 114 35 wider
1693 1539 73 36 and
1783 1539 40 36 of
1835 1545 139 42 greater

352 1589 128 48 length
517 1595 38 31 at
588 1590 63 37 the
685 1595 167 32 moment
887 1591 62 36 the
985 1591 111 37 lower
1128 1597 87 32 note
1249 1605 73 24 was
1355 1594 195 47 produced.
1614 1595 53 35 To
1704 1596 173 36 continue
1909 1596 64 36 the

353 1650 302 33 experiment:—

577 1733 19 31 4
613 1743 48 23 oz.
680 1732 111 33 raised
808 1732 98 44 pitch
922 1736 36 30 to
975 1733 45 43 G,
1169 1744 4 21 i
1301 1737 18 30 6
1337 1746 47 22 oz.
1405 1735 107 33 raised
1529 1735 95 43 pitch
1642 1738 35 30 to
1695 1735 26 32 F
1738 1735 130 42 (weak).

576 1778 20 31 5
624 1802 22 15 ,,
811 1803 22 14 ,,
973 1778 25 32 C
1300 1781 19 30 8
1348 1805 22 14 ,,
1402 1779 55 33 No
1473 1783 80 29 note
1569 1780 179 42 produced.

355 1854 119 36 These
499 1853 134 36 results
659 1865 60 24 are
737 1865 88 35 very
845 1854 171 35 different
1041 1855 96 35 from
1163 1855 103 36 those
1292 1856 39 35 of
1354 1856 70 35 last
1445 1856 237 47 experiment.
1734 1857 79 35 The
1831 1858 143 36 curious

354 1911 223 36 alternation
603 1910 41 35 in
670 1910 63 35 the
759 1910 102 47 pitch
888 1910 123 36 which
1038 1912 172 35 occurred
1227 1911 109 36 when
1361 1911 102 37 three
1490 1925 132 23 ounces
1639 1925 94 23 were
1758 1915 215 35 suspended,

355 1967 74 36 and
454 1967 76 36 also
557 1971 37 31 to
620 1979 22 23 a
666 1966 71 37 less
763 1971 128 31 extent
915 1967 137 48 during
1074 1968 64 36 the
1157 1968 105 36 other
1278 1980 114 24 notes,
1413 1969 17 34 I
1449 1968 203 36 attributed
1669 1973 38 31 to
1724 1969 63 35 the
1804 1970 118 47 apices
1940 1972 40 34 of

355 2024 64 35 the
453 2023 212 48 arytenoids
698 2023 111 48 being
837 2023 130 47 pulled
997 2023 174 36 forwards
1201 2025 49 34 by
1277 2024 63 35 the
1369 2025 209 47 tightening
1606 2025 38 35 of
1668 2025 63 36 the
1758 2025 88 36 false
1872 2026 104 36 vocal

355 2081 116 35 cords,
497 2080 73 36 and
598 2080 39 35 of
659 2079 64 36 the
749 2092 153 23 mucous
929 2080 222 36 membrane.
1203 2080 80 36 The
1309 2081 114 35 slight
1447 2081 156 35 traction
1629 2081 39 35 of
1693 2081 101 36 these
1818 2087 110 42 parts,
1956 2083 18 35 I

355 2137 194 47 supposed,
576 2136 122 36 might
730 2136 145 35 imitate
908 2139 38 33 to
980 2148 100 24 some
1105 2140 126 32 extent
1260 2136 64 36 the
1351 2137 120 35 action
1503 2137 38 35 of
1567 2137 64 36 the
1660 2139 314 34 thyro-arytenoid

355 2194 170 36 muscles,
543 2198 37 31 to
607 2194 45 35 be
678 2193 214 36 afterwards
918 2193 200 43 described,
1140 2193 161 36 rotating
1325 2193 63 36 the
1413 2193 189 48 cartilages
1627 2193 154 48 slightly
1805 2195 169 42 inwards,

355 2251 74 36 and
454 2254 38 32 at
517 2249 64 36 the
607 2261 99 24 same
731 2249 91 35 time
848 2249 212 47 depressing
1078 2249 62 36 the
1158 2250 124 47 points
1301 2250 39 35 of
1360 2250 63 35 the
1441 2249 102 36 vocal
1560 2262 181 35 processes
1759 2262 38 24 so
1814 2249 81 37 that
1912 2250 63 36 the

355 2307 104 36 cords
476 2319 94 24 were
588 2305 192 37 tightened
798 2317 38 24 as
857 2305 86 36 well
960 2318 39 23 as
1015 2306 278 47 approximated
1313 2319 7 30 ;
1346 2319 47 23 on
1411 2306 62 36 the
1492 2311 147 31 current
1655 2307 40 34 of
1715 2307 55 35 air
1791 2306 110 36 being
1918 2307 55 35 in-

356 2364 154 36 creased,
530 2364 102 35 these
659 2364 122 34 effects
799 2375 94 24 were
911 2363 160 36 undone,
1090 2363 64 36 the
1173 2363 103 36 vocal
1292 2375 181 35 processes
1490 2375 93 24 were
1601 2362 116 36 raised
1734 2363 94 35 from
1846 2362 126 47 below,

355 2421 76 36 and
455 2420 64 36 the
545 2420 104 36 curds
666 2432 95 23 were
787 2419 190 36 separated
1002 2423 38 32 to
1061 2419 63 36 the
1142 2431 98 24 same
1259 2423 125 32 extent
1409 2431 38 24 as
1464 2419 133 36 before.
1650 2419 90 35 This
1756 2419 32 35 is
1805 2418 62 36 the
1887 2418 87 48 only

356 2477 169 37 example
547 2476 40 35 of
609 2475 142 36 sudden
770 2475 73 35 and
861 2476 228 35 unexpected
1107 2475 222 36 alternation
1347 2476 163 35 between
1532 2479 72 31 two
1621 2474 136 48 perfect
1774 2479 102 31 notes
1894 2474 81 36 that

356 2535 18 35 I
392 2538 77 31 met
487 2538 90 31 with
605 2532 38 36 in
671 2531 51 37 all
747 2544 64 34 my
832 2532 247 47 experiments
1096 2544 100 35 upon
1215 2531 62 36 the
1294 2532 92 35 dead
1404 2532 140 41 larynx.
1598 2530 143 37 Miiller,
1761 2531 81 35 who
1861 2541 113 27 seems

355 2595 38 32 to
410 2590 96 36 have
523 2593 77 32 met
616 2586 93 39 with
727 2588 30 35 it
774 2588 224 47 frequently,
1017 2588 130 35 speaks
1165 2588 39 35 of
1218 2588 30 35 it
1265 2589 180 34 thus:—"
1458 2587 38 35 If
1509 2599 20 23 a
1547 2586 113 47 slight
1681 2587 142 35 tension
1850 2587 39 35 of
1911 2586 62 36 the

355 2648 198 36 ligaments
572 2646 30 35 is
620 2649 241 32 maintained,
879 2644 31 35 it
928 2644 162 47 depends
1116 2656 101 35 upon
1242 2643 64 36 the
1322 2655 154 24 manner
1493 2643 39 36 of
1551 2643 162 47 blowing
1729 2642 166 36 whether
1911 2642 62 36 the

355 2716 88 25 note
468 2703 46 36 be
540 2702 40 36 of
602 2701 64 36 the
692 2701 173 36 ordinary
883 2704 86 32 tone
995 2712 40 23 or
1060 2700 146 36 falsetto
1233 2699 79 47 (the
1337 2700 145 35 falsetto
1508 2711 86 24 note
1618 2699 111 47 being
1748 2703 96 32 most
1861 2699 113 46 easily

356 2759 187 50 produced
568 2758 50 47 by
637 2757 165 47 blowing
826 2769 89 34 very
933 2756 156 47 gently),
1108 2756 71 35 and
1198 2756 63 36 the
1278 2760 73 31 two
1369 2756 169 36 different
1564 2759 103 33 notes
1687 2755 86 36 thus
1790 2755 185 48 produced

355 2830 87 24 may
458 2817 47 35 be
530 2827 88 24 very
637 2815 140 35 distant
802 2813 94 36 from
923 2813 88 36 each
1037 2812 106 36 other
1167 2812 40 36 in
1232 2812 63 36 the
1321 2812 154 36 musical
1496 2812 104 36 scale,
1619 2824 91 24 even
1737 2824 37 24 so
1799 2811 111 36 much
1935 2823 39 23 as

356 2886 48 24 an
423 2871 178 39 octave."1
656 2871 46 35 In
720 2870 58 36 his
796 2881 258 37 experiments,
1072 2868 139 36 Miiller
1227 2868 136 48 always
1381 2868 97 36 fixed
1499 2868 62 36 the
1579 2869 189 48 arytenoid
1787 2868 187 46 cartilages

355 2935 38 32 to
413 2942 22 24 a
450 2929 154 36 wooden
621 2927 123 36 board.

877 3015 10 17 '
911 3014 116 33 Miiller,
1043 3014 175 32 Physiology,
1234 3013 56 27 vol.
1307 3013 28 27 ii.
1351 3020 27 27 p.
1396 3014 74 26 1013.
