1933 3302
344 183 135 31 Wiener
501 182 111 38 Pasta,
635 177 195 34 Chlorzink,
852 175 183 32 Plumbura
1060 174 173 40 nitricum,
1254 169 248 34 Eisenchlorid.

1674 169 48 38 77

119 290 236 40 namentlich
385 302 111 24 wenn
525 286 146 38 Stücke
701 286 124 37 davon
856 285 37 36 in
929 283 61 37 die
1026 281 157 37 Wunde
1220 279 200 50 eingelegt
1454 289 158 26 werden
1648 276 77 37 und

120 347 38 37 in
187 345 61 37 ihr
277 343 237 39 verbleiben.

250 398 73 37 Die
355 396 187 37 Wiener
574 393 257 49 Aetzpasta
871 388 199 52 (Aetzkali
1098 387 79 38 und
1209 386 210 46 Aetzkalk)
1457 385 132 38 leistet
1626 383 99 39 nach

121 451 268 40 Neudörfer
419 460 138 37 wenig.

252 503 265 39 Chlorzink.
549 500 139 38 Dieser
711 513 72 24 von
806 498 206 44 Hancke,
1035 494 251 50 Canquoin,
1309 493 193 47 Bonnet,
1524 491 201 39 Maison-

122 572 145 26 neuve
297 558 77 37 und
397 556 180 38 Anderen
598 553 57 38 als
677 552 228 39 Aetzmittel
935 552 248 48 eingeführte
1206 547 154 49 Körper
1380 547 99 37 wird
1500 560 73 24 von
1597 546 128 38 Piro-

123 614 106 50 goff
246 608 359 52 (Kriegschirurgie
629 608 115 45 1864,
767 606 37 39 S.
829 605 119 39 1054)
976 604 97 38 auch
1094 604 63 36 für
1179 603 74 37 den
1274 600 309 50 Hospitalbrand
1606 613 121 24 warm

124 678 233 27 empfohlen.
396 662 110 39 Nach
527 660 220 39 Pirogoff
771 661 52 37 ist
843 661 67 37 das
933 658 209 38 Chlorzink
1167 669 125 24 neben
1313 655 88 37 dem
1422 653 153 39 Plumb.
1598 654 127 38 nitric.

123 720 57 38 oft
201 733 71 24 von
294 730 199 37 grösserer
512 714 200 38 Wirkung
733 714 56 38 als
811 715 67 36 das
896 712 224 38 Glüheisen.
1151 710 45 38 In
1218 710 68 37 der
1302 708 121 51 Folge
1446 709 132 37 wurde
1601 708 125 38 dieses

123 773 129 38 Mittel
281 770 70 39 auf
375 767 264 52 Pirogoff's
677 767 267 50 Empfehlung
975 779 75 24 von
1079 763 362 49 Lewandowsky
1471 764 255 42 angewandt;

125 827 96 37 doch
248 826 52 36 ist
329 837 40 25 es
401 825 80 36 erst
509 821 267 39 vornehmlich
798 821 120 37 durch
939 819 188 50 König's
1149 816 267 50 Empfehlung
1446 815 71 39 auf
1543 816 73 37 den
1646 815 80 37 ihm

125 878 278 52 gebührenden
433 876 108 38 Platz
572 875 168 50 gestellt.
801 875 244 37 Trockenes,
1076 872 120 38 frisch
1227 871 211 37 bereitetes
1470 868 126 51 (nicht
1627 872 101 35 etwa

122 931 327 50 wasserhaltiges,
479 929 315 51 krystallisirtes)
817 927 208 39 Chlorzink
1057 926 96 37 wird
1181 927 72 36 mit
1273 924 165 38 Wasser
1469 937 68 23 zur
1567 923 161 51 Lösung

124 988 199 50 gebracht.
381 984 127 38 Dabei
538 997 104 23 muss
673 995 172 25 weniger
876 981 162 38 Wasser
1068 993 55 25 als
1154 978 222 40 Chlorzink,
1408 977 200 39 vielleicht
1635 977 92 38 halb

125 1039 132 39 soviel,
272 1038 202 38 verwandt
487 1050 166 24 werden.
685 1036 74 37 Mit
776 1037 67 36 der
854 1036 131 48 öligen
995 1033 240 39 Flüssigkeit
1248 1045 157 25 werden
1417 1031 310 38 Wattebäusche

125 1095 203 50 getränkt,
366 1092 78 37 und
480 1092 104 36 diese
613 1091 40 36 in
681 1090 144 37 flacher
855 1089 117 37 Form
1001 1088 97 37 über
1128 1088 60 37 die
1228 1086 182 38 Wunden
1448 1085 278 47 ausgebreitet,

124 1148 111 46 oder,
270 1148 39 49 je
338 1145 100 38 nach
466 1144 265 39 Umständen,
769 1144 39 36 in
838 1145 221 48 geformten
1089 1140 170 39 Streifen
1295 1141 40 36 in
1374 1140 61 37 die
1473 1142 256 47 gespaltenen

125 1201 165 38 Recesse
320 1200 77 37 und
428 1199 61 37 die
518 1198 107 37 nicht
653 1212 46 22 zu
729 1200 228 34 spaltenden
987 1196 149 37 Räume
1167 1196 66 36 des
1259 1193 189 39 Gewebes
1470 1193 259 39 eingedrückt

125 1255 79 37 und
225 1256 247 48 eingestopft,
495 1252 166 37 darüber
682 1252 98 36 wird
803 1250 133 38 Watte
957 1262 135 39 gelegt
1114 1249 76 37 und
1208 1249 67 37 der
1292 1248 163 38 Contact
1472 1248 67 37 der
1558 1247 169 39 Gewebe

125 1309 73 37 mit
240 1309 87 36 dem
369 1306 129 38 Mittel
543 1305 120 37 durch
701 1318 84 24 eine
823 1304 124 37 Binde
983 1303 207 51 gesichert.
1263 1302 74 37 Die
1378 1302 262 50 Einwirkung
1677 1302 52 37 ist

126 1365 183 34 meistens
344 1361 100 37 nach
484 1360 149 44 8—10,
676 1361 216 35 spätestens
933 1357 98 38 nach
1073 1357 155 37 15—20
1259 1355 178 38 Minuten
1475 1356 254 37 hinreichend

131 1415 143 38 erfolgt
302 1415 77 37 und
400 1428 48 23 zu
467 1413 296 38 unterbrechen.
822 1412 73 37 Die
917 1411 249 49 Application
1187 1411 50 37 ist
1257 1410 70 37 auf
1344 1410 60 37 die
1426 1423 123 36 ganze
1571 1409 157 38 Wunde

129 1468 272 39 auszudehnen
449 1468 78 36 und
570 1479 193 25 erfordert
800 1465 422 38 Chloroformnarkose.
1289 1464 81 37 Der
1412 1464 137 37 weisse
1591 1462 139 39 Schorf

128 1528 117 32 stösst
283 1521 81 38 sich
401 1522 100 36 nach
539 1521 103 37 5—6
679 1520 135 37 Tagen
853 1519 59 37 ab.
971 1519 81 37 Das
1088 1518 162 38 Sistiren
1281 1518 65 36 des
1377 1517 352 49 Hospitalbrandes

128 1575 281 38 kennzeichnet
436 1575 80 37 sich
547 1574 186 37 dadurch,
771 1574 87 36 dass
889 1573 59 37 die
980 1571 269 39 entzündliche
1281 1571 124 37 Röthe
1445 1571 286 37 verschwindet

128 1630 77 36 und
227 1630 60 36 die
307 1628 173 37 normale
503 1628 258 37 Temperatur
782 1628 273 36 wiederkehrt.
1092 1625 146 38 Zeigen
1258 1625 81 37 sich
1359 1625 99 37 nach
1479 1625 249 50 Abstossung

129 1684 66 36 des
226 1682 179 38 Schorfes
434 1681 99 37 noch
563 1681 117 37 Reste
711 1681 66 37 der
808 1679 230 38 Krankheit,
1071 1693 40 24 so
1142 1679 95 37 wird
1269 1679 60 37 die
1358 1679 182 49 Aetzung
1561 1679 165 37 wieder-

131 1736 90 37 holt.
291 1735 239 38 Inzwischen
564 1734 216 50 gebraucht
817 1748 90 23 man
943 1733 238 39 Umschläge
1219 1746 76 24 von
1333 1732 264 38 Chlorwasser
1635 1733 93 37 oder

130 1789 543 49 Carbolwassercompressen.
716 1787 213 38 Heiberg
959 1787 146 37 schloss
1132 1787 82 37 sich
1235 1787 125 37 dieser
1382 1786 261 50 Behandlung
1665 1800 61 32 an,

133 1856 139 24 ebenso
302 1843 69 37 auf
401 1842 279 37 französischer
710 1841 104 38 Seite
854 1841 177 37 Tribes
1069 1841 80 37 und
1185 1840 56 38 Ol
1250 1840 32 37 Ii
1291 1841 43 36 vi
1343 1854 49 23 er
1426 1840 64 37 bei
1528 1841 200 49 malignen

133 1896 167 38 Formen
328 1896 78 37 und
436 1899 130 34 später
595 1896 180 37 Becker
806 1895 61 37 bei
898 1895 125 37 einem
1052 1894 88 38 Fall
1167 1894 41 37 in
1238 1895 67 37 der
1335 1893 281 50 Privatpraxis.

259 1949 243 38 Plumbum
539 1949 218 37 nitricum
794 1951 153 35 wandte
978 1948 235 49 Pirogoff
1246 1948 161 50 längere
1438 1948 86 37 Zeit
1561 1949 40 37 in
1636 1962 90 24 aus-

130 2003 234 50 gedehntem
384 2002 149 38 Maasse
564 2015 128 37 gegen
722 2003 73 37 den
816 2002 307 38 Hospitalbrand
1153 2016 59 23 an.
1256 2002 54 37 Er
1331 2001 106 38 legte
1468 2002 60 37 die
1558 2003 72 36 mit
1659 2003 69 37 der

130 2057 210 37 saturirten
369 2056 158 37 Lösung
556 2057 196 36 imbibirte
784 2055 164 38 Charpie
987 2055 69 38 auf
1082 2056 59 36 die
1175 2055 181 38 Wunden
1387 2056 78 37 und
1497 2056 144 49 stopfte
1672 2069 55 25 sie

133 2123 110 24 unter
265 2110 59 37 die
345 2109 166 38 Ränder.
551 2109 112 39 Nach
685 2110 103 37 2—3
812 2109 135 38 Tagen
977 2112 166 35 ersetzte
1174 2123 41 23 er
1245 2109 131 38 diesen
1397 2109 186 38 Verband
1605 2109 122 38 durch

133 2164 111 36 einen
272 2164 210 36 trockenen
513 2164 91 36 oder
635 2164 112 36 einen
784 2166 71 34 mit
889 2163 269 37 schwächerer
1187 2163 161 37 Lösung
1379 2163 66 37 des
1476 2163 149 38 Mittels
1655 2177 70 34 ge-

132 2217 195 36 tränkten.
385 2216 84 38 Auf
500 2217 269 49 Pirogoff's
799 2217 268 49 Empfehlung
1105 2217 67 36 hat
1207 2216 97 37 auch
1335 2216 391 51 Lewandowsky

133 2269 82 37 sich
244 2270 123 37 dieses
395 2269 147 38 Mittels
571 2276 71 31 mit
670 2270 155 37 Nutzen
855 2271 168 36 bedient.

262 2323 326 37 Eisenchlorid
616 2324 50 36 ist
685 2324 210 36 besonders
916 2337 74 23 von
1013 2322 214 38 Salleron
1256 2323 52 37 im
1330 2323 295 38 Krimfeldzuge
1656 2338 69 23 an-

134 2377 182 46 gewandt
336 2377 78 36 und
433 2376 96 37 nach
552 2377 71 37 den
644 2390 75 23 von
738 2377 79 36 ihm
839 2377 256 49 angestellten
1112 2376 332 50 Beobachtungen
1464 2380 264 36 vonBourot

133 2430 39 36 in
211 2430 106 36 einer
358 2429 125 37 These
522 2428 247 50 (Strassburg
821 2429 116 49 1859)
982 2429 221 51 empfohlen
1240 2431 169 37 worden.
1479 2431 81 37 Das
1597 2431 131 38 Mittel

135 2483 131 36 wurde
296 2483 55 37 als
381 2483 157 37 Liquor,
568 2482 94 38 ferri
691 2483 248 49 sesquichlor.
962 2497 75 23 von
1072 2484 49 36 30
1145 2482 104 38 Grad
1264 2483 172 38 Beaume
1458 2484 107 48 (34,6
1586 2485 139 38 Eisen-

136 2535 77 37 salz
242 2537 76 35 und
349 2537 89 45 65,3
470 2535 174 50 Wasser)
675 2537 195 36 entweder
899 2537 247 37 unverdünnt
1174 2538 92 36 oder
1295 2551 45 23 zu
1363 2537 178 50 gleichen
1563 2538 163 38 Theilen

137 2591 68 34 mit
242 2588 158 38 Wasser
443 2589 69 37 auf
546 2590 59 36 die
644 2589 284 38 Wundflächen
970 2590 198 48 gebracht.
1233 2590 218 38 Salleron
1495 2591 83 37 hält
1620 2592 105 37 seine

136 2641 248 50 Wirkungen
424 2642 63 38 für
529 2643 140 37 ebenso
710 2643 202 49 energisch
950 2643 54 38 als
1046 2645 59 36 die
1142 2644 65 37 des
1244 2643 241 39 Glüheisens.
1543 2645 182 47 Marmy

137 2695 174 49 dagegen
340 2695 107 38 hatte
476 2709 75 24 von
581 2697 86 36 dem
696 2695 128 38 Mittel
852 2697 141 37 keinen
1021 2698 92 36 oder
1142 2711 72 23 nur
1243 2697 286 39 zweifelhaften
1558 2698 166 38 Nutzen.

137 2747 145 38 Weder
320 2748 191 38 Demme
548 2749 99 37 noch
684 2749 195 37 Fischer
918 2750 170 38 konnten
1126 2751 38 37 in
1206 2751 66 37 der
1313 2751 122 49 Folge
1474 2751 251 39 Salleron's

136 2800 326 51 Beobachtungen
479 2803 231 49 bestätigen.
741 2802 200 38 Fischer
971 2803 68 38 sah
1069 2805 72 36 den
1171 2803 129 38 Brand
1322 2818 113 24 unter
1457 2805 87 37 dem
1565 2804 161 40 Schorfe

136 2854 284 37 fortschreiten.
478 2854 158 38 Schuh
665 2856 152 37 wandte
845 2856 41 36 in
915 2855 281 52 hartnäckigen
1225 2857 134 38 Fällen
1391 2859 83 36 eine
1505 2858 117 38 Pasta
1651 2873 74 24 von

137 2907 177 48 gleichen
345 2907 162 37 Theilen
537 2909 287 46 Eisenchlorid,
864 2909 167 38 Kreosot
1059 2911 77 36 und
1167 2910 131 38 Mucil.
1331 2910 156 38 Gummi
1517 2912 105 38 arab.
1655 2917 72 34 mit

137 2959 138 52 Erfolg
304 2974 59 23 an.
404 2959 59 38 Im
482 2962 332 38 amerikanischen
835 2962 144 51 Kriege
1002 2963 69 38 sah
1093 2964 202 37 Pittinos
1324 2965 163 49 geringe
1511 2965 213 49 Wirkung,
