2240 3972
991 923 118 40 THE

147 1118 407 61 METHOD
622 1120 111 60 OF
813 1121 196 59 THE
1083 1120 320 62 STUDY
1467 1121 115 62 OF
1654 1123 280 62 MIND:

709 1371 147 30 BEING
885 1372 362 30 INTRODTTCTOB.Y
1278 1373 55 30 TO
1363 1374 29 28 A

382 1521 525 55 PHYSIOLOGY
970 1523 168 53 AND
1203 1522 494 54 PATHOLOGY

892 1820 328 60 MIND.

1629 1969 82 112 'ij

1641 2137 300 138 \jw

482 2389 27 18 “
521 2385 79 41 Icb
619 2386 88 39 sag’
729 2398 43 27 es
795 2385 66 40 dir
879 2402 9 23 :
920 2385 68 41 ein
1009 2385 120 49 Kerl,
1153 2385 74 40 der
1252 2385 216 41 speculirt,

523 2455 65 40 1st
606 2454 79 41 wie
706 2455 69 40 ein
796 2455 139 48 Thier,
957 2456 78 39 auf
1047 2456 148 40 diirrer
1217 2456 140 40 Heide

519 2527 94 39 Yon
636 2526 137 41 einem
792 2527 131 40 bosen
945 2527 120 41 Geist
1084 2528 60 38 im
1166 2527 126 40 Kreis
1313 2527 151 39 herum
1486 2526 192 53 gefuhrt,

529 2596 105 40 Und
652 2596 120 40 rings
792 2596 153 40 umber
962 2596 107 53 liegt
1092 2609 156 28 scbone
1269 2609 136 40 grime
1426 2595 193 42 Weide.”

1713 2652 150 42 Faust.

148 2848 116 53 The
290 2848 138 71 right
448 2853 226 49 estimate
695 2848 54 53 of
769 2848 78 53 his
868 2847 235 54 relations
1129 2852 54 48 to
1205 2848 225 52 external
1454 2853 181 48 nature
1658 2848 89 53 has
1769 2867 114 35 ever
1902 2848 127 54 been

78 2925 52 48 to
151 2941 115 34 man
285 2943 28 32 a
333 2929 184 47 matter
537 2923 54 53 of
615 2941 218 34 extreme
855 2922 242 70 difficulty
1119 2921 100 53 and
1244 2922 335 70 uncertainty.
1640 2922 66 52 In
1733 2928 87 46 the
1847 2942 182 34 savage

80 2999 124 48 state
224 2995 52 53 of
298 2997 77 52 his
394 2997 203 70 infancy
616 2997 64 51 he
698 2996 120 52 feels
839 2996 203 51 himself
1066 3015 54 33 so
1139 2995 132 52 little
1292 2996 54 51 in
1365 3001 86 46 the
1472 3015 231 51 presence
1725 2996 54 52 of
1802 2998 225 51 nature's

79 3085 238 49 vastness,
345 3090 54 33 so
426 3070 217 53 helpless
674 3069 54 52 in
754 3070 200 52 conflict
979 3069 122 52 with
1126 3069 67 52 its
1220 3068 244 53 resistless
1493 3070 174 62 forces,
1696 3070 114 52 that
1825 3070 63 52 he
1914 3071 114 52 falls

81 3140 143 53 down
247 3143 51 52 in
324 3143 159 71 abject
508 3143 306 71 prostration
838 3143 167 52 before
1029 3143 65 52 its
1115 3162 197 33 various
1340 3162 210 51 powers.
1628 3144 106 51 The
1759 3144 142 51 earth
1924 3144 54 51 of
2001 3164 28 32 a

81 3213 189 54 sudden
293 3216 178 53 heaves
496 3217 216 53 beneath
731 3217 78 51 his
828 3216 275 70 trembling
1131 3217 115 63 feet,
1271 3216 99 53 and
1397 3217 76 51 his
1496 3217 248 52 shattered
1768 3217 260 69 dwellings

80 3283 124 74 bury
222 3289 104 52 him
343 3290 54 52 in
415 3291 130 52 their
565 3291 169 64 ruins;
763 3295 87 47 the
872 3290 226 69 swelling
1114 3295 173 47 waters
1306 3309 231 34 overpass
1556 3290 131 52 their
1708 3290 322 52 accustomed

80 3357 293 58 boundaries
400 3363 102 52 and
525 3363 337 70 indifferently
882 3382 158 52 sweep
1068 3383 135 50 away
1228 3363 80 52 his
1334 3382 238 52 property
1599 3383 56 33 or
1679 3364 78 51 his
1784 3363 114 66 life;
1938 3364 89 51 the

80 3430 188 56 furious
293 3435 263 54 hurricane
580 3437 272 70 ruthlessly
874 3437 223 52 destroys
1123 3436 87 52 the
1236 3437 177 51 labour
1433 3437 56 51 of
1510 3456 173 51 years;
1725 3436 96 52 and
1840 3436 188 52 famine

83 3522 53 34 or
172 3508 282 68 pestilence,
481 3510 269 70 regardless
779 3512 54 51 of
866 3510 78 54 his
985 3529 273 51 streaming
1290 3529 112 34 eyes
1436 3511 99 52 and
1571 3510 200 71 piteous
1808 3528 217 53 prayers,

83 3578 151 54 stalks
260 3581 53 53 in
340 3582 279 73 desolating
644 3584 172 53 march
841 3583 225 71 through
1093 3604 28 33 a
1145 3583 418 54 horror-stricken
1589 3583 193 70 people.
1849 3583 65 53 In
1940 3583 87 52 the
