2113 3404
864 281 86 33 THE
981 282 242 32 DISOHDKHS
1255 284 53 30 OF
1340 285 175 31 SPKF.CH.

366 267 81 40 202

940 3082 11 22 1
979 3079 136 50 S£glus,
1134 3091 51 36 op.
1211 3077 68 48 cit.f
1298 3090 35 39 p.
1355 3081 77 34 181.

364 396 118 57 They
506 412 100 43 may
628 400 113 42 exist
762 400 134 53 alone,
918 415 47 28 or
986 401 52 42 be
1061 403 233 42 associated
1329 403 102 41 wit!;
1467 404 330 43 hallucinations
1829 406 43 41 of
1904 406 72 41 the

366 467 124 43 other
511 483 156 37 senses,
690 471 106 41 such
819 485 45 28 as
889 472 95 42 that
1009 472 45 42 of
1081 472 186 56 hearing.
1331 474 44 41 It
1404 475 36 41 is
1473 474 100 55 only
1606 475 44 41 in
1682 488 25 28 a
1739 475 81 42 few
1852 489 127 38 cases,

365 538 210 53 however,
617 541 96 42 that
754 541 73 43 the
869 542 335 43 hallucinations
1247 544 98 42 take
1388 544 243 55 habitually
1668 545 73 42 the
1785 545 108 42 form
1936 546 44 42 of

365 610 174 54 printed
562 626 45 27 or
630 613 172 42 written
826 613 146 42 words.
1036 613 145 43 Seglas
1205 615 167 41 records
1404 615 164 42 several
1599 617 46 41 of
1673 616 131 52 these,
1827 630 153 41 among

366 680 144 42 others
533 682 74 42 the
630 683 303 42 following:—

426 750 42 41 A
489 751 169 54 patient
679 752 137 42 under
837 757 233 38 treatment
1100 754 46 40 in
1169 754 73 42 the
1265 754 169 42 Bicetre
1465 755 199 55 Asylum,
1686 759 20 18 "
1721 769 79 28 one
1821 756 84 54 day
1934 759 47 39 at

366 819 155 43 dinner
544 821 126 41 could
699 822 97 41 read
831 822 226 55 distinctly
1079 837 114 40 upon
1227 823 73 42 the
1331 825 214 53 porcelain
1578 824 116 42 lamp
1728 825 73 41 the
1834 825 147 49 words,

364 893 10 17 '
388 888 55 43 Je
466 889 168 52 t'aime,'
660 890 152 52 which,
844 891 227 55 according
1105 897 43 36 to
1180 891 102 54 him,
1303 893 84 42 had
1425 895 108 40 been
1556 894 166 41 thrown
1759 908 113 27 upon
1907 894 72 41 the

366 958 119 56 lamp
508 959 56 55 by
587 959 74 43 the
693 960 70 42 aid
796 962 45 40 of
864 975 24 27 a
921 962 159 41 mirror.
1145 962 317 55 Subsequently
1496 964 53 41 he
1580 978 85 27 saw
1697 964 147 42 letters
1879 974 100 30 with

367 1030 68 42 his
477 1044 100 41 eyes
620 1044 117 28 more
778 1032 85 41 and
907 1046 114 27 more
1065 1032 255 55 frequently.
1398 1033 69 42 He
1510 1034 91 41 said
1644 1034 93 41 that
1778 1034 52 41 he
1877 1034 103 41 then

367 1101 274 42 accustomed
674 1101 178 42 himself
887 1106 42 36 to
965 1102 119 41 write
1117 1102 104 41 with
1256 1102 65 42 his
1358 1116 111 41 eyes,
1506 1103 84 42 and
1628 1103 100 41 thus
1765 1108 43 36 to
1844 1103 135 41 throw

368 1171 139 43 words
545 1173 92 40 into
675 1186 135 41 space.
873 1173 89 41 The
1000 1173 148 42 letters
1185 1187 51 40 go
1274 1177 76 37 out
1385 1173 109 41 from
1532 1173 74 42 the
1643 1188 99 40 eye:
1775 1173 101 43 they
1913 1188 68 27 are

366 1242 168 56 yellow,
558 1243 109 42 have
690 1243 74 42 the
785 1257 265 41 appearance
1073 1243 46 42 of
1137 1243 126 42 small
1285 1243 171 54 printed
1480 1243 250 42 characters,
1753 1244 103 41 then
1881 1244 101 55 they

366 1327 116 42 grow
503 1314 47 41 in
582 1314 86 42 size
700 1314 85 41 and
817 1318 159 37 retreat
1008 1319 42 36 to
1083 1328 24 27 a
1141 1314 163 41 certain
1338 1313 204 42 distance,
1564 1314 109 41 after
1708 1314 136 41 which
1880 1315 102 54 they

367 1383 208 42 diminish
597 1383 45 41 in
665 1383 86 42 size
783 1383 85 42 and
901 1383 96 42 fade
1030 1397 131 41 away.
1225 1384 69 42 He
1329 1384 89 42 has,
1450 1384 116 41 since
1601 1384 94 41 that
1728 1385 115 41 time,
1874 1385 108 41 been

366 1453 97 43 able
486 1455 56 41 by
558 1454 87 42 this
668 1468 148 27 means
840 1460 42 35 to
905 1454 257 42 correspond
1184 1454 107 41 from
1317 1455 170 41 Bicetre
1507 1454 102 41 with
1627 1454 163 41 certain
1807 1468 176 41 persons

367 1530 45 36 at
430 1524 166 56 Clichy,
613 1524 83 42 and
720 1524 53 42 he
796 1524 99 42 asks
919 1524 130 42 them,
1067 1524 45 41 in
1135 1524 87 42 this
1248 1539 102 40 way,
1370 1531 42 35 to
1434 1529 68 37 try
1520 1529 43 37 to
1584 1529 72 51 get
1677 1524 89 42 him
1789 1538 24 28 a
1834 1531 151 48 patent

366 1595 65 41 for
452 1594 174 42 writing
649 1594 105 41 with
779 1594 72 41 the
874 1608 109 41 eyes.
1047 1594 79 42 Let
1149 1608 49 27 us
1220 1595 83 40 add
1327 1594 95 41 that
1440 1595 85 41 this
1543 1595 180 53 patient,
1739 1595 104 50 who,
1859 1609 123 40 along

368 1665 106 42 with
502 1665 120 42 these
656 1665 139 41 visual
829 1665 144 41 verbal
1006 1664 348 42 hallucinations,
1376 1665 76 41 has
1484 1665 124 42 other
1638 1665 348 51 hallucinations,

366 1736 203 42 auditory
592 1735 85 42 and
700 1736 134 41 above
860 1735 59 41 all
950 1740 138 36 motor
1119 1735 139 55 (mute
1290 1735 173 55 voices),
1494 1736 37 41 is
1563 1735 233 55 extremely
1830 1736 151 42 visual.

367 1806 145 42 When
536 1806 54 42 he
612 1806 76 41 has
711 1805 132 42 taken
866 1820 24 26 a
911 1806 106 54 good
1036 1805 110 51 look,
1161 1806 64 40 for
1242 1805 208 55 example,
1467 1811 44 35 at
1528 1820 24 26 a
1570 1811 93 49 part
1685 1806 45 40 of
1749 1805 72 42 the
1844 1812 140 35 court-

366 1876 120 55 yard,
503 1876 54 42 he
579 1881 124 37 shuts
725 1875 68 42 his
816 1889 111 41 eyes,
946 1875 83 41 and
1053 1875 73 41 the
1148 1875 120 55 place
1290 1875 199 41 detaches
1511 1875 118 41 itself
1651 1889 101 40 very
1772 1874 144 42 neatly
1936 1889 48 26 en

367 1946 93 41 bloc,
482 1945 86 42 and
591 1945 105 42 then
719 1945 118 42 fades
860 1959 121 27 away
999 1959 45 27 as
1068 1946 34 40 it
1123 1945 91 41 flies
1233 1945 183 41 towards
1438 1944 73 42 the
1534 1951 116 35 west.
1703 1945 102 41 This
1823 1945 161 54 faculty

369 2017 43 41 of
435 2016 301 41 visualization
759 2015 36 42 is
817 2015 206 55 regarded
1046 2015 55 41 by
1117 2015 91 41 him
1231 2030 45 27 as
1297 2029 25 28 a
1339 2015 158 55 special
1518 2016 294 53 photographic
1832 2029 152 40 power,

369 2087 142 41 which
534 2087 54 41 he
611 2086 77 42 has
710 2092 45 36 at
777 2085 239 43 command,
1039 2085 85 41 and
1153 2086 139 41 which
1325 2086 160 41 excites
1516 2086 73 40 the
1617 2085 195 54 jealousy
1845 2086 42 40 of
1920 2085 64 40 his

369 2158 197 43 enemies.
631 2158 88 41 The
742 2157 292 54 photographs
1056 2170 71 28 are
1149 2156 130 42 much
1297 2170 116 28 more
1431 2155 223 52 beautiful,
1669 2155 52 42 he
1738 2169 109 41 says,
1863 2156 119 41 when

368 2228 54 42 he
445 2228 124 42 shuts
591 2228 68 41 his
681 2241 113 42 eyes,
819 2227 180 42 because
1022 2227 73 41 the
1118 2226 142 43 eyelid
1282 2233 90 35 acts
1396 2227 104 41 then
1523 2240 44 27 as
1590 2240 24 27 a
1635 2226 216 52 reflector;
1882 2227 101 54 they

367 2312 71 28 are
460 2297 106 42 then
589 2297 114 42 clear
719 2297 84 41 and
826 2296 198 43 lively."1

429 2369 38 40 4.
504 2368 84 41 The
619 2368 136 41 Motor
790 2367 142 42 Centre
952 2368 78 54 for
1072 2366 303 55 Writing.—It
1400 2366 184 42 remains
1608 2367 62 40 for
1691 2379 49 28 us
1763 2379 94 27 now
1885 2365 100 55 only

373 2443 44 38 to
449 2437 196 43 consider
677 2437 72 41 the
781 2436 338 42 hallucinations
1143 2436 140 42 which
1315 2450 82 27 are,
1420 2436 43 40 in
1497 2449 115 28 some
1651 2436 79 41 few
1753 2449 127 28 cases,
1903 2435 82 41 dis-

372 2509 157 55 played
561 2509 45 40 in
639 2508 242 41 connexion
913 2507 104 41 with
1050 2507 73 40 the
1161 2510 138 37 motor
1341 2519 143 28 centre
1516 2506 65 40 for
1610 2505 200 54 Writing.
1874 2505 113 41 Such

373 2579 337 42 hallucinations
748 2591 70 28 are
855 2591 112 27 rarer
1010 2577 104 41 than
1152 2590 84 27 any
1275 2576 43 41 of
1355 2576 72 41 the
1464 2575 118 42 three
1619 2575 122 41 other
1777 2581 209 35 varieties.

373 2651 120 41 They
515 2663 71 28 are
609 2662 124 36 rarer,
756 2648 191 42 because,
970 2647 45 41 in
1043 2647 73 42 the
1138 2646 92 42 first
1253 2646 133 55 place,
1409 2649 135 38 motor
1565 2645 333 42 hallucinations
1920 2659 69 27 are

374 2735 115 28 rarer
522 2720 105 41 than
660 2732 189 41 sensory,
877 2717 98 42 and,
1003 2718 46 40 in
1082 2717 74 42 the
1187 2716 156 43 second
1376 2716 132 55 place,
1538 2716 179 42 because
1750 2716 72 41 the
1855 2728 136 28 motor

374 2790 337 43 hallucinations
733 2789 45 42 of
799 2788 171 56 writing
1001 2802 78 28 can
1102 2788 52 42 be
1186 2786 207 43 expected
1426 2791 42 36 to
1500 2800 127 28 occur
1658 2799 100 42 only
1790 2785 46 41 in
1869 2785 121 41 those

375 2875 96 28 who
494 2861 109 41 have
626 2860 107 42 been
757 2859 126 42 much
917 2859 43 40 in
995 2858 73 41 the
1100 2858 122 41 habit
1250 2858 45 40 of
1314 2862 183 50 writing,
1519 2856 84 42 and
1630 2857 44 41 of
1705 2870 145 28 course
1871 2855 118 42 these

375 2947 72 28 are
470 2932 77 42 but
571 2946 23 27 a
617 2930 123 42 small
764 2929 205 42 minority
994 2929 45 41 of
1065 2928 72 42 the
1158 2927 170 56 general
1352 2933 261 49 population.
