1933 3217
335 313 91 42 228

683 320 216 32 SYNOPSIS
923 320 52 32 OF
1002 320 90 31 THE
1117 321 227 32 SIMIAD^.

496 462 33 35 p.
552 449 62 36 95.
675 447 115 39 Simla
816 449 129 44 aurita,
978 448 148 36 Humb.
1156 448 90 38 Obs.
1271 449 108 36 Zool.
1412 449 24 36 i.
1465 448 89 38 356.
1611 448 95 40 Hair

495 515 121 45 black,
635 515 124 36 mixed
774 515 87 36 witli
881 515 123 35 brown
1022 527 12 31 ;
1053 514 63 36 tail
1137 515 123 47 tinged
1274 515 87 37 with
1376 516 109 35 black
1504 516 71 36 and
1593 528 86 36 gray
1694 526 13 35 ;

493 594 22 23 a
543 581 111 37 white
681 587 78 30 spot
787 594 46 23 on
862 581 62 36 tho
944 580 195 46 forehead;
1166 581 88 47 long
1281 580 110 38 white
1419 581 78 37 hair
1521 582 103 36 hides
1642 582 63 36 the

494 648 151 35 interior
672 648 40 35 of
735 653 62 29 the
827 659 103 31 ears;
954 658 136 36 young
1107 647 151 45 brown;
1287 652 64 31 the
1379 646 114 37 adult
1521 649 186 35 markings

495 725 160 24 obscure.
711 712 167 36 Inhabits
899 711 129 37 Brasil.

526 774 80 31 Nos.
622 776 18 28 2
654 774 67 31 and
735 775 18 29 4
765 783 55 21 aro
835 774 101 30 much
949 774 101 30 allied
1063 776 34 28 to
1113 775 44 29 H.
1172 774 169 38 vulgaris.

443 842 37 36 5.
511 840 53 38 H.
595 853 304 32 HUMERALiFER,
936 839 368 38 Whitc-shouldered
1335 839 149 39 Ouistiti
1555 840 149 38 Ouistiti

497 907 144 46 camail,
659 906 158 37 Jacchus
847 906 250 46 huracralifer,
1127 905 125 49 Geoff.
1280 906 111 37 Ann.
1422 907 54 35 du
1495 907 114 36 Mus.
1630 909 76 35 xix.

495 986 34 35 p.
561 971 74 38 120
654 986 12 32 ;
711 973 134 35 Desm.
884 971 169 37 Mamm.
1091 984 34 35 p.
1164 971 63 36 95.
1283 970 114 38 Simla
1432 972 271 46 humeralifera,

494 1038 152 37 Humb.
668 1037 89 38 Obs.
782 1037 103 36 Zool.
905 1038 23 34 i.
951 1037 88 37 365.
1096 1036 94 37 Hair
1216 1038 395 46 brownish-chestnut;
1644 1039 64 37 tail

495 1105 151 47 slightly
681 1104 124 36 tinged
834 1102 90 37 wfth
955 1115 111 35 gray;
1102 1102 200 46 shoulders,
1335 1104 117 36 breast
1487 1105 72 35 and
1596 1116 106 33 arms,

497 1171 123 35 white.
676 1169 167 37 Inhabits
863 1168 131 37 Brasil.

446 1237 36 35 6.
509 1236 51 36 H.
585 1248 278 33 ARGENTATUS,
898 1234 81 37 The
1013 1234 289 36 Mico.—Simla
1328 1242 198 40 argentata,
1549 1235 122 37 Linn.
1689 1250 14 30 ;

497 1303 139 35 Humb
706 1301 115 46 Mico,
840 1300 153 37 Audeb.
1035 1299 147 38 Ouistiti
1196 1300 106 46 mico,
1318 1299 156 38 Jacchus
1486 1309 218 29 argentatus,

500 1367 125 49 Geoff.
655 1367 112 36 Ann.
798 1367 55 35 du
881 1366 114 36 Mus.
1025 1367 77 35 xix.
1137 1379 34 34 p.
1199 1365 73 37 120
1289 1379 11 32 ;
1328 1366 133 36 Desm.
1482 1366 168 36 Mamm.
1672 1380 33 34 p.

501 1434 62 36 94.
625 1433 94 36 Hair
736 1433 157 47 shining,
926 1433 156 47 entirely
1111 1432 135 44 white;
1275 1432 63 36 the
1367 1432 65 36 tail
1465 1433 133 44 black;
1635 1434 76 35 face

501 1500 71 35 and
589 1498 116 37 hands
724 1500 91 46 deep
832 1498 245 37 flesh-colour.
1138 1497 167 36 Inhabits
1325 1497 104 36 Para.

535 1562 186 38 According
734 1565 34 27 to
784 1561 95 30 Kuhl
893 1561 57 30 the
966 1561 59 30 tail
1036 1561 28 29 is
1078 1563 190 27 sometimes
1284 1560 107 30 white.

451 1628 35 40 7.
517 1628 51 38 H.
588 1642 236 32 ALBiFRONS,
849 1628 294 37 Whitc-frontcd
1163 1626 368 40 Ouistiti.—Ouistiti
1560 1641 23 22 a
1611 1629 98 35 front

501 1695 119 45 blanc,
643 1694 158 37 Jacchus
825 1694 186 45 albifrons,
1038 1695 136 35 Desm.
1202 1694 170 36 Mamm.
1402 1694 129 47 Supp.
1562 1707 34 35 p.
1620 1694 88 36 534.

502 1760 93 37 Hair
624 1761 133 44 black;
794 1760 111 36 white
934 1765 37 30 at
1000 1765 62 31 the
1092 1765 121 39 roots;
1245 1761 76 35 face
1355 1761 133 44 black;
1520 1760 184 45 forehead,

499 1828 91 34 sides
610 1827 41 35 of
664 1833 63 29 the
745 1827 94 34 neck
859 1826 71 34 and
947 1826 132 44 throat,
1093 1825 148 36 clothed
1255 1826 87 36 with
1362 1826 100 36 short
1477 1826 111 36 white
1603 1827 78 35 hair
1699 1840 11 30 ;

498 1893 80 34 hair
596 1893 41 34 of
650 1899 62 29 the
729 1891 140 36 occiput
882 1891 72 35 and
972 1891 137 36 behind
1128 1897 62 30 the
1210 1903 76 24 ears
1303 1891 88 48 long
1402 1893 71 35 and
1491 1893 108 35 black
1615 1905 11 31 ;
1646 1893 65 35 tail

502 1960 138 43 browm,
674 1957 150 48 slightly
858 1957 122 36 varied
1009 1957 89 36 with
1126 1957 123 36 white.
1305 1956 138 37 Native
1473 1959 137 35 district
1640 1971 68 22 un-

499 2025 147 35 known.

450 2091 34 34 8.
511 2089 51 36 H.
578 2102 256 32 MELANURUS,
855 2087 248 38 Black-tailcd
1120 2087 367 39 Ouistiti.—Ouistiti
1502 2088 202 47 melauure,

500 2155 157 36 Jacchus
676 2155 225 45 melanurus,
935 2154 124 49 Geoff.
1089 2154 111 37 Ann.
1232 2154 55 37 du
1304 2155 114 36 Mus.
1439 2168 76 23 xix.
1540 2169 35 34 p.
1599 2155 113 45 120.;

500 2222 134 35 Desm.
646 2221 169 37 Mamm.
829 2234 32 34 p.
877 2221 61 36 94.
982 2219 115 38 Simla
1111 2220 202 46 melanura,
1331 2221 150 36 Humb.
1497 2221 89 37 Obs.
1605 2221 107 37 Zool.

502 2287 24 35 i.
541 2299 35 35 p.
597 2286 89 38 365.
743 2286 94 36 Hair
855 2288 124 34 bro^vn
997 2299 114 24 above
1126 2299 12 32 ;
1165 2287 154 36 beneath
1349 2286 187 48 yellowish
1552 2301 11 31 ;
1592 2287 63 36 tail
1676 2288 36 35 of

502 2365 21 22 a
541 2353 158 35 uniform
717 2352 120 36 black.
895 2352 167 36 Inhabits
1083 2351 131 46 Brasil,
1236 2351 230 38 Humboldt.

534 2427 166 40 Probably
713 2427 103 31 forms
830 2430 56 27 the
901 2436 136 30 passage
1051 2430 34 28 to
1100 2430 57 28 the
1171 2430 82 28 next
1266 2436 112 30 genus,
1397 2428 123 30 Midas.

641 2533 139 38 Genus
802 2533 122 37 XXV
997 2534 154 46 Midas,
1171 2534 234 37 Geoffroy.

399 2626 149 38 Muzzle
566 2627 127 47 short;
721 2627 105 37 facial
845 2627 105 37 angle
972 2627 68 37 60°
1056 2640 9 25 :
1095 2628 169 36 forehead
1283 2628 192 48 appearing
1488 2636 213 40 prominent
