2107 3450
1667 325 79 42 lfit

535 336 366 35 CLASSIFICATION
934 336 54 31 OF
1022 335 281 32 LANGUAGES.

147 463 137 43 Much
302 460 244 45 discussion
563 459 78 42 has
661 458 133 43 taken
812 457 125 57 place
962 471 46 29 as
1028 461 45 39 to
1092 456 75 43 the
1179 457 203 55 primum
1400 455 229 58 cognitwm,
1648 461 98 38 that

87 538 46 42 is
152 550 45 28 as
216 539 43 39 to
276 534 74 43 the
370 533 93 42 first
484 531 110 43 kind
611 531 48 43 of
677 529 257 44 knowledge
958 529 46 42 of
1021 529 167 55 objects
1207 527 210 57 acquired
1440 528 58 56 by
1517 527 77 44 the
1612 528 133 51 child,

84 608 86 41 and
204 605 195 58 possibly
422 605 57 42 by
503 604 74 43 the
610 603 256 43 child-man.
932 601 46 43 Is
1011 601 37 43 it
1080 614 25 29 a
1132 599 261 57 knowledge
1425 600 46 43 of
1503 600 242 56 particular

84 679 160 54 things,
266 680 97 39 that
394 675 195 43 ascends,
612 680 107 36 with
752 687 250 42 advancing
1033 671 326 57 development,
1380 671 96 43 into
1508 685 25 29 a
1564 671 179 57 general

82 748 255 43 knowledge
361 748 47 41 of
436 747 115 43 their
574 745 309 44 classification
906 759 48 29 or
986 744 212 43 relations
1221 748 45 39 to
1290 743 106 44 each
1420 749 150 48 other;
1602 758 60 37 or,
1684 757 58 30 on

80 820 74 43 the
178 820 125 43 other
325 820 129 42 hand,
478 819 102 43 does
603 817 259 57 knowledge
880 817 131 44 begin
1031 818 106 42 with
1164 832 118 29 more
1298 817 178 57 general
1498 817 133 51 ideas,
1654 818 88 42 and

81 892 197 43 descend,
300 893 46 41 in
369 892 76 43 the
467 906 151 29 course
641 891 44 43 of
708 890 323 57 development,
1054 890 96 44 into
1173 905 56 28 an
1252 894 202 40 accurate
1476 890 265 56 knowledge

78 965 47 41 of
146 964 258 57 particulars
421 966 15 41 ?
499 964 116 43 Both
632 968 297 52 propositions
952 962 113 45 have
1083 963 111 44 been
1217 963 241 57 supported
1481 963 59 43 by
1558 962 181 44 learned

79 1035 270 44 authorities,
370 1036 81 42 but
482 1035 190 57 perhaps
704 1049 26 29 a
762 1035 289 56 compromise
1084 1035 200 44 between
1317 1035 76 43 the
1420 1039 88 39 two
1532 1034 136 44 views
1700 1034 38 43 is

79 1122 118 27 more
222 1107 46 42 in
290 1107 216 43 harmony
530 1107 106 42 with
658 1107 76 43 the
755 1106 91 43 real
864 1107 111 42 facts
998 1106 48 42 of
1064 1106 76 44 the
1163 1121 97 29 case
1282 1107 110 43 than
1413 1107 77 43 the
1512 1107 226 44 exclusive

78 1179 221 43 advocacy
341 1179 47 42 of
427 1187 149 35 either.
641 1178 118 44 Such
802 1193 24 28 a
869 1179 290 55 compromise
1202 1179 38 43 is
1287 1178 236 57 expressed
1566 1179 60 42 by
1670 1178 70 43 Sir

79 1250 115 43 Win.
229 1251 233 43 Hamilton
501 1251 210 58 [Lectures
752 1264 52 29 on
841 1251 295 56 Metaphysics,
1168 1251 43 43 ii.
1250 1265 39 42 p.
1330 1250 118 46 327).
1511 1250 103 43 "As
1658 1264 82 28 our

78 1322 294 57 knowledge,"
395 1323 55 43 he
482 1337 111 43 says,
615 1328 21 16 "
652 1323 206 56 proceeds
883 1323 111 42 from
1027 1323 75 42 the
1126 1323 212 42 confused
1370 1328 45 37 to
1441 1323 75 43 the
1539 1323 197 52 distinct,

78 1395 113 42 from
225 1395 75 43 the
323 1410 137 28 vague
484 1400 44 38 to
551 1395 75 42 the
649 1395 302 52 determinate,
975 1409 58 28 so,
1056 1395 47 42 in
1127 1395 75 42 the
1235 1394 179 43 mouths
1447 1395 45 42 of
1525 1394 213 53 children,

78 1466 215 58 language
325 1472 45 37 at
391 1468 96 42 first
517 1481 226 29 expresses
776 1466 174 43 neither
982 1466 75 43 the
1090 1466 218 57 precisely
1339 1466 179 57 general
1548 1480 82 28 nor
1663 1466 75 42 the

77 1538 339 57 determinately
439 1539 260 42 individual,
722 1539 82 42 but
826 1538 76 43 the
925 1553 141 42 vague
1089 1539 87 43 and
1199 1539 239 54 confused;
1469 1539 101 43 and,
1593 1544 78 38 out
1693 1539 49 43 of

77 1611 101 51 this,
212 1611 74 43 the
318 1611 221 43 universal
572 1612 37 42 is
642 1611 252 43 elaborated
926 1611 61 55 by
1016 1611 346 57 generification,
1385 1613 77 42 the
1495 1612 243 56 particular

76 1681 87 42 and
195 1681 195 56 singular
422 1682 58 56 by
513 1682 299 43 specification
845 1682 86 43 and
964 1682 453 44 individualization."
1434 1682 9 21 1
1508 1683 122 43 Thus
1663 1683 76 44 the

75 1768 148 40 young
257 1753 119 43 child
413 1754 95 42 who
543 1754 79 42 has
656 1754 179 43 learned
873 1758 45 38 to
963 1754 179 44 address
1176 1755 59 43 its
1270 1755 148 44 father
1459 1770 48 29 as
1542 1756 195 56 "Papa"

76 1826 88 42 and
194 1826 69 43 his
294 1826 174 43 mother
500 1841 46 29 as
579 1827 224 43 "Mama,"
836 1827 37 43 is
907 1832 45 38 at
984 1828 97 42 first
1113 1832 77 39 apt
1223 1832 44 39 to
1301 1828 166 43 bestow
1502 1829 75 43 the
1616 1843 120 29 same

77 1898 122 43 titles
224 1913 116 41 upon
363 1898 144 44 others
530 1899 45 43 of
607 1899 76 43 the
707 1899 113 43 male
844 1899 86 43 and
953 1899 160 44 female
1137 1914 87 29 sex.
1290 1900 46 43 It
1357 1900 37 44 is
1417 1901 109 57 only
1547 1902 130 43 when
1702 1903 37 42 it

76 1971 38 42 is
137 1984 25 29 a
183 1970 117 44 little
321 1985 118 29 more
462 1971 238 52 advanced,
722 1972 97 42 that
842 1972 75 43 the
941 1978 96 37 true
1071 1976 21 18 "
1108 1973 121 56 Papa
1243 1972 22 18 "
1288 1974 89 42 and
1405 1977 23 19 "
1442 1974 155 43 Mama
1611 1974 22 17 "
1665 1990 74 28 are

78 2042 231 57 distinctly
331 2043 334 55 particularized
686 2044 46 42 in
756 2044 59 43 its
838 2045 136 43 mind.
1039 2045 45 43 It
1106 2045 38 43 is
1166 2046 235 57 suggested
1424 2047 99 43 that
1539 2049 201 55 possibly

75 2115 77 42 the
185 2114 256 53 child-man,
463 2115 48 42 in
542 2115 241 56 beginning
810 2120 44 39 to
887 2117 276 43 accumulate
1196 2118 263 56 knowledge
1493 2119 136 44 about
1662 2121 75 43 the

77 2186 167 56 objects
276 2186 167 42 around
475 2186 105 53 him,
603 2187 140 56 began
777 2187 109 43 with
916 2188 177 44 notions
1125 2189 99 43 that
1247 2204 113 29 were
1393 2191 220 58 similarly
1637 2207 101 29 con-

77 2258 126 43 fused
236 2257 87 43 and
354 2257 259 55 indistinct;
645 2259 100 53 and,
767 2260 112 42 from
912 2260 137 53 these,
1072 2261 243 57 developed
1348 2263 106 56 only
1477 2264 59 56 by
1560 2264 178 44 degrees

73 2330 193 43 towards
308 2344 25 28 a
375 2330 163 43 clearer
573 2331 154 43 notion
770 2332 45 42 of
858 2332 75 43 the
971 2333 240 55 particular
1254 2334 87 44 and
1384 2350 25 28 a
1452 2350 122 30 more
1620 2351 117 30 com-

77 2402 263 57 prehensive
364 2402 46 42 of
428 2402 74 43 the
525 2403 186 56 general.

139 2474 101 52 But,
261 2473 176 57 leaving
458 2474 122 44 these
604 2475 188 43 difficult
823 2477 230 56 questions
1086 2478 136 44 about
1244 2479 76 44 the
1343 2480 96 43 first
1471 2480 269 60 beginnings

77 2547 47 43 of
145 2545 160 57 speech
328 2546 85 43 and
436 2547 270 57 knowledge,
723 2548 136 43 about
879 2549 143 43 which
1044 2549 124 45 there
1190 2551 38 43 is
1251 2552 95 42 still
1369 2566 47 29 so
1440 2554 134 43 much
1592 2555 146 44 differ-

79 2633 106 28 ence
221 2619 43 41 of
298 2619 191 55 opinion,
522 2619 62 44 let
619 2634 50 29 us
704 2625 104 39 turn
842 2625 45 39 to
922 2636 25 29 a
982 2622 174 57 subject
1191 2624 135 44 about
1362 2625 146 45 which
1544 2627 125 45 there
1703 2629 38 43 is

77 2703 160 42 among
269 2689 282 58 Philologists
584 2692 267 44 substantial
889 2700 267 51 agreement,
1188 2696 94 52 viz.,
1315 2696 77 44 the
1426 2699 314 44 classification

78 2763 48 41 of
145 2762 245 50 languages.

575 2920 313 58 Classification
911 2925 51 56 of
980 2925 260 45 Languages.

138 3051 102 43 "As
274 3052 58 42 all
366 3052 246 59 languages,
642 3069 46 29 so
722 3056 65 42 far
820 3071 46 29 as
902 3072 63 29 we
999 3073 80 29 can
1108 3060 136 55 judge
1278 3066 46 38 at
1357 3069 191 49 present,
1572 3079 81 28 can
1688 3067 54 41 be

79 3123 186 44 reduced
299 3124 46 42 in
378 3124 75 44 the
483 3125 86 44 end
600 3134 45 36 to
677 3133 117 39 roots
828 3130 272 55 predicative
1131 3133 89 43 and
1253 3133 361 46 demonstrative,
1637 3137 36 41 it
1704 3137 38 42 is

311 3211 12 24 1
352 3211 146 49 Quoted
517 3213 50 51 by
587 3214 97 38 Prof.
707 3216 89 37 Max
817 3217 154 49 Midler,
992 3219 77 42 vol,
1090 3219 36 48 i.,
1146 3220 167 41 footnote
1332 3225 38 34 to
1389 3234 35 40 p.
1446 3226 60 34 43-
