1933 3302
521 155 229 33 Erkrankung
772 153 60 31 der
855 151 169 31 Muskeln,
1048 149 172 31 Knochen.

1623 145 49 37 35

72 269 111 39 Doch
204 268 109 37 weiss
335 279 98 25 man,
465 277 69 24 wie
554 263 119 37 leicht
693 262 102 37 diese
816 259 153 39 Sehnen
990 255 260 46 mortificiren,
1282 268 114 25 wenn
1422 253 69 38 das
1511 251 54 38 sie
1586 264 87 24 um-

73 335 173 39 gebende
270 320 163 38 Gewebe
461 321 162 33 zerstört
652 315 105 38 wird,
788 313 54 38 sei
872 325 39 25 es
941 324 79 24 nun
1049 310 60 38 ein
1137 309 150 37 lockres
1309 306 241 52 Zellgewebe
1581 304 93 38 oder

74 377 59 37 die
171 371 324 41 Sehnenscheide,
534 382 143 24 welche
715 368 66 38 der
816 363 304 41 Hospitalbrand
1157 362 119 38 leicht
1315 361 160 51 ergreift
1518 358 78 39 und
1634 358 40 37 in

75 442 142 38 ganzer
244 426 267 40 Ausdehnung
540 423 92 37 oder
661 419 294 40 streckenweise
984 419 173 36 zerstört.
1215 414 131 39 Ueber
1376 415 59 37 die
1466 412 206 46 Gefahren,

74 482 145 39 welche
250 480 119 38 durch
397 479 58 37 die
477 475 276 39 Complication
780 476 69 36 mit
868 469 303 41 Hospitalbrand
1197 468 62 38 bei
1290 468 123 38 einem
1434 466 241 40 Panaritium

75 536 242 38 tendinosum
335 534 65 36 der
412 529 281 39 Beugesehnen
713 542 60 24 am
790 527 254 38 Vorderarme
1061 535 213 33 entstehen,
1295 521 97 38 lässt
1411 521 80 38 sich
1506 534 67 24 aus
1587 520 87 37 dem

77 602 187 25 o-eriuo-en
278 588 39 36 in
337 587 65 37 der
414 584 194 38 Literatur
624 583 235 36 zerstreuten
875 578 177 39 Material
1067 589 129 37 wenig
1213 575 242 38 entnehmen.
1488 574 45 38 In
1550 586 124 26 einem

79 657 71 23 von
164 642 187 37 Fischer
371 636 282 40 mitgetheilten
669 635 106 37 Falle
795 634 123 38 zeigte
939 634 66 36 der
1024 629 304 41 Hospitalbrand
1347 629 112 37 keine
1474 628 198 49 Neigung,

77 697 95 37 über
201 695 59 37 die
290 693 170 37 Grenzen
491 691 67 37 der
587 691 163 48 eitrigen
779 688 236 48 Zerstörung
1051 685 155 43 hinaus,
1249 696 100 25 etwa
1385 682 191 38 zwischen
1614 681 61 37 die

76 744 410 43 Vorderarmmuskeln
515 756 46 24 zu
591 742 178 50 dringen,
811 740 177 39 obgleich
1025 752 39 25 es
1100 737 82 39 sich
1215 737 84 37 hier
1333 749 65 24 um
1429 735 60 38 die
1518 735 155 50 Beuge-

75 814 145 26 sehnen
249 800 64 37 des
342 798 196 38 Daumens
566 796 193 38 handelte.

579 931 36 30 g.
641 920 231 32 Zerstörung'
897 919 66 31 der
986 917 183 33 Muskeln.

208 1011 72 37 Die
299 1009 180 39 Muskeln
498 1009 155 37 können
682 1008 70 37 auf
766 1006 188 38 zweierlei
973 1005 76 39 Art
1067 1019 46 23 zu
1134 1003 154 39 Grunde
1309 1002 139 51 gehen,
1481 1003 195 37 entweder

80 1065 120 39 durch
229 1063 242 39 allmähliges
491 1061 227 39 Vorrücken
746 1061 67 37 der
831 1057 622 52 Hospitalbrandeinschmelzung
1481 1057 41 37 in
1550 1056 125 37 ihrem

81 1119 174 39 Gewebe,
286 1116 182 38 wodurch
497 1128 66 25 sie,
595 1115 70 37 wie
696 1114 97 37 auch
822 1114 59 37 die
901 1113 108 37 Haut
1037 1113 78 36 und
1145 1124 139 24 andere
1314 1111 160 37 derbere
1495 1109 177 47 Gewebe,

80 1172 209 39 molecular
303 1169 193 39 zerfallen,
519 1169 92 37 oder
625 1168 119 37 durch
761 1167 59 37 die
842 1167 178 49 doppelte
1034 1166 196 49 Wirkung
1251 1165 65 37 des
1330 1164 348 49 Hospitalbrandes

83 1227 79 37 und
192 1226 66 37 der
286 1224 62 38 bei
367 1222 339 38 fortschreitender
725 1221 267 37 Entblössung
1013 1220 66 37 der
1098 1218 181 38 Muskeln
1299 1231 89 25 vom
1409 1218 269 38 umgebenden

82 1279 241 39 Zellgewebe
367 1277 136 37 immer
549 1275 209 50 spärlicher
793 1274 230 38 werdenden
1058 1272 249 50 Ernährung.
1379 1271 92 38 Man
1509 1271 69 38 sah
1617 1271 60 38 die

83 1333 119 38 durch
233 1333 72 37 den
333 1330 157 37 Verlust
519 1330 65 36 des
613 1329 258 49 Zellgewebes
901 1341 97 36 ganz
1027 1326 72 38 frei
1127 1327 40 37 in
1197 1327 66 36 der
1287 1325 156 38 Wunde
1471 1325 207 50 liegenden

81 1384 304 40 Muskelbäuche
415 1382 196 39 erheblich
641 1381 270 38 anschwellen;
943 1381 101 37 dann
1073 1382 178 35 trennten
1289 1379 82 38 sich
1405 1379 84 37 ihre
1516 1378 160 47 Fasern,

83 1440 102 38 beim
224 1438 132 38 Druck
398 1436 103 50 quoll
539 1436 145 38 Jauche
726 1435 188 37 zwischen
957 1435 116 36 ihnen
1111 1433 141 38 hervor
1293 1433 79 37 und
1415 1433 68 37 der
1521 1432 157 37 Muskel

83 1493 106 37 starb
219 1492 39 37 in
286 1494 82 34 toto
404 1491 59 36 ab.
521 1489 164 50 König
720 1488 271 38 beobachtete,
1032 1488 86 36 dass
1157 1487 65 37 der
1250 1486 307 50 Hospitalbrand
1596 1485 83 38 sich

84 1546 97 37 auch
217 1544 202 38 innerhalb
458 1544 65 36 des
552 1542 171 38 Muskels
759 1542 66 37 auf
858 1542 71 37 den
958 1541 162 37 Bahnen
1155 1540 65 37 des
1249 1539 305 50 Bindegewebes
1589 1553 88 24 ver-

81 1599 137 37 breite.
266 1597 79 37 Der
364 1596 154 38 Muskel
548 1595 172 38 erschien
751 1596 66 36 der
845 1594 196 38 Richtung
1070 1593 125 38 seiner
1222 1593 146 37 Fasern
1397 1593 282 49 entsprechend

81 1665 73 24 wie
192 1652 197 36 cannehrt.
445 1649 199 37 Zwischen
682 1649 72 37 den
792 1650 77 36 erst
903 1650 129 35 später
1068 1647 66 37 der
1162 1646 327 50 Einschmelzung
1523 1660 156 24 anheim

81 1705 196 37 fallenden
296 1702 320 39 Muskelbündeln
639 1716 78 23 war
738 1702 65 37 das
824 1701 282 51 Bindegewebe
1128 1700 117 38 schon
1270 1700 194 46 zerfallen,
1495 1700 184 38 wodurch

85 1759 66 36 das
181 1771 56 24 als
275 1756 186 38 cannelii't
488 1755 243 39 bezeichnete
759 1754 204 38 Aussehen
990 1753 304 39 hervorgerufen
1329 1767 144 25 wurde.
1540 1753 138 51 Später

84 1811 216 38 nekrosii'te
330 1811 101 36 dann
462 1810 66 36 der
558 1822 120 37 ganze
706 1808 164 38 Muskel.

572 1937 38 33 h.
637 1937 250 32 Erkrankung'
911 1937 66 31 der
1002 1937 190 32 Knochen.

216 2027 168 37 Werden
415 2026 58 38 die
505 2025 186 39 Knochen
719 2039 86 23 vom
834 2025 305 49 Hospitalbrand
1169 2024 182 46 erreicht,
1381 2025 55 38 sei
1465 2039 39 24 es
1533 2029 146 46 primär

88 2080 119 37 durch
239 2080 82 37 eine
350 2081 72 36 den
441 2079 187 38 Knochen
647 2078 235 39 betreffende
901 2078 248 50 Verletzung,
1180 2079 53 37 sei
1264 2092 39 24 es
1323 2079 99 37 nach
1441 2078 237 51 Zerstörung

90 2134 67 36 der
183 2133 259 37 Weichtheile
473 2133 118 37 durch
621 2133 73 37 den
721 2132 303 37 Hospitalbrand
1058 2132 59 37 bis
1152 2145 84 24 zum
1266 2132 203 38 Knochen,
1510 2146 40 24 so
1580 2133 97 37 wird

91 2186 66 37 das
176 2186 151 37 Periost
363 2200 60 23 am
459 2186 225 37 leichtesten
722 2190 172 33 zerstört.
952 2185 71 38 Bei
1061 2188 237 46 compactem
1327 2185 348 51 Knochengewebe

92 2253 30 22 z.
143 2238 46 38 B.
220 2239 64 37 bei
304 2240 66 36 der
388 2239 137 37 harten
548 2238 197 38 Corticalis
777 2239 66 36 der
862 2238 335 38 Röhrenknochen
1239 2239 150 37 kommt
1424 2253 38 23 es
1497 2239 102 37 wohl
1629 2252 47 24 zu

93 2292 102 36 einer
236 2292 109 36 mehr
373 2293 90 36 oder
491 2305 167 25 weniger
687 2291 318 39 oberflächlichen
1031 2291 264 50 Abschälung.
1343 2291 71 38 Bei
1443 2298 233 45 spongiösen

91 2344 198 38 Knochen,
328 2345 231 37 namentlich
598 2345 91 37 aber
717 2345 61 37 bei
812 2349 156 44 poröser
996 2344 443 51 Knocheuneubildung,
1480 2346 105 38 kann
1615 2346 61 37 die

91 2397 511 49 Hospitalbrandulceration
632 2397 154 38 ähnhch
805 2398 70 36 wie
904 2398 40 36 in
973 2398 72 37 den
1065 2397 283 39 Weichtheilen
1377 2399 190 38 auftreten
1597 2400 79 37 und

94 2451 72 36 den
194 2450 187 38 Knochen
403 2451 118 37 durch
543 2451 193 37 dieselben
756 2451 235 45 rundlichen,
1022 2451 399 39 weiterschreitenden
1444 2452 231 38 Geschwüre

93 2508 208 39 zerstören,
344 2504 142 37 welche
526 2503 81 38 sich
647 2504 99 37 dann
775 2503 108 37 nicht
924 2504 122 37 selten
1084 2505 65 37 der
1185 2504 115 38 Form
1346 2505 98 38 nach
1483 2507 72 37 den
1597 2505 76 39 Ge-

93 2556 354 38 schwürsconturen
468 2557 67 37 der
558 2556 257 38 Weichtheile
846 2557 257 38 anschliessen
1130 2559 78 36 und
1237 2573 73 23 nur
1341 2559 83 37 eine
1444 2559 233 50 Vertiefung

93 2609 123 37 dieser
245 2609 39 37 in
313 2610 71 37 den
413 2609 186 38 Knochen
630 2610 217 37 darstellen.

220 2662 189 38 Hennen
429 2663 107 50 giebt
565 2663 81 38 eine
674 2663 167 49 bündige
862 2663 250 51 Darstellung
1141 2664 123 38 dieser
1283 2664 283 39 Verhältnisse:
1609 2680 67 31 „In

94 2715 197 38 einzelnen
318 2715 131 39 Fällen
478 2716 254 38 widerstehen
762 2716 58 37 die
849 2715 186 39 Knochen
1066 2718 85 36 dem
1177 2717 229 50 Contagium
1435 2719 113 50 lange
1577 2719 96 47 Zeit,

91 2769 128 37 indem
257 2768 53 37 sie
348 2769 189 38 entweder
566 2769 215 38 überhaupt
809 2769 110 38 keine
953 2770 394 38 Krankheitszeichen
1381 2771 146 47 bieten,
1571 2773 101 47 oder,

91 2835 111 24 wenn
229 2821 53 38 sie
304 2821 185 39 entblösst
509 2823 94 44 sind,
635 2822 82 38 eine
739 2823 123 37 dünne
884 2821 133 40 Schale
1038 2824 203 38 abwerfen.
1291 2824 44 37 In
1355 2825 166 37 anderen
1540 2825 136 39 Fällen

92 2875 188 38 indessen,
312 2875 124 37 zumal
463 2889 108 24 wenn
603 2876 59 37 die
691 2875 161 49 Rippen,
883 2875 66 38 das
971 2876 180 39 Sternum
1180 2890 89 25 oder
1299 2877 66 37 der
1395 2877 163 39 Schädel
1588 2882 85 35 ent-

93 2927 122 38 blösst
245 2928 95 45 sind,
370 2928 150 37 werden
552 2929 52 37 sie
635 2929 118 37 durch
782 2928 75 38 und
888 2929 117 38 durch
1036 2930 119 37 cariös
1185 2931 76 36 und
1288 2930 128 38 faulen
1437 2931 47 39 ab
1513 2933 72 37 wie
1616 2933 59 38 die
