1899 3166
1274 2784 164 38 ENKE.

420 2794 246 42 VERLAG

704 2792 122 39 VON
864 2786 367 43 FERDINAND

112 208 740 128 DEUTSCHE
928 212 796 136 CHIRURGIE

308 453 75 33 MIT
407 454 283 34 ZAHLREICHEN
715 455 324 35 HOLZSCHNITTEN
1065 458 80 33 UND
1169 459 187 35 LITHOGR.
1381 462 154 33 TAFELN

732 575 272 33 BEARBEITET
1029 577 87 33 VON

112 685 91 31 Prof.
224 683 59 31 Dr.
300 682 117 31 Bandl
438 685 36 29 in
486 684 110 40 Wien,
612 684 92 31 Prof.
721 683 58 33 Dr.
792 683 259 32 Bardenheuer
1072 687 35 29 in
1127 685 96 41 Cöln,
1244 688 88 31 Prof.
1350 688 56 31 Dr.
1424 699 32 21 v.
1471 689 201 40 Bergmann
1695 695 31 29 in

112 733 128 31 Berlin,
264 733 90 31 Prof.
368 732 58 30 Dr.
441 730 162 32 Billroth
620 733 35 29 in
670 733 111 40 Wien,
804 733 89 30 Prof.
911 733 59 32 Dr.
983 732 155 41 Breisky
1157 736 34 29 in
1209 736 109 40 Wien,
1334 736 88 31 Prof.
1436 737 56 31 Dr.
1507 738 36 30 P.
1557 739 121 31 Bruns
1694 743 35 29 in

109 782 196 41 Tübingen,
322 781 91 31 Prof.
429 780 57 31 Dr.
501 778 166 33 Chrobak
681 782 34 30 in
730 781 112 40 Wien,
856 782 87 31 Prof.
960 782 54 30 Dr.
1030 781 120 32 Dittel
1162 784 35 29 in
1211 784 110 40 Wien,
1332 785 89 30 Prof.
1437 785 58 31 Dr.
1508 785 174 33 Esmarch
1694 790 36 29 in

110 830 90 32 Kiel,
212 831 90 31 Prof.
317 828 113 32 Dr.H.
443 827 152 33 Fischer
607 831 35 29 in
656 830 152 38 Breslau,
820 829 57 32 Dr.
892 828 37 34 ö.
940 828 151 33 Fischer
1105 832 35 29 in
1153 831 192 41 Hannover,
1357 833 88 30 Prof.
1463 833 57 31 Dr.
1535 833 36 32 E.
1582 834 149 32 Fischer

112 881 35 30 in
161 880 214 39 Strassburg,
399 878 81 30 Doc.
495 878 58 31 Dr.
567 876 38 32 F.
617 877 149 31 Fischer
785 880 35 29 in
838 878 213 42 Strassburg,
1073 879 90 31 Prof.
1180 880 57 30 Dr.
1255 879 143 31 Fritsch
1415 882 35 29 in
1467 881 151 42 Breslau,
1642 884 87 31 Prof.

110 929 58 30 Dr.
181 926 183 33 Gerhardt
380 928 36 30 in
429 927 127 41 Berlin,
569 927 80 32 Doc.
663 928 54 30 Dr.
731 927 32 31 J.
780 926 175 32 Grünfeld
970 929 36 29 in
1018 928 112 41 Wien,
1146 929 90 30 Prof.
1248 928 57 31 Dr.
1318 927 255 34 Gussenbaner
1586 933 35 28 in
1634 932 100 39 Prag,

111 977 90 31 Prof.
214 977 58 31 Dr.
291 975 193 32 Gusserow
500 977 35 29 in
552 976 127 41 Berlin,
703 976 57 31 Dr.
777 975 154 37 Haeser,
957 977 88 30 weil.
1062 977 89 30 Prof.
1170 978 35 29 in
1222 977 152 41 Breslau,
1397 978 89 32 Prof.
1500 979 56 31 Dr.
1570 978 161 32 Heineke

111 1027 36 30 in
170 1027 189 40 Erlangen,
389 1025 90 30 Prof.
504 1024 57 32 Dr.
587 1024 188 32 Helferich
798 1026 34 30 in
859 1024 220 42 Greifswald,
1110 1026 89 31 Prof.
1224 1026 56 31 Dr.
1307 1025 134 40 Kaposi
1467 1028 35 30 in
1529 1028 114 42 Wien,
1674 1030 56 30 Dr.

110 1073 184 41 Kappeler
326 1076 36 28 in
386 1074 285 41 Münsterlingen,
702 1073 82 32 Doc.
811 1074 56 31 Dr.
892 1073 205 31 Kaufmann
1128 1076 35 29 in
1191 1074 136 41 Zürich,
1359 1074 79 33 Doc.
1473 1076 56 31 Dr.
1554 1076 54 32 W.
1634 1077 97 31 Koch

111 1125 36 29 in
170 1123 149 40 Dorpat,
350 1122 89 31 Prof.
464 1121 58 32 Dr.
546 1121 144 32 Kocher
713 1124 35 29 in
772 1123 105 41 Bern,
907 1123 89 31 Prof.
1021 1122 58 32 Dr.
1104 1122 138 40 Koenig
1271 1125 34 29 in
1331 1123 198 42 Göttingen,
1560 1126 88 30 Prof.
1673 1126 57 32 Dr.

111 1171 143 32 Kraske
289 1173 36 29 in
359 1171 183 40 Freiburg,
575 1171 90 30 Prof.
697 1171 56 31 Dr.
784 1170 175 32 Krönlein
990 1173 36 29 in
1058 1172 137 41 Zürich,
1226 1173 226 31 Sanitätsrath
1484 1174 57 32 Dr.
1572 1173 159 32 Langen-

110 1219 96 33 bnch
228 1222 37 29 in
289 1219 131 31 Berlin,
443 1219 83 31 Doc.
550 1219 58 31 Dr.
631 1218 227 32 Ledderhose
882 1223 36 27 in
942 1220 215 41 Strassburg,
1189 1221 88 31 Prof.
1302 1221 55 30 Dr.
1381 1220 138 31 Lossen
1541 1223 35 28 in
1600 1222 132 30 Heidel-

111 1271 100 40 berg,
236 1269 90 30 Prof.
351 1267 57 32 Dr.
433 1266 142 32 Luecke
602 1270 34 29 in
662 1268 217 41 Strassburg,
903 1269 89 30 Prof.
1018 1268 57 31 Dr.
1100 1267 191 32 Madelung
1316 1271 35 28 in
1376 1269 164 31 Rostock,
1565 1270 86 30 Prof.
1676 1270 56 32 Dr.

111 1316 169 32 Mikulicz
296 1318 37 29 in
349 1317 151 41 Krakau,
518 1318 91 30 Prof.
622 1317 57 30 Dr.
697 1316 36 31 P.
747 1315 130 31 Müller
893 1318 36 29 in
945 1317 100 30 Bern,
1065 1317 88 30 Prof.
1168 1317 57 30 Dr.
1239 1326 32 21 v.
1284 1316 206 31 Nussbaum
1507 1318 34 29 in
1558 1317 175 42 München,

111 1367 93 32 Prof.
218 1367 58 30 Dr.
288 1365 210 32 Olshausen
510 1368 36 29 in
558 1366 129 31 Berlin,
702 1366 90 30 Prof.
806 1365 57 31 Dr.
876 1364 138 31 Pawlik
1027 1367 37 28 in
1077 1365 98 40 Prag,
1196 1365 89 30 Prof.
1298 1365 57 31 Dr.
1370 1374 32 23 v.
1415 1363 318 33 Recklinghausen

111 1419 37 29 in
172 1416 213 41 Strassburg,
408 1415 90 31 Prof.
524 1415 58 30 Dr.
607 1413 121 32 Reder
750 1416 35 29 in
811 1414 111 40 Wien,
945 1414 58 30 Dr.
1021 1411 129 32 Riedel
1180 1415 35 29 in
1239 1414 95 36 Jena,
1358 1414 90 30 Prof.
1466 1413 57 31 Dr.
1540 1412 194 33 Riedinger

112 1468 37 29 in
173 1466 210 40 Würzburg,
411 1465 89 30 Prof.
528 1464 58 31 Dr.
612 1463 95 32 Rose
732 1466 36 29 in
792 1464 133 31 Berlin,
948 1464 90 30 Prof.
1063 1463 57 31 Dr.
1145 1461 216 31 Rosenbach
1383 1464 36 29 in
1444 1461 198 42 Göttingen,
1674 1463 56 30 Dr.

113 1514 44 32 M.
180 1513 142 33 Schede
348 1515 37 29 in
408 1513 192 41 Hamburg,
623 1514 91 30 Prof.
736 1513 57 30 Dr.
818 1512 39 30 B.
882 1510 166 32 Schmidt
1072 1512 34 30 ia
1130 1511 151 40 Leipzig,
1304 1511 89 30 Prof.
1415 1509 56 31 Dr.
1498 1508 168 32 Schtlller
1694 1512 35 29 in

112 1564 128 31 Berlin,
266 1564 89 30 Prof.
373 1562 58 31 Dr.
452 1561 212 31 Schwartze
688 1562 36 30 in
748 1560 110 32 Halle,
881 1561 89 30 Prof.
990 1560 57 30 Dr.
1067 1557 110 32 Socin
1197 1560 36 29 in
1253 1559 110 40 Basel,
1386 1559 88 30 Prof.
1495 1558 55 31 Dr.
1570 1557 160 31 Sonnen-

112 1612 93 32 burg
227 1614 35 29 in
287 1611 126 31 Berlin,
438 1612 89 30 Prof.
547 1611 57 30 Dr.
628 1608 115 33 Störk
768 1611 36 30 in
822 1609 111 31 Wien,
956 1609 90 30 Prof.
1065 1608 57 30 Dr.
1140 1605 177 32 Thiersch
1342 1609 34 29 in
1402 1607 144 40 Leipzig,
1570 1607 79 30 Doc.
1673 1606 56 31 Dr.

114 1660 204 32 Tillmanns
342 1661 35 29 in
401 1659 151 41 Leipzig,
579 1659 90 31 Prof.
692 1659 57 31 Dr.
771 1656 297 32 Trendelenburg
1092 1658 35 29 in
1154 1656 112 40 Bonn,
1290 1656 88 30 Prof.
1399 1655 56 31 Dr.
1476 1653 195 32 Ultzmann
1694 1656 35 30 in

114 1710 116 31 Wien,
257 1710 57 30 Dr.
335 1708 115 39 Vogt,
484 1708 89 31 weil.
598 1708 90 30 Prof.
713 1708 35 30 in
776 1706 219 32 Greifswald,
1026 1706 89 30 Prof.
1140 1704 57 31 Dr.
1223 1703 41 31 R.
1282 1712 34 21 v.
1337 1702 203 32 Volkmann
1564 1705 35 28 in
1624 1703 109 37 Halle,

114 1759 59 32 Dr.
185 1757 159 32 Wagner
359 1759 35 29 in
411 1757 241 40 Königshütte,
668 1757 89 30 Prof.
776 1754 57 32 Dr.
845 1753 169 32 Winckel
1030 1756 36 29 in
1082 1753 177 31 München,
1275 1753 88 30 Prof.
1383 1752 56 31 Dr.
1458 1761 32 21 v.
1502 1750 231 32 Winiwarter

114 1809 36 30 in
166 1807 147 31 Lüttich,
334 1807 92 30 Prof.
442 1805 59 31 Dr.
517 1804 40 31 A.
570 1803 154 32 Wölfler
746 1806 36 29 in
798 1803 97 32 Graz,
918 1804 90 30 Prof.
1030 1802 59 31 Dr.
1107 1800 100 31 Zahn
1230 1802 36 29 in
1290 1800 96 40 Genf,
1409 1801 89 30 Prof.
1515 1800 56 30 Dr.
1590 1797 145 32 Zweifel

827 1854 36 29 in
886 1852 148 41 Leipzig.

689 1968 375 34 HERAUSGEGEBEN
1087 1966 86 33 VON

157 2082 188 49 PROF.
381 2082 80 46 D»-
496 2077 380 51 BILLROTH
933 2093 86 32 und
1077 2074 186 49 PROF.
1298 2074 79 46 D»-
1412 2071 280 49 LUECKE

465 2158 38 24 IN
522 2157 104 23 WIEN.
1213 2149 41 25 IN
1274 2146 258 27 STRASSBURG.

741 2276 292 37 liiefei'ung
1063 2273 53 36 6.

756 2694 354 47 STUTTGART.

875 2878 115 38 1888.
