1933 3302
250 157 206 31 Zerstörung
480 155 59 31 der
563 154 173 31 einzelnen
762 152 133 32 Organe
921 150 67 31 und
1015 149 160 32 Gewebe:
1203 160 28 21 a.
1257 150 60 31 der
1342 150 106 30 Cutis.
1600 150 48 37 31

49 278 237 25 subcutanea
307 265 77 37 uucl
404 261 351 40 intramuskulären
776 259 134 39 Gänge
933 259 76 37 und
1029 257 152 38 Heerde
1203 258 185 38 entdeckt
1406 270 100 36 resp.
1531 255 120 38 durch

47 318 174 39 Nekrose
247 318 67 38 der
332 317 106 39 Haut
467 316 91 38 oder
587 313 310 51 therapeutische
919 311 192 50 Spaltung
1140 324 44 24 zu
1207 311 107 49 Tage
1344 311 134 51 gelegt
1507 322 141 26 waren.

177 371 79 38 Das
294 371 109 38 mehr
440 369 91 38 oder
567 369 169 37 weniger
773 379 189 26 stationär
998 364 231 51 gewordene
1267 364 382 39 Hospitalbrandge-

48 425 151 39 schwür
228 428 134 47 zeigte,
394 424 128 37 sofern
551 424 76 35 lest
647 421 184 38 haftende
851 419 205 39 Nekrosen
1084 431 38 25 es
1143 418 107 37 nicht
1270 418 227 45 bedeckten,
1528 416 121 40 nach-

49 480 86 37 dem
165 480 66 37 der
259 491 119 38 graue
408 489 90 25 oder
527 475 223 38 bräunliche
780 474 90 38 Brei
901 474 170 37 entfernt
1099 484 97 33 war,
1238 471 110 38 einen
1379 471 270 46 livid-rothen,

48 533 117 38 leicht
194 532 228 38 blutenden,
464 529 88 38 sehr
582 528 297 38 empfindlichen
910 526 142 38 Grund.
1113 524 68 39 Oft
1215 525 145 38 sistirte
1389 526 63 38 bei
1483 527 67 36 der
1580 526 68 36 da-

48 587 168 49 maligen
246 584 258 39 Behandlung
533 582 60 37 die
622 581 218 38 Krankheit
869 581 39 37 in
939 581 143 37 diesem
1113 578 187 39 Stadium.
1358 578 74 39 Die
1463 580 187 38 Kranken

48 640 139 37 kamen
207 639 71 37 mit
299 651 121 25 einem
440 636 109 38 mehr
568 636 92 36 oder
674 648 171 26 Aveniger
865 646 248 26 erheblichen
1131 632 362 39 Substanzverluste
1511 634 136 37 davon.

47 693 111 38 Doch
187 692 133 38 häufig
360 712 44 5 —
445 689 78 37 und
558 688 38 38 in
627 689 131 49 jedem
789 688 173 38 Stadium
1000 688 66 37 des
1097 685 250 39 Geschwüres
1387 709 48 4 —
1475 687 172 37 konnten

47 745 255 39 Nachschübe
340 745 66 36 der
435 742 218 38 Krankheit
683 742 204 38 eintreten,
930 754 41 25 so
1002 741 87 37 dass
1125 740 82 38 sich
1238 740 123 38 dieses
1398 754 79 24 nun
1508 740 143 38 wieder

47 801 269 36 vergrösserte.
360 796 84 38 Auf
470 796 102 38 diese
592 795 131 39 Weise
754 796 228 38 entstanden
1003 795 60 37 die
1085 794 328 38 erschreckenden
1435 793 212 39 Substanz-

47 852 182 37 verluste,
266 864 72 24 von
367 851 121 36 denen
523 849 237 38 namentlich
797 850 60 37 die
894 848 243 39 Beobachter
1179 847 53 39 im
1268 847 184 51 Anfange
1491 860 158 26 unseres

46 904 279 39 Jahrhunderts
353 903 211 38 berichten.

176 989 43 30 So
245 989 126 30 erzählt
396 989 199 40 Delpech,
628 988 76 31 dass
729 989 73 30 eine
825 988 114 30 kleine
964 989 263 29 obeilläehliclie
1251 985 251 32 Schusswunde
1526 987 35 30 in
1587 986 61 31 der

46 1032 91 31 Haut
170 1034 34 28 in
230 1032 58 30 der
323 1030 137 32 Gegend
497 1032 58 30 des
586 1031 210 31 Trochanter
830 1032 110 29 major
975 1030 107 31 durch
1107 1030 435 30 Hospitnlbrandinfection
1575 1029 71 31 sich

46 1075 96 31 rasch
169 1075 51 30 bis
245 1084 39 20 zu
309 1075 19 32 6
353 1075 71 30 Zoll
450 1074 244 30 Durchmesser
729 1076 230 38 vergrösserte
994 1076 63 28 mit
1088 1065 232 39 Entblössung
1355 1073 58 30 des
1439 1072 90 32 Glut.
1555 1082 91 22 max.

46 1118 92 31 Nach
162 1118 220 40 Beseitigung
405 1117 58 31 des
488 1117 304 40 Hospitalbrandes
817 1117 155 30 baldiges
995 1116 160 31 Recidiv:
1192 1116 207 31 Zerstörung
1431 1116 59 30 des
1515 1125 130 31 ganzen

47 1160 90 32 Glut,
161 1170 101 29 nuix.,
293 1160 232 31 Entblössung
550 1160 58 30 des
631 1160 236 30 Hüftgelenks.
914 1159 114 30 Durch
1061 1160 84 30 zwei
1177 1162 138 28 weitere
1339 1159 223 31 Nachschübe
1587 1159 61 31 der

46 1203 190 31 Krankheit
258 1204 140 29 wurden
423 1203 65 30 alle
506 1203 222 30 Weichtheile
745 1203 59 30 der
820 1203 105 30 Fossa
948 1203 101 30 iliaca
1073 1205 141 27 externa
1239 1205 152 29 zerstört.
1423 1203 69 30 Der
1508 1203 137 30 Kranke

48 1248 112 29 starb,
195 1246 163 30 nachdem
395 1246 59 30 das
485 1246 207 30 Hüftgelenk
728 1247 34 29 in
798 1255 153 31 grossem
976 1246 167 30 Umfange
1176 1247 65 29 fast
1273 1256 86 30 ganz
1391 1255 77 21 vom
1493 1246 152 30 Fleische

49 1290 165 30 entblösst
236 1298 80 22 war.
354 1289 177 31 Derartige
548 1289 92 30 Fälle
665 1289 165 31 berichtet
854 1289 86 30 auch
964 1287 174 33 Charles
1156 1289 98 30 Bell.
1286 1290 45 29 Er
1355 1289 61 30 sah
1441 1289 86 30 nach
1551 1290 95 29 einer

49 1332 321 31 Schussverletzung
395 1341 86 21 etwa
504 1334 35 28 in
564 1332 59 30 der
646 1332 94 30 Mitte
771 1332 67 30 und
871 1341 42 21 an
938 1332 59 30 der
1020 1331 219 31 Aussenseite
1264 1332 58 30 des
1348 1332 182 31 Oberarms
1554 1332 91 30 Haut

49 1375 68 30 und
140 1375 153 30 Muskeln
318 1385 66 21 von
408 1375 59 30 der
483 1375 156 30 Schulter
662 1376 52 29 bis
740 1385 40 19 zu
805 1375 64 30 den
887 1375 339 39 Supinatorbäuchen
1251 1375 106 30 durch
1383 1375 63 30 den
1473 1375 170 40 Hospital-

48 1418 108 31 brand
180 1421 150 27 zerstört.
377 1418 61 30 Als
463 1418 55 30 die
541 1418 190 30 Krankheit
755 1418 146 30 vorüber
924 1427 81 21 war,
1037 1418 93 30 blieb
1155 1427 65 21 von
1247 1418 75 30 dem
1347 1418 84 31 Arm
1457 1418 112 30 nichts
1594 1418 49 30 als

48 1461 59 30 der
130 1462 62 29 mit
215 1462 285 38 sammetartigen,
523 1461 121 30 rothen
669 1460 266 31 Granulationen
961 1461 163 30 bedeckte
1148 1461 163 30 Knochen
1336 1462 111 30 übrig.

177 1536 75 37 Wo
289 1536 66 37 der
383 1535 302 39 Hospitalbrand
722 1536 118 38 durch
875 1537 73 37 den
976 1536 184 38 weiteren
1189 1536 189 38 örtlichen
1408 1536 236 38 Fortschritt

49 1589 218 37 erhebliche
296 1589 283 50 Zerstörungen
610 1590 226 37 anrichtete,
880 1589 258 38 beschränkte
1177 1603 40 24 er
1246 1590 80 37 sich
1356 1590 107 37 nicht
1493 1590 147 45 darauf,

46 1642 152 38 lockere
249 1642 415 50 Bindegewebsräume
713 1643 326 37 einzuschmelzen
1092 1644 79 37 und
1225 1644 170 37 dadurch
1447 1644 194 45 Muskeln,

47 1695 152 39 Sehnen
228 1699 69 34 etc.
329 1709 74 24 von
424 1696 181 38 einander
633 1710 46 23 zu
707 1699 175 35 trennen.
930 1697 55 37 Er
1015 1697 123 51 drang
1166 1697 187 38 vielmehr
1382 1697 108 38 nicht
1519 1700 124 35 selten

46 1749 41 37 in
116 1750 65 36 das
210 1762 113 24 wenn
352 1750 96 37 auch
479 1750 116 37 derbe
625 1749 163 39 Gewebe
818 1751 123 37 dieser
971 1749 154 39 Organe
1155 1751 121 37 selbst
1305 1751 78 38 ein,
1415 1765 66 24 um
1511 1751 55 38 sie
1596 1765 45 23 zu

49 1807 209 40 zerstören,
295 1802 72 38 wie
395 1803 41 37 in
465 1803 59 38 die
554 1803 122 38 Cutis,
717 1803 58 38 die
806 1803 169 47 Sehnen,
1014 1804 179 47 Fascien,
1233 1804 198 47 Muskeln,
1469 1805 169 46 Nerven,

48 1855 393 51 Gefässwandungen,
485 1856 188 38 Knochen
711 1861 69 34 etc.
838 1857 87 38 Wir
954 1858 153 38 werden
1144 1859 53 36 im
1224 1858 226 38 Folgenden
1486 1859 70 37 auf
1582 1859 61 37 die

108 1991 253 51 Erkrankung
394 1994 72 38 und
498 1993 245 40 Zerstörung
776 1995 71 38 der
877 1995 206 39 einzelnen
1116 1995 154 39 Organe
1303 1996 72 38 und
1410 1995 169 41 Gewebe

48 2089 118 38 durch
196 2091 71 36 den
296 2090 304 50 Hospitalbrand
629 2092 156 49 speciell
815 2093 199 38 eingehen.

312 2214 33 23 a.
370 2205 252 42 Yerbreitung
648 2208 62 32 des
735 2208 338 40 Hospitalbraiides
1098 2209 39 31 in
1162 2209 67 32 der
1254 2209 119 32 Cutis.

174 2290 72 37 Die
282 2291 392 51 Verbreitungsweise
717 2295 65 37 des
825 2294 347 50 Hospitalbraudes
1214 2296 37 37 in
1297 2296 66 37 der
1406 2295 127 38 Haut,
1579 2296 59 37 die

48 2343 267 38 verschiedene
343 2344 206 38 Intensität
576 2347 79 37 und
685 2346 278 52 Schnelligkeit
1001 2349 65 37 des
1095 2348 85 38 hier
1209 2349 303 38 stattfindenden
1540 2349 97 38 Pro-

50 2408 134 34 cesses,
207 2397 58 37 die
285 2397 310 39 Beschaffenheit
615 2400 64 37 des
699 2400 258 39 Hautrandes,
978 2402 49 37 ist
1046 2402 141 38 bereits
1208 2402 240 38 besprochen
1468 2403 168 37 worden.

48 2448 96 38 Hier
178 2450 51 36 ist
265 2450 98 38 noch
400 2451 82 37 eine
519 2452 208 38 besondere
763 2453 114 38 Form
916 2455 66 37 der
1009 2455 262 39 Verbreitung
1309 2457 68 36 auf
1411 2457 66 37 der
1513 2455 123 39 Ober-

47 2502 122 37 fläche
207 2503 65 37 der
307 2503 105 38 Cutis
450 2505 251 45 anzuführen,
745 2507 144 38 welche
926 2508 110 38 recht
1077 2508 132 51 häufig
1247 2510 301 37 vorgekommen
1591 2523 46 24 zu

48 2555 81 37 sein
173 2555 147 39 scheint
360 2557 77 37 und
478 2571 75 25 von
594 2558 240 39 zahlreichen
867 2561 268 39 Beobachtern
1177 2563 174 38 erwähnt
1391 2564 107 36 wird.
1557 2561 84 39 Auf

48 2609 66 37 der
157 2609 65 37 das
264 2610 292 49 ursprüngliche
600 2611 206 39 Geschwür
847 2615 266 50 umgebenden
1156 2617 196 49 gesunden
1394 2617 108 37 Haut
1545 2617 91 37 oder

48 2662 69 37 auf
151 2661 104 38 einer
284 2662 129 38 Narbe
452 2665 199 37 entstehen
680 2666 167 38 nämlich
877 2668 159 38 Pusteln
1065 2670 78 37 und
1172 2670 205 37 Bläschen,
1436 2684 33 23 v.
1501 2669 135 38 Pitha

47 2715 213 49 vergleicht
301 2715 101 39 diese
446 2718 83 37 dem
558 2718 164 38 Eczema
763 2719 313 52 impetiginodes,
1119 2723 164 38 welches
1320 2722 134 38 häufig
1489 2723 41 37 in
1569 2724 67 37 der

46 2767 235 51 Umgebung
322 2781 73 25 von
438 2769 256 40 Geschwüren
735 2773 78 37 und
852 2774 281 39 Wundflächen
1174 2776 188 46 entsteht,
1410 2790 94 32 „nur
1547 2777 87 37 dass

46 2819 83 39 hier
176 2821 59 38 die
277 2821 326 40 Ekzembläschen
653 2825 118 38 durch
817 2828 139 46 runde,
1005 2829 327 50 gelblich-weisse
1381 2830 91 37 oder
1515 2842 119 37 graue

47 2872 116 38 leicht
197 2874 178 38 vertiefte
411 2875 139 39 Flecke
586 2878 219 38 substituirt
843 2894 137 25 waren.
1038 2882 57 37 Im
1130 2883 152 37 Beginn
1324 2882 219 38 hanfkorn-
1574 2883 59 38 bis

48 2925 249 51 linsengross,
340 2933 287 45 vergrösserten
671 2932 53 38 sie
772 2932 78 38 sich
899 2935 162 38 schnell,
1106 2938 94 35 stets
1249 2935 59 38 die
1355 2937 120 37 runde
1518 2936 115 39 Form
