1933 3302
169 155 51 40 82

633 156 271 41 Amputationen
931 160 90 30 beim
1045 160 280 32 Hospitalbrand.

167 262 179 51 Blutung
377 263 77 37 und
484 263 202 39 schweren
717 265 292 52 Zerstörungen
1046 267 60 37 die
1142 266 256 52 Amputation
1428 270 62 38 für
1527 272 173 40 indicirt,
1740 275 39 37 in

168 317 205 39 letzterem
391 316 109 38 Falle
522 317 94 39 aber
632 319 234 50 womöglich
887 323 92 44 erst,
997 333 112 25 wenn
1131 321 60 38 die
1212 321 161 40 Schorfe
1395 323 221 50 abgefallen
1637 341 141 25 waren.

169 371 57 38 Er
246 370 203 50 empfiehlt
471 371 60 38 die
553 371 447 52 Unterbinduugsfäden
1032 374 97 37 kurz
1159 389 49 23 zu
1235 376 210 39 schneiden
1474 379 79 37 und
1583 380 60 37 die
1673 380 108 39 Haut

171 424 120 38 durch
323 425 62 37 die
405 424 109 38 Naht
535 439 47 24 zu
603 427 240 49 vereinigen.
875 427 80 37 Für
977 441 36 24 v.
1035 427 140 39 Pitha
1195 443 80 24 war
1297 431 60 37 die
1380 431 398 41 Amputationsfrage,

170 478 147 38 welche
349 478 83 38 sich
461 479 62 38 bei
555 493 162 37 grossen
752 480 305 51 Zerstörungen,
1088 484 319 49 unerträglichen
1435 483 234 41 Schmerzen
1705 489 76 36 und

169 532 229 51 Blutungen
421 534 88 37 dem
541 533 299 39 behandelnden
870 533 219 52 Chirurgen
1119 537 272 39 unabweisbar
1420 538 245 51 aufdrängte,
1697 541 84 37 eine

168 587 146 37 bittere
337 586 295 52 Verlegenheit.
664 587 75 38 Ein
761 587 171 47 Patient,
954 589 74 37 den
1050 602 42 24 er
1113 592 222 48 amputirte,
1358 592 108 37 starb
1487 595 113 35 unter
1620 595 162 37 rapiden

169 640 290 40 Fortschritten
474 642 67 37 des
557 641 356 49 Hospitalbrandes
930 655 61 24 am
1009 641 167 52 Stumpf.
1220 645 110 39 Nach
1350 645 207 39 Bourot's
1574 646 208 39 Berichten

169 695 80 38 und
279 693 170 41 Uhde's
470 698 198 47 späterem
688 694 186 39 Referate
895 695 69 38 hat
984 695 214 40 Salleron
1223 699 166 38 fünfmal
1415 713 138 38 wegen
1579 699 201 51 Hospital-

169 749 126 38 brand
332 749 54 38 im
421 749 197 51 Ellbogen
639 749 261 47 exarticulirt,
941 750 113 38 dabei
1095 751 141 39 einmal
1274 753 60 37 ein
1375 753 158 39 Recidiv
1572 754 141 38 erlebt,
1744 755 37 37 in

170 803 104 39 allen
304 803 138 38 Fällen
472 804 94 37 aber
596 802 177 52 Heilung
798 803 146 38 erzielt.
976 803 187 40 Demme
1188 806 193 38 berichtet
1396 809 22 35 2
1435 807 109 39 Fälle
1562 822 74 24 von
1655 808 126 38 Ober-

170 858 436 50 schenkelamputation
628 870 139 37 wegen
788 858 290 50 ausgedehnter
1099 858 589 54 Hospitalbrandzerstörungen
1705 863 78 37 und

170 912 289 51 Ergriffensein
481 912 67 38 des
578 911 269 50 Kniegelenks
868 912 72 38 mit
960 912 260 50 glücklichem
1242 913 150 51 Erfolg.
1450 915 235 49 Legouest
1713 917 68 37 be-

170 966 163 38 handelt
375 966 60 38 die
472 966 723 48 Amputationsfrage.ausführlicher.
1246 967 367 39 Bemerkenswerth
1641 970 51 37 ist
1720 970 64 38 bei

170 1021 84 37 ihm
285 1021 60 37 die
385 1033 186 37 wichtige
602 1019 243 47 Vorschrift,
879 1020 86 38 dass
1000 1034 91 24 man
1127 1022 60 37 die
1224 1022 417 49 Amputationswunde
1677 1023 109 38 nicht

171 1075 232 49 vereinigen
438 1074 126 45 dürfe,
597 1074 86 37 dass
714 1074 202 47 vielmehr,
949 1088 113 24 wenn
1101 1075 61 38 die
1200 1075 257 50 Amputation
1493 1077 39 37 in
1568 1077 67 37 der
1669 1076 114 39 Nähe

171 1130 68 37 der
261 1128 532 50 Hospitalbrandulceration
822 1128 223 50 geschehen
1069 1135 143 33 müsse,
1244 1130 60 38 die
1325 1129 142 39 frische
1488 1130 295 50 Amputations-

170 1184 141 37 wunde
342 1185 72 35 mit
445 1181 214 39 Glüheisen
689 1183 92 37 oder
819 1183 273 38 Eisenchlorid
1131 1183 204 38 energisch
1373 1197 47 24 zu
1456 1184 220 38 behandeln
1715 1185 67 37 sei.

169 1237 246 39 Interessant
444 1237 87 38 sind
553 1237 61 37 die
635 1236 282 52 Maassregeln,
950 1237 146 39 welche
1118 1237 210 39 Pittinos
1347 1238 40 36 in
1408 1237 216 50 Annapolis
1646 1237 139 49 (1862)

169 1292 91 38 traf,
292 1305 67 25 um
381 1291 112 38 einen
522 1305 74 25 von
625 1291 82 37 ihm
737 1305 139 37 wegen
907 1291 310 50 Hospitalbrand
1244 1292 41 37 in
1315 1292 68 37 der
1412 1291 115 38 Mitte
1558 1291 67 38 des
1656 1290 127 39 Ober-

171 1360 104 25 arms
314 1346 257 38 Amputirten
611 1358 69 25 vor
718 1346 68 37 der
826 1345 193 38 Infection
1051 1347 66 36 des
1148 1345 199 38 Stumpfes
1377 1359 45 23 zu
1452 1344 220 39 bewahren.
1731 1345 55 37 Er

170 1401 94 38 Hess
289 1400 68 38 ihn
387 1400 100 38 nach
514 1401 69 37 der
614 1399 259 51 Amputation
903 1413 75 25 von
1010 1400 110 49 Kopf
1144 1400 59 38 bis
1231 1414 46 23 zu
1304 1399 97 38 Fuss
1427 1402 72 34 mit
1520 1398 160 39 Wasser
1707 1400 78 36 und

171 1455 118 39 Seife,
322 1456 104 37 dann
447 1457 73 35 mit
539 1454 165 38 Wasser
725 1455 80 37 und
834 1454 113 38 Natr.
978 1454 228 50 hypochlor.
1238 1453 191 38 waschen,
1461 1453 101 37 dann
1597 1453 40 37 in
1667 1466 119 24 neues

171 1510 112 50 Zeug
322 1510 179 37 kleiden,
548 1509 40 37 in
636 1509 63 37 ein
738 1522 121 24 neues
894 1508 95 38 Bett
1025 1509 39 37 in
1104 1509 126 37 einem
1268 1510 72 49 gut
1377 1507 224 38 ventilirten
1637 1506 148 38 Räume

169 1565 171 38 bringen
387 1564 80 38 und
515 1577 76 25 von
641 1563 107 38 einer
794 1576 127 25 neuen
974 1562 204 38 Wärterin
1228 1562 203 37 bedienen.
1506 1560 75 38 Die
1629 1560 156 38 Wunde

171 1620 135 37 wurde
338 1621 73 35 mit
441 1618 161 38 Liquor,
634 1618 103 37 natri
766 1617 229 51 hypochlor.
1028 1616 79 49 (ein
1136 1616 182 38 Esslöffel
1348 1629 46 24 zu
1426 1616 18 37 1
1468 1614 123 45 Quart
1607 1612 178 51 Wasser)

171 1675 243 38 verbunden.
461 1671 102 39 Gute
585 1672 189 38 Heilung.
818 1671 194 38 Fischer
1033 1671 129 38 verlor
1182 1683 132 25 seinen
1337 1670 176 50 einzigen
1533 1668 252 50 Amputirten

172 1743 50 23 an
253 1729 128 37 einem
412 1727 162 38 Recidiv
603 1727 52 37 im
688 1725 193 51 Stumpfe.
940 1726 55 37 Er
1026 1725 110 50 giebt
1164 1724 217 38 referirend
1403 1737 59 32 an,
1495 1723 86 37 dass
1603 1725 100 35 etwa
1724 1722 61 37 die

171 1782 139 39 Hälfte
342 1783 69 37 der
432 1795 142 37 wegen
594 1780 312 38 Hospitalbrand
927 1793 349 24 unternommenen
1297 1777 308 50 Amputationen
1625 1776 161 50 günstig

172 1837 205 39 verlaufen
415 1836 68 38 sei.
541 1835 56 38 Er
632 1835 84 37 hält
752 1835 61 37 die
849 1834 259 38 Amputation
1143 1833 63 37 für
1251 1832 60 38 ein
1355 1834 180 34 ultimum
1575 1830 209 44 refugium,

171 1891 170 39 welches
382 1904 140 37 wegen
564 1889 304 50 erschöpfender
905 1889 214 50 Eiterung,
1167 1886 223 38 Absterben
1433 1897 144 38 ganzer
1616 1883 169 46 Glieder,

170 1947 182 50 profuser
381 1945 249 50 Blutungen,
671 1943 219 50 Eröffnung
920 1955 156 38 grosser
1108 1941 175 38 Gelenke
1314 1938 302 50 gerechtfertigt
1644 1950 140 24 werde.

171 2000 270 40 Neudörfer
471 2000 51 36 ist
543 1999 68 37 der
632 1997 177 38 Ansicht,
842 1998 87 37 dass
950 1999 80 35 erst
1049 1996 99 37 nach
1163 1994 170 38 Verlauf
1350 1994 65 37 des
1437 1991 348 51 Hospitalbrandes

173 2057 61 37 die
256 2059 157 34 spätere
434 2052 377 40 Unbrauchbarkeit
833 2065 75 24 von
928 2050 291 38 Extremitäten
1240 2049 60 37 die
1321 2047 257 49 Ampiüation
1598 2045 186 37 indiciren

171 2111 143 37 könne.
363 2108 47 39 0.
442 2107 172 39 Weber
653 2108 212 36 amputirte
896 2104 176 39 zweimal
1111 2106 70 35 mit
1218 2100 317 53 unglückhchem
1572 2098 213 50 Ausgang;

170 2165 115 39 beide
316 2163 106 39 Male
455 2162 132 38 wurde
619 2162 68 37 der
718 2159 161 50 Stumpf
904 2159 155 38 inficirt.

305 2219 119 38 Diese
454 2216 282 39 Erfahrungen
764 2215 130 37 haben
930 2213 118 38 heute
1085 2210 225 39 wesentlich
1341 2222 71 24 nur
1441 2206 249 39 historisches
1719 2204 67 38 In-

171 2277 162 36 teresse.
393 2272 76 38 Die
505 2270 152 39 Mittel,
699 2282 147 25 welche
887 2268 60 38 die
986 2278 239 40 gewonnene
1262 2263 178 39 Einsicht
1474 2262 39 37 in
1544 2262 66 37 das
1641 2259 146 38 Wesen

174 2330 70 37 der
264 2323 615 43 Wundinfectionskrankheiten
900 2321 223 51 geschaffen
1139 2320 79 37 hat,
1241 2332 63 24 um
1326 2317 63 38 bei
1410 2330 106 24 einer
1532 2313 254 51 Amputation

173 2397 141 25 wegen
345 2395 107 25 einer
481 2380 198 38 inficirten
699 2377 241 39 Extremität
960 2377 74 37 den
1056 2374 160 39 Stumpf
1232 2387 47 23 zu
1296 2376 195 40 schützen,
1513 2381 156 25 werden
1690 2366 97 38 auch

173 2451 132 38 gegen
336 2437 74 37 den
432 2434 314 39 Hospitalbrand
778 2432 102 38 wohl
911 2430 212 39 denselben
1144 2427 142 39 Schutz
1317 2425 223 52 gewähren.
1580 2423 53 37 Es
1654 2421 132 37 würde

174 2506 81 25 also
295 2492 105 38 diese
440 2488 226 39 Krankheit
712 2487 57 38 als
817 2485 131 39 solche
995 2482 192 40 keinerlei
1224 2480 215 39 Bedenken
1478 2490 183 37 erregen,
1702 2487 84 25 eine

175 2547 122 39 durch
326 2545 190 49 Blutung,
549 2542 122 39 durch
702 2554 163 38 grossen
897 2536 346 41 Substanzverlust
1272 2536 67 37 der
1355 2533 119 45 Haut,
1504 2532 67 36 der
1591 2528 194 45 Muskeln,

175 2603 68 37 der
265 2601 157 39 Sehnen
439 2601 86 36 etc.,
544 2596 123 39 durch
685 2596 102 38 allzu
804 2594 223 38 erhebliche
1041 2590 236 40 Infiltration
1293 2602 91 24 oder
1398 2584 387 43 Unterminirungen,

176 2656 121 38 durch
337 2655 62 38 die
435 2652 220 49 Eröffnung
693 2663 157 38 grosser
891 2647 175 39 Gelenke
1099 2659 71 24 etc.
1210 2643 179 38 indicirte
1425 2640 229 48 Absetzung
1688 2649 98 25 ohne

173 2711 162 39 Verzug
364 2720 304 27 vorzunehmen.
726 2702 208 40 Natürlich
972 2714 132 24 würde
1139 2697 172 51 jegliche
1345 2693 184 39 Vorsicht
1566 2706 46 24 zu
1648 2690 137 38 treffen

174 2766 96 38 sein,
303 2766 74 36 den
408 2761 161 40 Stumpf
594 2759 109 39 nicht
730 2772 47 24 zu
806 2757 189 37 inficiren.
1054 2753 113 39 Auch
1204 2751 131 38 würde
1365 2762 102 27 man.
1505 2760 72 25 wie
1615 2745 61 38 bei
1713 2744 74 36 den

181 2819 307 51 Amputationen
517 2827 140 39 wegen
686 2812 182 51 Pyämie,
900 2810 150 50 Sepsis,
1082 2808 61 38 die
1173 2805 156 39 Wunde
1359 2804 107 36 nicht
1495 2799 290 43 verschhessen,

176 2887 169 26 sondern
376 2872 104 38 offen
510 2867 258 51 antiseptisch
798 2866 227 37 verbinden,
1057 2859 197 42 eventuell
1282 2859 72 37 mit
1372 2856 301 47 Jodoformgaze
1695 2863 93 25 oder

177 2942 185 24 anderem
384 2923 307 42 antiseptischen
713 2920 102 40 Stoff
830 2920 64 37 für
917 2919 127 37 einige
1067 2916 86 38 Zeit
1173 2911 238 51 ausstopfen,
1442 2922 93 26 oder
1556 2908 72 37 den
1649 2918 137 25 nassen

174 2982 190 39 Verband
392 2984 73 35 mit
495 2992 242 26 essigsaurer
768 2974 208 39 Thonerde
1017 2982 226 27 anwenden.
1302 2966 101 42 Dass
1439 2962 128 40 solche
1603 2962 184 36 Oautelen
