1933 3302
177 145 51 38 96

556 145 243 45 Entwicklung
822 150 59 32 des
904 151 492 36 Hospitalbrandcontagiums.

176 251 159 39 Winter
366 252 196 48 entstehe,
602 253 147 53 Percy
790 257 193 50 dagegen,
1016 259 87 38 dass
1134 260 59 38 die
1224 261 119 49 kalte,
1374 264 155 40 feuchte
1558 268 218 42 Jahreszeit

176 305 62 38 ihr
266 306 211 37 Auftreten
507 307 248 51 begünstige.
807 310 113 38 Auch
950 312 61 37 die
1032 312 267 51 Mondphasen
1331 318 140 38 sollten
1500 321 96 37 nach
1628 323 144 52 Percy

176 372 76 25 von
282 359 171 38 Einfluss
485 361 93 37 sein.
639 362 169 39 Curtis
838 364 111 46 fand,
982 365 86 38 dass
1098 367 51 37 im
1182 367 334 54 Naval-Hospital
1545 388 46 24 zu
1621 375 154 42 Madras

173 413 206 49 jedesmal,
412 427 113 25 wenn
557 416 68 37 der
655 416 190 38 Monsoon
876 418 200 47 einsetzte,
1109 421 60 37 die
1201 421 235 41 Geschwüre
1466 426 91 48 faul,
1585 430 40 48 ja
1656 432 118 36 wirk-

174 466 80 38 lich
282 466 341 54 hospitalbrandig
655 471 170 37 wurden.
878 471 149 39 Wurde
1059 473 67 38 das
1149 474 156 40 Wetter
1336 479 143 37 wieder
1507 483 163 37 trocken
1699 486 77 37 und

177 519 97 48 kalt,
306 534 42 25 so
377 523 161 37 wurden
569 523 75 38 alle
678 523 237 39 Geschwüre
945 525 144 39 besser.
1140 528 155 40 Ebenso
1334 532 236 50 behauptete
1597 535 177 50 Dupuy,

179 574 88 38 dass
297 575 40 37 in
368 575 244 40 Andalusien
639 577 203 50 jedesmal,
875 592 112 24 wenn
1018 581 68 37 der
1117 580 140 41 Solano
1288 585 138 47 wehte,
1458 586 108 40 Fälle
1596 602 73 25 von
1691 590 83 39 Ho-

178 628 246 50 spitalbrand
456 632 249 49 aufgetreten
737 632 119 46 seien,
887 632 109 38 nicht
1025 647 73 25 nur
1126 635 53 38 im
1201 637 192 51 Hospital,
1425 642 165 37 sondern
1620 644 96 37 auch
1737 646 38 37 in

178 683 75 37 den
273 682 404 53 Privatwohnungen.
728 684 124 52 Sogar
884 685 63 39 Gr
959 687 58 37 oh
1046 688 109 49 giebt
1184 691 99 38 noch
1309 707 60 33 an,
1401 694 86 38 dass
1507 695 40 37 in
1567 695 207 41 Friedens-

176 735 246 51 hospitälern
452 739 167 50 anfangs
650 739 77 38 fast
757 740 214 51 durchweg
1001 742 259 49 epidemische
1291 746 209 48 Einflüsse,
1539 752 237 38 namentlich

176 790 210 50 plötzliche
426 793 125 50 grelle
591 793 604 54 Temperaturschwankungen,
1235 799 56 37 als
1331 803 233 48 erregendes
1602 803 175 41 Moment

177 845 67 38 des
275 845 357 51 Hospitalbrandes
671 861 287 36 angenommen
988 850 157 38 werden
1180 856 184 35 müssten.
1422 855 99 39 Dem
1550 859 226 49 gegenüber

174 898 140 40 hatten
334 900 117 51 lange
474 901 142 38 vorher
638 901 229 50 Delpech,
895 906 133 46 später
1053 903 196 50 Fodere,
1280 906 396 56 Siedmogrodsky
1697 914 79 37 und

177 954 102 38 viele
310 953 159 39 Andere
501 955 121 38 durch
653 955 83 38 ihre
758 955 335 53 Beobachtungen
1122 959 247 51 festgestellt,
1402 963 85 38 dass
1518 964 67 38 der
1606 965 169 39 Zustand

176 1008 67 38 des
266 1008 176 39 Wetters
473 1010 79 37 und
584 1010 68 38 der
674 1009 106 47 Luft,
813 1011 48 37 ob
881 1011 86 37 kalt
987 1012 93 38 oder
1101 1027 133 33 warm,
1267 1015 48 37 ob
1335 1017 161 37 trocken
1518 1019 92 37 oder
1630 1020 144 46 feucht,

174 1062 101 38 ohne
306 1062 173 39 Einfluss
509 1064 68 37 sei.
624 1063 59 38 Im
714 1063 159 39 Winter
907 1066 213 38 1813—14
1149 1067 68 38 hat
1246 1082 90 24 man
1366 1070 73 38 den
1468 1071 307 40 Hospitalbrand

174 1116 64 38 bei
270 1117 107 37 einer
407 1117 118 38 Kälte
556 1119 60 37 bis
647 1132 47 23 zu
726 1118 73 37 14"
829 1122 114 35 unter
974 1119 108 39 Null,
1114 1121 53 37 im
1197 1121 98 39 Jahr
1328 1124 102 37 1810
1467 1125 62 38 bei
1560 1126 213 40 Tempera-

173 1173 116 36 turen
319 1185 77 24 von
426 1172 207 38 32°—36°
665 1172 163 38 Wärme
861 1172 55 50 (in
947 1173 257 51 Andalusien)
1236 1177 205 38 entstehen
1469 1179 130 38 sehen.

306 1226 98 37 Eine
434 1227 144 37 andere
600 1226 176 39 Ursache
808 1228 68 37 der
896 1228 251 49 Entstehung
1177 1230 66 38 des
1264 1230 347 51 Hospitalbrandes
1641 1237 134 36 suchte

175 1293 90 24 man
293 1280 40 37 in
355 1281 316 50 verunreinigter
693 1281 264 38 verdorbener
979 1282 105 38 Luft.
1134 1283 111 38 Nach
1268 1284 256 52 Brugmans
1553 1287 112 39 sollte
1686 1289 88 37 der-

176 1333 107 39 selbe
323 1335 124 37 durch
485 1335 151 38 allerlei
666 1335 340 51 Ausdünstungen
1043 1351 75 24 von
1150 1337 188 48 Leichen,
1381 1339 280 48 Geschwüren,
1701 1355 74 25 von

174 1388 240 39 thierischen
458 1390 237 38 stinkenden
735 1390 231 38 Ausflüssen
1001 1391 224 46 entstehen;
1271 1393 176 49 dagegen
1483 1394 82 38 hält
1600 1395 175 39 derselbe

174 1443 267 39 menschliche
480 1443 194 39 Fäkalien
712 1444 64 38 für
819 1445 61 37 die
919 1445 251 51 Entstehung
1209 1447 66 37 des
1316 1447 349 50 Hospitalbrandes
1701 1464 73 23 un-

175 1497 212 39 schädlich.
438 1498 74 38 Die
542 1498 116 38 Nähe
689 1512 75 24 von
795 1498 82 39 sich
907 1501 302 45 zersetzendem,
1242 1501 246 38 stinkendem
1510 1502 192 47 Material,
1733 1517 41 25 so

174 1565 77 25 von
281 1552 202 48 Latrinen,
515 1553 191 46 Aborten,
738 1553 326 51 Düngerhaufen,
1096 1555 280 49 stagnirenden
1397 1555 187 39 Wassern
1606 1559 70 35 etc.
1708 1557 67 38 hat

173 1620 92 24 man
304 1607 171 38 vielfach
513 1607 56 38 als
600 1607 438 51 Entstehuugsursache
1078 1609 226 50 angeklagt.
1363 1609 254 51 Legouest
1653 1611 120 38 beob-

176 1660 154 39 achtete
361 1662 40 37 in
432 1662 74 37 den
536 1661 199 39 Spitälern
766 1676 75 24 von
871 1661 101 39 Pera
1002 1663 78 37 und
1111 1662 334 51 Constantinopel,
1477 1665 86 37 dass
1593 1665 68 37 der
1689 1665 83 38 Ho-

175 1715 243 50 spitalbrand
456 1716 64 38 bei
560 1717 236 48 denjenigen
826 1715 310 48 Verwundeten,
1176 1717 145 37 welche
1350 1718 40 36 in
1419 1718 68 37 der
1516 1717 113 39 Nähe
1668 1719 105 38 einer

175 1783 47 24 zu
262 1771 75 37 den
375 1770 191 38 Latrinen
606 1770 80 38 sich
726 1771 209 37 öffnenden
966 1771 132 38 Thüre
1136 1771 134 50 lagen,
1300 1772 214 37 intensiver
1550 1773 77 36 und
1664 1772 109 38 hart-

173 1825 192 50 näckiger
404 1828 160 34 auftrat.
624 1823 47 39 In
701 1824 262 38 Pouteau's
992 1825 183 38 Hospital
1210 1825 40 37 in
1280 1825 112 50 Lyon
1427 1826 79 37 und
1542 1826 142 38 ebenso
1722 1827 53 37 im

173 1878 122 38 Hotel
326 1879 104 37 Dieu
458 1880 40 36 in
529 1879 124 38 Paris,
684 1879 38 37 in
755 1879 279 38 Dessault's
1063 1879 246 38 Abtheilung
1338 1879 192 38 befanden
1561 1880 79 37 sich
1672 1879 100 48 Säle,

173 1933 149 38 welche
362 1934 97 37 über
500 1947 113 24 einen
645 1933 115 38 Fluss
800 1934 147 49 gebaut
985 1947 143 24 waren.
1186 1933 121 38 Beide
1338 1933 243 38 Beobachter
1620 1937 152 35 consta-

173 1988 132 38 tirten,
338 1988 87 38 dass
456 1988 82 38 sich
569 1988 61 38 die
661 1987 224 38 Krankheit
914 1990 95 35 stets
1040 1990 129 35 zuerst
1198 1989 39 36 in
1268 1988 130 37 diesen
1429 1987 115 38 Sälen
1574 1992 137 46 zeigte.

305 2042 89 38 Von
433 2043 172 37 anderen
634 2042 181 38 Autoren
844 2042 51 37 ist
934 2042 60 37 die
1025 2042 166 37 Ansicht
1221 2045 214 34 vertreten,
1476 2042 86 37 dass
1594 2042 65 37 das
1690 2041 83 38 Gift

173 2097 67 37 des
270 2096 355 50 Hospitalbrandes
662 2097 120 37 durch
816 2097 84 37 eine
940 2096 232 38 besondere,
1212 2095 217 38 chemische
1459 2095 245 39 Umsetzung
1733 2096 39 36 in

174 2151 108 38 einer
305 2151 156 38 Wunde
489 2154 164 35 erzeugt
672 2164 142 24 werde.
864 2150 134 38 Rollo
1030 2153 98 47 sagt,
1161 2150 67 37 das
1249 2150 384 48 Hospitalbrandgift
1654 2150 120 37 bildet

173 2205 82 39 sich
286 2206 71 37 auf
383 2206 69 38 der
476 2205 233 39 Oberfläche
739 2205 80 38 und
849 2218 48 24 an
929 2205 73 37 den
1023 2204 184 38 Rändern
1237 2204 67 37 der
1326 2203 168 38 Wunde.
1543 2203 55 37 Er
1626 2204 146 49 glaubt,

173 2261 88 37 dass
292 2261 61 37 die
380 2261 304 49 Absonderung,
716 2259 147 38 welche
892 2259 117 37 lange
1040 2272 48 24 an
1119 2259 67 36 der
1209 2257 151 39 Grenze
1391 2258 106 37 einer
1518 2257 156 38 Wunde
1705 2258 67 36 be-

170 2314 130 39 lassen
322 2315 142 46 werde,
487 2315 220 38 chemische
724 2313 340 39 Veränderungen
1085 2313 144 37 erleide
1250 2312 78 37 und
1350 2325 97 25 neue
1469 2312 140 50 giftige
1626 2311 145 49 Eigen-

171 2369 179 39 schaften
381 2369 219 38 annehmen
631 2370 141 36 könne.
832 2368 88 38 Alle
957 2367 186 38 früheren
1172 2366 244 38 Beobachter
1454 2366 179 37 stimmen
1664 2366 109 36 darin

172 2424 176 38 überein,
381 2425 87 37 dass
491 2423 292 39 UeberfüUung
814 2423 68 37 der
913 2421 293 39 chirurgischen
1228 2420 271 38 Krankensäle
1525 2420 78 36 und
1623 2419 60 37 die
1705 2420 68 36 da-

178 2478 124 38 durch
341 2479 257 37 entstehende
629 2477 260 38 Verderbniss
929 2477 68 37 der
1036 2475 96 38 Luft
1170 2475 62 37 ein
1268 2474 308 50 Hauptmoment
1611 2473 64 37 für
1713 2473 60 37 die

172 2533 254 38 Entstehung
457 2533 68 37 der
555 2532 225 38 Krankheit
810 2532 76 37 sei;
928 2530 97 38 doch
1055 2529 100 38 fehlt
1184 2543 40 23 es
1260 2528 95 38 auch
1388 2528 83 37 hier
1500 2527 107 37 nicht
1636 2541 49 23 an
1715 2527 57 37 di-

171 2590 137 35 recten
340 2586 350 52 Gegenbeweisen,
722 2585 238 38 namentlich
992 2598 67 24 aus
1090 2586 177 35 .späterer
1297 2582 96 38 Zeit.
1453 2596 34 22 v.
1520 2581 146 37 Pitha
1702 2581 70 37 be-

170 2642 156 38 richtet,
359 2642 88 37 dass
464 2641 145 51 gerade
627 2654 69 24 zur
712 2639 251 39 Entstehung
980 2639 68 37 der
1064 2652 75 24 von
1155 2637 81 38 ihm
1251 2636 304 38 beschriebenen
1572 2635 200 49 Epidemie

173 2697 68 37 das
277 2696 186 38 Hospital
500 2695 90 39 sehr
620 2707 130 37 wenig
788 2693 143 51 gefüllt
969 2706 91 24 war.
1118 2690 251 40 Namentlich
1409 2689 60 38 die
1508 2688 263 50 chirurgische

172 2751 248 38 Abtheilung
456 2750 107 38 hatte
600 2749 75 37 seit
705 2750 22 36 3
758 2747 149 39 Jahren
938 2747 61 37 nie
1031 2760 41 24 so
1103 2758 128 26 wenig
1262 2744 172 38 Kranke.
1492 2742 279 38 Insbesondere

172 2819 82 23 war
293 2805 61 38 die
386 2805 97 37 Zahl
523 2805 68 37 der
624 2802 211 39 Operirten
875 2801 78 38 viel
991 2813 185 39 geringer
1214 2799 56 37 als
1306 2798 40 37 in
1385 2798 72 37 den
1496 2808 276 38 vergangenen

171 2859 162 38 Jahren.
384 2859 82 38 Das
488 2857 291 39 Krankenhaus
809 2856 66 38 lag
905 2855 98 38 hoch
1032 2854 70 38 auf
1126 2853 178 50 felsigem
1328 2851 170 46 Grunde,
1530 2864 74 24 von
1626 2849 146 38 Gärten

171 2914 210 50 umgeben.
427 2913 74 38 Die
534 2911 292 40 chirurgischen
853 2908 288 40 ßarackensäle
1173 2920 130 24 waren
1334 2905 191 38 durchaus
1555 2915 215 39 geräumig,

172 2969 141 49 sonnig
329 2968 78 38 und
423 2966 235 40 freundlich.
699 2964 264 52 Dergleichen
981 2962 332 49 Beobachtungen
1330 2960 128 50 liegen
1475 2957 198 39 mehrfach
1690 2969 80 25 vor.
