2107 3450
350 301 206 40 APHASIA,
594 301 100 38 ETC.,
730 301 47 30 IN
810 300 223 32 RELATION
1067 301 54 31 TO
1157 302 284 33 FUNCTIONAL
1477 305 261 32 DISORDERS.
1787 294 87 43 409

214 421 229 43 intestinal
469 436 155 28 worms
649 426 113 39 most
787 421 249 57 frequently
1063 422 188 56 produce
1286 423 89 43 this
1410 424 141 52 effect,
1569 426 95 55 just
1697 441 46 28 as
1776 427 36 42 it
1839 426 37 43 is

214 492 45 42 in
283 492 197 44 children
506 493 94 42 that
626 493 70 43 fits
719 507 47 29 or
788 493 157 43 chorea
975 508 101 42 may
1103 494 52 42 be
1189 493 85 45 due
1307 499 45 38 to
1377 509 166 30 worms.
1608 497 23 42 I
1656 497 110 43 need
1799 503 78 37 not

213 564 99 57 give
336 565 157 43 details
516 566 45 42 of
583 580 86 41 any
693 566 47 41 of
761 565 74 43 the
864 580 133 41 many
1021 566 203 56 reported
1247 581 120 29 cases
1391 568 47 42 of
1458 568 88 42 this
1570 568 109 43 kind
1698 585 9 37 ;
1738 570 82 42 but
1853 570 22 42 I

214 637 156 43 should
396 638 87 42 like
507 637 102 44 here
633 642 44 38 to
700 638 129 43 make
862 652 24 28 a
920 638 112 42 brief
1065 642 102 39 note
1191 639 44 41 of
1267 654 25 27 a
1315 653 97 29 case
1436 640 44 41 in
1508 640 143 42 which
1676 655 25 28 a
1733 642 142 42 round

216 723 133 28 worm
373 709 44 42 in
443 710 73 42 the
542 710 208 43 intestine
773 710 45 43 of
840 724 25 28 a
887 710 117 43 child
1030 710 233 57 produced,
1289 715 76 38 not
1387 711 107 57 only
1516 711 85 53 fits,
1624 712 81 43 but
1737 712 91 43 also
1851 727 25 28 a

214 784 248 52 temporary
486 781 165 56 change
675 781 46 42 in
746 782 74 42 the
853 781 154 43 child's
1031 782 275 56 disposition,
1332 782 180 42 making
1539 782 92 42 him
1658 784 217 42 wayward

213 852 84 41 and
336 853 567 56 unmanageable—almost
938 854 165 43 insane,
1134 854 46 42 in
1216 854 248 43 fact,—and
1497 854 177 43 leading
1702 854 94 43 him
1831 859 45 39 to

212 924 190 57 indulge,
425 939 150 42 young
596 940 47 28 as
666 925 55 44 he
745 941 100 28 was,
870 927 43 41 in
938 926 75 43 the
1037 927 233 42 repetition
1296 927 45 41 of
1363 926 84 43 bad
1473 926 155 43 words,
1653 925 143 43 which
1820 926 55 44 he

212 996 96 53 had,
328 1011 54 28 no
405 997 150 53 doubt,
573 998 194 43 chanced
792 1004 42 37 to
859 999 103 43 hear
983 998 282 57 pronounced
1289 999 59 42 by
1366 998 69 43 his
1458 998 179 44 seniors.
1693 998 182 52 Indeed,

210 1069 74 43 the
323 1069 153 44 child's
513 1071 215 50 language
765 1071 45 42 in
848 1071 70 43 his
958 1071 70 42 fits
1060 1071 48 42 of
1141 1071 270 43 excitement
1445 1085 88 29 was
1566 1071 225 43 described
1827 1085 47 29 as

209 1141 130 56 being
363 1156 46 28 as
432 1142 94 43 foul
549 1157 46 28 as
618 1143 36 43 it
676 1143 129 43 could
830 1143 99 42 well
951 1143 64 42 be.
1082 1143 44 41 It
1151 1157 86 28 was
1260 1143 74 42 the
1368 1142 110 42 kind
1505 1143 45 42 of
1581 1143 214 56 language
1829 1148 44 37 to

211 1213 141 43 which
381 1214 71 43 the
477 1220 110 38 term
611 1215 236 43 coprolalia
869 1216 78 42 has
971 1230 47 28 so
1041 1215 123 56 aptly
1190 1215 111 43 been
1325 1215 187 56 applied.

271 1358 120 43 Case
414 1359 108 44 VII.
588 1358 63 58 (A
675 1360 115 42 child
812 1360 138 42 under
973 1360 65 42 the
1060 1373 93 28 care
1175 1359 52 55 of
1251 1359 68 42 Dr
1342 1359 122 42 Burn
1498 1359 221 44 Murdoch
1741 1365 45 38 at
1810 1362 65 41 the

208 1431 140 56 Royal
371 1432 204 56 Hospital
584 1433 80 56 for
686 1432 98 43 Sick
809 1432 232 56 Children).
1106 1431 79 42 An
1201 1432 224 42 intestinal
1441 1432 292 43 round-worm
1755 1447 119 29 caus-

207 1505 75 54 ing
303 1504 92 55 fits,
426 1505 219 55 wayward
676 1504 264 56 disposition,
973 1503 91 42 and
1095 1503 401 43 coprolalia.—The
1528 1503 174 57 patient
1729 1519 88 29 was
1849 1519 26 29 a

208 1576 97 56 boy,
327 1576 109 42 aged
458 1576 38 42 4.
561 1576 71 43 He
656 1590 89 29 was
779 1576 233 56 originally
1047 1575 217 43 admitted
1297 1575 95 43 into
1426 1590 75 42 my
1526 1590 97 28 own
1657 1577 139 43 Ward
1829 1583 47 37 at

211 1649 71 41 the
305 1647 141 58 Royal
470 1648 248 57 Infirmary,
740 1648 81 42 but
844 1647 133 43 being
1000 1651 71 38 too
1105 1661 149 42 young
1288 1647 67 42 for
1387 1661 65 29 us,
1474 1647 56 43 he
1553 1662 89 29 was
1672 1648 202 44 immedi-

208 1720 116 57 ately
348 1720 282 43 transferred,
653 1735 55 27 on
733 1721 75 42 the
834 1719 107 44 10th
969 1720 44 42 of
1044 1719 111 56 July
1182 1720 130 51 1890,
1335 1724 44 38 to
1403 1720 74 42 the
1501 1720 104 43 Sick
1629 1721 246 44 Children's

207 1792 233 56 Hospital;
474 1792 142 43 where
649 1792 54 42 he
738 1807 120 27 came
894 1791 139 43 under
1066 1792 76 42 the
1177 1805 96 29 care
1297 1791 45 43 of
1375 1806 75 43 my
1473 1791 144 44 friend
1651 1793 67 43 Dr
1751 1795 123 42 Burn

208 1864 229 43 Murdoch,
464 1865 94 42 who
582 1865 78 42 has
684 1864 158 56 kindly
867 1863 184 44 allowed
1078 1878 69 28 me
1182 1869 44 37 to
1249 1864 130 43 make
1405 1878 75 29 use
1503 1865 45 42 of
1570 1865 68 43 his
1671 1870 127 40 notes
1831 1867 49 43 of

207 1937 74 43 the
313 1951 108 29 case.
484 1938 131 42 From
648 1938 76 42 the
758 1937 206 43 mother's
997 1941 202 47 account,
1232 1937 36 42 it
1301 1937 218 57 appeared
1552 1937 99 43 that
1683 1937 74 44 the
1787 1939 86 56 boy

209 2009 80 43 had
318 2010 80 41 had
425 2024 53 27 an
503 2009 152 44 illness
679 2010 134 43 about
844 2010 74 42 the
949 2009 242 57 beginning
1221 2009 47 43 of
1299 2009 74 44 the
1405 2024 117 43 year,
1545 2009 162 57 during
1731 2010 143 43 which

208 2083 52 42 he
303 2083 85 41 had
433 2098 24 26 a
499 2083 49 42 fit
592 2083 46 42 of
677 2097 119 29 some
840 2082 123 51 kind,
1004 2082 142 42 which
1192 2082 213 43 rendered
1443 2082 93 42 him
1579 2082 294 44 unconscious

209 2155 63 42 for
298 2160 134 38 about
466 2155 157 44 twelve
657 2156 143 43 hours.
865 2157 92 41 But
988 2155 55 43 he
1076 2155 233 43 recovered
1342 2155 114 43 from
1481 2155 88 43 this
1594 2155 166 43 illness,
1784 2155 87 43 and

208 2227 222 43 remained
453 2228 44 41 in
521 2228 110 57 good
655 2228 151 43 health
831 2228 115 43 until
970 2242 135 28 about
1132 2227 125 43 three
1281 2228 145 42 weeks
1449 2228 146 42 before
1619 2227 68 43 his
1710 2228 162 43 admis-

207 2301 107 51 sion,
339 2301 140 43 when,
502 2317 56 27 on
581 2303 232 42 returning
836 2301 129 43 home
989 2306 43 38 to
1056 2301 70 43 his
1150 2305 192 52 parents,
1365 2300 113 43 after
1504 2315 25 27 a
1552 2300 123 43 short
1696 2301 108 44 visit
1827 2306 45 39 to

209 2373 66 42 his
297 2374 323 56 grandmother,
643 2375 54 42 he
721 2389 88 28 was
833 2374 138 42 found
995 2379 44 37 to
1062 2374 54 43 be
1139 2373 169 57 greatly
1332 2373 166 43 altered
1521 2373 47 42 in
1596 2373 277 43 disposition,

207 2446 129 57 being
375 2447 125 42 noisy
540 2447 86 42 and
667 2446 360 57 unmanageable,
1066 2447 87 42 and
1194 2446 130 43 much
1363 2446 132 56 given
1534 2450 44 38 to
1616 2446 257 57 destroying

209 2518 391 58 things,—tearing
626 2534 56 41 up
705 2519 137 43 books
865 2520 47 41 in
936 2520 75 42 the
1035 2534 134 27 room,
1193 2519 65 41 for
1280 2518 215 43 example.
1560 2518 176 43 Twelve
1763 2519 108 43 days

209 2592 142 42 before
370 2591 68 43 his
457 2592 251 43 admission,
724 2591 56 44 he
798 2592 140 43 began
958 2596 44 38 to
1021 2592 135 43 suffer
1173 2605 161 29 almost
1352 2590 121 43 daily
1495 2591 109 42 from
1623 2590 84 52 fits,
1726 2591 145 43 which

207 2664 204 43 occurred
435 2664 44 42 in
502 2665 314 56 groups,—the
834 2664 72 43 fits
926 2664 228 43 following
1172 2663 107 44 each
1300 2663 128 43 other
1450 2668 46 38 at
1518 2662 124 44 short
1660 2663 211 44 intervals

209 2735 66 43 for
298 2741 85 37 two
406 2735 134 44 hours
563 2742 46 37 at
631 2750 25 28 a
678 2736 118 43 time.

268 2804 69 43 On
369 2805 253 43 admission,
645 2806 54 42 he
734 2820 87 28 was
856 2805 136 43 found
1026 2809 44 38 to
1103 2805 54 42 be
1190 2819 24 28 a
1238 2804 361 44 well-nourished
1634 2804 132 52 child,
1789 2805 81 43 but

210 2875 66 43 his
299 2877 250 55 expression
579 2891 85 29 was
688 2877 209 43 observed
923 2882 44 37 to
993 2877 51 42 be
1066 2882 47 37 at
1147 2877 130 42 times
1311 2875 149 43 rather
1485 2875 104 42 wild
1622 2875 87 43 and
1732 2875 138 52 fierce,

209 2948 84 42 and
316 2954 44 37 at
383 2948 124 44 other
531 2950 128 43 times
683 2949 147 43 rather
855 2953 168 39 vacant.
1088 2948 72 44 He
1184 2947 241 45 continued
1449 2951 44 39 to
1516 2947 113 42 have
1664 2947 206 43 frequent

211 3020 78 43 fits.
353 3020 71 44 He
458 3035 89 29 was
579 3035 105 43 very
718 3021 189 51 restless,
931 3021 255 57 grimacing,
1209 3019 86 43 and
1333 3018 227 56 whistling
1591 3017 168 57 loudly,
1782 3018 87 42 and

211 3092 164 58 tossing
404 3093 134 43 about
565 3094 42 42 in
633 3094 69 42 his
725 3094 95 42 bed.
885 3093 145 43 When
1067 3091 247 44 addressed,
1337 3091 55 43 he
1425 3090 253 43 sometimes
1710 3090 160 43 spoke;

212 3161 78 44 but
312 3162 68 43 his
403 3177 189 30 answers
617 3178 112 28 were
754 3168 77 37 not
853 3163 165 43 always
1042 3176 208 29 relevant.
1315 3158 307 47 Occasionally
1645 3158 55 44 he
1722 3173 150 38 swore,
