2107 3450
688 273 151 32 MOTOR
874 273 193 31 APHASIA
1102 259 254 59 (APHEMrA).
1772 258 84 43 323

197 395 87 40 that
328 394 69 44 the
437 394 163 58 patient
638 395 76 40 has
748 394 85 41 lost
863 393 73 43 the
968 407 144 41 power
1141 393 45 41 of
1222 392 193 54 uttering
1445 405 108 28 even
1589 390 74 41 the
1694 389 157 54 simple

194 464 323 43 letter-sounds.
583 464 45 44 If
657 464 54 42 he
734 479 78 27 can
841 465 50 41 he
913 469 76 51 got
1013 469 42 37 to
1079 468 163 38 master
1265 463 74 42 the
1361 460 318 45 letter-sounds
1702 459 46 42 in
1773 459 75 42 the

194 536 94 43 first
308 537 210 43 instance,
541 537 35 42 it
602 536 92 43 will
721 537 53 42 be
803 550 115 29 more
946 535 191 56 possible
1164 535 67 42 for
1257 534 105 51 him,
1386 532 268 45 afterwards,
1678 538 43 36 to
1748 545 97 42 pro-

192 609 110 42 duce
325 609 115 42 their
462 609 320 42 combinations
806 609 44 40 in
877 608 72 42 the
976 608 108 42 form
1114 608 44 41 of
1187 606 149 43 words.
1403 607 44 41 It
1474 606 197 55 happens
1699 603 98 43 that
1825 603 22 41 I

194 679 107 45 have
326 681 84 42 had
434 681 135 56 lately
595 680 137 44 under
766 685 235 38 treatment
1024 693 24 30 a
1071 694 96 28 case
1191 680 47 41 of
1267 692 142 30 motor
1430 677 181 44 aphasia
1635 676 45 43 in
1705 675 144 43 which

193 752 74 43 the
300 753 232 43 education
567 753 45 42 of
647 752 73 44 the
753 753 172 56 patient
957 759 112 36 after
1103 752 89 43 this
1230 766 182 29 manner
1447 765 87 28 was
1570 747 278 56 remarkably

193 824 199 43 effective
426 826 42 40 in
506 826 215 41 restoring
754 830 44 37 to
831 825 91 42 him
951 825 69 43 his
1048 840 146 41 power
1221 825 47 41 of
1297 823 168 57 speech.
1530 821 252 56 Nowadays
1815 820 36 42 it

192 896 37 43 is
256 897 192 57 scarcely
475 897 141 43 worth
649 897 129 43 while
811 903 42 37 to
884 897 179 57 publish
1095 912 86 41 any
1211 911 97 29 case
1336 897 46 42 of
1408 895 182 43 aphasia
1619 894 99 42 that
1747 893 103 42 does

193 973 77 38 not
301 969 177 44 include
511 985 25 28 a
567 970 150 43 record
745 970 47 43 of
819 970 77 42 the
931 970 170 42 morbid
1131 984 189 28 changes
1342 969 46 41 in
1414 968 74 43 the
1512 967 135 43 brain.
1714 966 90 41 But
1827 965 22 41 I

193 1043 127 42 make
343 1057 55 28 an
422 1043 233 43 exception
677 1043 47 42 in
752 1043 88 43 this
874 1057 109 29 case,
1016 1047 78 38 not
1126 1042 104 42 only
1264 1042 186 42 because
1480 1040 45 43 of
1557 1040 57 42 its
1646 1038 205 55 bearings

194 1129 53 27 on
268 1114 74 43 the
361 1120 239 38 treatment
621 1116 45 42 of
687 1120 142 38 motor
851 1116 192 55 aphasia,
1066 1115 82 42 but
1171 1114 90 43 also
1284 1114 185 42 because
1492 1113 75 42 the
1590 1126 97 28 case
1709 1111 37 42 is
1770 1125 81 27 one

193 1188 47 41 of
270 1188 96 41 that
398 1188 344 56 comparatively
775 1203 93 27 rare
901 1188 172 42 variety
1108 1188 45 41 in
1189 1188 145 41 which
1367 1186 77 43 the
1477 1185 184 56 patient,
1687 1182 164 56 utterly

193 1259 178 55 aphasic
394 1274 46 27 as
465 1265 42 36 to
530 1260 168 55 spoken
721 1260 169 55 speech,
917 1260 37 42 is
983 1265 76 50 yet
1089 1258 181 42 capable
1304 1259 47 40 of
1382 1257 259 56 expressing
1672 1254 184 43 himself

196 1330 99 42 well
318 1331 46 42 in
388 1338 184 37 writing.

254 1475 119 43 Case
396 1476 102 41 VII.
534 1475 227 56 (Personal
796 1475 326 43 Observation.)
1187 1474 138 42 Motor
1346 1472 204 43 Aphasia
1576 1472 106 42 with
1702 1472 150 41 Reten-

193 1548 89 42 tion
304 1548 50 41 of
370 1548 65 41 the
456 1548 140 41 Power
617 1547 51 55 of
704 1547 200 42 Writing.
970 1547 172 42 Method
1165 1546 50 42 of
1239 1545 249 43 Education
1520 1544 182 43 resorted
1735 1549 39 36 to
1807 1544 50 40 in

191 1621 207 54 restoring
429 1619 162 56 Spoken
624 1619 407 56 Speech.—Patrick
1065 1620 200 55 Keaney,
1288 1622 67 40 set.
1390 1618 70 51 25,
1482 1616 155 58 single,
1659 1630 25 28 a
1707 1616 148 43 stoker

191 1706 56 28 on
285 1692 76 43 the
399 1692 194 55 railway,
631 1692 198 43 recently
865 1692 209 43 returned
1117 1693 113 41 from
1269 1691 235 43 America;
1547 1690 219 43 admitted
1811 1695 44 36 to

191 1764 136 42 Ward
353 1765 54 42 31
432 1779 55 28 on
524 1764 107 43 10th
656 1764 260 57 September
941 1765 127 42 1892.

254 1835 452 57 Complaints.—Loss
739 1837 44 43 of
816 1837 169 56 speech.
1051 1838 107 42 Loss
1192 1838 48 42 of
1268 1851 148 42 power
1439 1837 45 42 in
1509 1836 118 43 right
1650 1850 93 29 arm
1766 1835 87 42 and

191 1909 78 56 leg.
333 1909 183 43 Disease
540 1909 44 42 of
608 1909 75 43 the
708 1909 148 43 mitral
879 1909 129 43 valve
1032 1910 44 42 of
1098 1910 134 43 heart.

252 1982 346 55 History.—The
637 1982 181 55 patient,
859 1983 98 41 who
995 1983 38 42 is
1077 1997 24 27 a
1142 1982 274 43 respectable
1458 1982 89 43 and
1583 1981 132 55 fairly
1756 1980 98 43 well

191 2054 214 43 educated
437 2069 149 41 young
618 2069 115 28 man,
757 2060 135 37 states
927 2054 98 43 that
1047 2055 54 42 he
1124 2069 136 28 never
1287 2054 86 43 had
1396 2054 247 43 rheumatic
1665 2054 121 43 fever
1809 2068 47 28 or

192 2140 88 41 any
302 2125 152 43 illness
488 2125 208 43 attended
723 2131 107 37 with
854 2125 104 56 pain
981 2131 135 38 about
1138 2126 75 43 the
1236 2126 150 42 region
1410 2126 45 42 of
1487 2125 69 43 his
1578 2125 136 42 heart.
1779 2125 75 55 Up

192 2201 44 38 to
274 2196 72 44 the
384 2197 241 56 beginning
663 2198 46 41 of
744 2197 68 43 his
850 2204 179 50 present
1061 2198 153 42 illness
1247 2198 55 42 he
1335 2212 165 42 always
1533 2197 187 57 enjoyed
1742 2197 112 57 good

192 2269 165 57 health,
392 2270 80 41 but
505 2270 66 41 for
610 2269 73 42 the
722 2269 87 43 last
846 2270 84 43 five
962 2284 128 43 years
1122 2270 56 43 he
1216 2270 78 43 has
1332 2270 179 43 noticed
1549 2270 98 42 that
1685 2269 54 43 he
1775 2270 79 42 has

191 2340 139 57 easily
351 2344 75 53 got
448 2345 78 38 out
548 2341 47 42 of
615 2340 154 43 breath
793 2355 55 28 on
873 2341 212 43 exertion,
1102 2341 88 43 and
1214 2341 98 43 that
1335 2356 55 28 on
1414 2341 110 44 such
1547 2342 222 42 occasions
1799 2341 55 43 he

190 2412 78 42 has
292 2412 85 42 had
401 2412 263 56 palpitation
689 2414 45 41 of
756 2413 75 43 the
853 2414 136 42 heart.

255 2485 47 40 In
339 2485 126 52 1889,
491 2485 73 43 the
598 2489 185 52 patient,
806 2486 46 42 in
886 2500 217 43 company
1139 2486 108 43 with
1280 2501 26 28 a
1341 2487 146 43 fellow
1523 2487 237 53 workman,
1784 2487 69 43 his

190 2558 164 52 cousin,
378 2558 239 57 emigrated
650 2563 44 37 to
727 2558 217 43 America.
1010 2559 122 57 They
1167 2560 161 43 settled
1362 2560 45 42 in
1442 2560 242 57 Pittsburg,
1708 2560 145 43 where

192 2629 176 43 Patrick
390 2634 76 53 got
488 2631 304 55 employment
814 2645 56 29 on
893 2630 77 44 the
1000 2631 182 57 railway
1205 2646 47 29 as
1275 2646 25 29 a
1323 2632 157 43 stoker.
1546 2632 72 43 He
1640 2632 87 43 had
1750 2632 105 57 long

192 2702 142 53 hours,
357 2702 86 43 and
465 2709 74 50 got
563 2703 68 43 his
654 2703 137 44 meals
815 2718 108 42 very
945 2703 272 59 irregularly.

252 2774 69 42 On
341 2774 73 43 the
436 2775 106 42 13th
561 2776 44 42 of
623 2776 110 56 May
752 2776 128 54 1892,
904 2776 54 44 he
983 2791 121 29 came
1127 2777 129 43 home
1281 2778 110 42 from
1416 2778 119 42 work
1560 2779 165 56 feeling
1749 2793 104 41 very

193 2845 125 52 tired,
351 2845 87 43 and
476 2851 119 38 went
633 2861 46 29 as
717 2848 128 42 usual
882 2853 44 37 to
967 2848 75 44 the
1080 2854 263 38 restaurant,
1375 2849 135 43 about
1542 2850 151 43 fifteen
1725 2849 131 57 yards

192 2916 111 43 from
337 2916 69 44 his
439 2932 98 28 own
570 2918 215 59 lodgings,
808 2925 44 38 to
884 2924 74 54 get
989 2920 69 44 his
1091 2935 172 42 supper.
1328 2922 73 43 He
1434 2936 89 29 was
1546 2922 155 57 taking
1722 2937 26 28 a
1771 2936 85 42 cup

193 2989 47 42 of
270 2994 80 48 tea,
375 2989 140 53 when,
538 3005 55 28 on
628 2992 164 57 raising
824 2992 68 43 his
925 3007 85 29 cup
1034 2994 67 42 for
1133 2993 75 43 the
1242 2994 120 42 third
1395 3009 48 28 or
1476 2994 147 43 fourth
1659 2994 120 52 time,
1802 2994 54 44 he

192 3061 219 57 suddenly
436 3062 138 43 found
606 3063 98 43 that
736 3064 76 43 the
844 3079 146 42 power
1025 3079 86 28 was
1144 3065 177 57 leaving
1343 3066 69 43 his
1442 3080 105 28 arm,
1570 3065 86 43 and
1681 3066 97 42 that
1800 3066 55 43 he

193 3133 127 43 could
356 3140 76 37 not
466 3135 110 43 raise
611 3135 73 43 the
719 3150 84 42 cup
828 3142 43 37 to
905 3136 68 44 his
1006 3138 167 42 mouth.
1238 3138 210 42 Alarmed
1478 3145 45 35 at
1547 3139 102 50 this,
1673 3138 53 44 he
1750 3153 106 36 rose,
