2107 3450
1754 342 85 45 475

767 336 294 36 GRADUATION
1093 342 166 33 THESIS.

229 448 73 45 4th,
330 448 80 37 The
432 448 164 48 position
615 449 41 37 of
678 450 65 37 the
761 451 75 37 box
854 452 41 36 of
918 453 65 37 the
1008 453 136 51 larynx
1170 459 120 35 varies
1317 460 93 36 with
1436 473 111 37 every
1564 470 98 31 note.
1714 465 39 39 If
1776 467 64 37 the

180 506 118 47 finder
323 506 45 37 be
394 507 152 47 applied
569 520 89 24 over
684 509 64 35 the
774 521 157 36 pomum
958 512 152 46 Adami,
1129 514 31 36 it
1185 515 81 37 will
1291 516 47 37 be
1356 517 118 38 found
1500 520 93 46 that,
1614 522 136 49 during
1775 524 63 37 the

179 563 119 37 treble
326 568 116 42 tones,
471 564 64 36 the
562 564 119 48 hyoid
708 565 98 37 bone
834 566 31 36 is
893 568 133 47 pulled
1056 571 176 46 upwards
1260 573 75 36 and
1362 574 188 47 forwards,
1580 579 170 46 carrying
1775 580 65 36 the

179 621 136 48 larynx
332 621 112 48 along
465 621 94 37 with
577 622 55 45 it;
659 623 75 36 and
752 622 84 37 that
862 624 145 49 finally,
1028 626 110 37 when
1164 628 65 36 the
1247 630 104 36 voice
1376 633 224 46 approaches
1617 635 49 36 its
1692 636 148 36 highest

179 679 116 48 pitch,
322 679 65 36 the
413 679 153 48 thyroid
593 680 176 48 cartilage
795 681 170 36 becomes
992 683 81 36 still
1100 684 147 38 further
1273 687 181 48 elevated,
1481 702 39 24 so
1546 691 83 36 that
1654 692 48 35 its
1729 692 110 47 sharp

177 736 209 49 projecting
411 737 109 48 angle
546 749 157 36 engages
729 738 105 36 itself
857 738 143 37 behind
1027 740 64 37 the
1117 742 102 47 body
1245 743 41 36 of
1312 744 65 37 the
1404 758 38 24 os
1469 747 164 47 hyoides.
1701 748 47 36 In
1774 748 65 36 the

178 793 224 48 production
419 794 41 37 of
474 794 65 37 the
556 794 87 37 base
661 799 118 43 notes,
795 808 49 23 on
862 795 65 37 the
945 797 108 36 other
1070 797 114 47 hand,
1200 799 64 37 the
1282 800 72 37 box
1370 802 40 35 of
1425 802 64 37 the
1508 804 132 48 larynx
1660 806 30 35 is
1708 805 131 47 pulled

178 851 233 37 downwards
438 852 95 36 from
551 853 49 35 its
626 857 166 43 position
814 853 41 36 of
877 858 85 41 rest,
980 855 74 36 and
1072 855 138 50 during
1237 857 64 37 the
1318 859 131 37 lowest
1474 865 105 33 tones
1597 862 64 36 the
1687 862 153 36 inferior

179 909 90 48 edge
297 909 40 36 of
361 909 65 37 the
452 909 117 48 hyoid
594 910 98 36 bone
722 911 172 36 becomes
920 913 153 47 applied
1090 917 39 33 to
1156 914 65 37 the
1245 928 121 35 upper
1390 917 135 37 border
1542 919 40 36 of
1604 919 65 37 the
1687 919 151 47 thyroid

178 966 184 50 cartilage.
415 968 81 36 The
522 968 167 36 distance
716 968 171 37 between
913 970 65 36 the
1005 970 151 48 highest
1182 973 75 36 and
1284 974 65 36 the
1374 974 130 38 lowest
1530 977 108 47 point
1654 980 39 32 to
1713 977 125 35 which

175 1024 64 37 the
266 1037 155 36 pomum
449 1026 139 36 Adami
615 1026 31 36 is
672 1025 91 37 thus
789 1027 155 47 capable
969 1028 41 36 of
1032 1029 177 49 reaching
1235 1036 176 32 amounts
1437 1037 39 32 to
1502 1034 115 36 about
1644 1046 70 24 one
1736 1034 98 35 inch.

181 1083 51 35 As
249 1082 64 37 the
340 1082 134 49 larynx
493 1083 100 46 rises,
614 1083 65 36 the
697 1084 119 36 width
837 1084 41 36 of
901 1084 65 37 the
986 1086 163 36 interval
1170 1087 170 38 between
1357 1089 65 37 the
1441 1090 136 36 cricoid
1594 1091 75 36 and
1687 1090 152 48 thyroid

176 1140 193 48 cartilages
404 1141 169 37 becomes
608 1141 236 49 perceptibly
875 1142 241 38 diminished.
1187 1145 55 36 At
1273 1146 64 36 the
1371 1152 168 32 moment
1569 1148 40 36 of
1639 1152 201 32 transition

177 1198 171 36 between
365 1198 64 36 the
448 1203 84 32 true
549 1199 75 36 and
642 1199 65 36 the
725 1198 92 37 false
835 1199 117 47 voice,
966 1200 77 36 this
1061 1201 174 46 interval,
1251 1204 197 48 according
1466 1209 38 32 to
1522 1217 100 24 some
1640 1216 199 34 observers,

179 1268 114 36 opens
311 1256 167 48 slightly,
494 1257 76 37 and
588 1257 65 37 the
671 1257 154 47 thyroid
844 1257 176 48 cartilage
1038 1263 38 31 at
1089 1258 65 37 the
1169 1272 99 24 same
1282 1261 93 36 time
1388 1262 31 36 is
1436 1262 203 37 somewhat
1652 1262 161 36 lowered
1830 1274 9 31 ;

177 1313 105 37 these
296 1314 256 37 observations
566 1327 96 25 were
678 1315 81 36 first
777 1315 109 36 made
905 1315 51 48 by
972 1316 60 35 Mr
1047 1316 153 49 Bishop,
1216 1317 85 37 who
1318 1319 150 48 regards
1482 1319 105 37 them
1604 1332 39 24 as
1657 1319 182 47 affording

177 1383 92 36 very
283 1372 166 48 weighty
463 1372 177 37 evidence
654 1373 42 35 in
710 1376 158 45 support
886 1372 40 37 of
941 1373 59 36 his
1020 1386 84 23 own
1122 1374 134 48 theory
1271 1375 39 36 of
1322 1375 64 37 the
1403 1376 160 37 falsetto,
1578 1377 70 36 but
1666 1377 19 35 I
1705 1381 136 31 cannot

179 1442 64 36 say
261 1429 85 37 that
365 1430 18 36 I
402 1430 97 37 have
516 1430 96 37 been
638 1430 84 37 able
740 1434 39 33 to
796 1430 124 48 verify
937 1430 117 38 them.
1107 1431 175 38 Another
1308 1433 208 48 important
1542 1435 235 35 observation
1803 1437 38 31 to

180 1488 46 36 be
243 1488 110 36 made
372 1488 42 46 is,
433 1488 84 36 that
535 1489 135 47 during
684 1490 55 35 the
756 1489 135 47 highest
910 1492 95 33 notes
1022 1489 55 36 the
1095 1490 142 47 thyroid
1255 1491 171 48 cartilage
1443 1492 32 36 is
1493 1492 204 36 constricted
1714 1503 34 24 so
1766 1494 77 32 that

179 1547 46 36 its
242 1547 112 36 loidth
368 1546 100 48 from
485 1547 73 36 side
584 1551 32 32 to
635 1547 72 36 side
733 1548 32 35 is
783 1547 61 36 less
871 1547 90 36 than
978 1546 32 36 it
1035 1547 33 36 is
1086 1548 100 36 when
1212 1549 54 36 the
1285 1549 131 47 larynx
1432 1550 32 36 is
1482 1554 37 32 at
1536 1553 76 33 rest.
1666 1549 88 35 Any
1773 1559 69 24 one

178 1617 89 35 may
284 1604 133 37 satisfy
433 1605 157 36 himself
613 1606 41 35 of
676 1605 76 35 this
770 1605 51 47 by
843 1605 216 36 measuring
1077 1604 65 37 the
1168 1605 75 36 box
1269 1605 40 37 of
1331 1606 67 37 the
1422 1607 137 36 larynx
1583 1607 170 36 between
1779 1605 65 36 the

180 1662 117 49 finger
313 1663 77 36 and
407 1662 148 37 thumb.
609 1662 82 37 The
708 1662 197 37 following
931 1662 101 36 little
1058 1663 251 47 experiments
1328 1676 87 35 may
1433 1663 187 37 illustrate
1637 1664 65 35 the
1721 1663 123 36 effects

181 1720 122 36 which
324 1720 76 37 this
420 1720 241 37 constriction
679 1724 102 33 must
799 1720 97 37 have
914 1733 104 23 upon
1035 1720 66 36 the
1118 1720 115 37 voice.

229 1778 69 47 (.)
332 1778 124 37 When
487 1778 65 37 the
582 1778 71 37 alse
682 1778 40 37 of
750 1778 65 37 the
847 1777 176 49 cartilage
1053 1791 63 24 are
1145 1778 153 48 pressed
1327 1779 171 37 between
1529 1779 64 37 the
1622 1779 118 36 finger
1770 1780 74 35 and

180 1835 149 47 thumb,
349 1836 74 37 and
442 1849 21 24 a
481 1836 93 49 high
592 1841 88 32 note
697 1841 40 32 at
755 1836 65 37 the
839 1849 101 24 same
958 1836 93 36 time
1069 1837 33 35 is
1120 1836 181 36 sounded,
1320 1836 32 36 it
1369 1837 81 36 will
1468 1837 46 36 be
1540 1837 118 36 found
1685 1837 84 36 that
1794 1849 50 24 on

180 1892 190 50 suddenly
387 1895 197 36 removing
602 1894 64 36 the
684 1907 182 36 pressure,
885 1894 65 36 the
970 1894 104 36 voice
1091 1894 280 48 involuntarily
1389 1894 86 37 falls
1504 1895 141 36 several
1671 1899 105 32 notes
1802 1895 42 36 in

179 1951 65 36 the
263 1953 158 36 musical
439 1953 106 37 scale.
601 1954 46 35 In
666 1953 148 48 myself,
835 1953 19 36 I
874 1953 81 35 find
972 1951 84 37 that
1075 1951 77 37 this
1169 1964 171 36 pressure
1359 1953 152 36 renders
1528 1952 149 37 falsetto
1696 1952 148 49 singing

181 2010 125 47 easier,
326 2023 40 24 so
384 2011 84 37 that
486 2011 94 37 with
599 2011 49 37 its
666 2012 63 36 aid
749 2012 18 35 I
787 2024 62 23 am
866 2010 85 37 able
971 2015 38 32 to
1031 2011 89 36 take
1146 2011 144 36 several
1315 2015 107 32 notes
1449 2011 133 47 higher
1607 2011 94 36 than
1728 2011 18 36 I
1775 2023 68 24 can

180 2068 197 38 otherwise
394 2070 120 36 reach,
568 2070 65 47 (b.)
660 2071 63 35 An
742 2069 170 49 opposite
931 2069 236 37 experiment
1186 2069 156 36 consists
1363 2069 42 36 in
1431 2070 169 48 pressing
1626 2069 217 36 backwards

179 2125 95 37 with
296 2126 65 37 the
386 2127 119 48 finger
533 2127 65 37 the
625 2127 109 48 point
760 2127 41 35 of
825 2126 65 37 the
918 2139 157 35 pomum
1101 2126 142 36 Adami
1272 2126 112 37 when
1411 2139 21 23 a
1458 2126 73 36 low
1559 2138 87 24 note
1672 2127 31 35 is
1729 2126 113 48 being

178 2184 199 48 produced.
431 2185 48 36 In
498 2185 76 37 this
592 2197 92 25 case,
704 2198 47 23 on
771 2184 188 48 suddenly
980 2185 196 36 removing
1195 2183 64 37 the
1277 2196 182 36 pressure,
1478 2184 64 36 the
1560 2184 103 36 voice
1688 2188 38 32 at
1752 2196 90 24 once

177 2243 90 35 rises
294 2243 142 36 several
462 2255 118 25 notes,
638 2245 59 44 (c.)
727 2242 135 46 When,
884 2243 139 36 during
1050 2242 64 36 the
1141 2254 89 24 very
1258 2241 133 36 lowest
1418 2246 88 32 note
1533 2242 40 36 of
1595 2254 65 35 my
1688 2242 113 36 voice,
1822 2242 19 36 I

180 2312 186 36 compress
384 2301 64 37 the
465 2314 121 36 upper
607 2306 85 44 part
719 2301 39 36 of
783 2300 65 37 the
876 2300 155 48 thyroid
1058 2299 177 37 cartilage
1264 2300 42 35 in
1334 2299 65 37 the
1426 2311 157 25 manner
1610 2299 40 36 of
1673 2299 63 36 the
1761 2299 81 36 first

180 2359 244 48 experiment,
446 2359 17 37 I
482 2359 80 37 find
581 2359 95 37 that,
697 2358 128 37 whilst
843 2358 65 36 the
927 2370 172 36 pressure
1118 2358 208 43 continues,
1345 2357 65 36 the
1437 2357 104 36 voice
1567 2356 276 47 involuntarily

179 2415 202 39 alternates
408 2417 170 37 between
605 2417 66 37 the
697 2416 153 37 natural
877 2416 84 37 bass
992 2420 89 32 tone
1108 2415 75 37 and
1211 2427 21 24 a
1257 2414 92 49 high
1377 2415 120 36 treble
1525 2414 41 37 of
1591 2427 21 23 a
1639 2418 205 32 somewhat

180 2474 149 37 falsetto
359 2475 201 37 character.
613 2475 82 37 The
724 2475 91 47 only
843 2486 245 25 explanation
1116 2473 40 36 of
1179 2472 77 36 this
1283 2472 266 48 phenomenon
1577 2471 123 36 which
1729 2472 18 35 1
1775 2484 68 24 can

181 2532 113 37 think
313 2532 41 38 of
368 2533 42 46 is,
430 2533 84 37 that
531 2533 65 37 the
622 2533 108 37 vocal
756 2545 107 25 cords
888 2532 97 36 have
1014 2543 104 25 come
1146 2531 42 35 in
1214 2534 149 32 contact
1390 2534 38 32 at
1455 2530 168 48 opposite
1650 2530 136 48 points,
1804 2541 40 25 so

181 2590 83 37 that
282 2590 65 37 the
363 2591 130 47 glottis
511 2592 170 36 acquires
699 2591 65 37 the
783 2603 101 25 same
903 2589 105 50 pitch
1027 2601 39 24 as
1084 2589 33 35 if
1135 2589 31 35 it
1184 2600 97 24 were
1299 2587 85 37 half
1406 2587 134 37 closed.
1595 2587 17 35 I
1632 2599 87 35 may
1738 2591 105 42 state,

181 2648 185 38 however,
386 2649 84 37 that
493 2650 18 36 1
539 2649 97 37 have
663 2649 204 37 succeeded
894 2653 95 31 with
1018 2647 77 37 this
1122 2649 235 46 experiment
1385 2645 89 48 only
1493 2657 39 24 as
1559 2649 64 44 yet
1650 2657 103 37 upon
1779 2658 65 35 my

184 2719 85 23 own
286 2706 146 48 larynx.

233 2765 46 35 In
310 2764 231 49 performing
572 2764 252 50 experiments
856 2776 106 24 upon
992 2763 66 37 the
1088 2761 95 38 dead
1213 2761 148 48 larynx,
1391 2760 17 36 I
1440 2760 96 37 have
1566 2760 162 48 adopted
1754 2772 90 36 very

182 2822 114 36 much
315 2822 65 37 the
398 2822 92 49 plan
508 2823 201 48 employed
728 2822 50 36 by
799 2822 189 36 Professor
1007 2820 151 37 Miiller.
1213 2819 82 36 The
1314 2819 80 35 first
1412 2818 111 47 thing
1552 2822 38 31 to
1619 2818 45 35 be
1691 2818 97 35 done
1813 2817 31 35 is

183 2885 38 31 to
240 2881 51 35 fix
310 2880 64 37 the
391 2881 200 48 arytenoid
610 2880 205 49 cartilages,
837 2879 125 37 which
981 2891 88 24 may
1082 2878 47 36 be
1147 2875 278 49 accomplished
1443 2875 50 48 by
1509 2875 149 48 passing
1675 2888 21 23 a
1713 2875 132 36 needle

183 2938 252 49 transversely
453 2938 165 37 through
642 2938 100 37 their
767 2938 116 37 bases,
903 2937 76 37 and
1005 2936 153 49 pulling
1185 2934 105 37 them
1318 2932 172 49 together
1515 2932 52 47 by
1583 2932 193 48 applying,
1797 2944 48 23 on

184 2997 98 36 their
300 2997 182 49 posterior
499 3009 156 25 surface,
674 2996 146 37 around
844 2995 66 37 the
937 3006 212 37 projecting
1176 3004 91 24 ends
1295 2990 41 37 of
1360 2990 64 37 the
1450 2989 143 46 needle,
1611 3002 22 24 a
1660 2988 186 38 figure-of-

184 3054 104 49 eight
305 3055 171 49 ligature.
531 3055 125 36 AVhen
674 3054 77 37 this
769 3055 31 35 is
818 3053 98 37 done
935 3052 94 36 with
1049 3063 91 25 care,
1160 3049 65 37 the
1243 3048 107 38 vocal
1373 3047 104 38 cords
1503 3059 61 24 are
1592 3046 118 37 found
1736 3050 38 33 to
1801 3046 46 38 be

183 3112 165 50 brought
366 3113 212 49 accurately
597 3113 172 37 together
786 3112 41 35 in
845 3111 66 36 the
938 3109 145 37 middle
1101 3108 89 45 line,
1210 3119 40 25 so
1276 3118 39 25 as
1342 3109 37 33 to
1406 3105 46 37 be
1478 3117 49 24 on
1545 3104 64 37 the
1633 3116 99 24 same
1750 3103 98 38 level

184 3171 77 36 and
280 3176 38 32 to
336 3184 143 36 possess
497 3184 48 24 an
568 3170 112 49 equal
707 3170 132 36 degree
866 3168 40 36 of
931 3167 158 37 tension.
1145 3166 17 36 I
1193 3164 117 36 found
1338 3164 30 35 it
1386 3163 39 36 of
1449 3167 103 44 great
1578 3162 206 47 advantage
1810 3165 39 32 to
