2107 3450
1775 259 82 43 321

696 271 150 31 MOTOR
880 270 194 31 APHASIA
1108 259 255 55 (APHRMIA).

197 399 46 36 at
265 393 136 42 B,—a
417 391 184 44 relation
622 391 160 43 almost
798 405 46 28 as
863 391 204 42 intimate
1085 404 47 29 as
1151 391 36 42 is
1206 391 76 42 the
1301 395 185 38 relation
1507 389 47 43 of
1574 390 124 44 these
1718 397 140 37 motor

197 464 163 56 images
383 470 45 37 at
450 464 36 41 B
511 463 106 42 with
642 463 74 42 the
739 463 204 55 auditory
963 463 166 55 images
1152 466 47 38 at
1221 463 54 41 A.
1342 462 172 42 Ferrier
1539 462 56 55 (p.
1614 463 108 53 441)
1746 477 113 28 says,

195 540 20 16 "
232 534 119 43 Here
383 535 74 42 the
489 534 284 43 articnlatory
796 548 47 28 or
874 537 143 39 motor
1049 533 193 43 element
1274 533 37 43 is
1348 533 74 43 the
1456 533 168 43 central
1657 534 127 55 point
1814 535 48 41 of

196 613 86 35 two
304 620 177 42 sensory
505 606 379 43 cohesions,—the
909 619 81 28 one
1014 606 218 55 auditory,
1251 604 74 43 the
1344 604 126 43 other
1488 605 366 43 visual,—which

197 686 82 34 two
313 694 70 27 are
419 677 204 45 regarded
657 693 46 27 as
736 677 292 57 equivalent."
1092 678 43 42 If
1170 678 72 42 the
1267 677 143 42 visual
1435 678 163 55 images
1626 678 47 41 of
1702 678 154 43 letters

194 766 69 26 are
297 764 119 29 more
448 750 251 43 intimately
722 750 241 42 associated
989 750 106 42 with
1131 750 73 42 the
1236 754 142 38 motor
1411 750 165 54 images
1610 755 45 37 at
1686 750 36 41 B
1746 750 105 42 than

199 821 104 43 with
328 822 72 42 the
424 822 203 42 auditory
651 827 45 37 at
719 822 53 42 A,
796 823 34 41 it
854 822 266 44 necessarily
1144 822 161 43 results
1341 826 96 39 that
1472 822 75 42 the
1580 822 275 42 destruction

193 894 45 42 of
260 894 74 42 the
358 899 140 37 motor
519 894 164 57 images
706 899 46 38 at
775 896 36 41 B
833 894 90 44 will
947 895 44 42 in
1016 909 131 29 every
1167 908 97 29 case
1288 894 44 43 of
1358 899 140 38 motor
1521 894 181 56 aphasia
1727 908 129 29 cause

193 967 165 42 serious
384 967 288 43 interference
696 967 108 43 with
827 968 75 42 the
927 982 146 42 power
1095 969 47 41 of
1161 967 207 57 reading;
1404 968 184 42 because
1612 967 76 42 the
1713 981 143 28 visual

194 1039 163 56 images
380 1046 45 36 at
448 1040 33 43 C
504 1054 78 28 can
609 1040 104 56 only
732 1041 146 42 revive
903 1040 74 42 the
1003 1054 205 42 meaning
1230 1040 58 56 by
1303 1040 150 55 acting
1476 1054 117 42 upon
1613 1039 36 42 it
1664 1039 192 55 through

197 1110 75 43 the
295 1111 164 56 images
482 1111 46 42 of
554 1111 74 43 the
651 1112 195 55 primary
870 1126 170 42 couple,
1065 1111 86 42 and
1176 1111 74 42 the
1274 1111 272 42 destruction
1572 1112 46 39 of
1640 1110 34 41 B
1701 1110 155 42 breaks

198 1197 81 28 one
302 1184 48 41 of
369 1183 74 43 the
467 1184 261 56 connecting
750 1184 132 43 links.

214 1351 151 55 Effects
387 1365 114 41 upon
523 1352 65 41 the
609 1366 138 41 power
767 1353 52 55 of
833 1352 236 55 Repeating
1091 1366 47 27 or
1158 1351 193 55 Echoing
1373 1349 166 57 Spoken
1561 1349 162 56 Speech,
1748 1351 92 41 and

567 1438 116 41 upon
705 1424 94 42 that
820 1425 51 55 of
890 1423 190 56 Copying
1114 1422 184 43 Written
1319 1422 162 56 Speech.

254 1543 145 42 When
439 1548 142 37 motor
618 1544 180 56 aphasia
835 1544 37 43 is
911 1548 230 52 complete,
1175 1543 75 42 the
1284 1557 147 41 power
1464 1543 47 42 of
1546 1544 231 54 repeating
1811 1558 48 27 or

192 1615 183 56 echoing
407 1615 168 56 spoken
598 1616 142 42 words
773 1617 36 41 is
844 1617 47 41 of
920 1630 151 29 course
1104 1615 235 43 destroyed
1373 1629 46 28 as
1454 1615 273 56 completely
1747 1629 47 29 as
1820 1616 39 42 is

193 1688 74 43 the
299 1702 147 42 power
477 1689 46 42 of
552 1689 231 42 volitional
808 1704 46 27 or
883 1703 297 29 spontaneous
1211 1694 238 37 utterance.
1515 1689 55 41 In
1595 1688 106 42 both
1725 1702 135 37 cases,

189 1759 75 43 the
298 1774 145 41 power
474 1760 46 42 of
551 1765 227 38 utterance
803 1760 145 42 would
973 1761 51 41 be
1048 1760 87 42 lost
1157 1760 312 56 permanently
1495 1774 112 29 were
1630 1760 36 41 it
1690 1765 78 37 not
1791 1761 67 41 for

190 1831 75 43 the
298 1832 191 43 Further
521 1833 248 42 Education
802 1833 45 42 of
879 1833 74 42 the
984 1832 287 43 convolution
1294 1847 56 27 on
1375 1832 75 42 the
1474 1837 200 50 opposite
1698 1832 93 43 side
1814 1832 48 44 of

191 1905 74 41 the
285 1905 137 51 brain,
440 1905 145 42 which
601 1905 296 52 convolution,
913 1919 46 29 as
977 1920 63 28 we
1057 1906 110 42 have
1185 1919 114 38 seen,
1315 1919 103 41 may
1432 1905 229 56 gradually
1679 1906 178 42 acquire

189 1976 278 42 articulative
501 1991 155 41 power.
722 1978 22 40 I
780 1977 130 42 think
945 1978 37 41 it
1016 1977 36 43 is
1091 1977 170 42 worthy
1296 1977 45 42 of
1376 1982 113 37 note,
1516 1983 46 36 at
1597 1977 90 42 this
1717 1981 141 52 point,

191 2048 98 42 that
331 2048 74 43 the
449 2049 263 56 acquisition
757 2051 49 40 of
843 2049 281 43 articulative
1166 2063 147 42 power
1359 2049 56 55 by
1470 2050 74 42 the
1599 2049 256 57 previously

193 2120 278 42 uneducated
490 2125 146 38 centre
659 2121 37 42 is
716 2121 223 42 furthered
962 2121 35 42 if
1021 2121 74 42 the
1114 2120 172 56 patient
1306 2120 34 43 is
1359 2120 127 43 made
1509 2125 45 37 to
1571 2124 192 53 attempt
1780 2121 75 43 the

194 2192 234 43 repetition
459 2208 46 27 or
537 2193 186 42 echoing
755 2194 45 41 of
833 2193 140 43 words
1008 2193 87 42 and
1129 2192 316 43 letter-sounds
1478 2192 167 43 spoken
1680 2198 45 37 to
1747 2193 106 44 him.

194 2264 87 43 But
306 2265 21 41 I
351 2264 113 43 shall
484 2264 111 43 have
618 2265 251 43 something
891 2270 45 37 to
960 2279 77 42 say
1060 2264 213 57 specially
1296 2278 135 28 about
1454 2263 75 43 the
1553 2263 235 43 education
1812 2265 47 42 of

190 2337 123 42 these
336 2350 119 30 cases
479 2337 234 57 presently.

249 2409 64 43 As
348 2414 43 38 to
424 2410 179 56 copying
634 2409 51 43 of
714 2411 172 41 written
917 2425 48 27 or
989 2409 182 57 printed
1201 2409 148 42 words,
1373 2408 36 42 it
1441 2408 38 42 is
1503 2412 79 39 not
1605 2408 250 58 materially

191 2482 236 43 interfered
467 2482 108 43 with
614 2483 44 42 in
698 2487 143 38 motor
883 2483 192 56 aphasia.
1156 2481 54 51 If,
1247 2481 145 43 owing
1431 2486 45 37 to
1515 2481 228 57 paralysis,
1779 2481 75 43 the

189 2555 170 56 patient
396 2563 162 35 cannot
596 2569 110 42 copy
734 2555 105 42 with
873 2555 75 43 the
988 2560 119 52 right
1145 2553 131 52 hand,
1300 2554 54 43 he
1393 2568 80 28 can
1503 2553 54 43 do
1580 2568 47 28 so
1653 2553 107 43 with
1784 2554 69 43 his

189 2628 89 42 left.
345 2628 44 42 It
411 2628 37 42 is
479 2627 226 57 generally
729 2628 138 43 found
890 2628 99 43 that
1011 2628 55 42 he
1090 2627 79 43 has
1193 2641 56 28 no
1272 2626 220 57 difficulty
1517 2627 44 42 in
1590 2628 265 57 translating

191 2697 175 56 printed
399 2698 94 42 into
528 2698 175 42 written
739 2703 258 38 characters.
1062 2697 92 43 The
1187 2702 198 38 contrast
1419 2697 200 43 between
1648 2697 119 43 what
1801 2698 53 42 he

192 2770 76 42 has
292 2770 175 42 written
504 2771 108 41 from
644 2784 111 42 copy
777 2770 87 43 and
893 2775 121 38 what
1043 2769 56 44 he
1132 2769 79 44 has
1236 2769 177 44 written
1447 2769 347 56 spontaneously
1817 2770 38 43 is

190 2850 117 33 often
348 2839 283 45 remarkable.
697 2842 120 42 Thus
855 2856 24 28 a
915 2847 173 51 patient
1127 2841 46 43 of
1209 2855 73 42 my
1317 2855 114 28 own,
1467 2840 129 42 when
1635 2841 134 42 asked
1810 2845 43 39 to

193 2913 137 42 write,
352 2918 45 37 to
423 2927 70 42 my
517 2913 226 52 dictation,
760 2913 76 43 the
860 2914 140 42 words
1023 2917 21 18 "
1062 2913 233 57 yesterday
1320 2917 46 38 at
1387 2913 97 42 Ayr
1507 2912 148 43 Police
1679 2911 176 54 Court,"

194 2992 131 36 wrote
348 2986 21 21 "
385 2983 187 46 Grlaraen
597 3000 24 28 a
638 2985 88 57 dug
748 3001 57 41 gu
823 2987 178 42 Puegen
1020 2986 121 43 Tued
1161 2985 108 44 Gow
1289 2985 146 58 Mgu,"
1455 2985 80 43 but
1555 2984 127 44 when
1700 2985 153 43 shown

192 3056 74 43 the
291 3055 139 43 words
461 3056 47 42 in
542 3057 121 55 print
696 3057 54 43 he
783 3057 152 43 copied
959 3057 123 43 them
1106 3057 45 42 in
1178 3057 176 55 writing
1380 3070 104 41 very
1508 3054 176 58 legibly.
1749 3056 105 42 This

193 3128 170 59 patient
388 3141 86 30 was
513 3134 90 36 not,
625 3129 44 41 in
704 3128 74 43 the
811 3143 158 44 proper
1007 3143 125 29 sense
1168 3129 46 41 of
1246 3128 73 43 the
1358 3133 127 38 term,
1508 3131 20 17 "
1552 3127 304 44 word-blind."

1601 3189 24 41 2
1651 3200 22 32 «
