2240 3972
1058 170 63 51 15

112 304 376 55 consciousness
515 305 41 52 is
576 308 90 49 not
694 308 339 48 co-extensive
1060 303 122 53 with
1210 304 156 53 mind.
1420 304 152 55 From
1599 306 88 53 the
1713 307 108 53 first
1848 311 222 49 moment

114 381 54 52 of
203 381 65 51 its
307 379 340 52 independent
687 378 250 53 existence
977 378 86 52 the
1101 377 144 53 brain
1270 377 181 71 begins
1477 385 54 47 to
1560 381 272 52 assimilate
1858 381 210 71 impres-

114 473 132 33 sions
272 453 128 53 from
428 452 232 65 without,
691 451 100 54 and
829 458 54 46 to
922 455 161 50 re-act
1120 452 197 52 thereto
1357 453 52 52 in
1443 454 396 71 corresponding
1866 473 204 52 organic

114 532 347 66 adaptations;
502 527 104 53 this
652 527 42 52 it
738 526 116 52 does
898 531 49 47 at
982 526 108 52 first
1116 525 215 54 without
1357 546 391 47 consciousness,
1778 529 98 53 and
1901 529 102 52 this
2030 528 41 53 it

115 602 261 53 continues
403 606 54 47 to
486 600 62 53 do
570 600 385 71 unconsciously
981 619 139 34 more
1146 619 55 34 or
1226 599 98 54 less
1350 601 318 71 throughout
1693 603 101 52 life.
1872 602 138 55 Thus
2030 602 44 53 it

113 676 42 52 is
182 680 112 48 that
331 675 190 53 mental
558 694 166 52 power
750 674 41 52 is
818 673 153 72 being
1011 673 264 54 organised
1314 673 173 54 before
1521 681 88 48 the
1638 682 356 47 supervention
2020 675 56 53 of

115 750 400 64 consciousness,
543 748 98 53 and
681 754 112 47 that
818 754 88 47 the
933 747 143 53 mind
1101 748 42 52 is
1171 747 360 73 subsequently
1556 749 253 71 regularly
1837 749 236 54 modified

115 844 52 33 as
194 844 28 32 a
246 822 200 54 natural
472 841 200 53 process
701 822 214 53 without
939 822 87 53 the
1053 822 338 53 intervention
1418 822 55 54 of
1507 823 394 53 consciousness.
1964 824 109 52 The

114 916 351 53 preconscious
508 902 167 48 action
715 896 55 53 of
804 901 86 48 the
930 915 158 46 mind,
1127 916 52 33 as
1207 901 187 48 certain
1421 897 362 72 metaphysical
1808 897 263 72 psycholo-

116 991 124 51 gists
266 970 53 53 in
347 972 255 71 Germany
627 971 126 52 have
791 970 160 53 called
988 970 58 66 it,
1075 970 98 53 and
1210 974 88 49 the
1332 990 336 34 unconscious
1696 976 168 48 action
1893 971 54 52 of
1982 971 89 53 the

115 1045 158 65 mind,
320 1045 166 53 which
534 1046 42 52 is
628 1064 112 33 now
783 1044 304 53 established
1135 1043 201 72 beyond
1387 1044 67 54 all
1504 1045 213 53 rational
1770 1046 177 64 doubt,
1992 1064 82 34 are

116 1119 255 71 assuredly
397 1119 126 53 facts
552 1119 55 53 of
641 1119 165 53 which
850 1125 88 47 the
978 1123 133 49 most
1152 1118 177 54 ardent
1370 1119 351 71 psychologist
1747 1124 138 49 must
1912 1138 161 34 admit

116 1194 110 53 that
253 1193 496 53 self-consciousness
777 1212 92 34 can
896 1212 114 52 give
1037 1212 58 33 us
1117 1211 66 34 no
1204 1198 229 47 account.

188 1270 52 50 4.
280 1267 317 71 Everything
623 1267 165 53 which
825 1267 89 53 has
954 1266 194 54 existed
1184 1266 123 53 with
1346 1286 96 51 any
1477 1266 360 54 completeness
1875 1266 54 53 in
1956 1285 116 34 con-

118 1341 280 53 sciousness
438 1341 42 53 is
522 1360 279 53 preserved,
860 1341 126 54 after
1026 1341 66 52 its
1139 1340 386 72 disappearance
1563 1340 291 65 therefrom,
1897 1340 55 53 in
1989 1340 87 53 the

118 1415 140 53 mind
302 1435 56 33 or
399 1414 161 68 brain,
604 1415 100 53 and
744 1434 114 52 may
900 1434 238 52 reappear
1178 1414 54 53 in
1266 1416 377 51 consciousness
1672 1419 50 48 at
1744 1432 137 35 some
1905 1414 171 53 future

117 1489 138 53 time.
332 1490 133 53 That
514 1489 165 54 which
728 1489 208 71 persists
989 1508 55 34 or
1094 1489 42 53 is
1185 1489 224 53 retained
1471 1489 91 53 has
1612 1488 128 54 been
1791 1487 285 72 differently

119 1563 256 53 described
420 1583 52 34 as
518 1583 28 33 a
585 1563 276 64 residuum,
892 1582 55 34 or
982 1563 134 65 relic,
1159 1581 56 35 or
1251 1567 152 61 trace,
1444 1582 56 34 or
1528 1567 212 66 vestige,
1767 1581 55 34 or
1849 1581 147 51 again
2022 1581 53 33 as

119 1637 264 71 potential,
427 1657 56 33 or
519 1637 176 66 latent,
734 1657 55 34 or
825 1637 232 52 dormant
1094 1637 139 66 idea;
1276 1636 99 53 and
1412 1636 42 54 it
1488 1637 42 53 is
1555 1637 53 52 in
1634 1641 87 48 the
1747 1636 250 53 existence
2025 1635 55 54 of

120 1711 124 53 such
282 1712 198 52 residua
517 1716 113 48 that
668 1730 223 52 memory
927 1711 236 53 depends.
1240 1711 113 53 Not
1380 1711 119 71 only
1527 1711 203 52 definite
1755 1710 153 64 ideas,
1936 1710 139 53 how-

121 1804 129 47 ever,
291 1785 96 53 but
432 1785 66 53 all
536 1786 255 52 affections
833 1785 56 53 of
921 1791 87 47 the
1044 1804 217 34 nervous
1289 1803 205 53 system,
1521 1785 210 53 feelings
1759 1784 55 53 of
1847 1803 229 51 pleasure

121 1859 98 54 and
245 1859 133 72 pain,
409 1859 197 66 desires,
634 1859 100 54 and
772 1878 123 34 even
932 1859 66 53 its
1039 1858 227 54 outward
1291 1863 263 62 reactions,
1580 1859 120 53 thus
1727 1858 137 53 leave
1889 1857 189 54 behind

120 1938 140 48 them
303 1933 131 53 their
478 1933 199 54 residua
723 1932 99 55 and
865 1932 81 72 lay
987 1933 89 53 the
1119 1932 302 54 foundation
1463 1933 55 53 of
1571 1952 174 34 modes
1789 1932 56 53 of
1892 1932 184 65 action,

121 2007 199 71 feeling,
350 2007 98 53 and
473 2007 239 54 thought.
755 2007 281 53 Particular
1062 2011 186 49 talents
1275 2026 82 34 are
1384 2007 285 53 sometimes
1696 2006 197 54 formed
1920 2011 156 65 quite,

122 2100 55 34 or
202 2081 180 53 almost
409 2081 154 70 quite,
590 2081 390 71 involuntarily;
1021 2080 99 54 and
1158 2100 228 34 complex
1411 2085 194 49 actions
1631 2081 164 53 which
1821 2099 125 38 were
1970 2081 111 53 first

122 2155 314 71 consciously
486 2174 282 52 performed
817 2154 69 72 by
937 2154 111 53 dint
1099 2155 55 53 of
1206 2159 141 67 great
1398 2155 322 71 application,
1761 2154 207 53 become
2011 2154 68 66 by

123 2229 264 71 repetition
405 2229 304 66 automatic;
737 2228 152 67 ideas,
911 2229 164 53 which
1097 2247 127 35 were
1251 2234 50 48 at
1317 2229 109 53 first
1446 2229 315 72 consciously
1787 2228 291 66 associated,

126 2303 281 71 ultimately
434 2302 96 54 call
557 2322 94 34 one
678 2307 209 49 another
914 2322 69 51 up
1011 2303 216 53 without
1266 2322 97 52 any
1391 2321 398 48 consciousness,
1818 2322 52 33 as
1897 2321 74 34 we
1998 2321 80 35 see

127 2376 53 53 in
218 2382 86 47 the
347 2376 151 71 quick
539 2381 293 67 perception
874 2396 55 33 or
966 2376 242 54 intuition
1246 2377 55 53 of
1335 2383 88 47 the
1460 2396 119 34 man
1618 2377 56 53 of
1706 2377 139 53 large
1869 2376 209 70 worldly

128 2469 317 52 experience;
511 2450 99 53 and
659 2450 228 71 feelings,
936 2470 120 33 once
1106 2451 173 65 active,
1332 2451 137 53 leave
1520 2450 188 54 behind
1756 2451 142 53 them
1947 2450 132 53 their

129 2542 332 35 unconscious
488 2523 214 66 residua,
729 2529 122 48 thus
878 2524 236 71 affecting
1138 2529 87 48 the
1250 2524 202 71 general
1475 2529 119 49 tone
1615 2525 56 52 of
1692 2529 87 48 the
1805 2543 273 46 character,

131 2616 54 33 so
209 2602 127 61 that,
365 2604 140 65 apart
542 2598 131 53 from
709 2602 87 49 the
835 2598 212 53 original
1085 2617 56 34 or
1165 2598 185 53 inborn
1375 2617 178 35 nature
1581 2599 54 52 of
1668 2598 87 53 the
1780 2597 297 65 individual,

132 2675 356 62 contentment,
540 2671 333 72 melancholy,
938 2671 288 67 cowardice,
1290 2672 228 70 bravery,
1572 2672 102 53 and
1735 2691 124 35 even
1920 2672 161 53 moral

132 2743 195 72 feeling,
360 2765 81 34 are
482 2745 270 72 generated
796 2765 53 33 as
893 2751 89 48 the
1022 2745 183 54 results
1242 2745 55 54 of
1329 2745 273 71 particular
1635 2745 87 53 life
1747 2745 331 54 experiences.

134 2816 385 56 Consciousness
562 2819 43 53 is
650 2824 91 48 not
782 2819 111 53 able
926 2824 55 48 to
1027 2838 113 52 give
1185 2839 97 51 any
1324 2824 214 48 account
1583 2821 55 51 of
1670 2825 88 47 the
1795 2839 209 33 manner
2028 2819 54 54 in

134 2891 157 53 which
333 2898 140 48 these
516 2912 200 34 various
760 2893 200 53 residua
1004 2912 82 34 are
1128 2898 348 66 perpetuated,
1519 2892 98 54 and
1654 2893 113 53 how
1805 2898 120 66 they
1953 2898 129 49 exist

134 2962 156 55 latent
327 2966 54 53 in
417 2973 87 46 the
542 2966 172 65 mind;
752 2966 96 53 but
875 2986 26 33 a
927 2967 151 64 fever,
1107 2986 28 33 a
1160 2967 180 70 poison
1370 2968 55 51 in
1449 2967 88 53 the
1562 2966 167 66 blood,
1760 2985 55 35 or
1841 2987 28 32 a
1896 2967 183 64 dream,

134 3056 113 52 may
273 3044 50 47 at
343 3059 92 52 any
451 3044 223 49 moment
693 3040 152 53 recall
870 3040 153 66 ideas,
1050 3040 229 71 feelings,
1309 3040 100 54 and
1435 3041 241 53 activities
1696 3041 163 52 which
1886 3041 197 53 seemed

136 3110 76 53 for
237 3130 108 35 ever
370 3114 258 52 vanished.
706 3114 107 53 The
837 3114 193 52 lunatic
1057 3120 283 47 sometimes
1366 3119 204 60 reverts,
1598 3115 55 52 in
1677 3115 78 52 his
1781 3115 219 70 ravings,
2028 3119 55 48 to

138 3201 166 36 scenes
346 3187 99 52 and
490 3206 173 34 events
709 3187 53 54 of
797 3187 180 66 which,
1005 3187 145 54 when
1184 3188 55 53 in
1277 3189 79 52 his
1396 3188 164 53 sound
1599 3207 184 47 senses,
1809 3188 65 53 he
1899 3189 90 52 has
2016 3207 66 34 no

138 3275 250 54 memory;
446 3260 87 53 the
572 3261 380 53 fever-stricken
991 3266 193 65 patient
1228 3281 113 52 may
1382 3281 131 52 pour
1554 3267 90 49 out
1687 3281 235 52 passages
1963 3262 55 52 in
2057 3281 28 33 a

138 3328 242 74 language
406 3333 162 53 which
605 3334 63 53 he
706 3334 334 53 understands
1079 3341 108 59 not,
1215 3335 94 53 but
1336 3335 164 53 which
1538 3336 62 53 he
1637 3336 91 52 has
1756 3334 331 70 accidentally

139 3401 182 68 heard;
364 3426 28 32 a
437 3406 169 54 dream
651 3407 54 53 of
740 3407 152 71 being
918 3413 50 48 at
996 3407 172 55 school
1207 3409 148 53 again
1379 3409 177 53 brings
1584 3409 131 53 back
1741 3409 124 52 with
1890 3409 196 70 painful

144 3475 242 56 vividness
426 3484 87 49 the
558 3480 173 54 school
771 3481 242 71 feelings;
1073 3482 98 53 and
1212 3482 171 54 before
1425 3483 105 52 him
1575 3483 113 52 who
1733 3482 43 52 is
1823 3481 264 70 drowning

141 3566 140 53 every
307 3557 143 48 event
477 3554 54 52 of
564 3553 78 53 his
669 3554 85 53 life
782 3574 155 34 seems
965 3560 52 48 to
1058 3555 125 53 flash
1218 3556 52 52 in
1298 3576 91 33 one
1417 3561 223 48 moment
1668 3555 55 53 of
1759 3574 201 34 strange
1988 3555 100 52 and

144 3621 129 55 vivid
298 3627 388 54 consciousness.
