2113 3404
881 265 86 31 THE
1002 267 240 33 DISORDERS
1274 270 53 30 OF
1359 269 174 32 SPEECH.

382 250 82 41 206

383 379 122 43 when
529 381 21 41 I
574 395 118 30 come
712 386 42 40 to
774 388 111 38 treat
907 385 46 41 of
972 385 72 43 the
1062 387 154 54 speech
1236 389 43 40 of
1300 387 228 43 dementia,
1544 387 85 42 and
1646 387 111 43 shall
1780 388 88 43 also
1887 389 109 42 have

380 452 245 56 something
650 458 42 37 to
715 468 76 41 say
814 455 132 41 about
967 456 35 41 it
1024 456 44 42 in
1091 458 241 41 connexion
1357 457 103 42 with
1484 458 186 42 aphasia.

439 523 77 54 (2.)
553 523 298 44 Conventional
867 524 278 57 Replies.—A
1160 527 150 56 higher
1324 527 300 43 development
1639 529 45 40 of
1699 528 126 42 reflex
1843 529 154 54 speech

381 591 36 43 is
460 592 90 42 also
592 595 118 41 often
755 601 89 36 met
886 596 105 42 with
1043 597 47 41 in
1136 611 118 29 cases
1300 599 43 41 of
1391 598 532 55 dementia,—especially,
1964 599 34 41 it

383 663 144 41 would
579 678 168 41 appear,
800 666 43 40 in
898 680 116 28 cases
1066 667 44 41 of
1161 668 133 41 senile
1347 668 226 41 dementia.
1637 668 42 41 It
1721 668 180 42 consists
1955 670 43 40 in

382 733 73 42 the
488 734 151 55 giving
672 736 45 41 of
755 734 285 57 Stereotyped
1077 751 47 27 or
1162 737 314 42 Conventional
1513 738 174 54 Keplies
1725 744 42 35 to
1799 738 200 55 ordinary

382 805 304 41 conventional
718 806 232 54 questions.
1013 811 20 17 "
1051 807 111 41 How
1185 807 53 41 do
1261 822 84 40 you
1368 808 52 41 do
1437 810 14 39 ?
1467 808 20 15 "
1519 822 97 40 says
1649 808 72 42 the
1743 808 254 54 questioner.

382 879 20 15 "
420 873 130 52 Quite
588 875 107 50 well,
733 875 138 42 thank
908 876 121 54 you,"'
1051 890 98 28 says
1182 877 73 41 the
1289 891 224 36 answerer,
1536 878 162 55 though
1733 878 53 42 he
1818 892 98 41 may
1947 878 52 42 be

386 958 100 41 very
509 944 49 41 ill
581 945 166 42 indeed.
811 946 102 41 This
935 946 37 41 is
1004 960 24 27 a
1061 950 87 38 sort
1184 946 46 41 of
1262 946 122 56 reply
1406 961 63 27 we
1498 947 59 41 all
1588 947 124 43 make
1743 948 257 50 sometimes,

381 1014 127 42 when
532 1029 64 28 we
617 1029 72 28 are
712 1015 360 43 absent-minded.
1134 1016 90 42 The
1250 1030 102 41 poor
1374 1017 175 42 dement
1578 1017 37 42 is
1646 1017 159 56 always
1829 1023 169 37 absent-

383 1085 177 42 minded
580 1101 8 36 ;
620 1086 67 41 his
721 1086 121 41 mind
876 1087 37 41 is
946 1100 119 41 gone.
1132 1086 117 43 Such
1285 1087 303 42 conventional
1624 1102 185 28 answers
1847 1103 68 27 are
1953 1102 45 28 so

381 1156 120 41 often
523 1157 201 41 repeated
746 1156 45 41 in
814 1156 73 43 the
911 1171 147 27 course
1091 1157 43 41 of
1170 1171 24 27 a
1228 1157 181 42 lifetime
1444 1157 96 42 that
1562 1158 73 41 the
1658 1162 341 50 speech-centres

381 1226 119 42 learn
525 1227 120 42 them
669 1228 56 54 by
747 1231 105 38 rote,
873 1227 86 42 and
981 1241 78 28 can
1083 1233 146 36 repeat
1251 1228 116 41 them
1391 1228 335 55 automatically,
1748 1229 35 40 if
1801 1229 101 54 only
1926 1229 73 41 the

382 1296 203 42 stimulus
608 1297 46 41 of
687 1297 72 41 the
790 1297 303 42 conventional
1117 1297 198 54 question
1351 1297 52 42 be
1437 1297 208 54 supplied.
1709 1297 124 42 Some
1861 1297 137 41 would

381 1365 110 43 have
515 1380 49 28 us
587 1365 167 42 believe
776 1365 96 42 that
894 1365 73 42 the
990 1379 170 41 process
1183 1365 35 41 is
1236 1365 184 55 entirely
1438 1365 141 41 reflex,
1594 1364 84 42 and
1700 1365 93 41 that
1812 1365 70 41 the
1900 1379 98 27 con-

383 1435 242 43 sciousness
647 1435 77 41 has
748 1435 183 55 nothing
953 1440 43 37 to
1020 1436 52 41 do
1097 1436 105 41 with
1226 1436 84 41 this
1333 1435 105 41 kind
1462 1435 46 42 of
1535 1436 154 54 speech
1713 1435 45 41 in
1781 1436 218 51 dements;

383 1506 92 42 but,
497 1507 65 41 for
583 1520 73 41 my
679 1519 96 29 own
798 1510 108 51 part,
929 1506 22 41 I
975 1520 67 27 am
1065 1506 191 42 inclined
1278 1510 43 37 to
1345 1505 127 42 think
1496 1505 94 42 that
1623 1506 117 41 there
1766 1510 116 37 must
1902 1506 52 42 be
1976 1520 24 27 a

383 1574 115 42 little
521 1574 162 42 mental
705 1574 323 42 consciousness
1051 1574 44 41 in
1119 1573 58 42 all
1199 1574 119 41 these
1348 1587 128 28 cases,
1498 1573 152 42 roused
1681 1573 93 41 into
1806 1574 194 50 activity,

386 1645 194 55 perhaps,
618 1645 57 42 by
710 1645 72 42 the
820 1645 199 54 question
1039 1661 8 35 ;
1093 1645 84 41 and
1212 1659 116 28 some
1366 1645 136 42 feeble
1539 1644 273 56 glimmering
1848 1646 46 40 of
1927 1645 73 42 the

385 1716 202 42 meaning
603 1716 42 41 of
662 1716 73 42 the
753 1716 212 55 question,
982 1715 162 55 though
1162 1715 73 43 the
1252 1730 164 27 answer
1429 1716 128 54 given
1574 1730 98 40 may
1688 1715 50 42 be
1753 1730 44 27 so
1815 1716 62 40 far
1892 1717 106 40 from

385 1790 107 39 true.
554 1787 111 41 How
688 1786 82 42 low
794 1786 72 42 the
889 1787 322 41 consciousness
1233 1800 99 27 may
1355 1786 107 41 have
1485 1786 113 41 sunk
1629 1786 45 40 in
1706 1799 115 29 some
1853 1786 44 41 of
1927 1786 72 41 the

385 1857 197 42 dements
607 1857 93 41 who
724 1857 168 41 exhibit
923 1856 87 42 this
1043 1857 108 40 form
1187 1857 43 40 of
1266 1856 128 42 reflex
1434 1856 152 41 speech
1622 1856 36 41 is
1682 1855 317 43 demonstrated

385 1927 57 42 by
461 1927 105 42 such
590 1941 24 27 a
636 1942 95 27 case
754 1941 45 27 as
823 1927 95 41 that
939 1927 201 41 recorded
1163 1927 56 55 by
1236 1927 65 41 Dr
1319 1926 162 42 George
1504 1926 59 41 M.
1583 1926 249 49 Robertson,
1861 1926 140 42 senior

386 1999 205 42 assistant
634 1999 46 40 in
726 1998 71 41 the
842 1997 136 55 Royal
1017 1997 254 55 Edinburgh
1302 1996 199 56 Asylum,
1538 1997 44 39 in
1628 2011 23 26 a
1694 2010 130 41 paper
1860 1996 139 41 which

386 2070 76 41 has
485 2069 212 42 attracted
720 2067 244 44 attention.1
1026 2068 88 41 The
1137 2068 167 54 patient
1326 2081 85 27 was
1435 2081 53 26 an
1516 2066 70 42 old
1619 2080 98 27 man
1742 2066 103 41 with
1868 2066 132 42 senile

386 2141 231 42 dementia,
639 2154 44 28 so
706 2139 208 42 mindless
937 2138 96 42 that
1061 2138 53 41 he
1145 2142 21 16 "
1184 2151 83 28 was
1290 2137 115 55 dirty
1428 2135 44 43 in
1497 2137 66 41 his
1586 2136 154 50 habits,
1764 2136 138 40 would
1927 2142 74 34 not

385 2213 131 41 touch
541 2211 97 42 food
661 2211 34 40 if
715 2211 35 41 it
773 2224 86 27 was
882 2209 150 55 placed
1056 2208 142 42 before
1222 2208 101 48 him,
1340 2221 130 28 never
1491 2206 123 41 made
1637 2221 24 26 a
1678 2205 135 54 single
1830 2211 171 49 request

386 2285 64 39 for
472 2282 97 42 food
603 2296 46 27 or
680 2281 214 54 anything
926 2279 97 42 else,
1047 2279 83 41 and
1165 2277 140 41 would
1340 2281 76 37 not
1451 2277 52 41 do
1537 2277 73 41 the
1647 2276 197 54 simplest
1879 2276 121 54 thing

388 2354 95 41 that
506 2367 85 27 was
615 2351 132 42 asked
771 2350 125 41 him."
957 2349 146 41 When
1135 2348 79 41 left
1246 2351 42 37 to
1320 2347 176 42 himself
1526 2346 54 42 he
1603 2360 84 27 was
1717 2346 44 40 in
1787 2346 71 41 the
1881 2346 121 41 habit

387 2426 46 40 of
466 2423 171 43 talking
674 2427 43 36 to
744 2420 177 42 himself
955 2417 336 54 automatically,
1314 2416 266 42 thus:—"If
1614 2430 85 40 you
1738 2415 140 42 would
1911 2416 92 54 just

388 2509 119 29 come
529 2491 222 44 be—with
772 2491 74 42 the
870 2489 270 42 way—what
1172 2501 94 28 now
1284 2489 64 39 !—
1353 2486 54 42 oh
1430 2486 111 50 dear,
1563 2486 123 41 dear!
1748 2485 78 51 Oh,
1849 2485 94 42 that
1965 2486 35 40 is

389 2567 74 41 the
501 2563 139 43 whole
677 2559 310 45 closh—that's
1025 2563 139 37 what!
1226 2557 66 42 Oh
1325 2556 112 50 dear,
1460 2556 99 42 dear
1590 2569 183 28 me—an
1795 2555 35 41 it
1861 2556 36 41 is
1930 2555 73 42 the

390 2637 123 42 other
534 2633 176 43 macock
734 2647 47 27 or
802 2628 436 45 macockiness—See
1256 2629 6 39 !
1313 2626 115 42 Who
1451 2627 36 41 is
1518 2626 116 42 what
1650 2625 266 43 ?—that—is
1938 2625 35 41 it
1988 2627 15 39 ?

389 2708 54 43 oh
462 2706 111 43 age."
635 2704 86 41 Yet
739 2702 86 42 this
843 2701 180 55 patient,
1042 2713 125 27 when
1190 2696 304 44 conventional
1511 2696 221 55 questions
1748 2709 106 28 were
1872 2695 130 42 asked

390 2780 103 41 him,
512 2775 125 44 could
656 2787 165 29 answer
844 2772 119 41 them
984 2775 21 16 "
1023 2768 177 44 reflexly
1217 2767 20 17 "
1261 2767 103 42 with
1383 2781 116 28 some
1517 2766 242 42 semblance
1782 2767 46 41 of
1841 2766 159 42 intelli-

390 2862 142 30 gence.
596 2846 117 42 Here
736 2844 37 42 is
795 2857 25 28 a
841 2843 65 42 bit
928 2841 44 42 of
992 2841 65 42 Dr
1082 2838 274 44 Robertson's
1378 2836 297 44 conversation
1699 2836 105 42 with
1827 2836 88 41 him
1935 2852 67 25 :—

407 2959 5 5 .
446 2919 20 21 «
485 2916 76 43 It's
596 2929 25 28 a
657 2915 85 41 fine
778 2913 96 55 day,
906 2909 144 44 Ross."
1111 2910 20 41 "
1151 2909 43 41 It
1226 2909 35 41 is
1294 2907 129 42 that."
1484 2911 21 40 "
1524 2905 76 43 It's
1622 2919 24 28 a
1670 2909 80 37 wet
1771 2903 232 57 morning."

604 3058 10 22 1
643 3057 22 19 "
680 3053 126 38 Reflex
826 3050 175 49 Speech,"
1017 3049 158 37 Journal
1192 3050 41 46 of
1245 3048 139 36 Mental
1401 3047 146 45 Science,
1566 3045 109 49 April
1695 3048 100 34 1888.
