1895 3217
676 321 90 30 THE
791 321 234 32 HOWLERS.

1440 308 88 46 163

165 448 145 44 Baron
327 446 165 47 Cuvier
509 447 81 45 has
609 447 127 54 done^
757 447 177 45 instead
952 447 51 46 of
1010 448 158 53 Ateles,
1189 448 90 45 and
1298 447 50 47 of
1357 447 172 48 follow-

165 522 76 62 ing
263 523 125 45 them
412 525 61 59 by
497 530 101 38 that
621 539 155 46 genus,
802 524 90 45 and
920 524 142 47 Cebus
1086 524 50 46 of
1153 525 239 46 Xerleben.

608 820 109 37 THE
747 819 275 39 HOWLERS

160 982 178 39 contain
370 991 27 29 a
433 975 138 62 single
609 991 154 46 genus,
801 976 165 45 named
1005 977 62 61 by
1099 976 150 46 Illiger
1280 976 244 55 Mycetes,"^

159 1052 112 45 fi’om
293 1059 78 39 the
388 1053 276 45 remarkable
682 1053 198 61 howling
898 1069 120 30 voice
1042 1052 49 47 of
1106 1059 78 39 the
1208 1053 203 45 animals.
1480 1055 46 44 It

159 1129 36 45 is
226 1130 321 45 characterised
582 1131 62 60 by
681 1146 27 29 a
737 1129 131 46 facial
892 1146 128 45 angle
1055 1129 50 48 of
1125 1132 135 43 about
1296 1135 115 48 30°;
1447 1131 78 44 the

159 1207 83 44 tail
266 1223 108 45 very
391 1207 118 61 long,
528 1207 149 45 naked
700 1214 47 38 at
770 1214 78 38 the
867 1214 259 54 extremity,
1148 1207 89 45 and
1259 1206 264 61 prehensile.

162 1284 97 44 The
295 1284 233 53 dentition,
554 1284 230 61 according
806 1290 45 39 to
877 1283 202 46 Frederic
1104 1284 177 53 Cuvier,
1306 1283 37 45 is
1366 1284 157 60 nearly

160 1360 171 44 similar
363 1360 47 44 in
439 1361 90 44 this
553 1361 90 44 and
665 1367 77 38 the
765 1367 92 39 two
881 1366 110 39 next
1013 1375 189 46 genera;
1229 1360 90 44 and
1343 1375 68 29 we
1435 1361 88 44 add

160 1436 76 44 the
273 1436 270 46 delineation
581 1438 147 44 which
767 1438 56 44 he
859 1437 219 45 considers
1115 1436 169 61 typical
1320 1435 49 46 of
1396 1436 126 45 these

154 2347 144 46 forms.
369 2350 91 44 But
493 2356 79 38 the
605 2351 252 60 prominent
882 2354 224 47 character
1129 2356 46 46 in
1198 2357 90 46 this
1311 2374 136 46 group
1471 2363 37 43 is

152 2431 76 38 the
249 2427 335 60 extraordinary
604 2427 336 61 developement
959 2431 49 46 of
1018 2433 76 44 the
1112 2433 177 60 larynx,
1308 2435 146 45 which
1470 2437 37 45 is

151 2508 258 49 ventricose,
435 2503 89 45 and
558 2519 183 45 appears
776 2520 55 29 on
857 2512 78 39 the
966 2508 172 46 outside
1161 2509 46 45 in
1231 2511 77 44 the
1332 2510 109 47 form
1464 2512 51 46 of

628 2621 20 20 *
681 2620 194 47 MuxxTflf,
900 2624 168 47 howling.
