1895 3217
364 271 90 30 THE
479 270 89 31 RED
592 269 57 32 OR
672 270 183 31 ASIATIC
879 270 389 34 ORANG-OUTANG.

1436 267 60 46 77

140 397 157 54 handsj
334 396 153 46 whilst
517 397 57 45 he
603 396 125 45 rifled
762 412 81 45 my
865 398 195 59 pockets.
1129 397 51 46 If
1204 399 57 45 he
1295 399 138 47 found
1466 400 37 46 it

140 474 253 61 impossible
417 479 45 40 to
486 479 210 40 overtake
718 488 88 39 me,
831 473 57 45 he
912 474 151 44 would
1093 474 136 46 climb
1262 481 46 40 to
1339 492 27 29 a
1400 491 104 32 con-

141 550 216 46 siderable
380 550 154 45 height
565 564 56 31 on
650 550 78 44 the
756 550 117 44 loose
907 549 184 61 rigging,
1128 551 91 44 and
1252 551 111 45 then
1397 552 107 61 drop

141 628 223 60 suddenly
387 642 120 46 upon
530 642 88 31 me.
685 626 63 46 Or
771 626 46 54 if,
847 626 252 62 perceiving
1121 627 70 45 his
1214 627 240 56 intention,
1482 631 22 44 I

141 705 252 45 attempted
416 710 46 39 to
486 704 204 54 descend,
707 704 57 44 he
783 704 151 45 would
953 704 110 45 slide
1087 705 132 44 down
1244 720 27 30 a
1292 720 103 30 rope
1414 707 92 44 and

141 787 120 39 meet
284 796 73 30 me
380 787 47 39 at
450 781 79 45 the
552 782 173 44 bottom
749 779 50 47 of
818 787 78 38 the
921 780 199 46 shrouds.
1188 782 267 46 Sometimes
1480 784 23 44 I

141 857 203 46 fastened
367 873 58 29 an
449 873 159 30 orange
631 864 46 38 to
700 863 78 39 the
803 858 87 44 end
913 856 50 47 of
991 873 27 30 a
1048 873 118 45 rope,
1192 858 90 45 and
1311 858 194 47 lowered

142 934 36 45 it
201 941 46 39 to
270 935 78 45 the
373 935 110 44 deck
506 933 111 45 from
640 941 79 38 the
742 935 294 53 mast-head;
1063 935 90 44 and
1176 950 48 30 as
1249 951 103 29 soon
1377 951 47 29 as
1447 935 56 45 he

143 1011 251 45 attempted
417 1016 46 40 to
488 1010 114 45 seize
625 1010 52 54 it,
704 1011 122 44 drew
849 1011 36 45 it
914 1011 178 61 rapidly
1115 1027 75 29 up.
1272 1011 134 45 After
1428 1013 78 44 be-

143 1088 77 61 ing
243 1088 170 45 several
435 1087 134 46 times
599 1086 135 48 foiled
766 1087 47 45 in
849 1088 330 61 endeavouring
1211 1094 46 39 to
1289 1088 153 45 obtain
1470 1088 37 45 it

145 1166 62 60 by
232 1165 137 45 direct
399 1179 173 39 means,
602 1164 59 45 he
692 1164 170 45 altered
892 1164 70 45 his
992 1164 120 61 plan.
1180 1164 260 62 Appearing
1462 1171 46 39 to

148 1256 98 30 care
268 1241 119 45 little
411 1246 136 39 about
570 1240 52 54 it,
646 1241 58 44 he
728 1241 150 44 would
894 1256 178 30 remove
1091 1247 45 39 to
1155 1256 119 30 some
1294 1241 213 54 distance,

150 1318 89 44 and
262 1318 163 44 ascend
458 1323 78 39 the
569 1317 170 61 rigging
772 1333 109 45 very
905 1317 211 61 leisurely
1140 1317 64 45 for
1237 1333 121 30 some
1380 1318 127 51 time,

149 1394 90 44 and
267 1394 125 53 then,
426 1395 62 59 by
511 1408 27 30 a
562 1394 171 44 sudden
769 1409 162 45 spring,
965 1394 128 45 catch
1126 1400 78 39 the
1234 1409 103 30 rope
1361 1394 150 46 which

149 1471 105 45 held
277 1470 49 45 it.
394 1470 51 45 If
470 1468 205 47 defeated
704 1470 146 60 again,
883 1472 63 59 by
968 1486 81 45 my
1080 1471 223 60 suddenly
1332 1471 180 61 jerking

150 1554 79 38 the
252 1563 117 45 rope,
393 1548 57 45 he
474 1547 150 45 would
648 1553 47 39 at
717 1545 99 47 first
850 1563 120 29 seem
1001 1546 125 61 quite
1150 1546 46 46 in
1227 1547 189 61 despair,
1441 1564 71 29 re-

150 1623 198 46 linquish
371 1624 69 45 his
463 1623 143 54 effort,
632 1624 90 45 and
743 1624 108 44 rush
875 1625 136 44 about
1034 1631 78 38 the
1129 1623 171 62 rigging
1318 1640 193 29 scream-

151 1700 76 61 ing
265 1700 233 46 violently.
582 1701 93 44 But
713 1700 57 44 he
809 1700 151 45 would
999 1716 174 29 always
1211 1716 169 35 return,
1423 1702 90 44 and

152 1792 131 46 again
314 1776 167 62 seizing
502 1783 78 39 the
610 1792 118 45 rope,
760 1777 224 44 disregard
1011 1777 79 44 the
1118 1776 116 61 jerk,
1260 1777 90 44 and
1381 1777 132 45 allow

153 1853 36 45 it
222 1860 45 38 to
300 1870 86 28 run
419 1853 192 45 through
644 1853 71 44 his
749 1853 122 44 hand
904 1853 71 45 till
1009 1853 163 44 within
1205 1853 130 45 reach
1359 1853 50 45 of
1435 1854 78 44 the

154 1945 192 45 orange;
382 1931 83 43 but
488 1930 40 43 if
555 1929 130 44 again
718 1928 147 54 foiled,
892 1929 151 44 would
1077 1944 123 29 come
1230 1935 46 38 to
1299 1944 81 44 my
1404 1930 107 53 side,

157 2006 89 44 and
268 2006 158 60 taking
447 2020 74 30 me
543 2006 62 59 by
627 2011 79 38 the
730 2020 110 38 arm,
857 2004 169 45 confine
1049 2004 37 45 it
1105 2004 151 45 whilst
1274 2004 56 45 he
1348 2005 166 46 hauled

157 2088 78 38 the
259 2096 160 30 orange
443 2097 74 44 up.

279 2157 110 45 This
429 2156 169 46 animal
634 2156 178 46 neither
847 2163 210 54 practises
1097 2164 78 38 the
1205 2173 192 45 grimace
1425 2159 89 44 and

157 2241 143 38 antics
331 2233 49 46 of
395 2240 127 40 other
544 2249 235 46 monkeys,
804 2249 81 30 nor
906 2249 218 45 possesses
1147 2234 118 45 their
1282 2235 233 60 perpetual

156 2326 236 45 proneness
410 2317 45 39 to
470 2310 215 46 mischief.
753 2310 195 61 Gravity
964 2311 295 61 approaching
1276 2317 45 39 to
1339 2311 175 44 melan-

157 2386 131 61 choly
305 2388 90 44 and
412 2387 227 54 mildness,
656 2403 117 29 were
791 2393 254 39 sometimes
1064 2394 198 54 strongly
1278 2388 235 59 expressed

156 2462 47 45 in
241 2463 70 44 his
350 2479 315 38 countenance,
691 2464 90 44 and
814 2478 119 30 seem
968 2470 47 38 to
1055 2465 53 44 be
1147 2470 78 38 the
1262 2470 250 38 character-

157 2538 120 46 istics
301 2538 50 46 of
365 2539 69 45 his
458 2539 272 61 disposition.
797 2540 155 45 When
974 2540 57 45 he
1052 2539 96 46 first
1167 2555 123 30 came
1309 2547 204 53 amongst
