<?xml version="1.0" encoding="UTF-8"?>
<alto xmlns="http://www.loc.gov/standards/alto/ns-v2#" xmlns:xsi="http://www.w3.org/2001/XMLSchema-instance" xsi:schemaLocation="http://www.loc.gov/standards/alto/ns-v2# http://www.loc.gov/standards/alto/alto.xsd">
  <Description>
    <MeasurementUnit>pixel</MeasurementUnit>
    <sourceImageInformation>
      <fileName>b22031261_abbyy.xml</fileName>
    </sourceImageInformation>
    <OCRProcessing ID="OCR_1">
      <preProcessingStep>
        <processingDateTime>2016-02-11T05:40:32</processingDateTime>
        <processingAgency>intranda GmbH, www.intranda.com</processingAgency>
        <processingSoftware>
          <softwareCreator>intranda GmbH, Germany</softwareCreator>
          <softwareName>intranda OCR Module for TaskManager</softwareName>
          <softwareVersion>1.0r42</softwareVersion>
        </processingSoftware>
      </preProcessingStep>
      <ocrProcessingStep>
        <processingSoftware>
          <softwareCreator>ABBYY (BIT Software), Russia</softwareCreator>
          <softwareName>FineReader Engine</softwareName>
          <softwareVersion>10</softwareVersion>
        </processingSoftware>
      </ocrProcessingStep>
    </OCRProcessing>
  </Description>
  <Layout>
    <Page PHYSICAL_IMG_NR="49" ID="PAGE_49" WIDTH="1895" HEIGHT="3217">
      <TopMargin ID="TopMargin_34" HPOS="731" VPOS="279" WIDTH="803" HEIGHT="49">
        <TextBlock ID="TextBlock_1157" HPOS="731" VPOS="279" WIDTH="803" HEIGHT="49">
          <TextLine ID="TextLine_1141" HPOS="731" VPOS="286" WIDTH="236" HEIGHT="32">
            <String CONTENT="MONKEYS." ID="Word_8606" HPOS="731" VPOS="286" WIDTH="236" HEIGHT="32" />
          </TextLine>
          <TextLine ID="TextLine_1142" HPOS="1474" VPOS="279" WIDTH="60" HEIGHT="49">
            <String CONTENT="S9" ID="Word_8607" HPOS="1474" VPOS="279" WIDTH="60" HEIGHT="49" />
          </TextLine>
        </TextBlock>
      </TopMargin>
      <PrintSpace ID="PrintSpace_50" HPOS="171" VPOS="410" WIDTH="1381" HEIGHT="2270">
        <TextBlock ID="TextBlock_155" HPOS="171" VPOS="410" WIDTH="1381" HEIGHT="2270">
          <TextLine ID="TextLine_1143" HPOS="175" VPOS="410" WIDTH="1361" HEIGHT="55">
            <String CONTENT="claws" ID="Word_8608" HPOS="175" VPOS="414" WIDTH="133" HEIGHT="45" />
            <SP ID="SP_7468" HPOS="309" VPOS="428" WIDTH="22" HEIGHT="0" />
            <String CONTENT="of" ID="Word_8609" HPOS="332" VPOS="412" WIDTH="50" HEIGHT="47" />
            <SP ID="SP_7469" HPOS="383" VPOS="412" WIDTH="13" HEIGHT="0" />
            <String CONTENT="the" ID="Word_8610" HPOS="397" VPOS="413" WIDTH="76" HEIGHT="45" />
            <SP ID="SP_7470" HPOS="474" VPOS="411" WIDTH="22" HEIGHT="0" />
            <String CONTENT="fore" ID="Word_8611" HPOS="497" VPOS="411" WIDTH="88" HEIGHT="47" />
            <SP ID="SP_7471" HPOS="586" VPOS="428" WIDTH="22" HEIGHT="0" />
            <String CONTENT="extremities," ID="Word_8612" HPOS="609" VPOS="412" WIDTH="292" HEIGHT="53" />
            <SP ID="SP_7472" HPOS="902" VPOS="412" WIDTH="24" HEIGHT="0" />
            <String CONTENT="instead" ID="Word_8613" HPOS="927" VPOS="411" WIDTH="178" HEIGHT="46" />
            <SP ID="SP_7473" HPOS="1106" VPOS="411" WIDTH="21" HEIGHT="0" />
            <String CONTENT="of" ID="Word_8614" HPOS="1128" VPOS="410" WIDTH="50" HEIGHT="46" />
            <SP ID="SP_7474" HPOS="1179" VPOS="410" WIDTH="16" HEIGHT="0" />
            <String CONTENT="nails;" ID="Word_8615" HPOS="1196" VPOS="411" WIDTH="144" HEIGHT="53" />
            <SP ID="SP_7475" HPOS="1341" VPOS="427" WIDTH="35" HEIGHT="0" />
            <String CONTENT="and" ID="Word_8616" HPOS="1377" VPOS="413" WIDTH="89" HEIGHT="44" />
            <SP ID="SP_7476" HPOS="1467" VPOS="413" WIDTH="22" HEIGHT="0" />
            <String CONTENT="in" ID="Word_8617" HPOS="1490" VPOS="413" WIDTH="46" HEIGHT="46" />
          </TextLine>
          <TextLine ID="TextLine_1144" HPOS="177" VPOS="487" WIDTH="1361" HEIGHT="62">
            <String CONTENT="several" ID="Word_8618" HPOS="177" VPOS="490" WIDTH="172" HEIGHT="46" />
            <SP ID="SP_7477" HPOS="350" VPOS="490" WIDTH="16" HEIGHT="0" />
            <String CONTENT="of" ID="Word_8619" HPOS="367" VPOS="489" WIDTH="50" HEIGHT="47" />
            <SP ID="SP_7478" HPOS="418" VPOS="489" WIDTH="13" HEIGHT="0" />
            <String CONTENT="the" ID="Word_8620" HPOS="432" VPOS="496" WIDTH="78" HEIGHT="39" />
            <SP ID="SP_7479" HPOS="511" VPOS="505" WIDTH="17" HEIGHT="0" />
            <String CONTENT="other" ID="Word_8621" HPOS="529" VPOS="490" WIDTH="126" HEIGHT="45" />
            <SP ID="SP_7480" HPOS="656" VPOS="488" WIDTH="21" HEIGHT="0" />
            <String CONTENT="forms," ID="Word_8622" HPOS="678" VPOS="488" WIDTH="148" HEIGHT="55" />
            <SP ID="SP_7481" HPOS="827" VPOS="505" WIDTH="24" HEIGHT="0" />
            <String CONTENT="a" ID="Word_8623" HPOS="852" VPOS="505" WIDTH="26" HEIGHT="29" />
            <SP ID="SP_7482" HPOS="879" VPOS="490" WIDTH="16" HEIGHT="0" />
            <String CONTENT="departure" ID="Word_8624" HPOS="896" VPOS="490" WIDTH="236" HEIGHT="44" />
            <SP ID="SP_7483" HPOS="1133" VPOS="487" WIDTH="21" HEIGHT="0" />
            <String CONTENT="from" ID="Word_8625" HPOS="1155" VPOS="487" WIDTH="112" HEIGHT="46" />
            <SP ID="SP_7484" HPOS="1268" VPOS="496" WIDTH="22" HEIGHT="0" />
            <String CONTENT="the" ID="Word_8626" HPOS="1291" VPOS="496" WIDTH="79" HEIGHT="38" />
            <SP ID="SP_7485" HPOS="1371" VPOS="503" WIDTH="21" HEIGHT="0" />
            <String CONTENT="quad-" ID="Word_8627" HPOS="1393" VPOS="489" WIDTH="145" HEIGHT="60" />
          </TextLine>
          <TextLine ID="TextLine_1145" HPOS="173" VPOS="566" WIDTH="1315" HEIGHT="62">
            <String CONTENT="rumanous" ID="Word_8628" HPOS="173" VPOS="583" WIDTH="242" HEIGHT="30" />
            <SP ID="SP_7486" HPOS="416" VPOS="573" WIDTH="21" HEIGHT="0" />
            <String CONTENT="types," ID="Word_8629" HPOS="438" VPOS="573" WIDTH="148" HEIGHT="55" />
            <SP ID="SP_7487" HPOS="587" VPOS="582" WIDTH="24" HEIGHT="0" />
            <String CONTENT="and" ID="Word_8630" HPOS="612" VPOS="567" WIDTH="90" HEIGHT="44" />
            <SP ID="SP_7488" HPOS="703" VPOS="567" WIDTH="21" HEIGHT="0" />
            <String CONTENT="a" ID="Word_8631" HPOS="725" VPOS="582" WIDTH="26" HEIGHT="29" />
            <SP ID="SP_7489" HPOS="752" VPOS="567" WIDTH="15" HEIGHT="0" />
            <String CONTENT="joining" ID="Word_8632" HPOS="768" VPOS="566" WIDTH="173" HEIGHT="61" />
            <SP ID="SP_7490" HPOS="942" VPOS="582" WIDTH="22" HEIGHT="0" />
            <String CONTENT="with" ID="Word_8633" HPOS="965" VPOS="566" WIDTH="113" HEIGHT="45" />
            <SP ID="SP_7491" HPOS="1079" VPOS="567" WIDTH="21" HEIGHT="0" />
            <String CONTENT="the" ID="Word_8634" HPOS="1101" VPOS="566" WIDTH="78" HEIGHT="45" />
            <SP ID="SP_7492" HPOS="1180" VPOS="566" WIDTH="24" HEIGHT="0" />
            <String CONTENT="LemuridcB." ID="Word_8635" HPOS="1205" VPOS="566" WIDTH="283" HEIGHT="45" />
          </TextLine>
          <TextLine ID="TextLine_1146" HPOS="250" VPOS="643" WIDTH="1288" HEIGHT="61">
            <String CONTENT="As" ID="Word_8636" HPOS="250" VPOS="644" WIDTH="67" HEIGHT="45" />
            <SP ID="SP_7493" HPOS="318" VPOS="650" WIDTH="37" HEIGHT="0" />
            <String CONTENT="the" ID="Word_8637" HPOS="356" VPOS="650" WIDTH="78" HEIGHT="39" />
            <SP ID="SP_7494" HPOS="435" VPOS="659" WIDTH="37" HEIGHT="0" />
            <String CONTENT="quadrumanous" ID="Word_8638" HPOS="473" VPOS="659" WIDTH="363" HEIGHT="44" />
            <SP ID="SP_7495" HPOS="837" VPOS="659" WIDTH="37" HEIGHT="0" />
            <String CONTENT="races" ID="Word_8639" HPOS="875" VPOS="659" WIDTH="121" HEIGHT="30" />
            <SP ID="SP_7496" HPOS="997" VPOS="659" WIDTH="31" HEIGHT="0" />
            <String CONTENT="approach" ID="Word_8640" HPOS="1029" VPOS="643" WIDTH="220" HEIGHT="61" />
            <SP ID="SP_7497" HPOS="1250" VPOS="643" WIDTH="31" HEIGHT="0" />
            <String CONTENT="nearest" ID="Word_8641" HPOS="1282" VPOS="649" WIDTH="176" HEIGHT="39" />
            <SP ID="SP_7498" HPOS="1459" VPOS="649" WIDTH="32" HEIGHT="0" />
            <String CONTENT="to" ID="Word_8642" HPOS="1492" VPOS="650" WIDTH="46" HEIGHT="39" />
          </TextLine>
          <TextLine ID="TextLine_1147" HPOS="171" VPOS="719" WIDTH="1369" HEIGHT="62">
            <String CONTENT="man" ID="Word_8643" HPOS="171" VPOS="736" WIDTH="107" HEIGHT="29" />
            <SP ID="SP_7499" HPOS="279" VPOS="720" WIDTH="22" HEIGHT="0" />
            <String CONTENT="in" ID="Word_8644" HPOS="302" VPOS="720" WIDTH="47" HEIGHT="45" />
            <SP ID="SP_7500" HPOS="350" VPOS="737" WIDTH="22" HEIGHT="0" />
            <String CONTENT="structure," ID="Word_8645" HPOS="373" VPOS="727" WIDTH="234" HEIGHT="47" />
            <SP ID="SP_7501" HPOS="608" VPOS="735" WIDTH="24" HEIGHT="0" />
            <String CONTENT="and" ID="Word_8646" HPOS="633" VPOS="720" WIDTH="90" HEIGHT="45" />
            <SP ID="SP_7502" HPOS="724" VPOS="720" WIDTH="28" HEIGHT="0" />
            <String CONTENT="consequently" ID="Word_8647" HPOS="753" VPOS="721" WIDTH="321" HEIGHT="60" />
            <SP ID="SP_7503" HPOS="1075" VPOS="719" WIDTH="21" HEIGHT="0" />
            <String CONTENT="in" ID="Word_8648" HPOS="1097" VPOS="719" WIDTH="47" HEIGHT="46" />
            <SP ID="SP_7504" HPOS="1145" VPOS="735" WIDTH="28" HEIGHT="0" />
            <String CONTENT="actions," ID="Word_8649" HPOS="1174" VPOS="720" WIDTH="184" HEIGHT="54" />
            <SP ID="SP_7505" HPOS="1359" VPOS="720" WIDTH="23" HEIGHT="0" />
            <String CONTENT="it" ID="Word_8650" HPOS="1383" VPOS="720" WIDTH="37" HEIGHT="45" />
            <SP ID="SP_7506" HPOS="1421" VPOS="726" WIDTH="22" HEIGHT="0" />
            <String CONTENT="will" ID="Word_8651" HPOS="1444" VPOS="721" WIDTH="96" HEIGHT="45" />
          </TextLine>
          <TextLine ID="TextLine_1148" HPOS="172" VPOS="796" WIDTH="1367" HEIGHT="62">
            <String CONTENT="he" ID="Word_8652" HPOS="172" VPOS="799" WIDTH="55" HEIGHT="44" />
            <SP ID="SP_7507" HPOS="228" VPOS="813" WIDTH="13" HEIGHT="0" />
            <String CONTENT="proper" ID="Word_8653" HPOS="242" VPOS="813" WIDTH="154" HEIGHT="45" />
            <SP ID="SP_7508" HPOS="397" VPOS="805" WIDTH="15" HEIGHT="0" />
            <String CONTENT="to" ID="Word_8654" HPOS="413" VPOS="805" WIDTH="45" HEIGHT="38" />
            <SP ID="SP_7509" HPOS="459" VPOS="814" WIDTH="16" HEIGHT="0" />
            <String CONTENT="point" ID="Word_8655" HPOS="476" VPOS="797" WIDTH="126" HEIGHT="61" />
            <SP ID="SP_7510" HPOS="603" VPOS="804" WIDTH="17" HEIGHT="0" />
            <String CONTENT="out" ID="Word_8656" HPOS="621" VPOS="803" WIDTH="78" HEIGHT="40" />
            <SP ID="SP_7511" HPOS="700" VPOS="803" WIDTH="17" HEIGHT="0" />
            <String CONTENT="some" ID="Word_8657" HPOS="718" VPOS="813" WIDTH="121" HEIGHT="29" />
            <SP ID="SP_7512" HPOS="840" VPOS="813" WIDTH="16" HEIGHT="0" />
            <String CONTENT="of" ID="Word_8658" HPOS="857" VPOS="797" WIDTH="48" HEIGHT="46" />
            <SP ID="SP_7513" HPOS="906" VPOS="797" WIDTH="13" HEIGHT="0" />
            <String CONTENT="the" ID="Word_8659" HPOS="920" VPOS="804" WIDTH="78" HEIGHT="38" />
            <SP ID="SP_7514" HPOS="999" VPOS="813" WIDTH="23" HEIGHT="0" />
            <String CONTENT="principal" ID="Word_8660" HPOS="1023" VPOS="797" WIDTH="216" HEIGHT="61" />
            <SP ID="SP_7515" HPOS="1240" VPOS="797" WIDTH="18" HEIGHT="0" />
            <String CONTENT="distinctions" ID="Word_8661" HPOS="1259" VPOS="796" WIDTH="280" HEIGHT="46" />
          </TextLine>
          <TextLine ID="TextLine_1149" HPOS="173" VPOS="872" WIDTH="1365" HEIGHT="63">
            <String CONTENT="which" ID="Word_8662" HPOS="173" VPOS="875" WIDTH="147" HEIGHT="45" />
            <SP ID="SP_7516" HPOS="321" VPOS="876" WIDTH="21" HEIGHT="0" />
            <String CONTENT="corporeally" ID="Word_8663" HPOS="343" VPOS="874" WIDTH="268" HEIGHT="61" />
            <SP ID="SP_7517" HPOS="612" VPOS="890" WIDTH="22" HEIGHT="0" />
            <String CONTENT="separate" ID="Word_8664" HPOS="635" VPOS="880" WIDTH="200" HEIGHT="39" />
            <SP ID="SP_7518" HPOS="836" VPOS="880" WIDTH="20" HEIGHT="0" />
            <String CONTENT="them;" ID="Word_8665" HPOS="857" VPOS="880" WIDTH="149" HEIGHT="47" />
            <SP ID="SP_7519" HPOS="1007" VPOS="889" WIDTH="24" HEIGHT="0" />
            <String CONTENT="and" ID="Word_8666" HPOS="1032" VPOS="874" WIDTH="89" HEIGHT="44" />
            <SP ID="SP_7520" HPOS="1122" VPOS="872" WIDTH="20" HEIGHT="0" />
            <String CONTENT="for" ID="Word_8667" HPOS="1143" VPOS="872" WIDTH="66" HEIGHT="47" />
            <SP ID="SP_7521" HPOS="1210" VPOS="880" WIDTH="18" HEIGHT="0" />
            <String CONTENT="this" ID="Word_8668" HPOS="1229" VPOS="873" WIDTH="91" HEIGHT="45" />
            <SP ID="SP_7522" HPOS="1321" VPOS="889" WIDTH="12" HEIGHT="0" />
            <String CONTENT="purpose," ID="Word_8669" HPOS="1334" VPOS="889" WIDTH="204" HEIGHT="45" />
          </TextLine>
          <TextLine ID="TextLine_1150" HPOS="176" VPOS="949" WIDTH="1364" HEIGHT="62">
            <String CONTENT="we" ID="Word_8670" HPOS="176" VPOS="967" WIDTH="69" HEIGHT="29" />
            <SP ID="SP_7523" HPOS="246" VPOS="967" WIDTH="34" HEIGHT="0" />
            <String CONTENT="shall" ID="Word_8671" HPOS="281" VPOS="951" WIDTH="114" HEIGHT="45" />
            <SP ID="SP_7524" HPOS="396" VPOS="952" WIDTH="26" HEIGHT="0" />
            <String CONTENT="confine" ID="Word_8672" HPOS="423" VPOS="950" WIDTH="169" HEIGHT="46" />
            <SP ID="SP_7525" HPOS="593" VPOS="966" WIDTH="27" HEIGHT="0" />
            <String CONTENT="ourselves" ID="Word_8673" HPOS="621" VPOS="951" WIDTH="221" HEIGHT="45" />
            <SP ID="SP_7526" HPOS="843" VPOS="957" WIDTH="28" HEIGHT="0" />
            <String CONTENT="to" ID="Word_8674" HPOS="872" VPOS="957" WIDTH="46" HEIGHT="39" />
            <SP ID="SP_7527" HPOS="919" VPOS="957" WIDTH="28" HEIGHT="0" />
            <String CONTENT="the" ID="Word_8675" HPOS="948" VPOS="957" WIDTH="79" HEIGHT="39" />
            <SP ID="SP_7528" HPOS="1028" VPOS="957" WIDTH="27" HEIGHT="0" />
            <String CONTENT="two" ID="Word_8676" HPOS="1056" VPOS="957" WIDTH="92" HEIGHT="39" />
            <SP ID="SP_7529" HPOS="1149" VPOS="966" WIDTH="33" HEIGHT="0" />
            <String CONTENT="orangs," ID="Word_8677" HPOS="1183" VPOS="966" WIDTH="171" HEIGHT="45" />
            <SP ID="SP_7530" HPOS="1355" VPOS="966" WIDTH="35" HEIGHT="0" />
            <String CONTENT="which" ID="Word_8678" HPOS="1391" VPOS="949" WIDTH="149" HEIGHT="47" />
          </TextLine>
          <TextLine ID="TextLine_1151" HPOS="173" VPOS="1027" WIDTH="1367" HEIGHT="62">
            <String CONTENT="have" ID="Word_8679" HPOS="173" VPOS="1029" WIDTH="117" HEIGHT="44" />
            <SP ID="SP_7531" HPOS="291" VPOS="1029" WIDTH="26" HEIGHT="0" />
            <String CONTENT="been" ID="Word_8680" HPOS="318" VPOS="1029" WIDTH="112" HEIGHT="44" />
            <SP ID="SP_7532" HPOS="431" VPOS="1043" WIDTH="26" HEIGHT="0" />
            <String CONTENT="universally" ID="Word_8681" HPOS="458" VPOS="1027" WIDTH="277" HEIGHT="61" />
            <SP ID="SP_7533" HPOS="736" VPOS="1043" WIDTH="27" HEIGHT="0" />
            <String CONTENT="allowed" ID="Word_8682" HPOS="764" VPOS="1028" WIDTH="192" HEIGHT="45" />
            <SP ID="SP_7534" HPOS="957" VPOS="1028" WIDTH="31" HEIGHT="0" />
            <String CONTENT="to" ID="Word_8683" HPOS="989" VPOS="1033" WIDTH="46" HEIGHT="40" />
            <SP ID="SP_7535" HPOS="1036" VPOS="1029" WIDTH="32" HEIGHT="0" />
            <String CONTENT="bear" ID="Word_8684" HPOS="1069" VPOS="1029" WIDTH="108" HEIGHT="44" />
            <SP ID="SP_7536" HPOS="1178" VPOS="1034" WIDTH="32" HEIGHT="0" />
            <String CONTENT="the" ID="Word_8685" HPOS="1211" VPOS="1034" WIDTH="80" HEIGHT="39" />
            <SP ID="SP_7537" HPOS="1292" VPOS="1043" WIDTH="26" HEIGHT="0" />
            <String CONTENT="strongest" ID="Word_8686" HPOS="1319" VPOS="1042" WIDTH="221" HEIGHT="47" />
          </TextLine>
          <TextLine ID="TextLine_1152" HPOS="175" VPOS="1104" WIDTH="1361" HEIGHT="46">
            <String CONTENT="resemblance." ID="Word_8687" HPOS="175" VPOS="1105" WIDTH="313" HEIGHT="45" />
            <SP ID="SP_7538" HPOS="489" VPOS="1105" WIDTH="64" HEIGHT="0" />
            <String CONTENT="We" ID="Word_8688" HPOS="554" VPOS="1105" WIDTH="91" HEIGHT="44" />
            <SP ID="SP_7539" HPOS="646" VPOS="1105" WIDTH="23" HEIGHT="0" />
            <String CONTENT="do" ID="Word_8689" HPOS="670" VPOS="1105" WIDTH="54" HEIGHT="44" />
            <SP ID="SP_7540" HPOS="725" VPOS="1120" WIDTH="21" HEIGHT="0" />
            <String CONTENT="not" ID="Word_8690" HPOS="747" VPOS="1110" WIDTH="79" HEIGHT="39" />
            <SP ID="SP_7541" HPOS="827" VPOS="1104" WIDTH="21" HEIGHT="0" />
            <String CONTENT="intend" ID="Word_8691" HPOS="849" VPOS="1104" WIDTH="160" HEIGHT="46" />
            <SP ID="SP_7542" HPOS="1010" VPOS="1104" WIDTH="26" HEIGHT="0" />
            <String CONTENT="to" ID="Word_8692" HPOS="1037" VPOS="1111" WIDTH="46" HEIGHT="39" />
            <SP ID="SP_7543" HPOS="1084" VPOS="1104" WIDTH="29" HEIGHT="0" />
            <String CONTENT="institute" ID="Word_8693" HPOS="1114" VPOS="1104" WIDTH="208" HEIGHT="45" />
            <SP ID="SP_7544" HPOS="1323" VPOS="1119" WIDTH="28" HEIGHT="0" />
            <String CONTENT="a" ID="Word_8694" HPOS="1352" VPOS="1119" WIDTH="28" HEIGHT="30" />
            <SP ID="SP_7545" HPOS="1381" VPOS="1119" WIDTH="27" HEIGHT="0" />
            <String CONTENT="strict" ID="Word_8695" HPOS="1409" VPOS="1104" WIDTH="127" HEIGHT="45" />
          </TextLine>
          <TextLine ID="TextLine_1153" HPOS="177" VPOS="1180" WIDTH="1362" HEIGHT="61">
            <String CONTENT="comparison" ID="Word_8696" HPOS="177" VPOS="1197" WIDTH="274" HEIGHT="31" />
            <SP ID="SP_7546" HPOS="452" VPOS="1182" WIDTH="11" HEIGHT="0" />
            <String CONTENT="between" ID="Word_8697" HPOS="464" VPOS="1182" WIDTH="206" HEIGHT="44" />
            <SP ID="SP_7547" HPOS="671" VPOS="1187" WIDTH="21" HEIGHT="0" />
            <String CONTENT="the" ID="Word_8698" HPOS="693" VPOS="1187" WIDTH="78" HEIGHT="38" />
            <SP ID="SP_7548" HPOS="772" VPOS="1195" WIDTH="21" HEIGHT="0" />
            <String CONTENT="monkey" ID="Word_8699" HPOS="794" VPOS="1195" WIDTH="199" HEIGHT="46" />
            <SP ID="SP_7549" HPOS="994" VPOS="1196" WIDTH="16" HEIGHT="0" />
            <String CONTENT="and" ID="Word_8700" HPOS="1011" VPOS="1181" WIDTH="89" HEIGHT="45" />
            <SP ID="SP_7550" HPOS="1101" VPOS="1181" WIDTH="16" HEIGHT="0" />
            <String CONTENT="human" ID="Word_8701" HPOS="1118" VPOS="1181" WIDTH="171" HEIGHT="45" />
            <SP ID="SP_7551" HPOS="1290" VPOS="1196" WIDTH="17" HEIGHT="0" />
            <String CONTENT="organiza-" ID="Word_8702" HPOS="1308" VPOS="1180" WIDTH="231" HEIGHT="61" />
          </TextLine>
          <TextLine ID="TextLine_1154" HPOS="178" VPOS="1255" WIDTH="1356" HEIGHT="62">
            <String CONTENT="tion," ID="Word_8703" HPOS="178" VPOS="1265" WIDTH="110" HEIGHT="46" />
            <SP ID="SP_7552" HPOS="289" VPOS="1273" WIDTH="24" HEIGHT="0" />
            <String CONTENT="and" ID="Word_8704" HPOS="314" VPOS="1258" WIDTH="90" HEIGHT="44" />
            <SP ID="SP_7553" HPOS="405" VPOS="1258" WIDTH="20" HEIGHT="0" />
            <String CONTENT="to" ID="Word_8705" HPOS="426" VPOS="1263" WIDTH="45" HEIGHT="39" />
            <SP ID="SP_7554" HPOS="472" VPOS="1273" WIDTH="22" HEIGHT="0" />
            <String CONTENT="adduce" ID="Word_8706" HPOS="495" VPOS="1257" WIDTH="170" HEIGHT="45" />
            <SP ID="SP_7555" HPOS="666" VPOS="1272" WIDTH="31" HEIGHT="0" />
            <String CONTENT="proof" ID="Word_8707" HPOS="698" VPOS="1255" WIDTH="129" HEIGHT="61" />
            <SP ID="SP_7556" HPOS="828" VPOS="1255" WIDTH="23" HEIGHT="0" />
            <String CONTENT="from" ID="Word_8708" HPOS="852" VPOS="1255" WIDTH="111" HEIGHT="47" />
            <SP ID="SP_7557" HPOS="964" VPOS="1263" WIDTH="32" HEIGHT="0" />
            <String CONTENT="the" ID="Word_8709" HPOS="997" VPOS="1263" WIDTH="78" HEIGHT="39" />
            <SP ID="SP_7558" HPOS="1076" VPOS="1272" WIDTH="32" HEIGHT="0" />
            <String CONTENT="comparison," ID="Word_8710" HPOS="1109" VPOS="1257" WIDTH="289" HEIGHT="60" />
            <SP ID="SP_7559" HPOS="1399" VPOS="1263" WIDTH="31" HEIGHT="0" />
            <String CONTENT="that" ID="Word_8711" HPOS="1431" VPOS="1257" WIDTH="103" HEIGHT="45" />
          </TextLine>
          <TextLine ID="TextLine_1155" HPOS="179" VPOS="1333" WIDTH="1359" HEIGHT="61">
            <String CONTENT="they" ID="Word_8712" HPOS="179" VPOS="1340" WIDTH="111" HEIGHT="54" />
            <SP ID="SP_7560" HPOS="291" VPOS="1349" WIDTH="21" HEIGHT="0" />
            <String CONTENT="are" ID="Word_8713" HPOS="313" VPOS="1349" WIDTH="73" HEIGHT="29" />
            <SP ID="SP_7561" HPOS="387" VPOS="1334" WIDTH="33" HEIGHT="0" />
            <String CONTENT="distinct" ID="Word_8714" HPOS="421" VPOS="1333" WIDTH="182" HEIGHT="44" />
            <SP ID="SP_7562" HPOS="604" VPOS="1339" WIDTH="31" HEIGHT="0" />
            <String CONTENT="as" ID="Word_8715" HPOS="636" VPOS="1348" WIDTH="48" HEIGHT="29" />
            <SP ID="SP_7563" HPOS="685" VPOS="1348" WIDTH="28" HEIGHT="0" />
            <String CONTENT="well" ID="Word_8716" HPOS="714" VPOS="1333" WIDTH="103" HEIGHT="44" />
            <SP ID="SP_7564" HPOS="818" VPOS="1333" WIDTH="33" HEIGHT="0" />
            <String CONTENT="in" ID="Word_8717" HPOS="852" VPOS="1333" WIDTH="46" HEIGHT="44" />
            <SP ID="SP_7565" HPOS="899" VPOS="1347" WIDTH="30" HEIGHT="0" />
            <String CONTENT="structure" ID="Word_8718" HPOS="930" VPOS="1339" WIDTH="220" HEIGHT="39" />
            <SP ID="SP_7566" HPOS="1151" VPOS="1348" WIDTH="32" HEIGHT="0" />
            <String CONTENT="as" ID="Word_8719" HPOS="1184" VPOS="1348" WIDTH="48" HEIGHT="30" />
            <SP ID="SP_7567" HPOS="1233" VPOS="1333" WIDTH="32" HEIGHT="0" />
            <String CONTENT="in" ID="Word_8720" HPOS="1266" VPOS="1333" WIDTH="48" HEIGHT="45" />
            <SP ID="SP_7568" HPOS="1315" VPOS="1348" WIDTH="31" HEIGHT="0" />
            <String CONTENT="nature;" ID="Word_8721" HPOS="1347" VPOS="1339" WIDTH="191" HEIGHT="47" />
          </TextLine>
          <TextLine ID="TextLine_1156" HPOS="180" VPOS="1408" WIDTH="1361" HEIGHT="61">
            <String CONTENT="we" ID="Word_8722" HPOS="180" VPOS="1426" WIDTH="69" HEIGHT="29" />
            <SP ID="SP_7569" HPOS="250" VPOS="1425" WIDTH="22" HEIGHT="0" />
            <String CONTENT="consider" ID="Word_8723" HPOS="273" VPOS="1409" WIDTH="197" HEIGHT="45" />
            <SP ID="SP_7570" HPOS="471" VPOS="1415" WIDTH="19" HEIGHT="0" />
            <String CONTENT="this" ID="Word_8724" HPOS="491" VPOS="1409" WIDTH="91" HEIGHT="44" />
            <SP ID="SP_7571" HPOS="583" VPOS="1424" WIDTH="22" HEIGHT="0" />
            <String CONTENT="quite" ID="Word_8725" HPOS="606" VPOS="1408" WIDTH="125" HEIGHT="60" />
            <SP ID="SP_7572" HPOS="732" VPOS="1424" WIDTH="21" HEIGHT="0" />
            <String CONTENT="unnecessary," ID="Word_8726" HPOS="754" VPOS="1424" WIDTH="314" HEIGHT="45" />
            <SP ID="SP_7573" HPOS="1069" VPOS="1424" WIDTH="24" HEIGHT="0" />
            <String CONTENT="and" ID="Word_8727" HPOS="1094" VPOS="1409" WIDTH="89" HEIGHT="45" />
            <SP ID="SP_7574" HPOS="1184" VPOS="1409" WIDTH="25" HEIGHT="0" />
            <String CONTENT="think" ID="Word_8728" HPOS="1210" VPOS="1409" WIDTH="134" HEIGHT="45" />
            <SP ID="SP_7575" HPOS="1345" VPOS="1409" WIDTH="21" HEIGHT="0" />
            <String CONTENT="that" ID="Word_8729" HPOS="1367" VPOS="1409" WIDTH="103" HEIGHT="45" />
            <SP ID="SP_7576" HPOS="1471" VPOS="1409" WIDTH="21" HEIGHT="0" />
            <String CONTENT="in" ID="Word_8730" HPOS="1493" VPOS="1409" WIDTH="48" HEIGHT="44" />
          </TextLine>
          <TextLine ID="TextLine_1157" HPOS="179" VPOS="1485" WIDTH="1359" HEIGHT="61">
            <String CONTENT="all" ID="Word_8731" HPOS="179" VPOS="1486" WIDTH="60" HEIGHT="45" />
            <SP ID="SP_7577" HPOS="240" VPOS="1487" WIDTH="23" HEIGHT="0" />
            <String CONTENT="our" ID="Word_8732" HPOS="264" VPOS="1501" WIDTH="78" HEIGHT="30" />
            <SP ID="SP_7578" HPOS="343" VPOS="1501" WIDTH="20" HEIGHT="0" />
            <String CONTENT="systems," ID="Word_8733" HPOS="364" VPOS="1501" WIDTH="208" HEIGHT="45" />
            <SP ID="SP_7579" HPOS="573" VPOS="1501" WIDTH="23" HEIGHT="0" />
            <String CONTENT="man" ID="Word_8734" HPOS="597" VPOS="1501" WIDTH="107" HEIGHT="29" />
            <SP ID="SP_7580" HPOS="705" VPOS="1501" WIDTH="22" HEIGHT="0" />
            <String CONTENT="should" ID="Word_8735" HPOS="728" VPOS="1485" WIDTH="160" HEIGHT="45" />
            <SP ID="SP_7581" HPOS="889" VPOS="1485" WIDTH="24" HEIGHT="0" />
            <String CONTENT="be" ID="Word_8736" HPOS="914" VPOS="1486" WIDTH="55" HEIGHT="45" />
            <SP ID="SP_7582" HPOS="970" VPOS="1486" WIDTH="20" HEIGHT="0" />
            <String CONTENT="kept" ID="Word_8737" HPOS="991" VPOS="1486" WIDTH="109" HEIGHT="60" />
            <SP ID="SP_7583" HPOS="1101" VPOS="1492" WIDTH="22" HEIGHT="0" />
            <String CONTENT="entirely" ID="Word_8738" HPOS="1124" VPOS="1485" WIDTH="192" HEIGHT="61" />
            <SP ID="SP_7584" HPOS="1317" VPOS="1486" WIDTH="23" HEIGHT="0" />
            <String CONTENT="distinct." ID="Word_8739" HPOS="1341" VPOS="1485" WIDTH="197" HEIGHT="46" />
          </TextLine>
          <TextLine ID="TextLine_1158" HPOS="180" VPOS="1561" WIDTH="1361" HEIGHT="62">
            <String CONTENT="As" ID="Word_8740" HPOS="180" VPOS="1562" WIDTH="67" HEIGHT="46" />
            <SP ID="SP_7585" HPOS="248" VPOS="1563" WIDTH="21" HEIGHT="0" />
            <String CONTENT="he" ID="Word_8741" HPOS="270" VPOS="1563" WIDTH="57" HEIGHT="44" />
            <SP ID="SP_7586" HPOS="328" VPOS="1562" WIDTH="20" HEIGHT="0" />
            <String CONTENT="is" ID="Word_8742" HPOS="349" VPOS="1562" WIDTH="37" HEIGHT="45" />
            <SP ID="SP_7587" HPOS="387" VPOS="1562" WIDTH="21" HEIGHT="0" />
            <String CONTENT="infinitely" ID="Word_8743" HPOS="409" VPOS="1561" WIDTH="224" HEIGHT="61" />
            <SP ID="SP_7588" HPOS="634" VPOS="1577" WIDTH="15" HEIGHT="0" />
            <String CONTENT="pre-eminent" ID="Word_8744" HPOS="650" VPOS="1562" WIDTH="303" HEIGHT="60" />
            <SP ID="SP_7589" HPOS="954" VPOS="1563" WIDTH="21" HEIGHT="0" />
            <String CONTENT="by" ID="Word_8745" HPOS="976" VPOS="1563" WIDTH="62" HEIGHT="60" />
            <SP ID="SP_7590" HPOS="1039" VPOS="1568" WIDTH="20" HEIGHT="0" />
            <String CONTENT="the" ID="Word_8746" HPOS="1060" VPOS="1563" WIDTH="79" HEIGHT="44" />
            <SP ID="SP_7591" HPOS="1140" VPOS="1562" WIDTH="20" HEIGHT="0" />
            <String CONTENT="high" ID="Word_8747" HPOS="1161" VPOS="1562" WIDTH="108" HEIGHT="45" />
            <SP ID="SP_7592" HPOS="1270" VPOS="1562" WIDTH="22" HEIGHT="0" />
            <String CONTENT="and" ID="Word_8748" HPOS="1293" VPOS="1561" WIDTH="90" HEIGHT="46" />
            <SP ID="SP_7593" HPOS="1384" VPOS="1561" WIDTH="20" HEIGHT="0" />
            <String CONTENT="pecu-" ID="Word_8749" HPOS="1405" VPOS="1577" WIDTH="136" HEIGHT="46" />
          </TextLine>
          <TextLine ID="TextLine_1159" HPOS="179" VPOS="1637" WIDTH="1361" HEIGHT="62">
            <String CONTENT="liar" ID="Word_8750" HPOS="179" VPOS="1638" WIDTH="84" HEIGHT="45" />
            <SP ID="SP_7594" HPOS="264" VPOS="1654" WIDTH="27" HEIGHT="0" />
            <String CONTENT="character" ID="Word_8751" HPOS="292" VPOS="1639" WIDTH="224" HEIGHT="44" />
            <SP ID="SP_7595" HPOS="517" VPOS="1654" WIDTH="26" HEIGHT="0" />
            <String CONTENT="and" ID="Word_8752" HPOS="544" VPOS="1639" WIDTH="89" HEIGHT="44" />
            <SP ID="SP_7596" HPOS="634" VPOS="1639" WIDTH="28" HEIGHT="0" />
            <String CONTENT="power" ID="Word_8753" HPOS="663" VPOS="1654" WIDTH="148" HEIGHT="45" />
            <SP ID="SP_7597" HPOS="812" VPOS="1654" WIDTH="28" HEIGHT="0" />
            <String CONTENT="of" ID="Word_8754" HPOS="841" VPOS="1638" WIDTH="51" HEIGHT="45" />
            <SP ID="SP_7598" HPOS="893" VPOS="1638" WIDTH="22" HEIGHT="0" />
            <String CONTENT="his" ID="Word_8755" HPOS="916" VPOS="1638" WIDTH="69" HEIGHT="46" />
            <SP ID="SP_7599" HPOS="986" VPOS="1654" WIDTH="21" HEIGHT="0" />
            <String CONTENT="mind," ID="Word_8756" HPOS="1008" VPOS="1638" WIDTH="142" HEIGHT="55" />
            <SP ID="SP_7600" HPOS="1151" VPOS="1654" WIDTH="25" HEIGHT="0" />
            <String CONTENT="and" ID="Word_8757" HPOS="1177" VPOS="1639" WIDTH="90" HEIGHT="44" />
            <SP ID="SP_7601" HPOS="1268" VPOS="1639" WIDTH="20" HEIGHT="0" />
            <String CONTENT="the" ID="Word_8758" HPOS="1289" VPOS="1638" WIDTH="78" HEIGHT="45" />
            <SP ID="SP_7602" HPOS="1368" VPOS="1637" WIDTH="22" HEIGHT="0" />
            <String CONTENT="future" ID="Word_8759" HPOS="1391" VPOS="1637" WIDTH="149" HEIGHT="47" />
          </TextLine>
          <TextLine ID="TextLine_1160" HPOS="182" VPOS="1714" WIDTH="1358" HEIGHT="61">
            <String CONTENT="destination" ID="Word_8760" HPOS="182" VPOS="1714" WIDTH="272" HEIGHT="45" />
            <SP ID="SP_7603" HPOS="455" VPOS="1730" WIDTH="38" HEIGHT="0" />
            <String CONTENT="of" ID="Word_8761" HPOS="494" VPOS="1714" WIDTH="49" HEIGHT="46" />
            <SP ID="SP_7604" HPOS="544" VPOS="1714" WIDTH="28" HEIGHT="0" />
            <String CONTENT="his" ID="Word_8762" HPOS="573" VPOS="1715" WIDTH="69" HEIGHT="43" />
            <SP ID="SP_7605" HPOS="643" VPOS="1715" WIDTH="37" HEIGHT="0" />
            <String CONTENT="immaterial" ID="Word_8763" HPOS="681" VPOS="1714" WIDTH="272" HEIGHT="45" />
            <SP ID="SP_7606" HPOS="954" VPOS="1714" WIDTH="33" HEIGHT="0" />
            <String CONTENT="part," ID="Word_8764" HPOS="988" VPOS="1731" WIDTH="115" HEIGHT="44" />
            <SP ID="SP_7607" HPOS="1104" VPOS="1731" WIDTH="37" HEIGHT="0" />
            <String CONTENT="so" ID="Word_8765" HPOS="1142" VPOS="1730" WIDTH="45" HEIGHT="30" />
            <SP ID="SP_7608" HPOS="1188" VPOS="1715" WIDTH="34" HEIGHT="0" />
            <String CONTENT="has" ID="Word_8766" HPOS="1223" VPOS="1715" WIDTH="82" HEIGHT="45" />
            <SP ID="SP_7609" HPOS="1306" VPOS="1714" WIDTH="31" HEIGHT="0" />
            <String CONTENT="he" ID="Word_8767" HPOS="1338" VPOS="1714" WIDTH="58" HEIGHT="46" />
            <SP ID="SP_7610" HPOS="1397" VPOS="1715" WIDTH="30" HEIGHT="0" />
            <String CONTENT="been" ID="Word_8768" HPOS="1428" VPOS="1715" WIDTH="112" HEIGHT="45" />
          </TextLine>
          <TextLine ID="TextLine_1161" HPOS="187" VPOS="1790" WIDTH="1235" HEIGHT="62">
            <String CONTENT="stamped" ID="Word_8769" HPOS="187" VPOS="1791" WIDTH="206" HEIGHT="45" />
            <SP ID="SP_7611" HPOS="394" VPOS="1791" WIDTH="21" HEIGHT="0" />
            <String CONTENT="with" ID="Word_8770" HPOS="416" VPOS="1790" WIDTH="113" HEIGHT="45" />
            <SP ID="SP_7612" HPOS="530" VPOS="1791" WIDTH="22" HEIGHT="0" />
            <String CONTENT="a" ID="Word_8771" HPOS="553" VPOS="1806" WIDTH="27" HEIGHT="29" />
            <SP ID="SP_7613" HPOS="581" VPOS="1792" WIDTH="19" HEIGHT="0" />
            <String CONTENT="bearing" ID="Word_8772" HPOS="601" VPOS="1791" WIDTH="183" HEIGHT="61" />
            <SP ID="SP_7614" HPOS="785" VPOS="1791" WIDTH="19" HEIGHT="0" />
            <String CONTENT="lofty" ID="Word_8773" HPOS="805" VPOS="1791" WIDTH="116" HEIGHT="61" />
            <SP ID="SP_7615" HPOS="922" VPOS="1807" WIDTH="22" HEIGHT="0" />
            <String CONTENT="and" ID="Word_8774" HPOS="945" VPOS="1792" WIDTH="89" HEIGHT="44" />
            <SP ID="SP_7616" HPOS="1035" VPOS="1792" WIDTH="22" HEIGHT="0" />
            <String CONTENT="dignified," ID="Word_8775" HPOS="1058" VPOS="1790" WIDTH="224" HEIGHT="62" />
            <SP ID="SP_7617" HPOS="1283" VPOS="1807" WIDTH="24" HEIGHT="0" />
            <String CONTENT="with" ID="Word_8776" HPOS="1308" VPOS="1797" WIDTH="114" HEIGHT="39" />
          </TextLine>
          <TextLine ID="TextLine_1162" HPOS="570" VPOS="1920" WIDTH="709" HEIGHT="48">
            <String CONTENT="“" ID="Word_8777" HPOS="570" VPOS="1922" WIDTH="23" HEIGHT="30" />
            <SP ID="SP_7619" HPOS="594" VPOS="1920" WIDTH="20" HEIGHT="0" />
            <String CONTENT="Far" ID="Word_8778" HPOS="615" VPOS="1920" WIDTH="71" HEIGHT="36" />
            <SP ID="SP_7620" HPOS="687" VPOS="1933" WIDTH="15" HEIGHT="0" />
            <String CONTENT="noHer" ID="Word_8779" HPOS="703" VPOS="1921" WIDTH="129" HEIGHT="35" />
            <SP ID="SP_7621" HPOS="833" VPOS="1933" WIDTH="16" HEIGHT="0" />
            <String CONTENT="shape," ID="Word_8780" HPOS="850" VPOS="1921" WIDTH="120" HEIGHT="47" />
            <SP ID="SP_7622" HPOS="971" VPOS="1934" WIDTH="22" HEIGHT="0" />
            <String CONTENT="erect" ID="Word_8781" HPOS="994" VPOS="1926" WIDTH="96" HEIGHT="30" />
            <SP ID="SP_7623" HPOS="1091" VPOS="1926" WIDTH="16" HEIGHT="0" />
            <String CONTENT="and" ID="Word_8782" HPOS="1108" VPOS="1921" WIDTH="71" HEIGHT="35" />
            <SP ID="SP_7624" HPOS="1180" VPOS="1921" WIDTH="17" HEIGHT="0" />
            <String CONTENT="tall," ID="Word_8783" HPOS="1198" VPOS="1920" WIDTH="81" HEIGHT="45" />
          </TextLine>
          <TextLine ID="TextLine_1163" HPOS="397" VPOS="1984" WIDTH="829" HEIGHT="46">
            <String CONTENT="Godlike" ID="Word_8784" HPOS="397" VPOS="1984" WIDTH="159" HEIGHT="37" />
            <SP ID="SP_7625" HPOS="557" VPOS="1997" WIDTH="19" HEIGHT="0" />
            <String CONTENT="erect," ID="Word_8785" HPOS="577" VPOS="1997" WIDTH="106" HEIGHT="33" />
            <SP ID="SP_7626" HPOS="684" VPOS="1997" WIDTH="18" HEIGHT="0" />
            <String CONTENT="with" ID="Word_8786" HPOS="703" VPOS="1986" WIDTH="88" HEIGHT="35" />
            <SP ID="SP_7627" HPOS="792" VPOS="1986" WIDTH="16" HEIGHT="0" />
            <String CONTENT="native" ID="Word_8787" HPOS="809" VPOS="1987" WIDTH="121" HEIGHT="34" />
            <SP ID="SP_7628" HPOS="931" VPOS="1986" WIDTH="17" HEIGHT="0" />
            <String CONTENT="honour" ID="Word_8788" HPOS="949" VPOS="1986" WIDTH="142" HEIGHT="35" />
            <SP ID="SP_7629" HPOS="1092" VPOS="1998" WIDTH="16" HEIGHT="0" />
            <String CONTENT="clad.”" ID="Word_8789" HPOS="1109" VPOS="1997" WIDTH="117" HEIGHT="24" />
          </TextLine>
          <TextLine ID="TextLine_1164" HPOS="187" VPOS="2100" WIDTH="1356" HEIGHT="62">
            <String CONTENT="We" ID="Word_8790" HPOS="187" VPOS="2101" WIDTH="91" HEIGHT="45" />
            <SP ID="SP_7630" HPOS="279" VPOS="2115" WIDTH="22" HEIGHT="0" />
            <String CONTENT="wish" ID="Word_8791" HPOS="302" VPOS="2100" WIDTH="113" HEIGHT="46" />
            <SP ID="SP_7631" HPOS="416" VPOS="2101" WIDTH="22" HEIGHT="0" />
            <String CONTENT="chiefly" ID="Word_8792" HPOS="439" VPOS="2101" WIDTH="162" HEIGHT="60" />
            <SP ID="SP_7632" HPOS="602" VPOS="2107" WIDTH="22" HEIGHT="0" />
            <String CONTENT="to" ID="Word_8793" HPOS="625" VPOS="2107" WIDTH="46" HEIGHT="40" />
            <SP ID="SP_7633" HPOS="672" VPOS="2100" WIDTH="22" HEIGHT="0" />
            <String CONTENT="illustrate," ID="Word_8794" HPOS="695" VPOS="2100" WIDTH="236" HEIGHT="54" />
            <SP ID="SP_7634" HPOS="932" VPOS="2103" WIDTH="23" HEIGHT="0" />
            <String CONTENT="by" ID="Word_8795" HPOS="956" VPOS="2103" WIDTH="62" HEIGHT="59" />
            <SP ID="SP_7635" HPOS="1019" VPOS="2108" WIDTH="13" HEIGHT="0" />
            <String CONTENT="their" ID="Word_8796" HPOS="1033" VPOS="2100" WIDTH="118" HEIGHT="46" />
            <SP ID="SP_7636" HPOS="1152" VPOS="2101" WIDTH="20" HEIGHT="0" />
            <String CONTENT="diflerence," ID="Word_8797" HPOS="1173" VPOS="2100" WIDTH="248" HEIGHT="54" />
            <SP ID="SP_7637" HPOS="1422" VPOS="2108" WIDTH="19" HEIGHT="0" />
            <String CONTENT="that" ID="Word_8798" HPOS="1442" VPOS="2107" WIDTH="101" HEIGHT="39" />
          </TextLine>
          <TextLine ID="TextLine_1165" HPOS="187" VPOS="2177" WIDTH="1355" HEIGHT="61">
            <String CONTENT="the" ID="Word_8799" HPOS="187" VPOS="2184" WIDTH="77" HEIGHT="38" />
            <SP ID="SP_7638" HPOS="265" VPOS="2192" WIDTH="22" HEIGHT="0" />
            <String CONTENT="parts" ID="Word_8800" HPOS="288" VPOS="2193" WIDTH="122" HEIGHT="45" />
            <SP ID="SP_7639" HPOS="411" VPOS="2193" WIDTH="22" HEIGHT="0" />
            <String CONTENT="allotted" ID="Word_8801" HPOS="434" VPOS="2178" WIDTH="185" HEIGHT="45" />
            <SP ID="SP_7640" HPOS="620" VPOS="2177" WIDTH="22" HEIGHT="0" />
            <String CONTENT="for" ID="Word_8802" HPOS="643" VPOS="2177" WIDTH="64" HEIGHT="46" />
            <SP ID="SP_7641" HPOS="708" VPOS="2178" WIDTH="13" HEIGHT="0" />
            <String CONTENT="locomotion" ID="Word_8803" HPOS="722" VPOS="2178" WIDTH="263" HEIGHT="46" />
            <SP ID="SP_7642" HPOS="986" VPOS="2178" WIDTH="22" HEIGHT="0" />
            <String CONTENT="in" ID="Word_8804" HPOS="1009" VPOS="2178" WIDTH="46" HEIGHT="45" />
            <SP ID="SP_7643" HPOS="1056" VPOS="2185" WIDTH="21" HEIGHT="0" />
            <String CONTENT="the" ID="Word_8805" HPOS="1078" VPOS="2185" WIDTH="78" HEIGHT="39" />
            <SP ID="SP_7644" HPOS="1157" VPOS="2194" WIDTH="21" HEIGHT="0" />
            <String CONTENT="most" ID="Word_8806" HPOS="1179" VPOS="2184" WIDTH="116" HEIGHT="39" />
            <SP ID="SP_7645" HPOS="1296" VPOS="2184" WIDTH="22" HEIGHT="0" />
            <String CONTENT="man-like" ID="Word_8807" HPOS="1319" VPOS="2178" WIDTH="223" HEIGHT="45" />
          </TextLine>
          <TextLine ID="TextLine_1166" HPOS="188" VPOS="2254" WIDTH="1353" HEIGHT="62">
            <String CONTENT="monkey," ID="Word_8808" HPOS="188" VPOS="2269" WIDTH="211" HEIGHT="45" />
            <SP ID="SP_7646" HPOS="400" VPOS="2270" WIDTH="16" HEIGHT="0" />
            <String CONTENT="are" ID="Word_8809" HPOS="417" VPOS="2270" WIDTH="73" HEIGHT="29" />
            <SP ID="SP_7647" HPOS="491" VPOS="2270" WIDTH="11" HEIGHT="0" />
            <String CONTENT="unfitted" ID="Word_8810" HPOS="503" VPOS="2254" WIDTH="196" HEIGHT="46" />
            <SP ID="SP_7648" HPOS="700" VPOS="2254" WIDTH="12" HEIGHT="0" />
            <String CONTENT="for" ID="Word_8811" HPOS="713" VPOS="2254" WIDTH="64" HEIGHT="46" />
            <SP ID="SP_7649" HPOS="778" VPOS="2271" WIDTH="12" HEIGHT="0" />
            <String CONTENT="sustaining" ID="Word_8812" HPOS="791" VPOS="2255" WIDTH="249" HEIGHT="61" />
            <SP ID="SP_7650" HPOS="1041" VPOS="2271" WIDTH="15" HEIGHT="0" />
            <String CONTENT="an" ID="Word_8813" HPOS="1057" VPOS="2271" WIDTH="58" HEIGHT="29" />
            <SP ID="SP_7651" HPOS="1116" VPOS="2271" WIDTH="13" HEIGHT="0" />
            <String CONTENT="upright" ID="Word_8814" HPOS="1130" VPOS="2255" WIDTH="180" HEIGHT="61" />
            <SP ID="SP_7652" HPOS="1311" VPOS="2261" WIDTH="18" HEIGHT="0" />
            <String CONTENT="attitude," ID="Word_8815" HPOS="1330" VPOS="2255" WIDTH="211" HEIGHT="53" />
          </TextLine>
          <TextLine ID="TextLine_1167" HPOS="190" VPOS="2330" WIDTH="1353" HEIGHT="62">
            <String CONTENT="while" ID="Word_8816" HPOS="190" VPOS="2330" WIDTH="135" HEIGHT="44" />
            <SP ID="SP_7653" HPOS="326" VPOS="2337" WIDTH="21" HEIGHT="0" />
            <String CONTENT="they" ID="Word_8817" HPOS="348" VPOS="2337" WIDTH="112" HEIGHT="54" />
            <SP ID="SP_7654" HPOS="461" VPOS="2346" WIDTH="21" HEIGHT="0" />
            <String CONTENT="are" ID="Word_8818" HPOS="483" VPOS="2346" WIDTH="73" HEIGHT="30" />
            <SP ID="SP_7655" HPOS="557" VPOS="2332" WIDTH="21" HEIGHT="0" />
            <String CONTENT="beautifully" ID="Word_8819" HPOS="579" VPOS="2331" WIDTH="271" HEIGHT="61" />
            <SP ID="SP_7656" HPOS="851" VPOS="2347" WIDTH="22" HEIGHT="0" />
            <String CONTENT="adapted" ID="Word_8820" HPOS="874" VPOS="2333" WIDTH="194" HEIGHT="44" />
            <SP ID="SP_7657" HPOS="1069" VPOS="2333" WIDTH="20" HEIGHT="0" />
            <String CONTENT="to" ID="Word_8821" HPOS="1090" VPOS="2338" WIDTH="46" HEIGHT="39" />
            <SP ID="SP_7658" HPOS="1137" VPOS="2347" WIDTH="28" HEIGHT="0" />
            <String CONTENT="perform" ID="Word_8822" HPOS="1166" VPOS="2331" WIDTH="191" HEIGHT="61" />
            <SP ID="SP_7659" HPOS="1358" VPOS="2346" WIDTH="22" HEIGHT="0" />
            <String CONTENT="all" ID="Word_8823" HPOS="1381" VPOS="2331" WIDTH="61" HEIGHT="45" />
            <SP ID="SP_7660" HPOS="1443" VPOS="2331" WIDTH="21" HEIGHT="0" />
            <String CONTENT="the" ID="Word_8824" HPOS="1465" VPOS="2331" WIDTH="78" HEIGHT="44" />
          </TextLine>
          <TextLine ID="TextLine_1168" HPOS="192" VPOS="2406" WIDTH="629" HEIGHT="60">
            <String CONTENT="requisites" ID="Word_8825" HPOS="192" VPOS="2406" WIDTH="234" HEIGHT="60" />
            <SP ID="SP_7661" HPOS="427" VPOS="2423" WIDTH="22" HEIGHT="0" />
            <String CONTENT="of" ID="Word_8826" HPOS="450" VPOS="2406" WIDTH="50" HEIGHT="46" />
            <SP ID="SP_7662" HPOS="501" VPOS="2406" WIDTH="12" HEIGHT="0" />
            <String CONTENT="a" ID="Word_8827" HPOS="514" VPOS="2423" WIDTH="27" HEIGHT="29" />
            <SP ID="SP_7663" HPOS="542" VPOS="2423" WIDTH="21" HEIGHT="0" />
            <String CONTENT="silvan" ID="Word_8828" HPOS="564" VPOS="2407" WIDTH="145" HEIGHT="46" />
            <SP ID="SP_7664" HPOS="710" VPOS="2408" WIDTH="21" HEIGHT="0" />
            <String CONTENT="life." ID="Word_8829" HPOS="732" VPOS="2407" WIDTH="89" HEIGHT="46" />
          </TextLine>
          <TextLine ID="TextLine_1169" HPOS="259" VPOS="2481" WIDTH="1293" HEIGHT="64">
            <String CONTENT="The" ID="Word_8830" HPOS="259" VPOS="2482" WIDTH="96" HEIGHT="45" />
            <SP ID="SP_7665" HPOS="356" VPOS="2482" WIDTH="20" HEIGHT="0" />
            <String CONTENT="first" ID="Word_8831" HPOS="377" VPOS="2482" WIDTH="96" HEIGHT="46" />
            <SP ID="SP_7666" HPOS="474" VPOS="2484" WIDTH="22" HEIGHT="0" />
            <String CONTENT="distinction" ID="Word_8832" HPOS="497" VPOS="2484" WIDTH="258" HEIGHT="45" />
            <SP ID="SP_7667" HPOS="756" VPOS="2491" WIDTH="20" HEIGHT="0" />
            <String CONTENT="that" ID="Word_8833" HPOS="777" VPOS="2484" WIDTH="101" HEIGHT="45" />
            <SP ID="SP_7668" HPOS="879" VPOS="2490" WIDTH="23" HEIGHT="0" />
            <String CONTENT="would" ID="Word_8834" HPOS="903" VPOS="2484" WIDTH="150" HEIGHT="46" />
            <SP ID="SP_7669" HPOS="1054" VPOS="2484" WIDTH="20" HEIGHT="0" />
            <String CONTENT="undoubtedly" ID="Word_8835" HPOS="1075" VPOS="2484" WIDTH="310" HEIGHT="61" />
            <SP ID="SP_7670" HPOS="1386" VPOS="2498" WIDTH="24" HEIGHT="0" />
            <String CONTENT="strike" ID="Word_8836" HPOS="1411" VPOS="2481" WIDTH="141" HEIGHT="47" />
          </TextLine>
          <TextLine ID="TextLine_1170" HPOS="194" VPOS="2558" WIDTH="1358" HEIGHT="64">
            <String CONTENT="an" ID="Word_8837" HPOS="194" VPOS="2573" WIDTH="57" HEIGHT="30" />
            <SP ID="SP_7671" HPOS="252" VPOS="2574" WIDTH="23" HEIGHT="0" />
            <String CONTENT="observer" ID="Word_8838" HPOS="276" VPOS="2574" WIDTH="201" HEIGHT="31" />
            <SP ID="SP_7672" HPOS="478" VPOS="2575" WIDTH="28" HEIGHT="0" />
            <String CONTENT="of" ID="Word_8839" HPOS="507" VPOS="2559" WIDTH="50" HEIGHT="46" />
            <SP ID="SP_7673" HPOS="558" VPOS="2559" WIDTH="23" HEIGHT="0" />
            <String CONTENT="an" ID="Word_8840" HPOS="582" VPOS="2575" WIDTH="57" HEIGHT="31" />
            <SP ID="SP_7674" HPOS="640" VPOS="2576" WIDTH="28" HEIGHT="0" />
            <String CONTENT="orang" ID="Word_8841" HPOS="669" VPOS="2576" WIDTH="134" HEIGHT="46" />
            <SP ID="SP_7675" HPOS="804" VPOS="2576" WIDTH="29" HEIGHT="0" />
            <String CONTENT="and" ID="Word_8842" HPOS="834" VPOS="2561" WIDTH="89" HEIGHT="47" />
            <SP ID="SP_7676" HPOS="924" VPOS="2561" WIDTH="23" HEIGHT="0" />
            <String CONTENT="human" ID="Word_8843" HPOS="948" VPOS="2561" WIDTH="173" HEIGHT="45" />
            <SP ID="SP_7677" HPOS="1122" VPOS="2561" WIDTH="28" HEIGHT="0" />
            <String CONTENT="being" ID="Word_8844" HPOS="1151" VPOS="2561" WIDTH="132" HEIGHT="60" />
            <SP ID="SP_7678" HPOS="1284" VPOS="2576" WIDTH="26" HEIGHT="0" />
            <String CONTENT="placed" ID="Word_8845" HPOS="1311" VPOS="2558" WIDTH="159" HEIGHT="64" />
            <SP ID="SP_7679" HPOS="1471" VPOS="2558" WIDTH="32" HEIGHT="0" />
            <String CONTENT="in" ID="Word_8846" HPOS="1504" VPOS="2558" WIDTH="48" HEIGHT="45" />
          </TextLine>
          <TextLine ID="TextLine_1171" HPOS="1329" VPOS="2651" WIDTH="28" HEIGHT="29">
            <String CONTENT="E" ID="Word_8847" HPOS="1329" VPOS="2651" WIDTH="28" HEIGHT="29" />
          </TextLine>
        </TextBlock>
      </PrintSpace>
    </Page>
  </Layout>
</alto>
