2113 3404
331 125 82 41 110

829 143 86 31 THE
947 144 241 34 DISORDERS
1220 147 53 31 OF
1304 147 173 32 SPEECH.

332 255 53 42 he
402 256 179 45 reduces
603 273 25 29 a
649 260 183 56 syllable
856 268 43 37 to
921 264 105 42 such
1050 265 238 56 simplicity
1312 266 95 42 that
1428 266 73 42 the
1523 266 177 42 listener
1720 280 77 29 can
1819 282 121 41 guess

330 331 47 37 at
397 327 57 43 its
477 328 217 45 intention
717 332 102 57 only
842 333 109 43 from
973 334 74 43 the
1073 336 137 41 sound
1243 337 43 40 of
1308 336 73 42 the
1413 336 146 42 vowel.
1642 336 53 41 In
1729 350 78 28 our
1841 348 101 34 next

332 398 189 56 chapter,
538 415 63 28 we
623 402 111 42 shall
753 417 70 29 see
846 404 119 42 these
988 405 83 41 and
1092 405 122 42 other
1232 406 186 41 features
1436 407 43 40 of
1501 406 285 55 baby-speech
1806 421 135 29 repro-

329 469 140 44 duced
500 471 46 41 in
570 472 72 42 the
666 471 10 27 '
695 473 177 56 lalling'
894 475 43 40 of
960 475 319 41 weak-minded
1302 474 203 47 children.

387 541 65 42 As
495 546 43 38 to
581 543 74 42 the
697 543 347 55 developmental
1076 544 281 42 relationship
1399 544 195 42 between
1638 546 186 55 walking
1859 549 80 41 and

330 612 222 55 speaking,
574 613 128 42 much
726 614 279 41 information
1028 614 90 40 will
1140 614 52 41 be
1224 614 134 41 found
1391 614 44 40 in
1470 615 189 54 Preyer's
1685 616 126 42 work.
1873 617 66 43 He

331 681 143 43 shows
497 683 99 42 that
617 697 116 28 some
756 683 194 42 children
975 684 114 41 walk
1121 697 46 29 as
1199 683 118 43 early
1340 698 44 28 as
1412 684 73 43 the
1516 685 127 41 ninth
1675 687 163 51 month,
1859 690 80 42 and

329 752 144 42 others
506 758 77 36 not
616 752 113 43 until
762 753 102 55 they
896 767 71 28 are
998 767 25 27 a
1054 767 101 41 year
1185 754 86 41 and
1302 767 25 28 a
1357 754 104 51 half,
1489 769 46 27 or
1568 769 108 28 even
1708 762 83 36 two
1822 771 118 41 years

331 823 82 42 old.
476 823 71 41 He
579 823 151 41 thinks
763 822 96 42 that
889 823 132 42 much
1045 823 192 55 depends
1259 838 116 40 upon
1398 825 73 41 the
1493 826 319 55 surroundings.
1873 828 67 43 He

330 894 36 40 is
388 893 47 41 of
453 892 178 55 opinion
655 893 133 41 that"
805 893 195 42 children
1022 894 46 40 in
1091 894 139 41 sound
1252 894 220 42 condition
1495 895 157 42 mostly
1673 896 110 41 walk
1805 898 138 43 before

331 963 103 54 they
457 963 145 54 speak,
625 964 84 40 and
734 963 266 42 understand
1029 964 118 42 what
1168 964 37 42 is
1229 965 92 41 said
1343 965 101 55 long
1464 965 144 42 before
1631 966 100 55 they
1755 968 144 41 walk."

390 1034 54 41 In
488 1033 88 42 this
610 1033 188 55 chapter,
832 1034 21 41 I
891 1033 111 43 have
1035 1034 296 43 endeavoured
1366 1040 44 37 to
1444 1042 193 48 separate
1674 1036 72 42 the
1779 1037 166 43 various

330 1118 275 42 phenomena
645 1104 110 41 from
802 1105 104 42 each
939 1105 134 42 other,
1114 1105 84 41 and
1241 1110 42 36 to
1317 1105 195 42 consider
1562 1106 103 41 each
1708 1107 56 55 by
1805 1107 140 53 itself;

332 1174 220 56 although,
585 1189 46 28 as
662 1175 76 42 the
773 1176 148 41 reader
942 1176 91 41 will
1065 1176 278 42 understand,
1373 1176 72 41 the
1481 1190 215 41 processes
1729 1177 216 43 described

329 1260 72 28 are
432 1246 67 41 for
532 1246 74 42 the
638 1251 114 37 most
783 1251 98 50 part
911 1247 131 55 going
1063 1260 54 28 on
1143 1246 361 55 simultaneously
1527 1246 155 55 during
1704 1246 72 43 the
1799 1248 144 42 child's

330 1317 315 54 development.
710 1317 190 42 Perhaps
925 1317 73 42 the
1019 1318 206 55 Diagram
1247 1330 99 42 may
1368 1317 45 41 in
1438 1330 116 28 some
1579 1317 150 54 degree
1751 1331 119 29 serve
1900 1322 41 38 to

328 1388 111 42 keep
461 1387 146 42 before
639 1387 74 42 the
736 1387 121 41 mind
879 1387 45 42 of
943 1387 74 42 the
1039 1388 147 41 reader
1208 1387 72 42 the
1311 1386 275 42 correlations
1609 1388 42 40 of
1679 1387 74 41 the
1776 1388 164 42 various

330 1471 219 43 processes
570 1457 46 42 in
639 1457 126 55 point
786 1458 47 41 of
851 1457 116 43 time.
1029 1457 227 42 Although
1279 1458 22 41 I
1323 1457 109 42 have
1453 1457 185 54 adopted
1664 1457 84 42 this
1770 1459 169 41 method

331 1529 47 41 of
396 1528 309 55 presentation,
727 1528 144 41 which
902 1528 38 42 is
972 1528 202 42 different
1205 1528 109 41 from
1346 1528 96 41 that
1472 1528 46 41 of
1538 1528 218 41 Professor
1777 1528 164 42 Preyer,

331 1599 22 41 I
376 1602 113 38 trust
510 1598 96 41 that
629 1597 87 42 this
739 1597 179 55 chapter
940 1598 90 41 will
1052 1598 147 42 suffice
1224 1603 44 36 to
1290 1598 125 41 bring
1437 1598 142 41 before
1609 1597 75 42 the
1706 1597 145 42 reader
1872 1598 68 42 the

330 1668 175 56 general
541 1667 273 42 conclusions
851 1668 170 41 arrived
1058 1673 45 36 at
1124 1668 56 41 by
1203 1668 179 41 Darwin
1418 1667 85 41 and
1534 1667 159 55 Preyer
1722 1668 219 55 regarding

329 1739 75 42 the
437 1737 309 42 development
777 1737 44 42 of
852 1737 157 42 speech
1039 1738 47 40 in
1117 1737 75 42 the
1223 1737 127 42 child.
1412 1737 138 55 Many
1572 1736 235 55 important
1837 1737 103 42 facts

329 1809 86 42 and
436 1808 132 42 much
591 1808 133 42 detail
746 1808 110 42 have
878 1809 109 41 been
1010 1808 192 41 omitted,
1224 1808 80 41 but
1326 1808 22 40 I
1371 1811 113 38 trust
1506 1807 94 41 that
1622 1821 110 28 none
1761 1807 46 41 of
1833 1808 107 40 their

329 1880 297 42 observations
663 1879 110 42 have
805 1880 109 41 been
947 1892 265 28 mis-stated;
1258 1878 85 42 and
1375 1879 22 41 I
1435 1878 110 42 hope
1583 1878 95 42 that
1714 1878 87 42 this
1837 1879 106 41 brief

329 1954 236 38 statement
606 1950 46 42 of
689 1950 116 42 their
845 1950 135 42 views
1022 1963 101 28 may
1160 1949 53 42 be
1250 1949 142 42 useful
1428 1953 44 37 to
1509 1949 74 42 the
1624 1949 157 51 reader,
1803 1963 44 28 as
1888 1962 50 29 an

328 2021 297 42 introduction
658 2026 43 37 to
733 2021 75 42 the
840 2020 130 43 study
994 2020 45 42 of
1063 2020 74 42 the
1170 2019 346 56 developmental
1547 2020 322 55 derangements
1900 2020 40 41 of

329 2092 155 56 speech
507 2093 97 41 that
626 2092 22 41 I
671 2106 181 41 propose
874 2097 43 37 to
941 2096 111 38 treat
1073 2091 46 42 of
1136 2091 46 41 in
1204 2104 74 42 my
1300 2096 106 37 next
1427 2094 184 39 chapter.
