2178 3965
1004 213 65 49 25

61 348 110 53 who
201 351 93 68 put
325 366 54 34 so
409 345 153 54 much
601 346 129 53 faith
763 347 55 52 in
861 351 88 50 the
990 346 272 73 subjective
1297 348 206 53 method
1541 348 63 53 do
1636 349 151 71 reject
1822 351 126 52 such
1985 372 29 32 a

60 423 134 52 large
220 421 96 52 and
341 421 273 52 important
642 421 261 53 collection
931 421 55 52 of
1020 421 250 53 instances
1310 441 52 34 as
1403 422 194 53 dreams
1637 423 99 53 and
1775 424 235 54 madmen

59 495 213 62 furnish,
299 495 119 70 they
444 495 125 52 have
594 513 151 34 never
770 495 224 53 thought
1020 514 185 52 proper
1230 501 54 47 to
1312 496 215 70 explain.

129 569 95 53 IV.
265 569 107 52 The
400 574 152 64 study
578 569 56 52 of
667 574 87 47 the
779 588 234 51 progress
1042 588 56 33 or
1123 588 194 34 regress
1358 570 55 52 of
1431 570 86 52 the
1543 570 191 53 human
1758 571 157 65 mind;
1947 592 52 33 as

59 642 256 54 exhibited
339 643 52 51 in
417 644 199 67 history,
641 647 131 47 most
801 642 211 53 difficult
1038 662 52 33 as
1116 648 87 47 the
1228 643 115 53 task
1369 644 59 63 is,
1448 650 185 47 cannot
1662 644 59 53 be
1748 651 262 48 neglected

58 716 65 70 by
147 735 94 34 one
267 716 111 52 who
406 716 175 52 wishes
608 721 53 47 to
690 716 60 52 be
779 716 307 71 thoroughly
1112 717 246 70 equipped
1385 717 77 53 for
1492 723 87 47 the
1611 738 221 33 arduous
1868 720 138 52 work

59 791 55 52 of
144 795 352 65 constructing
522 809 27 32 a
574 789 214 71 positive
816 791 184 52 mental
1026 790 207 53 science.
1313 791 106 52 The
1457 791 242 72 unhappy
1725 793 283 53 tendencies

61 864 161 53 which
248 863 111 53 lead
385 869 52 47 to
465 864 277 52 individual
768 883 137 34 error
931 864 101 53 and
1059 864 356 71 degeneration
1444 885 80 33 are
1557 870 146 49 those
1742 867 161 52 which
1943 886 65 34 on

62 958 28 33 a
115 938 224 52 national
366 937 127 53 scale
520 937 219 53 conduct
754 937 203 72 peoples
983 943 54 48 to
1066 938 308 53 destruction
1400 962 11 40 ;
1452 938 99 54 and
1578 945 86 47 the
1690 960 139 33 nisus
1855 940 56 52 of
1945 960 65 33 an

60 1012 158 70 epoch
259 1012 42 52 is
346 1011 231 53 summed
619 1031 69 51 up
731 1012 55 52 in
822 1012 87 53 the
949 1011 280 72 biography
1255 1012 56 53 of
1350 1012 65 53 its
1460 1018 143 65 great
1637 1033 134 34 man.
1849 1014 160 53 Freed

58 1086 129 52 from
213 1092 86 46 the
325 1104 149 52 many
501 1085 287 71 disturbing
814 1086 287 53 conditions
1133 1086 162 52 which
1334 1088 234 52 interfere
1605 1107 54 33 so
1697 1088 153 52 much
1888 1095 121 45 with

60 1160 77 52 his
171 1159 314 54 observation
520 1159 55 53 of
614 1160 87 52 the
744 1160 294 65 individual,
1075 1165 88 48 the
1197 1160 323 71 philosopher
1560 1180 114 52 may
1700 1162 213 70 perhaps
1955 1162 55 52 in

62 1234 194 71 history
284 1234 227 52 discover
536 1233 85 53 the
647 1233 119 53 laws
806 1234 56 52 of
901 1234 189 52 human
1117 1253 232 52 progress
1379 1234 54 52 in
1459 1234 131 53 their
1616 1236 274 71 generality
1911 1235 99 53 and

62 1308 287 70 simplicity,
392 1327 52 33 as
480 1308 222 52 Newton
741 1307 287 54 discovered
1064 1308 54 52 in
1155 1313 88 47 the
1280 1313 219 47 motions
1541 1308 55 53 of
1635 1309 87 52 the
1766 1309 241 70 heavenly

64 1381 170 53 bodies
279 1382 87 52 the
405 1381 94 54 law
533 1381 165 53 which
741 1381 64 53 he
839 1381 167 53 would
1045 1381 54 52 in
1142 1381 116 53 vain
1298 1382 127 53 have
1459 1382 185 53 looked
1686 1383 78 53 for
1808 1383 98 52 had
1948 1383 62 53 he

64 1455 228 53 watched
317 1456 89 52 the
431 1455 87 54 fall
546 1455 54 53 of
623 1474 146 51 every
796 1455 147 71 apple
969 1455 53 52 in
1047 1456 223 70 Europe.

138 1530 123 70 May
287 1549 73 33 we
384 1534 91 47 not
511 1534 123 47 then
660 1534 138 65 truly
825 1549 86 52 say
937 1529 112 53 that
1076 1529 63 52 he
1173 1529 119 71 only
1317 1528 43 54 is
1400 1534 87 48 the
1511 1534 113 48 true
1662 1530 350 71 psychologist

62 1623 128 45 who,
219 1603 240 53 occupied
484 1603 120 52 with
629 1608 88 48 the
743 1602 318 54 observation
1100 1603 54 52 of
1189 1609 87 47 the
1301 1603 162 53 whole
1503 1604 55 52 of
1595 1604 190 52 human
1811 1609 198 62 nature,

65 1678 149 52 avails
240 1677 204 52 himself
482 1683 91 46 not
601 1696 118 51 only
746 1677 55 53 of
841 1696 146 52 every
1013 1696 172 33 means
1211 1677 164 52 which
1400 1697 190 34 science
1617 1678 182 52 affords
1820 1679 78 52 for
1924 1678 88 53 the

63 1751 356 53 investigation
442 1750 54 53 of
518 1751 86 52 the
630 1750 171 71 bodily
828 1751 283 52 conditions
1138 1751 165 52 which
1329 1751 256 71 assuredly
1611 1751 226 53 underlie
1864 1771 147 51 every

67 1826 192 70 display
286 1825 54 52 of
362 1826 243 62 function,
635 1844 263 33 conscious
926 1844 56 34 or
1007 1825 354 64 unconscious,
1390 1824 94 53 but
1512 1824 103 54 also
1643 1826 55 51 of
1720 1845 145 51 every
1892 1826 118 70 help

65 1900 164 52 which
253 1900 43 51 is
335 1898 263 53 furnished
635 1898 66 71 by
728 1904 86 47 the
839 1899 190 52 mental
1065 1899 397 52 manifestations
1502 1899 55 52 of
1597 1899 186 53 animal
1821 1899 100 53 and
1960 1900 56 52 of

65 1993 132 46 man,
239 1973 222 52 whether
505 1991 361 52 undeveloped,
911 1971 315 73 degenerate,
1273 1992 56 33 or
1372 1972 314 54 cultivated?
1766 1974 153 64 Here,
1960 1993 53 33 as

67 2066 310 34 everywhere
415 2046 99 53 else
551 2047 53 52 in
632 2051 197 60 nature,
857 2066 116 33 man
1013 2051 137 47 must
1188 2046 322 70 deliberately
1536 2046 154 71 apply
1715 2046 206 53 himself
1957 2052 55 48 to

68 2141 27 33 a
121 2140 133 34 close
280 2120 324 54 communion
629 2120 124 52 with
778 2125 87 47 the
890 2139 240 46 external,
1158 2125 138 47 must
1333 2120 178 52 intend
1547 2121 80 51 his
1666 2121 142 52 mind
1845 2127 54 47 to
1926 2121 87 52 the

68 2195 211 53 realities
317 2194 163 54 which
519 2193 251 53 surround
807 2194 123 65 him,
958 2193 101 53 and
1096 2194 121 52 thus
1256 2193 67 72 by
1350 2199 196 65 patient
1575 2194 218 53 internal
1824 2195 189 69 adjust-

70 2274 136 48 ment
230 2274 54 47 to
313 2268 228 53 outward
567 2267 237 53 relations
832 2267 264 71 gradually
1124 2267 172 53 evolve
1333 2267 108 52 into
1481 2268 262 52 conscious
1784 2268 230 71 develop-

69 2348 137 47 ment
242 2343 145 52 those
424 2342 144 53 inner
604 2346 171 48 truths
816 2342 162 51 which
1016 2361 81 33 are
1130 2346 87 47 the
1251 2341 334 53 unavoidable
1616 2361 311 51 expressions
1964 2343 55 52 of

68 2416 86 54 the
178 2417 243 70 harmony
440 2415 223 53 between
682 2415 204 53 himself
910 2415 101 52 and
1035 2434 197 33 nature.
1312 2415 71 53 Of
1407 2415 84 52 old
1517 2415 40 52 it
1577 2435 99 32 was
1702 2415 89 53 the
1817 2416 198 52 fashion

70 2495 52 47 to
148 2495 79 66 try
254 2496 52 47 to
334 2490 199 53 explain
558 2493 179 48 nature
762 2489 130 52 from
919 2508 29 33 a
972 2507 116 52 very
1114 2488 301 53 incomplete
1440 2488 299 71 knowledge
1778 2490 55 52 of
1867 2509 146 45 man;

70 2563 93 54 but
188 2565 41 51 it
253 2564 42 52 is
320 2570 88 46 the
434 2563 188 53 certain
646 2567 247 66 tendency
914 2562 55 53 of
990 2562 281 71 advancing
1297 2562 188 54 science
1509 2567 54 48 to
1590 2563 199 52 explain
1814 2582 118 33 man
1952 2582 66 33 on

72 2637 85 53 the
180 2637 135 54 basis
341 2638 55 52 of
419 2658 29 33 a
472 2636 283 72 perfecting
780 2636 299 70 knowledge
1106 2637 54 52 of
1183 2655 192 34 nature.

146 2711 206 71 Having
377 2711 141 71 fairly
546 2710 242 53 admitted
815 2730 28 32 a
869 2710 223 64 method,
1120 2710 42 52 it
1189 2709 214 53 behoves
1439 2729 59 33 us
1524 2714 54 48 to
1604 2709 119 53 take
1749 2708 129 54 heed
1903 2710 113 52 that

72 2804 72 33 we
168 2805 80 33 are
270 2792 93 46 not
387 2791 90 47 too
497 2784 251 53 exclusive
771 2784 54 52 in
849 2784 67 52 its
944 2784 316 70 application.
1326 2784 73 51 To
1426 2784 102 51 this
1554 2783 140 53 there
1719 2783 42 53 is
1789 2803 28 33 a
1844 2788 175 66 strong

72 2858 322 54 inclination:
430 2877 126 34 even
593 2858 53 52 in
688 2858 88 52 the
814 2857 359 53 investigation
1214 2857 56 53 of
1304 2856 226 72 physical
1563 2875 177 34 nature
1765 2876 115 33 men
1904 2876 113 34 now

74 2932 280 73 frequently
379 2933 141 52 write
546 2932 54 52 of
633 2931 266 53 induction
940 2951 52 33 as
1034 2932 171 51 Bacon
1245 2931 205 52 himself
1483 2950 149 33 never
1674 2935 153 48 wrote
1872 2931 54 52 of
1959 2931 58 52 it.

76 3005 52 52 It
153 3006 162 71 might
342 3026 131 33 seem
499 3007 131 51 from
655 3011 88 46 the
769 3005 147 52 usual
941 3005 200 52 fashion
1169 3004 54 53 of
1259 3004 179 71 speech
1465 3009 109 48 that
1599 3004 88 53 the
1711 3005 231 52 function
1969 3005 56 52 of

75 3084 85 47 the
184 3080 138 52 mind
346 3099 99 34 was
470 3078 186 72 merely
681 3079 113 52 that
820 3079 55 52 of
910 3098 28 33 a
962 3078 228 71 polished
1216 3078 97 53 and
1339 3077 195 72 passive
1561 3079 192 64 mirror,
1781 3080 55 51 in
1857 3078 165 52 which

76 3153 198 52 natural
309 3154 314 70 phenomena
661 3152 181 53 should
880 3152 62 53 be
968 3151 208 54 allowed
1203 3152 183 70 simply
1412 3157 53 47 to
1494 3152 168 52 reflect
1687 3152 330 65 themselves;

77 3244 211 35 whereas
315 3246 145 51 every
487 3232 127 47 state
640 3227 55 52 of
729 3226 375 52 consciousness
1129 3226 43 52 is
1200 3246 29 32 a
1255 3225 395 53 developmental
1675 3226 158 52 result
1859 3226 55 52 of
1935 3226 86 52 the

78 3298 207 54 relation
304 3300 224 53 between
554 3300 139 52 mind
721 3299 97 53 and
843 3299 86 53 the
953 3299 312 70 impression,
1294 3299 56 52 of
1382 3306 87 45 the
1490 3298 194 72 subject
1711 3299 99 53 and
1838 3300 181 70 object.

79 3371 158 54 What
264 3374 170 52 Bacon
460 3379 164 47 strove
651 3393 54 33 so
732 3379 247 64 earnestly
1004 3379 54 46 to
1098 3372 194 54 abolish
1320 3393 97 32 was
1444 3378 112 47 that
1594 3373 206 52 method
1827 3373 54 51 of
1916 3391 106 51 sys-

80 3447 298 70 tematically
403 3447 209 69 looking
637 3447 109 51 into
795 3452 86 46 the
910 3446 137 52 mind
1070 3447 114 62 and,
1214 3446 65 52 bv
1306 3452 194 46 torture
1527 3447 55 50 of
1617 3446 405 51 self-conscious-

83 3536 127 47 ness,
241 3520 222 70 drawing
488 3526 177 46 thence
693 3525 169 65 empty
888 3520 152 63 ideas,
1071 3540 51 31 as
1168 3526 86 46 the
1293 3520 167 51 spider
1486 3520 156 51 forms
1670 3539 28 32 a
1722 3518 106 52 web
1857 3525 89 45 out
1974 3519 55 52 of

82 3590 64 52 its
185 3611 109 33 own
333 3593 277 64 substance,
638 3593 112 52 that
782 3593 276 52 ill-starred
1085 3593 198 52 divorce
1308 3592 223 53 between
1558 3592 140 52 mind
1725 3591 98 53 and
1849 3598 177 46 nature

83 3664 158 54 which
266 3665 97 54 had
389 3666 123 53 been
539 3666 270 53 cultivated
835 3666 64 70 by
922 3671 85 47 the
1024 3666 289 52 schoolmen
1339 3685 53 33 as
1419 3685 27 32 a
1473 3664 222 53 method.
1775 3665 161 52 What
1961 3666 64 52 he
