1933 3302
220 162 51 37 36

769 162 230 42 Erkrankung
1023 163 60 32 der
1107 164 174 33 Knochen.

219 268 282 45 Weichtheile;
533 268 113 38 dabei
676 269 143 38 nimmt
849 270 60 38 die
931 270 129 39 Caries
1081 272 60 37 die
1162 273 122 37 runde
1304 273 115 38 Form
1440 288 59 31 an,
1531 276 143 39 welche
1701 290 126 37 genau

220 322 73 38 mit
332 323 67 37 der
436 322 41 37 in
515 322 74 38 den
618 322 290 40 Weichtheilen
943 325 320 49 correspondirt."
1325 326 112 39 Auch
1467 327 172 53 König
1676 335 151 35 machte

222 375 179 39 ähnliche
431 375 353 52 Beobachtungen:
839 377 104 47 „Das
972 377 154 38 Periost
1157 378 93 38 wird
1278 379 117 39 leicht
1422 381 39 37 in
1490 382 131 38 weiter
1648 383 178 39 Ausdeh-

221 442 110 38 nung
368 429 144 38 inficirt
548 430 79 38 und
664 430 96 50 geht
796 430 39 38 in
875 436 204 44 grösseren
1109 431 142 39 Fetzen
1286 433 165 51 brandig
1480 448 44 24 zu
1556 434 164 40 Grunde.
1779 437 49 38 So

222 483 121 39 sahen
364 483 71 38 wir
465 496 40 25 es
535 484 101 38 öfter
666 498 46 23 an
745 484 68 38 der
833 484 187 37 vorderen
1041 483 141 39 Fläche
1203 486 66 37 der
1298 486 113 39 Tibia
1431 488 76 37 und
1528 502 100 24 zwar
1647 491 183 37 zuweilen

224 550 54 33 so,
311 538 87 37 dass
428 536 110 40 Haut
566 538 79 38 und
674 537 360 50 Subcutangewebe
1063 538 185 39 zunächst
1278 540 174 38 erhalten
1481 541 153 39 blieben
1663 544 77 36 und
1770 544 59 38 die

223 590 271 52 Ausbreitung
525 592 67 37 der
622 591 221 37 Krankheit
879 591 69 38 auf
976 591 85 38 dem
1091 591 125 52 Wege
1254 593 64 39 des
1348 594 170 38 Periosts
1552 595 278 40 beträchtliche

223 645 281 39 Dimensionen
541 658 181 25 annahm.
781 644 133 40 Durch
944 645 104 38 diese
1077 645 238 53 Zerstörung
1350 648 65 38 des
1445 647 170 39 Periosts
1653 650 77 36 und
1766 651 64 37 des

224 699 309 51 Bindegewebes
564 700 66 37 der
659 698 287 38 Haversischen
977 697 141 39 Canäle
1148 699 95 38 wird
1273 701 102 37 dann
1405 701 59 38 die
1494 701 175 39 Nekrose
1698 703 132 38 einge-

223 753 122 47 leitet,
378 754 60 38 die
460 767 89 24 man
578 752 210 38 besonders
817 751 118 39 leicht
961 752 63 38 bei
1043 753 298 50 neugebildeten
1362 754 198 48 Knochen,
1582 756 102 38 beim
1705 755 127 39 Gallus

224 807 243 39 beobachten
497 807 117 37 kann.
663 806 55 39 Es
749 805 150 39 scheint
930 806 87 38 dem
1046 806 307 49 Hospitalbrand
1383 809 110 49 eigen
1523 823 44 24 zu
1597 810 91 46 sein,
1721 813 113 35 meist

224 875 75 24 nur
328 860 299 40 oberflächliche
653 858 355 52 Abblätterungen,
1040 860 234 51 wenigstens
1303 861 63 38 bei
1394 861 137 39 harten
1560 863 197 45 Knochen,
1787 877 47 25 zu

226 915 203 39 bewirken
457 915 80 37 und
557 913 239 39 namentlich
817 914 59 47 da,
907 927 59 25 wo
988 927 41 24 er
1048 914 41 37 in
1110 913 171 39 Gelenke
1303 915 203 51 eindringt,
1538 929 72 24 nur
1630 916 59 38 die
1710 916 123 38 Ober-

226 970 126 38 fläche
383 970 67 37 der
481 968 274 38 Gelenkenden
785 981 67 24 zur
880 966 251 51 Abstossung
1160 981 45 24 zu
1234 968 199 50 bringen."
1486 969 257 49 Brugmans
1774 983 59 25 er-

229 1024 122 38 zählt:
408 1022 86 40 „Ich
535 1022 145 38 besitze
718 1022 39 37 in
795 1034 147 25 meiner
971 1020 228 52 Sammlung
1237 1022 59 38 die
1326 1021 294 40 Handknochen
1655 1023 103 38 eines
1788 1037 48 24 an

230 1078 127 38 dieser
381 1076 66 50 (an
467 1077 67 37 der
561 1076 116 38 Hand
698 1074 295 40 entstandenen)
1015 1075 218 38 Krankheit
1260 1075 298 39 Verstorbenen,
1589 1090 47 24 an
1666 1077 171 38 welchen

236 1132 62 38 die
329 1130 231 40 Oberfläche
590 1130 95 38 aller
715 1129 188 39 Knochen
934 1130 67 37 der
1019 1129 254 38 Vorderhand
1302 1130 78 37 und
1410 1130 66 37 der
1505 1130 162 38 meisten
1694 1130 143 52 Finger

230 1186 61 38 bis
327 1200 68 24 zur
424 1185 124 39 Dicke
584 1198 75 24 von
693 1183 167 38 beinahe
899 1183 105 38 einer
1032 1183 111 38 Linie
1179 1183 176 38 abgelöst
1387 1184 77 37 und
1500 1185 68 36 auf
1595 1185 82 37 eine
1706 1185 129 37 merk-

233 1240 176 38 wüi'dige
438 1239 134 38 Weise
602 1240 181 49 getrennt
812 1238 83 37 ist."
958 1237 80 38 Der
1067 1237 303 50 Hospitalbrand
1405 1237 149 38 scheint
1588 1238 81 37 sich
1697 1239 141 49 gerade

235 1294 128 38 hierin
393 1292 229 40 wesentlich
651 1305 75 25 von
757 1292 67 38 der
843 1291 192 39 Eiterung
1065 1305 45 23 zu
1139 1291 312 38 unterscheiden,
1483 1291 143 38 welche
1652 1292 43 49 ja
1722 1291 117 38 leicht

233 1349 115 38 tiefer
377 1349 41 37 in
449 1348 74 38 den
552 1346 191 38 Knochen
774 1346 210 50 eindringt,
1016 1345 61 38 die
1102 1345 230 38 Markhöhle
1361 1345 141 37 inficirt
1530 1345 79 37 und
1637 1344 202 38 Nekrosen

236 1417 77 24 von
353 1402 244 39 erheblicher
637 1400 141 47 Dicke,
818 1413 100 36 resp.
950 1399 322 38 Totalnekrosen,
1312 1401 226 35 veranlasst.
1596 1398 125 39 Einen
1755 1398 84 38 Fall

233 1471 75 25 von
339 1457 84 39 rein
451 1454 383 52 hospitalbrandiger
855 1452 289 39 Osteomyelitis
1173 1453 100 37 habe
1302 1452 63 38 ich
1393 1452 107 38 nicht
1525 1452 128 38 finden
1672 1452 166 38 können.

233 1512 161 38 Heine
433 1510 71 39 sah
537 1510 64 38 bei
631 1522 124 25 einem
785 1506 431 51 Amputationsstumpf
1247 1506 60 38 die
1337 1505 302 39 Granulationen
1674 1506 76 37 und
1780 1506 60 38 die

234 1565 257 40 Sägeflächen
521 1565 67 37 der
608 1563 114 38 Tibia
750 1561 340 51 hospitalbrandig
1110 1561 229 37 erkranken.
1388 1560 75 39 Ein
1489 1560 205 45 morsches,
1726 1559 113 38 miss-

234 1620 186 51 farbiges,
454 1632 140 38 graues
614 1617 154 39 Polster
796 1616 190 38 bedeckte
1017 1616 73 37 den
1111 1614 160 50 Stumpf
1298 1615 67 37 der
1385 1614 123 37 Tibia.
1557 1613 71 40 Bei
1658 1614 65 37 der
1742 1613 100 37 nach

235 1676 89 38 dem
345 1674 107 38 Tode
483 1674 66 37 des
572 1672 204 38 Patienten
806 1671 67 37 der
893 1670 134 37 Länge
1057 1668 100 38 nach
1185 1681 350 38 vorgenommenen
1555 1667 287 50 Durchsägung

237 1730 68 38 der
334 1728 114 40 Tibia
478 1740 125 38 zeigte
633 1739 93 25 sich,
759 1725 86 37 dass
877 1724 59 38 die
965 1722 560 51 Hospitalbranderkrankung
1553 1721 39 37 in
1622 1721 66 37 der
1707 1721 134 37 Mark-

237 1785 183 38 substanz
449 1796 73 24 nur
551 1793 150 26 wenige
730 1779 139 38 Linien
898 1778 40 37 in
968 1777 60 38 die
1058 1776 112 39 Höhe
1201 1777 154 37 reichte.
1407 1775 84 40 Von
1522 1775 65 38 der
1608 1774 235 50 Zerstörung

239 1839 104 38 eines
373 1836 304 40 neugebildeten
697 1833 210 39 Knochens
938 1831 121 38 durch
1088 1831 59 37 die
1169 1829 518 39 Hospitalbrandulceration
1715 1828 130 38 finden

237 1893 72 39 wir
336 1892 65 39 bei
428 1890 197 40 Fischer
654 1889 62 38 ein
744 1886 236 40 lehrreiches
1009 1884 182 50 Beispiel.

375 1994 58 30 Bei
458 2002 111 22 einem
594 1991 201 40 21jährigen
820 1988 169 30 Kutscher
1012 1996 72 21 war
1108 1986 86 30 nach
1219 1994 114 21 acuter
1357 1983 252 40 Osteom}'elitis
1634 1983 54 29 ein
1712 1990 134 32 grosser

244 2038 184 32 Sequester
453 2036 60 30 der
529 2035 100 31 Tibia
654 2032 320 41 zurückgeblieben,
998 2040 40 20 zu
1055 2029 163 31 welchem
1237 2028 155 30 mehrere
1408 2027 127 30 Fisteln
1554 2027 60 29 auf
1628 2025 58 31 der
1702 2024 144 30 Vorder-

240 2082 109 31 fläche
364 2080 59 31 des
432 2077 286 34 Unterschenkels
734 2077 146 29 führten.
907 2075 84 30 Eine
1002 2074 54 30 die
1069 2074 125 29 oberen
1206 2071 127 31 Fisteln
1348 2069 209 42 ergreifende
1569 2067 277 41 Hospitalbrand-

241 2126 167 31 infection
436 2125 89 29 legte
549 2122 56 30 die
628 2121 90 30 Lade
742 2121 35 28 in
802 2127 135 32 grosser
960 2116 236 31 Ausdehnung
1219 2115 73 29 frei.
1331 2113 76 30 Ihre
1432 2112 196 32 Oberfläche
1653 2120 69 20 war
1746 2109 101 31 theils

242 2169 138 31 uneben
403 2167 72 31 und
500 2165 152 32 trocken,
677 2163 101 31 theils
802 2164 34 28 in
863 2163 54 28 ein
943 2159 185 32 Geschwür
1152 2168 66 20 von
1244 2158 18 30 2
1287 2157 72 30 Zoll
1382 2156 112 40 Länge
1519 2155 68 30 und
1613 2156 15 30 1
1648 2152 73 32 Zoll
1736 2154 112 30 Breite

242 2221 223 21 verwandelt.
512 2210 43 30 Es
585 2209 93 30 hatte
709 2215 76 22 eine
815 2206 290 38 unregelmässige
1136 2202 178 38 eiförmige
1344 2199 130 31 Gestalt
1503 2198 69 30 und
1596 2206 116 21 wurde
1743 2195 105 31 durch

244 2265 77 22 eine
352 2254 156 42 gänzlich
534 2261 240 22 unterminirte
804 2248 78 31 sehr
911 2256 165 28 schmale,
1110 2254 169 27 unebene,
1311 2243 159 30 trockene
1494 2239 291 33 Knochenbrücke
1814 2240 35 28 in

245 2300 84 30 zwei
353 2298 207 31 Geschwüre
589 2294 154 42 getheilt.
796 2292 100 30 Diese
928 2290 148 30 reichten
1112 2289 51 30 bis
1188 2289 34 29 in
1253 2287 54 30 die
1338 2285 198 31 Markhöhle
1566 2284 59 30 der
1653 2283 99 30 Tibia
1780 2282 68 37 (bis

245 2353 77 21 zum
347 2338 233 43 Sequester?),
604 2347 114 22 waren
743 2345 78 21 sehr
845 2343 144 27 uneben,
1014 2342 194 28 schmierig,
1232 2329 227 40 empfindlich.
1503 2326 206 32 Inzwischen
1733 2325 117 30 hatten

246 2385 88 32 auch
365 2385 54 30 die
443 2393 144 21 unteren
611 2381 129 31 Fisteln
765 2379 73 31 sich
866 2380 36 29 in
926 2378 54 29 ein
1006 2384 134 33 grosses
1165 2371 445 42 Hospitalbrandgeschwür
1633 2370 217 34 verwandelt,

246 2429 148 31 welches
419 2428 66 30 den
509 2425 164 32 Knochen
708 2425 35 29 in
768 2431 174 32 grösserer
966 2419 123 31 Fläche
1122 2417 165 40 freilegte.
1334 2415 95 31 Auch
1464 2415 72 30 hier
1569 2414 114 29 hatten
1713 2411 71 30 sich
1815 2420 35 20 in

248 2474 79 30 dem
351 2469 280 34 blossliegenden
656 2467 164 31 Knochen
845 2465 92 30 tiefe,
960 2471 156 22 unebene
1142 2461 237 30 Ulcerationen
1403 2457 161 41 gebildet,
1588 2455 126 30 welche
1737 2463 113 21 mdess

249 2517 56 31 die
329 2515 91 31 Lade
444 2514 90 30 noch
558 2514 95 29 nicht
677 2508 211 41 vollständig
912 2506 272 31 durchdrangen.
1230 2504 66 29 Am
1320 2503 51 32 34.
1398 2501 91 40 Tage
1514 2509 113 21 waren
1651 2497 85 31 auch
1760 2497 92 30 diese

249 2561 55 31 bis
321 2561 37 29 in
377 2558 61 32 das
452 2558 124 30 Innere
595 2556 60 30 der
671 2554 90 30 Lade
778 2560 162 33 perforirt
957 2549 68 31 und
1046 2549 117 30 hatten
1183 2556 98 21 einen
1299 2546 123 40 langen
1439 2544 179 39 Sequester
1634 2540 217 39 blossgelegt.

383 2650 75 38 Die
478 2648 239 39 Zerstörung
747 2645 66 37 des
841 2642 127 39 Gallus
999 2640 121 39 durch
1149 2640 74 37 den
1242 2635 304 41 Hospitalbrand
1566 2647 95 24 wird
1690 2629 162 41 vielfach

254 2707 187 39 erwähnt.
501 2702 89 38 Wir
626 2700 131 38 finden
792 2697 64 39 bei
892 2696 166 39 Moore
1097 2693 84 38 eine
1220 2694 117 36 etwas
1373 2690 142 38 nähere
1552 2685 299 48 Beschreibung.

255 2761 56 39 Er
341 2760 69 38 sah
438 2757 65 39 bei
532 2756 213 39 Fracturen
776 2750 323 51 (complicirten?)
1139 2748 73 37 den
1249 2758 118 25 schon
1404 2743 219 51 gebildeten
1658 2739 77 38 und
1769 2751 86 24 zum

257 2814 115 40 Theil
409 2810 306 41 verknöcherten
753 2805 128 39 Gallus
926 2804 39 38 in
1003 2815 175 26 wenigen
1219 2799 172 38 Stunden
1428 2810 87 25 vom
1553 2791 300 53 Hospitalbrand

257 2870 166 38 zerstört
442 2878 167 26 werden.
658 2862 55 39 Er
744 2860 174 38 erwähnt
938 2854 282 41 ausdrücklich,
1251 2853 86 38 dass
1359 2851 66 38 der
1445 2849 303 49 Vereinigungs-
1778 2844 77 38 und

257 2921 515 48 Verknöcherungsprocess
812 2912 121 39 durch
971 2912 73 37 den
1082 2906 301 51 eindringenden
1412 2900 301 54 Hospitalbrand
1750 2901 107 35 nicht

260 2980 101 36 etwa
389 2989 73 25 nur
493 2973 251 39 aufgehalten
765 2980 142 32 wurde,
928 2978 178 30 .sondern
1135 2960 187 40 vielmehr
1352 2960 66 37 das
1439 2971 118 26 schon
1577 2953 279 52 Neugebildete
