1817 3171
727 285 90 30 THE
842 285 274 31 MAT,BROUK.

268 273 89 43 142

265 410 183 46 whence
481 416 113 56 they
624 411 206 45 tumbled
865 411 133 45 down
1032 426 120 45 upon
1186 426 102 38 me;
1325 411 65 46 for
1423 411 46 45 in
1505 409 127 48 other

264 493 193 41 respects
479 494 112 55 they
615 503 117 29 were
756 503 44 30 so
825 488 133 45 silent
978 488 89 45 and
1089 488 168 45 nimble
1281 488 46 45 in
1345 489 118 45 their
1476 489 152 54 tricks,

262 570 104 40 that
388 564 37 46 it
449 565 151 45 would
620 564 117 46 have
759 566 113 44 been
892 565 189 45 difficult
1099 571 45 39 to
1168 565 108 45 hear
1297 565 141 45 them.
1507 566 124 45 Here

264 641 23 46 I
312 648 200 54 stopped,
538 642 90 45 and
650 642 140 44 killed
812 648 92 39 two
928 657 47 30 or
996 648 126 39 three
1146 640 50 47 of
1219 642 141 53 them,
1386 643 145 44 before
1553 642 78 45 the

262 724 148 39 others
434 719 179 44 seemed
646 725 46 39 to
726 720 55 44 be
813 719 137 44 much
984 717 227 63 frighted;
1246 719 224 53 however,
1497 734 133 30 when

261 795 114 61 they
398 794 138 46 found
569 796 270 44 themselves
864 796 236 53 wounded,
1136 796 112 60 they
1271 797 143 44 began
1448 802 46 39 to
1529 796 100 46 look

261 871 66 46 for
344 872 179 54 shelter,
544 887 120 30 some
687 873 63 60 by
766 872 158 61 hiding
946 873 270 45 themselves
1235 887 163 47 among
1414 873 78 45 the
1510 872 119 62 large

262 949 186 60 boughs,
490 948 147 45 others
676 949 63 60 by
762 948 175 61 coming
976 949 133 44 down
1148 965 119 45 upon
1305 956 79 38 the
1420 950 171 60 ground
1611 967 27 36 ;■

262 1025 163 54 others,
461 1025 48 45 in
541 1024 104 55 fine,
677 1025 90 45 and
800 1032 127 39 these
952 1041 117 29 were
1103 1032 77 38 the
1203 1032 193 54 greatest
1418 1028 206 52 number,

260 1102 63 60 by
341 1101 211 62 jumping
574 1100 112 47 from
710 1117 83 30 one
815 1108 95 39 tree
932 1108 46 39 to
1002 1102 200 45 another.
1271 1102 205 62 Nothing
1499 1105 128 44 could

260 1178 56 46 be
349 1193 122 30 more
508 1177 315 62 entertaining,
849 1179 135 44 when
1015 1179 170 45 several
1208 1177 50 47 of
1277 1179 128 45 them
1437 1180 191 61 jumped

259 1261 204 40 together
485 1270 56 30 on
559 1261 79 39 the
662 1271 122 29 same
807 1257 163 59 bough,
994 1262 114 39 than
1126 1262 45 39 to
1191 1272 71 29 see
1285 1256 36 46 it
1345 1257 118 45 bend
1485 1257 144 45 under

259 1340 144 47 them,
429 1333 90 45 and
535 1333 79 44 the
635 1332 270 46 hithermost
923 1339 46 39 to
994 1333 105 61 drop
1120 1333 131 45 down
1270 1340 46 39 to
1338 1340 79 38 the
1439 1334 185 60 ground,

261 1410 137 45 while
435 1416 80 39 the
549 1415 91 40 rest
678 1415 74 55 got
791 1409 174 46 further
998 1425 71 38 on,
1111 1410 90 44 and
1224 1415 146 40 others
1395 1426 115 30 were
1535 1411 91 45 still

261 1487 252 46 suspended
546 1486 48 45 in
623 1493 78 39 the
731 1485 78 47 air.
878 1486 67 46 As
969 1487 91 44 this
1083 1503 129 45 game
1237 1503 92 29 was
1351 1503 132 45 going
1505 1503 71 38 on,
1604 1488 21 44 I

259 1563 242 46 continued
534 1563 92 46 still
648 1569 47 39 to
719 1563 125 45 shoot
869 1569 46 39 at
939 1570 156 47 them;
1132 1563 91 46 and
1245 1564 170 45 though
1440 1565 22 44 I
1486 1564 140 46 killed

258 1656 58 30 no
345 1640 87 46 less
462 1647 113 39 than
603 1640 446 61 three-and-twenty
1073 1640 46 45 in
1147 1641 88 45 less
1265 1647 112 38 than
1408 1656 58 29 an
1496 1641 126 53 hour,

259 1717 90 45 and
372 1717 164 46 within
558 1723 78 39 the
660 1732 128 30 space
812 1717 50 45 of
884 1723 179 55 twenty
1086 1716 211 54 fathoms,
1330 1723 79 55 yet
1439 1724 78 39 not
1542 1733 81 30 one

260 1793 50 46 of
330 1801 127 38 them
497 1794 230 45 screeched
756 1800 79 39 the
865 1794 145 45 whole
1049 1801 127 43 time,
1216 1794 410 61 notwithstanding

258 1871 103 45 that
405 1878 112 54 they
552 1877 160 39 united
755 1870 48 45 in
847 1870 267 61 companies,
1154 1871 103 45 knit
1300 1871 118 45 their
1461 1872 161 52 brows,

258 1948 199 60 gnashed
479 1948 120 45 their
630 1954 140 47 teeth,
812 1948 90 45 and
931 1948 178 45 seemed
1140 1963 48 30 as
1212 1947 42 46 if
1275 1948 111 60 they
1410 1947 214 46 intended

258 2032 47 38 to
329 2025 153 45 attack
503 2026 117 44 me.”

323 2176 207 47 Another
559 2178 164 45 species
762 2179 238 60 belonging
1037 2184 46 40 to
1127 2179 92 45 this
1254 2194 137 46 group
1436 2178 38 45 is
1515 2179 107 44 Fre-

260 2254 116 46 deric
413 2254 200 46 Cuvier’s
648 2255 258 53 Malhrouk,
948 2255 262 46 Cercocehus
1245 2271 260 44 c^nosurus,
1544 2254 78 45 de-

261 2331 169 46 scribed
452 2331 90 45 and
564 2330 171 46 figured
766 2333 63 59 by
867 2338 104 39 that
1009 2333 244 45 naturalist
1284 2348 48 30 as
1361 2348 58 30 an
1453 2332 168 44 animal

261 2407 50 46 of
332 2414 125 55 truly
481 2408 197 45 arboreal
712 2408 181 54 habits;
930 2409 201 62 walking
1168 2409 114 45 with
1316 2409 223 59 difficulty
1566 2424 56 33 on

259 2492 79 38 the
361 2500 184 45 ground,
571 2485 89 45 and
683 2485 251 62 exhibiting
956 2492 77 39 the
1055 2492 193 55 greatest
1272 2485 191 61 activity
1488 2484 132 46 when

262 2568 198 55 sporting
474 2577 56 31 on
552 2562 78 45 the
652 2563 101 45 bars
777 2561 49 47 of
841 2562 57 46 its
922 2578 136 46 cage;
1094 2562 36 46 it
1155 2562 127 46 could
1307 2561 170 47 sustain
1502 2561 129 46 itself
