1895 3217
702 327 92 31 THE
818 327 151 31 BLACK
994 326 172 32 ORANG.

302 453 99 48 The
425 469 80 31 age
529 453 50 47 of
594 455 91 45 this
708 454 186 54 animal,
919 469 137 34 when
1080 454 77 46 Mr
1180 454 115 61 May
1319 453 97 46 first
1440 470 94 31 saw
1558 455 53 56 it,

236 547 94 31 was
354 532 138 46 about
516 539 289 53 twenty-one
829 547 144 45 years.
1021 531 46 46 It
1086 531 103 45 died
1211 531 48 45 in
1282 532 79 44 the
1385 530 228 65 following

235 625 124 47 year,
383 611 84 44 but
489 610 92 45 had
605 609 233 62 evidently
856 609 228 46 increased
1101 609 47 45 in
1166 609 157 45 height
1347 609 163 61 during
1533 610 79 46 the

235 687 207 46 interval.
489 686 50 47 If
555 703 68 30 we
646 702 110 46 may
780 686 176 46 depend
979 702 56 30 on
1059 687 92 44 this
1175 701 202 39 account,
1405 702 69 30 we
1497 701 110 46 may

235 770 161 40 thence
418 765 213 46 conclude
654 764 103 46 that
780 765 80 44 the
881 765 157 44 height
1069 763 96 46 will
1196 763 132 46 reach
1352 763 70 46 six
1445 762 89 47 feet
1558 771 48 38 at

233 841 131 57 least,
401 843 135 45 while
569 849 79 38 the
680 857 80 30 age
792 841 204 46 attained
1018 843 62 59 by
1104 848 128 39 them
1256 840 95 46 will
1374 841 235 62 naturally

236 921 53 44 be
314 920 314 46 considerable.

300 997 169 62 Young
502 997 192 46 animals
728 998 118 46 have
880 998 108 61 only
1022 998 113 45 been
1170 996 233 47 exhibited
1436 996 47 46 in
1518 998 96 46 this

235 1091 206 46 country,
483 1076 91 45 and
615 1091 68 29 we
724 1075 116 46 shall
872 1091 105 30 now
994 1075 101 62 give
1129 1081 79 39 the
1242 1080 189 40 account
1466 1073 50 48 of
1541 1075 70 45 Dr

238 1153 125 45 Trail
386 1152 50 47 of
452 1168 82 30 one
559 1153 157 45 shown
740 1153 47 45 in
813 1152 248 47 Livei-pool.
1123 1152 92 47 We
1238 1152 117 46 have
1380 1152 232 45 extracted

238 1229 36 47 it
298 1229 113 47 from
434 1231 79 45 the
538 1231 317 45 Transactions
879 1227 51 48 of
944 1230 79 45 the
1040 1229 272 47 Wernerian
1335 1229 276 61 Society:—

308 1313 29 20 “
362 1308 45 44 It
431 1323 93 29 was
548 1323 28 30 a
599 1307 176 54 female,
801 1308 91 44 and
916 1323 94 29 was
1038 1306 215 62 procured
1283 1306 47 46 in
1354 1307 79 45 the
1458 1307 89 45 Isle
1572 1306 51 46 of

237 1383 181 47 Princes
441 1384 46 45 in
514 1385 76 45 the
615 1383 120 47 Gulf
760 1383 50 46 of
836 1382 194 56 Guinea,
1056 1383 114 47 from
1202 1399 27 30 a
1257 1390 156 39 native
1442 1385 167 53 trader,

238 1477 103 31 who
376 1461 92 46 had
504 1462 168 45 carried
707 1462 36 45 it
783 1462 173 45 thither
994 1459 115 48 from
1148 1462 80 45 the
1264 1462 145 45 banks
1450 1461 50 46 of
1532 1462 79 45 the

240 1540 199 45 Gaboon.
509 1540 45 45 It
578 1556 93 29 was
694 1541 287 60 represented
1004 1556 49 30 as
1085 1555 27 30 a
1139 1555 154 47 young
1323 1539 187 54 animal,
1544 1539 68 47 far

235 1615 184 47 inferior
438 1617 51 44 in
513 1616 90 47 size
626 1624 47 40 to
696 1624 79 40 the
799 1634 248 30 specimens
1071 1616 124 48 often
1219 1633 104 30 seen
1352 1617 47 45 in
1431 1624 79 38 the
1540 1633 71 29 re-

239 1709 140 31 cesses
397 1693 48 47 of
452 1693 56 46 its
526 1695 154 46 native
695 1694 178 56 forests;
894 1696 90 45 and
999 1695 196 47 Captain
1206 1696 156 44 Payne
1378 1695 229 53 observed,

239 1771 103 46 that
364 1772 37 45 it
422 1789 98 30 was
543 1779 48 39 at
608 1773 115 45 least
742 1773 122 45 eight
883 1789 47 29 or
946 1780 80 38 ten
1043 1773 154 45 inches
1214 1773 138 44 lower
1370 1773 47 44 in
1437 1779 171 38 stature

241 1856 111 38 than
375 1856 189 40 another
579 1850 147 45 which
743 1851 57 44 he
823 1850 92 46 had
937 1865 105 30 seen
1064 1849 50 46 in
1136 1850 79 44 the
1235 1849 89 45 Isle
1348 1848 50 46 of
1415 1849 194 45 Princes.

306 1931 31 20 “
362 1926 98 45 The
482 1933 178 39 natives
694 1926 50 46 of
775 1927 188 46 Gaboon
996 1926 221 46 informed
1239 1926 113 54 him,
1377 1933 103 38 that
1515 1926 93 46 this

244 2018 164 44 species
432 2010 168 37 attains
623 2003 79 45 the
725 2004 155 61 height
904 2003 51 46 of
975 2001 89 47 five
1087 2019 47 29 or
1157 2003 70 45 six
1251 2002 103 55 feet,
1379 2004 103 44 that
1513 2004 37 44 it
1574 2005 37 44 is

245 2096 26 30 a
309 2079 262 46 formidable
612 2087 256 39 antagonist
907 2087 48 39 to
994 2088 79 38 the
1109 2080 229 61 elephant,
1377 2081 91 45 and
1506 2082 103 45 that

240 2158 173 48 several
447 2157 51 46 of
523 2165 126 39 them
674 2158 96 46 will
802 2165 80 39 not
917 2158 171 46 scruple
1121 2165 47 39 to
1203 2158 154 46 attack
1390 2159 79 46 the
1503 2159 108 54 lion,

239 2236 93 46 and
354 2236 128 46 other
504 2238 148 44 beasts
688 2235 51 47 of
763 2252 126 45 prey,
916 2236 114 45 with
1059 2237 125 45 clubs
1214 2237 90 45 and
1334 2243 162 39 stones.
1567 2238 45 44 It

240 2313 41 47 is
304 2313 245 46 dangerous
581 2313 64 47 for
668 2314 187 61 solitary
879 2314 275 46 individuals
1178 2321 46 39 to
1248 2315 145 45 travel
1417 2316 193 59 through

241 2397 80 39 the
339 2392 149 45 woods
502 2392 204 45 haunted
722 2393 63 59 by
800 2398 80 39 the
898 2407 135 46 orang
1051 2407 198 46 outang;
1276 2393 90 44 and
1384 2392 224 45 instances

244 2484 116 30 were
394 2469 169 46 related
598 2476 46 38 to
679 2470 195 45 Captain
909 2470 157 45 Payne
1100 2469 51 46 of
1178 2485 133 46 negro
1344 2469 105 62 girls
1478 2470 133 61 being

243 2546 170 46 earned
434 2545 51 48 of
499 2548 61 60 by
576 2547 91 45 this
690 2547 186 54 animal,
896 2562 102 30 who
1016 2546 117 46 have
1150 2553 256 39 sometimes
1425 2548 186 59 escaped

244 2628 46 41 to
311 2623 175 47 human
501 2624 183 61 society,
705 2623 114 47 after
842 2625 165 60 having
1030 2626 113 44 been
1168 2623 63 46 for
1246 2639 133 43 years
1403 2624 212 45 detained
