2125 3612
198 250 268 37 LARYNGEAL
497 250 227 32 TROURLES
758 249 45 30 IN
839 248 340 31 PROFESSIONAL
1212 248 309 31 VOICE-USERS.
1635 237 54 41 65

89 374 119 42 Thus
232 374 72 41 the
328 371 254 57 Spasmodic
604 370 183 42 Variety
811 369 36 42 is
875 367 280 56 represented
1180 368 58 55 by
1261 381 120 29 cases
1405 369 45 40 of
1472 369 214 42 Phonetic

30 446 153 42 Spasm
222 445 47 41 of
307 444 74 42 the
425 442 177 51 Glottis,
645 455 135 28 many
827 441 45 41 of
905 440 143 42 which
1095 438 111 45 have
1250 439 178 55 already
1462 440 108 43 been
1605 443 82 54 put

26 529 55 28 on
120 514 146 42 record
304 515 57 54 by
400 514 225 42 observers
668 527 57 29 on
764 512 75 43 the
877 511 244 44 Continent
1152 511 88 43 and
1273 511 47 41 in
1360 512 90 42 this
1484 519 200 37 country.

26 584 97 44 The
165 585 175 42 leading
377 585 325 42 characteristic
735 585 46 42 of
819 584 89 42 this
953 584 173 42 variety
1164 584 37 42 is
1239 583 75 43 the
1360 583 170 42 sudden
1565 584 121 52 Stop,

26 657 160 55 during
219 657 148 55 public
399 657 158 42 speech
595 671 47 27 or
678 670 120 41 song,
833 656 112 42 from
983 655 290 43 involuntary
1311 655 168 43 closure
1523 657 47 40 of
1610 656 75 43 the

22 728 162 56 glottis.
261 729 104 41 This
403 729 170 41 closure
609 742 102 42 may
744 728 54 42 be
836 727 243 56 complete;
1126 727 88 42 and
1252 727 106 42 then
1399 728 75 41 the
1512 728 173 55 patient

23 800 129 42 emits
185 814 56 27 no
273 800 154 49 sound,
450 799 213 56 although
687 799 54 43 he
764 813 102 28 may
890 813 127 28 move
1050 799 69 42 his
1143 798 87 57 lips
1263 813 47 28 as
1344 799 37 41 if
1411 798 93 43 still
1527 799 157 55 speak-

21 872 88 55 ing,
131 870 86 42 and
251 885 100 42 may
373 872 99 56 give
497 871 223 43 evidence,
742 871 45 42 in
820 871 70 42 his
924 871 255 43 expression
1203 871 87 42 and
1313 871 237 55 congested
1574 871 110 51 face,

22 947 45 39 of
101 945 178 41 making
316 958 24 27 a
371 948 122 51 great
525 944 137 42 effort.
728 943 70 43 On
832 944 75 42 the
941 943 125 42 other
1099 943 132 50 hand,
1268 944 73 42 the
1376 943 170 43 closure
1580 957 103 41 may

22 1017 52 42 be
118 1015 292 56 incomplete;
453 1015 88 43 and
589 1015 122 43 then,
751 1016 48 42 in
834 1016 70 42 his
942 1015 150 43 efforts
1125 1021 44 36 to
1209 1016 148 55 speak,
1401 1016 75 42 the
1509 1020 176 51 patient

23 1095 128 37 emits
175 1088 163 43 sounds
361 1088 45 42 of
438 1088 262 56 suppressed
732 1088 127 42 vocal
891 1088 236 42 character,
1153 1088 109 42 such
1296 1101 45 29 as
1375 1102 72 28 are
1481 1102 46 28 so
1559 1097 125 34 often

24 1161 221 55 produced
279 1161 47 41 in
369 1160 126 42 other
537 1160 249 42 conditions
828 1160 46 42 of
915 1159 226 57 straining.
1206 1159 193 43 Frankel
1435 1160 153 42 makes
1626 1175 58 28 no

23 1238 192 37 attempt
236 1240 45 35 to
299 1233 195 42 describe
512 1232 75 42 the
610 1246 292 42 appearances
921 1232 232 56 presented
1170 1232 57 55 by
1249 1232 75 42 the
1347 1232 156 56 larynx
1525 1233 161 55 during

23 1306 108 41 such
170 1305 285 42 involuntary
498 1318 178 28 closure.
763 1303 138 43 Other
944 1303 181 50 writers,
1167 1303 215 42 however,
1428 1304 97 41 who
1571 1304 112 42 have

24 1377 202 43 recorded
265 1390 132 28 cases,
435 1376 111 42 have
586 1375 245 42 attempted
870 1379 45 38 to
953 1374 198 43 describe
1189 1375 77 42 the
1304 1389 293 41 appearances
1628 1390 54 27 on

23 1448 328 56 laryngoscopic
375 1447 310 42 examination.
749 1447 122 55 They
894 1460 79 28 say
996 1446 98 42 that
1115 1446 77 42 the
1214 1450 98 38 true
1335 1447 125 42 cords
1483 1461 73 28 are
1580 1461 103 28 seen

21 1526 44 36 to
90 1521 51 41 be
164 1521 45 40 in
232 1519 75 42 the
330 1533 158 28 closest
510 1518 249 56 apposition
784 1518 272 42 throughout
1079 1517 116 43 their
1217 1518 143 42 whole
1383 1518 181 56 length;
1597 1520 87 41 and

22 1592 88 42 this
128 1591 105 43 thev
251 1591 200 42 consider
474 1596 43 37 to
535 1591 53 42 be
607 1591 74 42 the
705 1604 128 28 cause
858 1590 47 41 of
933 1590 74 42 the
1031 1590 285 42 obstruction.
1383 1590 23 42 I
1429 1597 187 37 venture
1640 1597 44 36 to

22 1678 178 28 express
222 1664 76 42 the
320 1668 220 38 strongest
562 1663 138 42 doubt
722 1677 46 28 as
792 1667 45 37 to
864 1662 76 43 the
963 1676 213 42 accuracy
1199 1662 48 42 of
1275 1662 92 43 this
1391 1672 294 34 observation.

21 1737 23 41 I
68 1736 111 43 have
203 1735 188 56 already,
414 1736 47 41 in
485 1735 74 42 the
581 1735 96 41 first
699 1734 193 56 chapter,
911 1734 195 42 referred
1125 1740 44 36 to
1193 1734 76 43 the
1287 1734 205 43 valvular
1514 1735 172 43 closure

20 1809 45 43 of
84 1809 73 42 the
181 1808 108 43 false
313 1809 123 42 cords
459 1821 103 29 over
588 1807 75 43 the
698 1812 109 46 true,
825 1807 161 56 during
1019 1821 88 42 any
1138 1807 129 42 effort
1289 1807 45 42 of
1366 1808 231 57 straining.
1663 1809 24 42 I

21 1895 102 42 may
141 1881 104 42 here
262 1880 85 43 add
366 1880 109 43 that,
492 1880 43 41 in
557 1880 76 42 the
654 1879 316 43 investigation
990 1879 173 43 therein
1188 1879 192 43 referred
1403 1885 57 37 to,
1480 1880 23 42 I
1522 1882 164 54 proved

23 1953 98 42 that
152 1953 75 42 the
261 1953 300 42 construction
596 1952 44 42 of
673 1952 75 42 the
778 1952 114 42 True
920 1952 126 42 cords
1080 1952 36 41 is
1151 1951 109 43 such
1294 1966 47 28 as
1375 1952 152 43 makes
1562 1953 123 43 them

23 2039 45 27 as
91 2024 133 42 badly
242 2024 122 42 fitted
387 2038 46 28 as
457 2024 106 42 they
586 2023 129 43 could
738 2023 197 56 possibly
954 2023 53 43 be
1029 2027 45 38 to
1098 2023 108 42 offer
1228 2037 56 28 an
1308 2024 201 42 effective
1533 2032 150 36 resist-

22 2110 106 28 ance
163 2102 43 36 to
243 2096 75 42 the
350 2096 107 42 Exit
489 2096 45 41 of
566 2097 65 40 air
663 2096 139 41 under
834 2101 153 50 strong
1018 2109 212 42 pressure.
1295 2095 145 43 When
1479 2097 108 57 they
1611 2113 73 28 are

21 2170 46 39 in
91 2168 262 56 apposition,
376 2168 74 42 the
488 2167 215 43 air-space
736 2167 140 43 below
911 2167 121 43 them
1065 2167 37 43 is
1133 2168 349 56 wedge-shaped,
1506 2184 46 27 so
1586 2170 98 43 that

21 2240 75 42 the
128 2240 177 42 column
338 2240 45 42 of
413 2240 78 50 air,
514 2240 198 55 pressing
743 2254 61 41 up
827 2240 112 41 from
973 2239 75 43 the
1080 2239 190 51 trachea,
1292 2254 94 37 can,
1409 2255 47 28 as
1488 2241 38 43 it
1558 2256 126 39 were,

20 2313 148 42 wedge
201 2312 122 42 itself
360 2312 198 42 between
593 2312 134 42 them.
792 2312 55 41 In
886 2326 46 28 so
971 2312 145 55 doing,
1138 2312 37 42 it
1210 2312 92 42 will
1336 2327 154 42 escape
1526 2315 109 42 with
1659 2330 25 28 a

19 2384 140 43 sound
183 2384 94 42 that
301 2384 36 43 is
363 2398 116 28 more
502 2398 47 28 or
571 2383 88 44 less
683 2384 135 42 vocal.
884 2383 229 57 Complete
1137 2383 183 44 closure,
1344 2385 108 42 with
1480 2387 203 44 effective

18 2457 235 43 resistance
276 2463 44 36 to
353 2457 74 42 the
452 2457 92 42 exit
566 2457 45 42 of
645 2456 76 53 air,
744 2470 80 28 can
848 2456 53 43 be
930 2456 190 57 brought
1144 2457 136 43 about
1303 2457 102 56 only
1432 2458 59 56 by
1515 2459 75 43 the
1613 2474 69 28 co-

16 2530 228 42 operation
266 2530 48 41 of
334 2529 72 43 the
431 2529 125 42 False
580 2529 126 42 cords
729 2529 85 42 and
840 2528 74 44 the
938 2528 237 44 ventricles
1199 2530 45 41 of
1266 2530 248 57 Morgagni,
1537 2532 146 43 which

17 2608 69 35 act
105 2600 46 44 ill
176 2601 73 43 the
272 2601 203 42 valvular
494 2616 181 28 manner
689 2601 178 56 already
884 2600 247 44 explained.
1197 2602 22 41 I
1238 2602 113 43 have
1369 2617 135 29 never
1521 2605 163 41 myself

17 2687 102 29 seen
142 2688 24 28 a
190 2687 95 29 case
309 2674 46 41 of
375 2673 87 43 this
486 2673 256 56 Spasmodic
766 2674 171 55 variety
960 2674 45 41 of
1027 2673 227 57 laryngeal
1278 2675 168 56 fatigue
1466 2677 217 52 neurosis;

20 2746 91 51 but,
144 2746 111 42 from
286 2746 76 43 the
395 2746 271 55 description
699 2746 45 42 of
777 2746 57 43 its
868 2760 248 42 symptoms
1150 2747 47 42 in
1241 2748 209 42 recorded
1493 2763 133 28 cases,
1661 2750 24 41 I

18 2817 112 44 have
152 2833 56 27 no
231 2818 139 43 doubt
384 2818 97 42 that
504 2818 88 42 this
612 2819 36 42 is
663 2818 75 43 the
754 2822 165 39 correct
935 2818 286 56 explanation
1245 2819 45 43 of
1312 2819 59 43 its
1394 2821 288 43 mechanism.

22 2890 42 42 A
88 2890 215 56 complete
326 2890 169 43 closure
521 2891 48 41 of
597 2890 75 44 the
705 2890 111 44 false
839 2891 125 42 cords
987 2905 104 29 over
1115 2891 73 43 the
1212 2895 99 39 true
1334 2892 93 42 will
1455 2907 131 29 cause
1611 2894 72 43 the

19 2975 267 42 appearance
324 2963 48 41 of
406 2962 133 43 silent
578 2963 140 52 effort,
749 2977 46 28 as
830 2963 46 42 in
912 2962 76 44 the
1020 2964 373 55 gutturo-tetanic
1432 2965 174 42 variety
1640 2966 45 41 of

19 3035 310 55 stammering;
361 3049 55 27 an
441 3034 279 56 incomplete,
744 3034 90 42 will
859 3035 163 55 permit
1045 3035 48 42 of
1125 3034 75 44 the
1224 3049 155 29 escape
1413 3035 45 42 of
1490 3036 77 51 air,
1596 3038 86 40 and

20 3105 73 43 the
116 3106 63 42 air
202 3106 42 41 in
271 3107 187 55 passing,
483 3106 91 43 will
609 3107 138 42 throw
782 3107 75 43 the
891 3112 97 38 true
1023 3107 125 43 cords
1182 3108 95 41 into
1313 3107 234 43 vibration.
1628 3109 56 42 In

1486 3179 14 30 1

2092 3540 32 72 J
