2107 3450
779 324 297 34 GHADUATiON
1108 327 168 34 THESIS.

1766 321 84 47 469

198 435 74 41 and
301 437 130 37 below.
485 437 77 37 But
593 437 33 38 if
652 449 22 27 a
697 440 156 36 vertical
884 442 142 35 section
1057 443 46 36 be
1134 443 107 37 made
1267 444 164 49 through
1458 445 64 37 the
1547 447 133 48 larynx
1699 463 38 24 bo
1756 464 38 24 as
1812 456 38 33 to

196 493 127 40 divide
342 496 90 35 both
452 495 89 36 false
560 496 75 35 and
656 500 82 32 true
758 497 107 36 cords
884 498 263 50 transversely,
1168 502 29 33 it
1219 501 78 37 will
1315 501 45 36 be
1378 502 130 46 found,
1528 504 81 37 that
1627 507 108 36 when
1749 508 102 36 these

198 564 59 26 are
277 552 293 50 approximated,
592 553 63 36 the
675 554 126 48 cavity
816 554 40 36 of
871 554 64 37 the
953 555 137 48 larynx
1107 557 118 37 above
1243 558 64 36 the
1324 559 92 36 false
1435 561 115 45 cords,
1566 574 39 24 as
1620 564 85 35 well
1719 577 38 24 as
1771 564 82 39 that

200 609 40 39 of
264 610 62 38 the
359 611 147 36 trachea
535 611 123 36 below
688 611 65 37 the
780 618 95 40 true,
903 613 32 35 is
962 614 287 48 wedge-shaped
1275 616 52 46 (D
1347 617 74 34 and
1440 618 57 46 C).
1549 619 122 37 When
1698 622 88 37 thus
1812 624 41 35 in

199 673 224 43 apposition,
441 668 66 37 the
537 680 121 37 upper
688 669 162 36 surfaces
880 670 41 35 of
947 669 66 38 the
1043 675 85 32 true
1154 672 108 36 vocal
1291 672 199 49 ligaments
1520 681 149 42 present
1693 690 22 24 a
1739 679 114 38 broad

199 725 178 38 flattened
394 726 112 49 plane
524 726 159 48 slightly
700 726 191 37 hollowed
910 732 66 31 out
995 740 48 23 on
1062 728 90 37 each
1172 729 90 44 side,
1280 730 70 36 but
1369 743 47 24 on
1435 731 99 37 their
1551 734 162 37 tracheal
1732 742 123 43 aspect

198 783 66 37 the
281 796 157 24 mucous
455 784 218 36 membrane
691 784 32 36 is
742 784 180 37 observed
940 789 39 31 to
997 785 70 36 fall
1083 799 106 35 away
1208 787 193 49 obliquely
1422 789 233 39 downwards
1681 795 75 35 and
1774 800 80 30 out-

198 843 129 35 wards,
348 841 89 37 thus
453 841 152 49 leaving
624 854 47 24 an
691 842 111 48 angle
820 842 41 36 of
876 843 257 36 considerable
1160 845 83 45 size,
1264 845 125 36 which
1416 847 113 36 forms
1556 848 65 37 the
1646 852 145 46 margin
1818 852 40 36 of

198 899 90 37 each
303 899 105 36 vocal
426 899 193 47 ligament.
672 899 82 36 The
772 912 101 24 same
888 900 192 48 obliquity
1094 901 31 37 is
1140 902 180 37 observed
1332 904 43 36 in
1389 904 66 37 the
1471 917 156 26 mucous
1640 909 215 37 membrane

198 957 118 37 above
345 957 66 36 the
441 957 91 36 false
562 956 108 37 vocal
700 957 118 45 cords,
848 958 131 36 whilst
1008 958 101 37 their
1138 960 116 36 lower
1279 962 164 47 margins
1469 975 61 25 are
1549 964 147 37 defined
1721 966 52 48 by
1789 967 65 37 the

198 1014 183 49 openings
411 1015 40 36 of
479 1015 64 35 the
570 1014 201 37 ventricles
803 1014 40 37 of
872 1015 208 48 Morgagni,
1102 1017 262 38 well-marked
1392 1020 164 47 pouches
1574 1022 125 37 which
1718 1024 136 37 extend

198 1073 174 46 upwards
390 1072 143 36 behind
550 1072 107 36 them
673 1075 116 33 about
806 1071 85 37 half
905 1085 49 24 an
972 1073 99 36 inch.
1126 1074 121 37 These
1265 1088 245 35 appearances
1531 1091 61 23 are
1617 1083 238 34 represented

196 1128 42 36 in
251 1129 66 37 the
330 1130 297 48 accompanying
645 1130 181 48 drawing,
846 1129 57 37 for
920 1130 138 47 which,
1074 1143 38 24 as
1130 1131 78 37 also
1226 1132 58 36 for
1298 1133 82 36 that
1394 1134 170 50 showing
1576 1136 65 37 the
1654 1138 199 36 ligaments

198 1187 40 35 of
252 1187 66 37 the
336 1188 203 48 epiglottis,
561 1188 19 36 I
598 1200 63 24 am
678 1187 182 36 indebted
878 1192 39 32 to
935 1187 66 37 the
1018 1189 183 36 kindness
1224 1189 39 36 of
1285 1202 66 36 my
1368 1191 124 36 friend
1512 1193 61 35 Mr
1591 1194 173 49 Kamsay,
1784 1209 69 24 one

199 1245 40 35 of
253 1257 65 36 my
336 1246 326 37 fellow-residents
680 1246 43 35 in
741 1245 64 37 the
821 1245 121 48 Royal
963 1246 213 48 Infirmary.
1230 1247 93 37 This
1341 1249 131 36 sketch
1492 1263 72 23 was
1590 1252 114 37 taken
1721 1253 96 37 from
1834 1268 22 23 a

196 1307 128 33 recent
341 1304 211 46 dissection,
572 1304 65 36 the
655 1304 183 48 posterior
855 1303 90 37 wall
962 1303 41 37 of
1018 1303 64 37 the
1101 1304 151 37 trachea
1269 1305 114 49 being
1400 1308 186 47 removed,
1605 1322 39 23 as
1669 1310 77 37 also
1773 1311 82 37 that

196 1360 42 36 of
251 1361 66 37 the
335 1362 140 36 cricoid
492 1361 176 49 cartilage
686 1366 94 32 with
800 1360 65 37 the
883 1361 176 36 attached
1077 1363 226 46 arytenoids.
1356 1363 82 37 The
1457 1365 106 36 vocal
1588 1368 105 35 cords
1710 1381 61 24 are
1790 1372 63 33 cut

197 1418 165 50 through
379 1420 117 37 about
514 1420 100 36 their
632 1419 156 46 middle,
808 1432 39 24 so
873 1432 40 24 as
937 1423 39 33 to
1005 1420 146 37 exhibit
1177 1421 41 35 in
1245 1421 64 36 the
1335 1422 142 36 section
1502 1423 65 36 the
1592 1426 199 37 ventricles
1818 1429 40 35 of

200 1476 194 50 Morgagni
414 1478 77 48 (E).

248 1536 98 36 Now
375 1537 32 35 it
436 1537 33 36 is
499 1540 38 32 to
556 1537 46 36 be
636 1536 116 36 borne
788 1536 41 36 in
862 1536 109 35 mind
1006 1536 84 36 that
1115 1536 52 48 by
1194 1536 144 37 closure
1364 1537 41 36 of
1426 1537 65 37 the
1517 1538 129 48 glottis
1673 1547 183 31 complete

197 1597 177 45 stoppage
400 1594 32 37 is
456 1594 166 46 effected,
642 1598 67 32 not
736 1594 92 48 only
846 1593 40 37 of
908 1594 239 48 inspiration,
1166 1595 71 36 but
1261 1594 78 37 also
1366 1594 40 37 of
1429 1596 220 48 expiration,
1669 1599 64 36 the
1758 1606 98 32 most

197 1651 185 47 powerful
400 1652 127 37 efforts
544 1656 39 32 at
602 1652 121 36 either
740 1652 114 47 being
870 1652 185 36 rendered
1073 1652 106 48 quite
1200 1652 227 37 ineffectual.
1479 1653 93 38 This
1597 1655 43 46 is,
1659 1668 48 24 no
1727 1658 129 48 doubt,

197 1708 42 36 in
256 1722 21 23 a
295 1722 104 24 sense
418 1711 74 35 due
509 1714 39 33 to
567 1710 65 36 the
650 1710 125 36 action
793 1710 40 36 of
848 1709 106 37 those
972 1710 176 36 intrinsic
1165 1710 159 37 muscles
1339 1711 39 35 of
1394 1710 63 36 the
1471 1711 137 49 larynx
1623 1713 123 38 which
1760 1716 97 38 close

197 1766 65 37 the
279 1768 107 46 rima,
405 1768 70 36 but
492 1768 65 36 the
575 1768 171 48 strength
765 1768 41 36 of
828 1768 106 36 these
956 1768 296 48 comparatively
1270 1768 148 37 minute
1445 1774 204 33 structures
1674 1772 31 36 is
1732 1775 126 48 surely

196 1824 42 37 in
256 1825 105 37 itself
374 1826 227 36 inadequate
619 1829 38 33 to
675 1829 109 33 resist
810 1825 66 37 the
902 1838 200 24 enormous
1128 1838 127 36 power
1272 1826 125 36 which
1423 1826 65 37 the
1506 1828 56 35 air
1578 1840 88 37 may
1684 1829 45 37 be
1748 1832 108 36 made

197 1886 39 33 to
255 1888 103 32 exert
375 1896 102 36 upon
495 1884 65 36 the
577 1884 130 48 glottis
725 1884 98 36 from
841 1883 149 46 within,
1010 1883 140 48 during
1167 1896 22 24 a
1205 1883 157 38 forcible
1383 1888 161 45 attempt
1570 1890 38 32 at
1635 1893 220 44 expiration,

197 1954 39 23 as
264 1941 88 37 well
381 1954 39 24 as
449 1942 50 37 its
528 1954 172 37 pressure
729 1942 99 36 from
856 1941 175 46 without,
1063 1942 112 36 when
1201 1955 56 23 we
1283 1946 62 44 try
1369 1946 38 32 to
1433 1943 168 47 inspire.1
1651 1945 113 38 From
1782 1949 76 35 this

197 2000 274 36 consideration
490 2012 70 25 one
578 2000 31 36 is
628 2000 194 47 naturally
838 1999 64 36 led
919 2003 39 33 to
977 2003 149 44 suspect
1144 1999 65 37 the
1228 2000 186 36 existence
1428 2000 40 36 in
1483 2001 64 36 the
1561 2001 128 48 glottis
1704 2004 40 36 of
1758 2017 100 25 some

195 2057 268 49 well-adapted
481 2057 174 38 valvular
679 2061 293 45 arrangements,
992 2057 125 36 suited
1135 2062 39 32 to
1202 2058 145 36 control
1373 2057 93 37 both
1493 2058 65 36 the
1584 2063 174 35 entrance
1784 2064 75 36 and

196 2119 77 32 exit
300 2115 40 36 of
366 2115 66 37 the
458 2116 64 36 air.
577 2115 108 37 With
711 2115 65 37 the
801 2115 99 37 view
926 2115 41 36 of
989 2115 252 48 ascertaining
1267 2115 170 36 whether
1463 2116 91 36 such
1580 2124 278 30 arrangements

195 2173 105 47 exist,
320 2174 87 36 and,
425 2173 34 36 if
473 2186 50 24 so,
542 2173 104 37 what
662 2174 31 36 is
712 2173 99 37 their
828 2173 141 48 precise
987 2177 147 41 nature,
1152 2173 18 36 I
1189 2173 110 36 made
1318 2173 64 36 the
1396 2173 195 49 following
1609 2182 249 30 exj)eriments

195 2243 104 24 upon
318 2230 64 37 the
400 2231 96 37 dead
514 2231 137 37 larynx
665 2245 60 23 :

244 2290 157 48 Having
417 2290 166 48 brought
603 2289 169 37 together
789 2288 65 37 the
881 2293 84 33 true
990 2289 108 36 cords
1124 2289 69 47 (A)
1219 2289 42 35 in
1290 2288 65 37 the
1382 2288 208 49 vocalizing
1614 2291 173 48 position,
1807 2292 49 48 by

194 2348 224 36 transfixing
443 2347 65 37 the
539 2348 199 48 arytenoid
769 2347 196 49 cartilages
996 2347 96 37 with
1122 2360 22 23 a
1173 2346 144 37 needle,
1348 2347 76 36 and
1454 2347 184 48 applying
1668 2361 88 24 over
1780 2350 32 35 it
1837 2363 21 24 a

194 2405 297 49 figure-of-eight
515 2405 163 48 ligature
704 2405 42 36 in
776 2417 22 24 a
828 2417 160 24 manner
1015 2404 124 37 which
1172 2404 18 36 I
1220 2403 99 37 shall
1348 2404 217 36 afterwards
1593 2405 165 38 describe
1784 2407 75 49 (see

194 2463 253 37 experiments
463 2475 49 25 on
530 2463 132 49 voice),
684 2463 19 36 I
723 2462 100 38 blew
842 2463 176 48 upwards
1036 2462 167 48 through
1229 2462 65 35 the
1325 2461 160 47 trachea,
1504 2462 75 37 and
1604 2466 38 33 at
1668 2463 65 37 the
1758 2477 101 26 same

195 2521 92 36 time
317 2521 210 36 attempted
559 2525 40 32 to
630 2532 84 25 stop
743 2520 66 37 the
837 2524 153 33 current
1021 2520 41 36 of
1088 2520 56 36 air
1174 2520 51 47 by
1242 2519 178 48 bringing
1445 2519 64 36 the
1528 2524 82 32 true
1629 2521 106 37 vocal
1753 2523 105 36 cords

194 2578 213 38 accurately
432 2579 82 36 into
541 2583 175 32 contact;
748 2578 76 36 this
851 2578 113 37 being
990 2578 98 36 done
1118 2577 53 48 by
1195 2577 171 48 pressing
1395 2576 66 37 the
1490 2578 216 46 arytenoids
1733 2579 125 48 firmly

195 2637 168 36 between
382 2636 65 37 the
466 2636 117 49 finger
600 2636 76 37 and
694 2636 149 36 thumb.
896 2636 112 35 After
1025 2634 175 37 repeated
1226 2634 88 36 trial
1334 2634 18 36 I
1371 2634 120 36 found
1517 2633 83 38 that
1625 2647 50 25 no
1702 2648 157 24 manner

193 2694 42 37 of
248 2695 194 48 adjusting
459 2693 65 37 the
543 2693 195 37 cartilages
757 2693 113 37 could
888 2697 229 44 completely
1136 2691 168 37 obstruct
1322 2691 64 37 the
1404 2703 152 36 passage
1574 2692 41 36 of
1635 2692 65 37 the
1717 2693 66 47 air,
1802 2693 56 37 for

193 2764 39 24 as
253 2753 17 35 I
290 2752 96 37 have
403 2752 153 37 already
575 2751 81 37 said
675 2751 64 36 the
758 2763 108 24 space
883 2750 42 36 in
942 2750 66 37 the
1027 2749 150 37 trachea
1194 2748 121 37 below
1333 2748 65 37 the
1416 2749 107 36 vocal
1544 2749 104 37 cords
1666 2750 32 36 is
1715 2750 142 48 wedge-

193 2809 141 50 shaped
351 2810 76 48 (see
445 2809 181 49 drawing,
646 2809 58 49 C),
723 2809 76 36 and
818 2808 64 37 the
900 2808 56 37 air
974 2820 75 24 was
1067 2807 88 37 thus
1175 2806 159 37 enabled
1358 2810 38 33 to
1417 2806 126 49 wedge
1561 2806 104 37 itself
1688 2807 168 36 between

194 2868 64 37 the
287 2867 107 38 vocal
424 2867 212 50 ligaments,
665 2866 212 50 producing
907 2866 42 36 in
979 2866 48 36 its
1058 2877 130 36 escape
1218 2877 21 24 a
1269 2864 122 37 sound
1424 2864 122 36 which
1580 2877 102 24 more
1713 2876 41 25 or
1785 2864 72 37 less

193 2925 209 37 resembled
425 2925 65 37 the
511 2937 116 25 voice.
680 2924 158 38 Feeling
864 2922 166 38 satisfied
1051 2922 84 37 that
1161 2922 65 36 the
1243 2926 85 32 true
1355 2922 105 35 cords
1479 2921 111 37 could
1616 2925 67 32 not
1707 2925 151 44 present

231 3037 9 16 1
267 3035 18 14 "
297 3035 49 28 We
359 3043 69 27 may
447 3036 125 28 wonder
592 3036 69 27 that
680 3034 154 28 muscular
855 3033 134 27 fasciculi
1011 3040 32 19 so
1062 3032 96 27 slight
1175 3039 33 20 as
1227 3032 87 27 those
1333 3032 34 26 of
1382 3031 52 27 the
1453 3031 116 33 larynx,
1590 3030 138 27 however
1745 3036 110 20 advan-

192 3080 157 33 tageously
372 3080 115 34 placed,
514 3080 111 27 should
650 3080 35 26 be
709 3078 124 28 capable
857 3078 33 27 of
909 3074 231 32 counteracting
1162 3076 52 26 the
1239 3075 103 26 efforts
1364 3075 33 26 of
1416 3075 52 26 the
1490 3074 174 33 diaphragm
1686 3073 58 26 and
1769 3072 87 28 other

191 3123 131 27 muscles
336 3124 33 26 of
383 3124 190 34 inspiration.
613 3124 63 26 But
690 3123 74 26 they
777 3130 50 18 are
850 3121 92 26 found
963 3122 32 25 to
1015 3120 35 27 be
1071 3127 38 20 no
1123 3119 59 27 less
1201 3118 130 28 efficient
1348 3125 119 26 against
1481 3117 51 27 the
1552 3116 129 27 muscles
1694 3116 34 27 of
1743 3122 113 28 expira-

189 3167 247 34 tion."Mayo's
453 3167 181 34 l'hyxioloyij.
