<?xml version="1.0" encoding="UTF-8"?>
<alto xmlns="http://www.loc.gov/standards/alto/ns-v2#" xmlns:xsi="http://www.w3.org/2001/XMLSchema-instance" xsi:schemaLocation="http://www.loc.gov/standards/alto/ns-v2# http://www.loc.gov/standards/alto/alto.xsd">
  <Description>
    <MeasurementUnit>pixel</MeasurementUnit>
    <sourceImageInformation>
      <fileName>b21273911_abbyy.xml</fileName>
    </sourceImageInformation>
    <OCRProcessing ID="OCR_1">
      <preProcessingStep>
        <processingDateTime>2014-10-24T02:15:27</processingDateTime>
        <processingAgency>intranda GmbH, www.intranda.com</processingAgency>
        <processingSoftware>
          <softwareCreator>intranda GmbH, Germany</softwareCreator>
          <softwareName>intranda OCR Module for TaskManager</softwareName>
          <softwareVersion>1.0r42</softwareVersion>
        </processingSoftware>
      </preProcessingStep>
      <ocrProcessingStep>
        <processingSoftware>
          <softwareCreator>ABBYY (BIT Software), Russia</softwareCreator>
          <softwareName>FineReader Engine</softwareName>
          <softwareVersion>10</softwareVersion>
        </processingSoftware>
      </ocrProcessingStep>
    </OCRProcessing>
  </Description>
  <Layout>
    <Page PHYSICAL_IMG_NR="48" ID="PAGE_48" WIDTH="2125" HEIGHT="3524">
      <TopMargin ID="TopMargin_1" HPOS="362" VPOS="265" WIDTH="1136" HEIGHT="57">
        <TextBlock ID="TextBlock_217" HPOS="362" VPOS="265" WIDTH="1136" HEIGHT="57">
          <TextLine ID="TextLine_1485" HPOS="843" VPOS="284" WIDTH="655" HEIGHT="38">
            <String ID="Word_14087" HPOS="843" VPOS="284" WIDTH="87" HEIGHT="32" CONTENT="THE" />
            <SP ID="SP_12603" HPOS="930" VPOS="284" WIDTH="33" HEIGHT="0" />
            <String ID="Word_14088" HPOS="963" VPOS="286" WIDTH="241" HEIGHT="34" CONTENT="DISORDERS" />
            <SP ID="SP_12604" HPOS="1204" VPOS="286" WIDTH="32" HEIGHT="0" />
            <String ID="Word_14089" HPOS="1236" VPOS="289" WIDTH="54" HEIGHT="32" CONTENT="OF" />
            <SP ID="SP_12605" HPOS="1290" VPOS="289" WIDTH="31" HEIGHT="0" />
            <String ID="Word_14090" HPOS="1321" VPOS="290" WIDTH="177" HEIGHT="32" CONTENT="SPEECH." />
          </TextLine>
          <TextLine ID="TextLine_1484" HPOS="362" VPOS="265" WIDTH="56" HEIGHT="41">
            <String ID="Word_14086" HPOS="362" VPOS="265" WIDTH="56" HEIGHT="41" CONTENT="34" />
          </TextLine>
        </TextBlock>
      </TopMargin>
      <PrintSpace ID="PrintSpace_49" HPOS="353" VPOS="385" WIDTH="1649" HEIGHT="2763">
        <TextBlock ID="TextBlock_216" HPOS="353" VPOS="385" WIDTH="1649" HEIGHT="2763">
          <TextLine ID="TextLine_1486" HPOS="360" VPOS="392" WIDTH="1617" HEIGHT="71">
            <String ID="Word_14091" HPOS="360" VPOS="392" WIDTH="34" HEIGHT="42" CONTENT="b" />
            <SP ID="SP_12606" HPOS="394" VPOS="392" WIDTH="23" HEIGHT="0" />
            <String ID="Word_14092" HPOS="417" VPOS="395" WIDTH="85" HEIGHT="42" CONTENT="and" />
            <SP ID="SP_12607" HPOS="502" VPOS="395" WIDTH="21" HEIGHT="0" />
            <String ID="Word_14093" HPOS="523" VPOS="406" WIDTH="48" HEIGHT="43" CONTENT="p," />
            <SP ID="SP_12608" HPOS="571" VPOS="398" WIDTH="21" HEIGHT="0" />
            <String ID="Word_14094" HPOS="592" VPOS="398" WIDTH="196" HEIGHT="46" CONTENT="becomes" />
            <SP ID="SP_12609" HPOS="788" VPOS="398" WIDTH="22" HEIGHT="0" />
            <String ID="Word_14095" HPOS="810" VPOS="403" WIDTH="67" HEIGHT="42" CONTENT="for" />
            <SP ID="SP_12610" HPOS="877" VPOS="403" WIDTH="22" HEIGHT="0" />
            <String ID="Word_14096" HPOS="899" VPOS="404" WIDTH="73" HEIGHT="43" CONTENT="the" />
            <SP ID="SP_12611" HPOS="972" VPOS="404" WIDTH="22" HEIGHT="0" />
            <String ID="Word_14097" HPOS="994" VPOS="410" WIDTH="112" HEIGHT="38" CONTENT="most" />
            <SP ID="SP_12612" HPOS="1106" VPOS="410" WIDTH="24" HEIGHT="0" />
            <String ID="Word_14098" HPOS="1130" VPOS="411" WIDTH="94" HEIGHT="50" CONTENT="part" />
            <SP ID="SP_12613" HPOS="1224" VPOS="406" WIDTH="20" HEIGHT="0" />
            <String ID="Word_14099" HPOS="1244" VPOS="406" WIDTH="142" HEIGHT="43" CONTENT="lost.&quot;1" />
            <SP ID="SP_12614" HPOS="1386" VPOS="406" WIDTH="63" HEIGHT="0" />
            <String ID="Word_14100" HPOS="1449" VPOS="408" WIDTH="71" HEIGHT="55" CONTENT="[In" />
            <SP ID="SP_12615" HPOS="1520" VPOS="407" WIDTH="26" HEIGHT="0" />
            <String ID="Word_14101" HPOS="1546" VPOS="407" WIDTH="73" HEIGHT="42" CONTENT="the" />
            <SP ID="SP_12616" HPOS="1619" VPOS="407" WIDTH="21" HEIGHT="0" />
            <String ID="Word_14102" HPOS="1640" VPOS="407" WIDTH="94" HEIGHT="42" CONTENT="fifth" />
            <SP ID="SP_12617" HPOS="1734" VPOS="407" WIDTH="24" HEIGHT="0" />
            <String ID="Word_14103" HPOS="1758" VPOS="408" WIDTH="161" HEIGHT="42" CONTENT="edition" />
            <SP ID="SP_12618" HPOS="1919" VPOS="408" WIDTH="15" HEIGHT="0" />
            <String ID="Word_14104" HPOS="1934" VPOS="411" WIDTH="43" HEIGHT="40" CONTENT="of" />
          </TextLine>
          <TextLine ID="TextLine_1487" HPOS="363" VPOS="463" WIDTH="1614" HEIGHT="65">
            <String ID="Word_14105" HPOS="363" VPOS="463" WIDTH="186" HEIGHT="49" CONTENT="Foster's" />
            <SP ID="SP_12619" HPOS="549" VPOS="463" WIDTH="31" HEIGHT="0" />
            <String ID="Word_14106" HPOS="580" VPOS="471" WIDTH="250" HEIGHT="55" CONTENT="Physiolorjy" />
            <SP ID="SP_12620" HPOS="830" VPOS="471" WIDTH="26" HEIGHT="0" />
            <String ID="Word_14107" HPOS="856" VPOS="474" WIDTH="163" HEIGHT="54" CONTENT="(issued" />
            <SP ID="SP_12621" HPOS="1019" VPOS="474" WIDTH="33" HEIGHT="0" />
            <String ID="Word_14108" HPOS="1052" VPOS="481" WIDTH="45" HEIGHT="36" CONTENT="at" />
            <SP ID="SP_12622" HPOS="1097" VPOS="476" WIDTH="30" HEIGHT="0" />
            <String ID="Word_14109" HPOS="1127" VPOS="476" WIDTH="133" HEIGHT="42" CONTENT="about" />
            <SP ID="SP_12623" HPOS="1260" VPOS="476" WIDTH="32" HEIGHT="0" />
            <String ID="Word_14110" HPOS="1292" VPOS="477" WIDTH="73" HEIGHT="41" CONTENT="the" />
            <SP ID="SP_12624" HPOS="1365" VPOS="477" WIDTH="32" HEIGHT="0" />
            <String ID="Word_14111" HPOS="1397" VPOS="490" WIDTH="117" HEIGHT="28" CONTENT="same" />
            <SP ID="SP_12625" HPOS="1514" VPOS="476" WIDTH="22" HEIGHT="0" />
            <String ID="Word_14112" HPOS="1536" VPOS="476" WIDTH="98" HEIGHT="42" CONTENT="date" />
            <SP ID="SP_12626" HPOS="1634" VPOS="476" WIDTH="23" HEIGHT="0" />
            <String ID="Word_14113" HPOS="1657" VPOS="490" WIDTH="45" HEIGHT="28" CONTENT="as" />
            <SP ID="SP_12627" HPOS="1702" VPOS="478" WIDTH="23" HEIGHT="0" />
            <String ID="Word_14114" HPOS="1725" VPOS="478" WIDTH="96" HEIGHT="40" CONTENT="that" />
            <SP ID="SP_12628" HPOS="1821" VPOS="478" WIDTH="21" HEIGHT="0" />
            <String ID="Word_14115" HPOS="1842" VPOS="478" WIDTH="45" HEIGHT="42" CONTENT="of" />
            <SP ID="SP_12629" HPOS="1887" VPOS="478" WIDTH="20" HEIGHT="0" />
            <String ID="Word_14116" HPOS="1907" VPOS="479" WIDTH="70" HEIGHT="42" CONTENT="the" />
          </TextLine>
          <TextLine ID="TextLine_1488" HPOS="367" VPOS="536" WIDTH="1613" HEIGHT="67">
            <String ID="Word_14117" HPOS="367" VPOS="536" WIDTH="91" HEIGHT="44" CONTENT="first" />
            <SP ID="SP_12630" HPOS="458" VPOS="536" WIDTH="36" HEIGHT="0" />
            <String ID="Word_14118" HPOS="494" VPOS="555" WIDTH="266" HEIGHT="41" CONTENT="appearance" />
            <SP ID="SP_12631" HPOS="760" VPOS="544" WIDTH="33" HEIGHT="0" />
            <String ID="Word_14119" HPOS="793" VPOS="544" WIDTH="44" HEIGHT="41" CONTENT="of" />
            <SP ID="SP_12632" HPOS="837" VPOS="544" WIDTH="35" HEIGHT="0" />
            <String ID="Word_14120" HPOS="872" VPOS="544" WIDTH="87" HEIGHT="42" CONTENT="this" />
            <SP ID="SP_12633" HPOS="959" VPOS="544" WIDTH="34" HEIGHT="0" />
            <String ID="Word_14121" HPOS="993" VPOS="559" WIDTH="133" HEIGHT="41" CONTENT="paper" />
            <SP ID="SP_12634" HPOS="1126" VPOS="546" WIDTH="42" HEIGHT="0" />
            <String ID="Word_14122" HPOS="1168" VPOS="546" WIDTH="45" HEIGHT="41" CONTENT="in" />
            <SP ID="SP_12635" HPOS="1213" VPOS="546" WIDTH="39" HEIGHT="0" />
            <String ID="Word_14123" HPOS="1252" VPOS="546" WIDTH="72" HEIGHT="42" CONTENT="the" />
            <SP ID="SP_12636" HPOS="1324" VPOS="546" WIDTH="36" HEIGHT="0" />
            <String ID="Word_14124" HPOS="1360" VPOS="546" WIDTH="129" HEIGHT="42" CONTENT="Edin." />
            <SP ID="SP_12637" HPOS="1489" VPOS="546" WIDTH="36" HEIGHT="0" />
            <String ID="Word_14125" HPOS="1525" VPOS="547" WIDTH="106" HEIGHT="41" CONTENT="Med," />
            <SP ID="SP_12638" HPOS="1631" VPOS="547" WIDTH="36" HEIGHT="0" />
            <String ID="Word_14126" HPOS="1667" VPOS="547" WIDTH="203" HEIGHT="56" CONTENT="Journal)" />
            <SP ID="SP_12639" HPOS="1870" VPOS="547" WIDTH="40" HEIGHT="0" />
            <String ID="Word_14127" HPOS="1910" VPOS="548" WIDTH="70" HEIGHT="42" CONTENT="the" />
          </TextLine>
          <TextLine ID="TextLine_1489" HPOS="366" VPOS="610" WIDTH="1613" HEIGHT="61">
            <String ID="Word_14128" HPOS="366" VPOS="610" WIDTH="156" HEIGHT="42" CONTENT="author" />
            <SP ID="SP_12640" HPOS="522" VPOS="610" WIDTH="35" HEIGHT="0" />
            <String ID="Word_14129" HPOS="557" VPOS="611" WIDTH="79" HEIGHT="43" CONTENT="has" />
            <SP ID="SP_12641" HPOS="636" VPOS="611" WIDTH="38" HEIGHT="0" />
            <String ID="Word_14130" HPOS="674" VPOS="614" WIDTH="225" HEIGHT="42" CONTENT="rewritten" />
            <SP ID="SP_12642" HPOS="899" VPOS="614" WIDTH="37" HEIGHT="0" />
            <String ID="Word_14131" HPOS="936" VPOS="615" WIDTH="74" HEIGHT="41" CONTENT="the" />
            <SP ID="SP_12643" HPOS="1010" VPOS="615" WIDTH="38" HEIGHT="0" />
            <String ID="Word_14132" HPOS="1048" VPOS="616" WIDTH="165" HEIGHT="42" CONTENT="section" />
            <SP ID="SP_12644" HPOS="1213" VPOS="616" WIDTH="38" HEIGHT="0" />
            <String ID="Word_14133" HPOS="1251" VPOS="630" WIDTH="117" HEIGHT="40" CONTENT="upon" />
            <SP ID="SP_12645" HPOS="1368" VPOS="617" WIDTH="40" HEIGHT="0" />
            <String ID="Word_14134" HPOS="1408" VPOS="617" WIDTH="74" HEIGHT="41" CONTENT="the" />
            <SP ID="SP_12646" HPOS="1482" VPOS="616" WIDTH="41" HEIGHT="0" />
            <String ID="Word_14135" HPOS="1523" VPOS="616" WIDTH="182" HEIGHT="55" CONTENT="Larynx." />
            <SP ID="SP_12647" HPOS="1705" VPOS="616" WIDTH="76" HEIGHT="0" />
            <String ID="Word_14136" HPOS="1781" VPOS="617" WIDTH="71" HEIGHT="42" CONTENT="He" />
            <SP ID="SP_12648" HPOS="1852" VPOS="617" WIDTH="34" HEIGHT="0" />
            <String ID="Word_14137" HPOS="1886" VPOS="631" WIDTH="93" HEIGHT="28" CONTENT="now" />
          </TextLine>
          <TextLine ID="TextLine_1490" HPOS="365" VPOS="677" WIDTH="1615" HEIGHT="64">
            <String ID="Word_14138" HPOS="365" VPOS="677" WIDTH="127" HEIGHT="45" CONTENT="holds" />
            <SP ID="SP_12649" HPOS="492" VPOS="677" WIDTH="22" HEIGHT="0" />
            <String ID="Word_14139" HPOS="514" VPOS="682" WIDTH="132" HEIGHT="41" CONTENT="views" />
            <SP ID="SP_12650" HPOS="646" VPOS="682" WIDTH="32" HEIGHT="0" />
            <String ID="Word_14140" HPOS="678" VPOS="696" WIDTH="116" HEIGHT="41" CONTENT="upon" />
            <SP ID="SP_12651" HPOS="794" VPOS="684" WIDTH="24" HEIGHT="0" />
            <String ID="Word_14141" HPOS="818" VPOS="684" WIDTH="73" HEIGHT="42" CONTENT="the" />
            <SP ID="SP_12652" HPOS="891" VPOS="684" WIDTH="22" HEIGHT="0" />
            <String ID="Word_14142" HPOS="913" VPOS="685" WIDTH="265" HEIGHT="55" CONTENT="Physiology" />
            <SP ID="SP_12653" HPOS="1178" VPOS="685" WIDTH="23" HEIGHT="0" />
            <String ID="Word_14143" HPOS="1201" VPOS="687" WIDTH="43" HEIGHT="40" CONTENT="of" />
            <SP ID="SP_12654" HPOS="1244" VPOS="686" WIDTH="27" HEIGHT="0" />
            <String ID="Word_14144" HPOS="1271" VPOS="686" WIDTH="260" HEIGHT="55" CONTENT="whispering" />
            <SP ID="SP_12655" HPOS="1531" VPOS="686" WIDTH="22" HEIGHT="0" />
            <String ID="Word_14145" HPOS="1553" VPOS="686" WIDTH="96" HEIGHT="42" CONTENT="that" />
            <SP ID="SP_12656" HPOS="1649" VPOS="686" WIDTH="21" HEIGHT="0" />
            <String ID="Word_14146" HPOS="1670" VPOS="701" WIDTH="70" HEIGHT="27" CONTENT="are" />
            <SP ID="SP_12657" HPOS="1740" VPOS="686" WIDTH="33" HEIGHT="0" />
            <String ID="Word_14147" HPOS="1773" VPOS="686" WIDTH="73" HEIGHT="43" CONTENT="the" />
            <SP ID="SP_12658" HPOS="1846" VPOS="686" WIDTH="20" HEIGHT="0" />
            <String ID="Word_14148" HPOS="1866" VPOS="700" WIDTH="114" HEIGHT="30" CONTENT="same" />
          </TextLine>
          <TextLine ID="TextLine_1491" HPOS="368" VPOS="751" WIDTH="812" HEIGHT="60">
            <String ID="Word_14149" HPOS="368" VPOS="764" WIDTH="46" HEIGHT="27" CONTENT="as" />
            <SP ID="SP_12659" HPOS="414" VPOS="751" WIDTH="23" HEIGHT="0" />
            <String ID="Word_14150" HPOS="437" VPOS="751" WIDTH="123" HEIGHT="43" CONTENT="those" />
            <SP ID="SP_12660" HPOS="560" VPOS="751" WIDTH="22" HEIGHT="0" />
            <String ID="Word_14151" HPOS="582" VPOS="751" WIDTH="236" HEIGHT="44" CONTENT="advocated" />
            <SP ID="SP_12661" HPOS="818" VPOS="751" WIDTH="22" HEIGHT="0" />
            <String ID="Word_14152" HPOS="840" VPOS="754" WIDTH="46" HEIGHT="41" CONTENT="in" />
            <SP ID="SP_12662" HPOS="886" VPOS="754" WIDTH="23" HEIGHT="0" />
            <String ID="Word_14153" HPOS="909" VPOS="754" WIDTH="87" HEIGHT="43" CONTENT="this" />
            <SP ID="SP_12663" HPOS="996" VPOS="754" WIDTH="24" HEIGHT="0" />
            <String ID="Word_14154" HPOS="1020" VPOS="757" WIDTH="160" HEIGHT="54" CONTENT="paper.]" />
          </TextLine>
          <TextLine ID="TextLine_1492" HPOS="427" VPOS="820" WIDTH="1556" HEIGHT="59">
            <String ID="Word_14155" HPOS="427" VPOS="820" WIDTH="189" HEIGHT="43" CONTENT="Landois" />
            <SP ID="SP_12664" HPOS="616" VPOS="820" WIDTH="41" HEIGHT="0" />
            <String ID="Word_14156" HPOS="657" VPOS="822" WIDTH="87" HEIGHT="43" CONTENT="and" />
            <SP ID="SP_12665" HPOS="744" VPOS="822" WIDTH="41" HEIGHT="0" />
            <String ID="Word_14157" HPOS="785" VPOS="823" WIDTH="181" HEIGHT="56" CONTENT="Stirling" />
            <SP ID="SP_12666" HPOS="966" VPOS="823" WIDTH="41" HEIGHT="0" />
            <String ID="Word_14158" HPOS="1007" VPOS="826" WIDTH="252" HEIGHT="40" CONTENT="remark—&quot;" />
            <SP ID="SP_12667" HPOS="1259" VPOS="826" WIDTH="16" HEIGHT="0" />
            <String ID="Word_14159" HPOS="1275" VPOS="826" WIDTH="145" HEIGHT="42" CONTENT="When" />
            <SP ID="SP_12668" HPOS="1420" VPOS="825" WIDTH="41" HEIGHT="0" />
            <String ID="Word_14160" HPOS="1461" VPOS="825" WIDTH="160" HEIGHT="43" CONTENT="sounds" />
            <SP ID="SP_12669" HPOS="1621" VPOS="825" WIDTH="34" HEIGHT="0" />
            <String ID="Word_14161" HPOS="1655" VPOS="840" WIDTH="47" HEIGHT="27" CONTENT="or" />
            <SP ID="SP_12670" HPOS="1702" VPOS="826" WIDTH="30" HEIGHT="0" />
            <String ID="Word_14162" HPOS="1732" VPOS="826" WIDTH="142" HEIGHT="42" CONTENT="noises" />
            <SP ID="SP_12671" HPOS="1874" VPOS="826" WIDTH="41" HEIGHT="0" />
            <String ID="Word_14163" HPOS="1915" VPOS="840" WIDTH="68" HEIGHT="29" CONTENT="are" />
          </TextLine>
          <TextLine ID="TextLine_1493" HPOS="368" VPOS="891" WIDTH="1616" HEIGHT="60">
            <String ID="Word_14164" HPOS="368" VPOS="891" WIDTH="218" HEIGHT="54" CONTENT="produced" />
            <SP ID="SP_12672" HPOS="586" VPOS="891" WIDTH="31" HEIGHT="0" />
            <String ID="Word_14165" HPOS="617" VPOS="892" WIDTH="44" HEIGHT="40" CONTENT="in" />
            <SP ID="SP_12673" HPOS="661" VPOS="892" WIDTH="26" HEIGHT="0" />
            <String ID="Word_14166" HPOS="687" VPOS="892" WIDTH="74" HEIGHT="42" CONTENT="the" />
            <SP ID="SP_12674" HPOS="761" VPOS="892" WIDTH="32" HEIGHT="0" />
            <String ID="Word_14167" HPOS="793" VPOS="895" WIDTH="249" HEIGHT="55" CONTENT="resonating" />
            <SP ID="SP_12675" HPOS="1042" VPOS="895" WIDTH="30" HEIGHT="0" />
            <String ID="Word_14168" HPOS="1072" VPOS="895" WIDTH="233" HEIGHT="52" CONTENT="chambers," />
            <SP ID="SP_12676" HPOS="1305" VPOS="895" WIDTH="33" HEIGHT="0" />
            <String ID="Word_14169" HPOS="1338" VPOS="897" WIDTH="72" HEIGHT="41" CONTENT="the" />
            <SP ID="SP_12677" HPOS="1410" VPOS="897" WIDTH="34" HEIGHT="0" />
            <String ID="Word_14170" HPOS="1444" VPOS="897" WIDTH="173" HEIGHT="53" CONTENT="Larynx" />
            <SP ID="SP_12678" HPOS="1617" VPOS="896" WIDTH="33" HEIGHT="0" />
            <String ID="Word_14171" HPOS="1650" VPOS="896" WIDTH="126" HEIGHT="55" CONTENT="being" />
            <SP ID="SP_12679" HPOS="1776" VPOS="896" WIDTH="31" HEIGHT="0" />
            <String ID="Word_14172" HPOS="1807" VPOS="897" WIDTH="177" HEIGHT="53" CONTENT="passive," />
          </TextLine>
          <TextLine ID="TextLine_1494" HPOS="370" VPOS="961" WIDTH="1616" HEIGHT="60">
            <String ID="Word_14173" HPOS="370" VPOS="961" WIDTH="75" HEIGHT="41" CONTENT="the" />
            <SP ID="SP_12680" HPOS="445" VPOS="961" WIDTH="41" HEIGHT="0" />
            <String ID="Word_14174" HPOS="486" VPOS="961" WIDTH="98" HEIGHT="41" CONTENT="Vox" />
            <SP ID="SP_12681" HPOS="584" VPOS="961" WIDTH="43" HEIGHT="0" />
            <String ID="Word_14175" HPOS="627" VPOS="961" WIDTH="294" HEIGHT="52" CONTENT="Clandestina," />
            <SP ID="SP_12682" HPOS="921" VPOS="961" WIDTH="37" HEIGHT="0" />
            <String ID="Word_14176" HPOS="958" VPOS="978" WIDTH="46" HEIGHT="27" CONTENT="or" />
            <SP ID="SP_12683" HPOS="1004" VPOS="965" WIDTH="34" HEIGHT="0" />
            <String ID="Word_14177" HPOS="1038" VPOS="965" WIDTH="294" HEIGHT="56" CONTENT="Whispering," />
            <SP ID="SP_12684" HPOS="1332" VPOS="965" WIDTH="36" HEIGHT="0" />
            <String ID="Word_14178" HPOS="1368" VPOS="967" WIDTH="37" HEIGHT="40" CONTENT="is" />
            <SP ID="SP_12685" HPOS="1405" VPOS="966" WIDTH="37" HEIGHT="0" />
            <String ID="Word_14179" HPOS="1442" VPOS="966" WIDTH="226" HEIGHT="54" CONTENT="produced." />
            <SP ID="SP_12686" HPOS="1668" VPOS="966" WIDTH="61" HEIGHT="0" />
            <String ID="Word_14180" HPOS="1729" VPOS="966" WIDTH="144" HEIGHT="41" CONTENT="When" />
            <SP ID="SP_12687" HPOS="1873" VPOS="966" WIDTH="42" HEIGHT="0" />
            <String ID="Word_14181" HPOS="1915" VPOS="967" WIDTH="71" HEIGHT="42" CONTENT="the" />
          </TextLine>
          <TextLine ID="TextLine_1495" HPOS="371" VPOS="1030" WIDTH="1616" HEIGHT="60">
            <String ID="Word_14182" HPOS="371" VPOS="1030" WIDTH="122" HEIGHT="41" CONTENT="vocal" />
            <SP ID="SP_12688" HPOS="493" VPOS="1030" WIDTH="24" HEIGHT="0" />
            <String ID="Word_14183" HPOS="517" VPOS="1030" WIDTH="134" HEIGHT="51" CONTENT="cords," />
            <SP ID="SP_12689" HPOS="651" VPOS="1030" WIDTH="22" HEIGHT="0" />
            <String ID="Word_14184" HPOS="673" VPOS="1031" WIDTH="209" HEIGHT="50" CONTENT="however," />
            <SP ID="SP_12690" HPOS="882" VPOS="1031" WIDTH="33" HEIGHT="0" />
            <String ID="Word_14185" HPOS="915" VPOS="1033" WIDTH="168" HEIGHT="42" CONTENT="vibrate" />
            <SP ID="SP_12691" HPOS="1083" VPOS="1033" WIDTH="31" HEIGHT="0" />
            <String ID="Word_14186" HPOS="1114" VPOS="1038" WIDTH="44" HEIGHT="37" CONTENT="at" />
            <SP ID="SP_12692" HPOS="1158" VPOS="1034" WIDTH="23" HEIGHT="0" />
            <String ID="Word_14187" HPOS="1181" VPOS="1034" WIDTH="74" HEIGHT="42" CONTENT="the" />
            <SP ID="SP_12693" HPOS="1255" VPOS="1034" WIDTH="33" HEIGHT="0" />
            <String ID="Word_14188" HPOS="1288" VPOS="1048" WIDTH="116" HEIGHT="28" CONTENT="same" />
            <SP ID="SP_12694" HPOS="1404" VPOS="1036" WIDTH="31" HEIGHT="0" />
            <String ID="Word_14189" HPOS="1435" VPOS="1036" WIDTH="117" HEIGHT="41" CONTENT="time," />
            <SP ID="SP_12695" HPOS="1552" VPOS="1035" WIDTH="21" HEIGHT="0" />
            <String ID="Word_14190" HPOS="1573" VPOS="1035" WIDTH="172" HEIGHT="42" CONTENT="audible" />
            <SP ID="SP_12696" HPOS="1745" VPOS="1035" WIDTH="33" HEIGHT="0" />
            <String ID="Word_14191" HPOS="1778" VPOS="1035" WIDTH="154" HEIGHT="55" CONTENT="speech" />
            <SP ID="SP_12697" HPOS="1932" VPOS="1035" WIDTH="20" HEIGHT="0" />
            <String ID="Word_14192" HPOS="1952" VPOS="1037" WIDTH="35" HEIGHT="41" CONTENT="is" />
          </TextLine>
          <TextLine ID="TextLine_1496" HPOS="370" VPOS="1100" WIDTH="1492" HEIGHT="59">
            <String ID="Word_14193" HPOS="370" VPOS="1100" WIDTH="228" HEIGHT="55" CONTENT="produced." />
            <SP ID="SP_12698" HPOS="598" VPOS="1100" WIDTH="21" HEIGHT="0" />
            <String ID="Word_14194" HPOS="663" VPOS="1101" WIDTH="299" HEIGHT="55" CONTENT="(Whispering" />
            <SP ID="SP_12699" HPOS="962" VPOS="1101" WIDTH="22" HEIGHT="0" />
            <String ID="Word_14195" HPOS="984" VPOS="1103" WIDTH="212" HEIGHT="42" CONTENT="therefore" />
            <SP ID="SP_12700" HPOS="1196" VPOS="1103" WIDTH="21" HEIGHT="0" />
            <String ID="Word_14196" HPOS="1217" VPOS="1104" WIDTH="35" HEIGHT="42" CONTENT="is" />
            <SP ID="SP_12701" HPOS="1252" VPOS="1104" WIDTH="22" HEIGHT="0" />
            <String ID="Word_14197" HPOS="1274" VPOS="1104" WIDTH="156" HEIGHT="42" CONTENT="speech" />
            <SP ID="SP_12702" HPOS="1430" VPOS="1104" WIDTH="21" HEIGHT="0" />
            <String ID="Word_14198" HPOS="1451" VPOS="1112" WIDTH="186" HEIGHT="34" CONTENT="without" />
            <SP ID="SP_12703" HPOS="1637" VPOS="1104" WIDTH="29" HEIGHT="0" />
            <String ID="Word_14199" HPOS="1666" VPOS="1104" WIDTH="196" HEIGHT="55" CONTENT="voice).&quot;2" />
          </TextLine>
          <TextLine ID="TextLine_1497" HPOS="432" VPOS="1170" WIDTH="1557" HEIGHT="58">
            <String ID="Word_14200" HPOS="432" VPOS="1170" WIDTH="104" HEIGHT="41" CONTENT="And" />
            <SP ID="SP_12704" HPOS="536" VPOS="1170" WIDTH="31" HEIGHT="0" />
            <String ID="Word_14201" HPOS="567" VPOS="1170" WIDTH="46" HEIGHT="41" CONTENT="in" />
            <SP ID="SP_12705" HPOS="613" VPOS="1170" WIDTH="23" HEIGHT="0" />
            <String ID="Word_14202" HPOS="636" VPOS="1171" WIDTH="73" HEIGHT="41" CONTENT="the" />
            <SP ID="SP_12706" HPOS="709" VPOS="1171" WIDTH="22" HEIGHT="0" />
            <String ID="Word_14203" HPOS="731" VPOS="1171" WIDTH="130" HEIGHT="42" CONTENT="latest" />
            <SP ID="SP_12707" HPOS="861" VPOS="1171" WIDTH="25" HEIGHT="0" />
            <String ID="Word_14204" HPOS="886" VPOS="1172" WIDTH="163" HEIGHT="42" CONTENT="edition" />
            <SP ID="SP_12708" HPOS="1049" VPOS="1172" WIDTH="35" HEIGHT="0" />
            <String ID="Word_14205" HPOS="1084" VPOS="1174" WIDTH="46" HEIGHT="40" CONTENT="of" />
            <SP ID="SP_12709" HPOS="1130" VPOS="1173" WIDTH="28" HEIGHT="0" />
            <String ID="Word_14206" HPOS="1158" VPOS="1173" WIDTH="74" HEIGHT="41" CONTENT="the" />
            <SP ID="SP_12710" HPOS="1232" VPOS="1173" WIDTH="31" HEIGHT="0" />
            <String ID="Word_14207" HPOS="1263" VPOS="1174" WIDTH="316" HEIGHT="54" CONTENT="Encyclopaedia" />
            <SP ID="SP_12711" HPOS="1579" VPOS="1174" WIDTH="30" HEIGHT="0" />
            <String ID="Word_14208" HPOS="1609" VPOS="1175" WIDTH="255" HEIGHT="40" CONTENT="Britannica" />
            <SP ID="SP_12712" HPOS="1864" VPOS="1175" WIDTH="31" HEIGHT="0" />
            <String ID="Word_14209" HPOS="1895" VPOS="1175" WIDTH="35" HEIGHT="41" CONTENT="it" />
            <SP ID="SP_12713" HPOS="1930" VPOS="1175" WIDTH="25" HEIGHT="0" />
            <String ID="Word_14210" HPOS="1955" VPOS="1176" WIDTH="34" HEIGHT="41" CONTENT="is" />
          </TextLine>
          <TextLine ID="TextLine_1498" HPOS="374" VPOS="1240" WIDTH="1616" HEIGHT="53">
            <String ID="Word_14211" HPOS="374" VPOS="1241" WIDTH="177" HEIGHT="41" CONTENT="said—&quot;" />
            <SP ID="SP_12714" HPOS="551" VPOS="1241" WIDTH="16" HEIGHT="0" />
            <String ID="Word_14212" HPOS="567" VPOS="1241" WIDTH="43" HEIGHT="41" CONTENT="If" />
            <SP ID="SP_12715" HPOS="610" VPOS="1241" WIDTH="32" HEIGHT="0" />
            <String ID="Word_14213" HPOS="642" VPOS="1241" WIDTH="73" HEIGHT="42" CONTENT="the" />
            <SP ID="SP_12716" HPOS="715" VPOS="1241" WIDTH="27" HEIGHT="0" />
            <String ID="Word_14214" HPOS="742" VPOS="1241" WIDTH="122" HEIGHT="42" CONTENT="vocal" />
            <SP ID="SP_12717" HPOS="864" VPOS="1241" WIDTH="33" HEIGHT="0" />
            <String ID="Word_14215" HPOS="897" VPOS="1242" WIDTH="122" HEIGHT="42" CONTENT="cords" />
            <SP ID="SP_12718" HPOS="1019" VPOS="1242" WIDTH="27" HEIGHT="0" />
            <String ID="Word_14216" HPOS="1046" VPOS="1257" WIDTH="70" HEIGHT="27" CONTENT="are" />
            <SP ID="SP_12719" HPOS="1116" VPOS="1243" WIDTH="23" HEIGHT="0" />
            <String ID="Word_14217" HPOS="1139" VPOS="1243" WIDTH="139" HEIGHT="42" CONTENT="called" />
            <SP ID="SP_12720" HPOS="1278" VPOS="1243" WIDTH="25" HEIGHT="0" />
            <String ID="Word_14218" HPOS="1303" VPOS="1244" WIDTH="92" HEIGHT="41" CONTENT="into" />
            <SP ID="SP_12721" HPOS="1395" VPOS="1244" WIDTH="32" HEIGHT="0" />
            <String ID="Word_14219" HPOS="1427" VPOS="1244" WIDTH="156" HEIGHT="41" CONTENT="action," />
            <SP ID="SP_12722" HPOS="1583" VPOS="1244" WIDTH="30" HEIGHT="0" />
            <String ID="Word_14220" HPOS="1613" VPOS="1244" WIDTH="85" HEIGHT="41" CONTENT="and" />
            <SP ID="SP_12723" HPOS="1698" VPOS="1244" WIDTH="31" HEIGHT="0" />
            <String ID="Word_14221" HPOS="1729" VPOS="1244" WIDTH="73" HEIGHT="42" CONTENT="the" />
            <SP ID="SP_12724" HPOS="1802" VPOS="1244" WIDTH="32" HEIGHT="0" />
            <String ID="Word_14222" HPOS="1834" VPOS="1245" WIDTH="156" HEIGHT="42" CONTENT="sounds" />
          </TextLine>
          <TextLine ID="TextLine_1499" HPOS="375" VPOS="1311" WIDTH="1617" HEIGHT="57">
            <String ID="Word_14223" HPOS="375" VPOS="1311" WIDTH="103" HEIGHT="41" CONTENT="tlius" />
            <SP ID="SP_12725" HPOS="478" VPOS="1311" WIDTH="34" HEIGHT="0" />
            <String ID="Word_14224" HPOS="512" VPOS="1311" WIDTH="217" HEIGHT="55" CONTENT="produced" />
            <SP ID="SP_12726" HPOS="729" VPOS="1311" WIDTH="33" HEIGHT="0" />
            <String ID="Word_14225" HPOS="762" VPOS="1326" WIDTH="71" HEIGHT="27" CONTENT="are" />
            <SP ID="SP_12727" HPOS="833" VPOS="1312" WIDTH="35" HEIGHT="0" />
            <String ID="Word_14226" HPOS="868" VPOS="1312" WIDTH="202" HEIGHT="42" CONTENT="modified" />
            <SP ID="SP_12728" HPOS="1070" VPOS="1312" WIDTH="35" HEIGHT="0" />
            <String ID="Word_14227" HPOS="1105" VPOS="1313" WIDTH="57" HEIGHT="41" CONTENT="by" />
            <SP ID="SP_12729" HPOS="1162" VPOS="1313" WIDTH="33" HEIGHT="0" />
            <String ID="Word_14228" HPOS="1195" VPOS="1313" WIDTH="74" HEIGHT="41" CONTENT="the" />
            <SP ID="SP_12730" HPOS="1269" VPOS="1312" WIDTH="31" HEIGHT="0" />
            <String ID="Word_14229" HPOS="1300" VPOS="1312" WIDTH="219" HEIGHT="42" CONTENT="muscular" />
            <SP ID="SP_12731" HPOS="1519" VPOS="1312" WIDTH="30" HEIGHT="0" />
            <String ID="Word_14230" HPOS="1549" VPOS="1318" WIDTH="268" HEIGHT="37" CONTENT="movements" />
            <SP ID="SP_12732" HPOS="1817" VPOS="1314" WIDTH="31" HEIGHT="0" />
            <String ID="Word_14231" HPOS="1848" VPOS="1314" WIDTH="45" HEIGHT="41" CONTENT="of" />
            <SP ID="SP_12733" HPOS="1893" VPOS="1314" WIDTH="28" HEIGHT="0" />
            <String ID="Word_14232" HPOS="1921" VPOS="1314" WIDTH="71" HEIGHT="43" CONTENT="the" />
          </TextLine>
          <TextLine ID="TextLine_1500" HPOS="376" VPOS="1381" WIDTH="1615" HEIGHT="57">
            <String ID="Word_14233" HPOS="376" VPOS="1386" WIDTH="173" HEIGHT="50" CONTENT="tongue," />
            <SP ID="SP_12734" HPOS="549" VPOS="1381" WIDTH="23" HEIGHT="0" />
            <String ID="Word_14234" HPOS="572" VPOS="1381" WIDTH="169" HEIGHT="43" CONTENT="cheeks," />
            <SP ID="SP_12735" HPOS="741" VPOS="1381" WIDTH="22" HEIGHT="0" />
            <String ID="Word_14235" HPOS="763" VPOS="1382" WIDTH="86" HEIGHT="41" CONTENT="and" />
            <SP ID="SP_12736" HPOS="849" VPOS="1382" WIDTH="21" HEIGHT="0" />
            <String ID="Word_14236" HPOS="870" VPOS="1382" WIDTH="97" HEIGHT="54" CONTENT="lips," />
            <SP ID="SP_12737" HPOS="967" VPOS="1382" WIDTH="24" HEIGHT="0" />
            <String ID="Word_14237" HPOS="991" VPOS="1396" WIDTH="63" HEIGHT="28" CONTENT="we" />
            <SP ID="SP_12738" HPOS="1054" VPOS="1382" WIDTH="22" HEIGHT="0" />
            <String ID="Word_14238" HPOS="1076" VPOS="1382" WIDTH="110" HEIGHT="42" CONTENT="have" />
            <SP ID="SP_12739" HPOS="1186" VPOS="1382" WIDTH="32" HEIGHT="0" />
            <String ID="Word_14239" HPOS="1218" VPOS="1383" WIDTH="122" HEIGHT="41" CONTENT="vocal" />
            <SP ID="SP_12740" HPOS="1340" VPOS="1383" WIDTH="22" HEIGHT="0" />
            <String ID="Word_14240" HPOS="1362" VPOS="1383" WIDTH="179" HEIGHT="55" CONTENT="speech;" />
            <SP ID="SP_12741" HPOS="1541" VPOS="1383" WIDTH="31" HEIGHT="0" />
            <String ID="Word_14241" HPOS="1572" VPOS="1383" WIDTH="78" HEIGHT="41" CONTENT="but" />
            <SP ID="SP_12742" HPOS="1650" VPOS="1383" WIDTH="30" HEIGHT="0" />
            <String ID="Word_14242" HPOS="1680" VPOS="1383" WIDTH="35" HEIGHT="41" CONTENT="if" />
            <SP ID="SP_12743" HPOS="1715" VPOS="1383" WIDTH="30" HEIGHT="0" />
            <String ID="Word_14243" HPOS="1745" VPOS="1383" WIDTH="74" HEIGHT="41" CONTENT="the" />
            <SP ID="SP_12744" HPOS="1819" VPOS="1383" WIDTH="27" HEIGHT="0" />
            <String ID="Word_14244" HPOS="1846" VPOS="1389" WIDTH="145" HEIGHT="49" CONTENT="glottis" />
          </TextLine>
          <TextLine ID="TextLine_1501" HPOS="375" VPOS="1451" WIDTH="1618" HEIGHT="56">
            <String ID="Word_14245" HPOS="375" VPOS="1451" WIDTH="38" HEIGHT="41" CONTENT="is" />
            <SP ID="SP_12745" HPOS="413" VPOS="1451" WIDTH="33" HEIGHT="0" />
            <String ID="Word_14246" HPOS="446" VPOS="1451" WIDTH="158" HEIGHT="55" CONTENT="widely" />
            <SP ID="SP_12746" HPOS="604" VPOS="1451" WIDTH="32" HEIGHT="0" />
            <String ID="Word_14247" HPOS="636" VPOS="1452" WIDTH="165" HEIGHT="55" CONTENT="opened" />
            <SP ID="SP_12747" HPOS="801" VPOS="1452" WIDTH="32" HEIGHT="0" />
            <String ID="Word_14248" HPOS="833" VPOS="1452" WIDTH="85" HEIGHT="41" CONTENT="and" />
            <SP ID="SP_12748" HPOS="918" VPOS="1452" WIDTH="32" HEIGHT="0" />
            <String ID="Word_14249" HPOS="950" VPOS="1452" WIDTH="74" HEIGHT="42" CONTENT="the" />
            <SP ID="SP_12749" HPOS="1024" VPOS="1452" WIDTH="32" HEIGHT="0" />
            <String ID="Word_14250" HPOS="1056" VPOS="1452" WIDTH="123" HEIGHT="42" CONTENT="vocal" />
            <SP ID="SP_12750" HPOS="1179" VPOS="1452" WIDTH="31" HEIGHT="0" />
            <String ID="Word_14251" HPOS="1210" VPOS="1453" WIDTH="121" HEIGHT="42" CONTENT="cords" />
            <SP ID="SP_12751" HPOS="1331" VPOS="1453" WIDTH="22" HEIGHT="0" />
            <String ID="Word_14252" HPOS="1353" VPOS="1453" WIDTH="185" HEIGHT="41" CONTENT="relaxed," />
            <SP ID="SP_12752" HPOS="1538" VPOS="1452" WIDTH="22" HEIGHT="0" />
            <String ID="Word_14253" HPOS="1560" VPOS="1452" WIDTH="74" HEIGHT="42" CONTENT="the" />
            <SP ID="SP_12753" HPOS="1634" VPOS="1452" WIDTH="31" HEIGHT="0" />
            <String ID="Word_14254" HPOS="1665" VPOS="1458" WIDTH="174" HEIGHT="36" CONTENT="current" />
            <SP ID="SP_12754" HPOS="1839" VPOS="1454" WIDTH="31" HEIGHT="0" />
            <String ID="Word_14255" HPOS="1870" VPOS="1454" WIDTH="45" HEIGHT="40" CONTENT="of" />
            <SP ID="SP_12755" HPOS="1915" VPOS="1454" WIDTH="18" HEIGHT="0" />
            <String ID="Word_14256" HPOS="1933" VPOS="1454" WIDTH="60" HEIGHT="40" CONTENT="air" />
          </TextLine>
          <TextLine ID="TextLine_1502" HPOS="378" VPOS="1521" WIDTH="1615" HEIGHT="55">
            <String ID="Word_14257" HPOS="378" VPOS="1534" WIDTH="101" HEIGHT="41" CONTENT="may" />
            <SP ID="SP_12756" HPOS="479" VPOS="1521" WIDTH="35" HEIGHT="0" />
            <String ID="Word_14258" HPOS="514" VPOS="1521" WIDTH="93" HEIGHT="41" CONTENT="still" />
            <SP ID="SP_12757" HPOS="607" VPOS="1521" WIDTH="38" HEIGHT="0" />
            <String ID="Word_14259" HPOS="645" VPOS="1522" WIDTH="50" HEIGHT="40" CONTENT="be" />
            <SP ID="SP_12758" HPOS="695" VPOS="1521" WIDTH="37" HEIGHT="0" />
            <String ID="Word_14260" HPOS="732" VPOS="1521" WIDTH="203" HEIGHT="42" CONTENT="moulded" />
            <SP ID="SP_12759" HPOS="935" VPOS="1521" WIDTH="32" HEIGHT="0" />
            <String ID="Word_14261" HPOS="967" VPOS="1522" WIDTH="57" HEIGHT="41" CONTENT="by" />
            <SP ID="SP_12760" HPOS="1024" VPOS="1522" WIDTH="37" HEIGHT="0" />
            <String ID="Word_14262" HPOS="1061" VPOS="1522" WIDTH="220" HEIGHT="41" CONTENT="muscular" />
            <SP ID="SP_12761" HPOS="1281" VPOS="1522" WIDTH="30" HEIGHT="0" />
            <String ID="Word_14263" HPOS="1311" VPOS="1526" WIDTH="231" HEIGHT="50" CONTENT="apparatus" />
            <SP ID="SP_12762" HPOS="1542" VPOS="1526" WIDTH="32" HEIGHT="0" />
            <String ID="Word_14264" HPOS="1574" VPOS="1536" WIDTH="46" HEIGHT="27" CONTENT="so" />
            <SP ID="SP_12763" HPOS="1620" VPOS="1536" WIDTH="32" HEIGHT="0" />
            <String ID="Word_14265" HPOS="1652" VPOS="1536" WIDTH="46" HEIGHT="27" CONTENT="as" />
            <SP ID="SP_12764" HPOS="1698" VPOS="1526" WIDTH="32" HEIGHT="0" />
            <String ID="Word_14266" HPOS="1730" VPOS="1526" WIDTH="44" HEIGHT="37" CONTENT="to" />
            <SP ID="SP_12765" HPOS="1774" VPOS="1521" WIDTH="36" HEIGHT="0" />
            <String ID="Word_14267" HPOS="1810" VPOS="1521" WIDTH="183" HEIGHT="55" CONTENT="produce" />
          </TextLine>
          <TextLine ID="TextLine_1503" HPOS="379" VPOS="1591" WIDTH="930" HEIGHT="56">
            <String ID="Word_14268" HPOS="379" VPOS="1591" WIDTH="158" HEIGHT="42" CONTENT="speech" />
            <SP ID="SP_12766" HPOS="537" VPOS="1591" WIDTH="21" HEIGHT="0" />
            <String ID="Word_14269" HPOS="558" VPOS="1591" WIDTH="187" HEIGHT="42" CONTENT="without" />
            <SP ID="SP_12767" HPOS="745" VPOS="1591" WIDTH="22" HEIGHT="0" />
            <String ID="Word_14270" HPOS="767" VPOS="1592" WIDTH="132" HEIGHT="42" CONTENT="voice," />
            <SP ID="SP_12768" HPOS="899" VPOS="1592" WIDTH="22" HEIGHT="0" />
            <String ID="Word_14271" HPOS="921" VPOS="1606" WIDTH="45" HEIGHT="27" CONTENT="or" />
            <SP ID="SP_12769" HPOS="966" VPOS="1591" WIDTH="24" HEIGHT="0" />
            <String ID="Word_14272" HPOS="990" VPOS="1591" WIDTH="319" HEIGHT="43" CONTENT="whispering.&quot;3" />
          </TextLine>
          <TextLine ID="TextLine_1504" HPOS="438" VPOS="1662" WIDTH="1558" HEIGHT="55">
            <String ID="Word_14273" HPOS="438" VPOS="1662" WIDTH="90" HEIGHT="42" CONTENT="The" />
            <SP ID="SP_12770" HPOS="528" VPOS="1662" WIDTH="22" HEIGHT="0" />
            <String ID="Word_14274" HPOS="550" VPOS="1663" WIDTH="111" HEIGHT="41" CONTENT="view" />
            <SP ID="SP_12771" HPOS="661" VPOS="1662" WIDTH="23" HEIGHT="0" />
            <String ID="Word_14275" HPOS="684" VPOS="1662" WIDTH="102" HEIGHT="42" CONTENT="thus" />
            <SP ID="SP_12772" HPOS="786" VPOS="1662" WIDTH="23" HEIGHT="0" />
            <String ID="Word_14276" HPOS="809" VPOS="1662" WIDTH="229" HEIGHT="42" CONTENT="expressed" />
            <SP ID="SP_12773" HPOS="1038" VPOS="1662" WIDTH="22" HEIGHT="0" />
            <String ID="Word_14277" HPOS="1060" VPOS="1663" WIDTH="38" HEIGHT="41" CONTENT="is" />
            <SP ID="SP_12774" HPOS="1098" VPOS="1663" WIDTH="22" HEIGHT="0" />
            <String ID="Word_14278" HPOS="1120" VPOS="1676" WIDTH="45" HEIGHT="28" CONTENT="as" />
            <SP ID="SP_12775" HPOS="1165" VPOS="1662" WIDTH="23" HEIGHT="0" />
            <String ID="Word_14279" HPOS="1188" VPOS="1662" WIDTH="70" HEIGHT="41" CONTENT="old" />
            <SP ID="SP_12776" HPOS="1258" VPOS="1662" WIDTH="22" HEIGHT="0" />
            <String ID="Word_14280" HPOS="1280" VPOS="1676" WIDTH="46" HEIGHT="28" CONTENT="as" />
            <SP ID="SP_12777" HPOS="1326" VPOS="1662" WIDTH="22" HEIGHT="0" />
            <String ID="Word_14281" HPOS="1348" VPOS="1662" WIDTH="74" HEIGHT="42" CONTENT="the" />
            <SP ID="SP_12778" HPOS="1422" VPOS="1662" WIDTH="21" HEIGHT="0" />
            <String ID="Word_14282" HPOS="1443" VPOS="1662" WIDTH="105" HEIGHT="42" CONTENT="time" />
            <SP ID="SP_12779" HPOS="1548" VPOS="1662" WIDTH="29" HEIGHT="0" />
            <String ID="Word_14283" HPOS="1577" VPOS="1662" WIDTH="46" HEIGHT="41" CONTENT="of" />
            <SP ID="SP_12780" HPOS="1623" VPOS="1662" WIDTH="27" HEIGHT="0" />
            <String ID="Word_14284" HPOS="1650" VPOS="1662" WIDTH="163" HEIGHT="41" CONTENT="Arnott" />
            <SP ID="SP_12781" HPOS="1813" VPOS="1662" WIDTH="22" HEIGHT="0" />
            <String ID="Word_14285" HPOS="1835" VPOS="1662" WIDTH="161" HEIGHT="54" CONTENT="(1827)," />
          </TextLine>
          <TextLine ID="TextLine_1505" HPOS="380" VPOS="1731" WIDTH="1614" HEIGHT="56">
            <String ID="Word_14286" HPOS="380" VPOS="1731" WIDTH="86" HEIGHT="41" CONTENT="and" />
            <SP ID="SP_12782" HPOS="466" VPOS="1731" WIDTH="32" HEIGHT="0" />
            <String ID="Word_14287" HPOS="498" VPOS="1731" WIDTH="208" HEIGHT="55" CONTENT="probably" />
            <SP ID="SP_12783" HPOS="706" VPOS="1731" WIDTH="27" HEIGHT="0" />
            <String ID="Word_14288" HPOS="733" VPOS="1746" WIDTH="24" HEIGHT="27" CONTENT="a" />
            <SP ID="SP_12784" HPOS="757" VPOS="1737" WIDTH="30" HEIGHT="0" />
            <String ID="Word_14289" HPOS="787" VPOS="1737" WIDTH="120" HEIGHT="49" CONTENT="great" />
            <SP ID="SP_12785" HPOS="907" VPOS="1731" WIDTH="32" HEIGHT="0" />
            <String ID="Word_14290" HPOS="939" VPOS="1731" WIDTH="96" HEIGHT="43" CONTENT="deal" />
            <SP ID="SP_12786" HPOS="1035" VPOS="1731" WIDTH="31" HEIGHT="0" />
            <String ID="Word_14291" HPOS="1066" VPOS="1732" WIDTH="129" HEIGHT="41" CONTENT="older." />
            <SP ID="SP_12787" HPOS="1195" VPOS="1731" WIDTH="60" HEIGHT="0" />
            <String ID="Word_14292" HPOS="1255" VPOS="1731" WIDTH="163" HEIGHT="42" CONTENT="Arnott" />
            <SP ID="SP_12788" HPOS="1418" VPOS="1731" WIDTH="35" HEIGHT="0" />
            <String ID="Word_14293" HPOS="1453" VPOS="1731" WIDTH="473" HEIGHT="54" CONTENT="says—&quot;Whispering" />
            <SP ID="SP_12789" HPOS="1926" VPOS="1731" WIDTH="34" HEIGHT="0" />
            <String ID="Word_14294" HPOS="1960" VPOS="1732" WIDTH="34" HEIGHT="41" CONTENT="is" />
          </TextLine>
          <TextLine ID="TextLine_1506" HPOS="381" VPOS="1800" WIDTH="1613" HEIGHT="56">
            <String ID="Word_14295" HPOS="381" VPOS="1801" WIDTH="279" HEIGHT="42" CONTENT="articulation" />
            <SP ID="SP_12790" HPOS="660" VPOS="1801" WIDTH="22" HEIGHT="0" />
            <String ID="Word_14296" HPOS="682" VPOS="1802" WIDTH="186" HEIGHT="41" CONTENT="without" />
            <SP ID="SP_12791" HPOS="868" VPOS="1802" WIDTH="21" HEIGHT="0" />
            <String ID="Word_14297" HPOS="889" VPOS="1802" WIDTH="144" HEIGHT="42" CONTENT="voice;" />
            <SP ID="SP_12792" HPOS="1033" VPOS="1801" WIDTH="21" HEIGHT="0" />
            <String ID="Word_14298" HPOS="1054" VPOS="1801" WIDTH="96" HEIGHT="42" CONTENT="that" />
            <SP ID="SP_12793" HPOS="1150" VPOS="1801" WIDTH="20" HEIGHT="0" />
            <String ID="Word_14299" HPOS="1170" VPOS="1801" WIDTH="37" HEIGHT="41" CONTENT="is" />
            <SP ID="SP_12794" HPOS="1207" VPOS="1801" WIDTH="22" HEIGHT="0" />
            <String ID="Word_14300" HPOS="1229" VPOS="1805" WIDTH="44" HEIGHT="37" CONTENT="to" />
            <SP ID="SP_12795" HPOS="1273" VPOS="1805" WIDTH="23" HEIGHT="0" />
            <String ID="Word_14301" HPOS="1296" VPOS="1815" WIDTH="88" HEIGHT="41" CONTENT="say," />
            <SP ID="SP_12796" HPOS="1384" VPOS="1800" WIDTH="15" HEIGHT="0" />
            <String ID="Word_14302" HPOS="1399" VPOS="1800" WIDTH="276" HEIGHT="42" CONTENT="articulation" />
            <SP ID="SP_12797" HPOS="1675" VPOS="1800" WIDTH="23" HEIGHT="0" />
            <String ID="Word_14303" HPOS="1698" VPOS="1800" WIDTH="128" HEIGHT="42" CONTENT="while" />
            <SP ID="SP_12798" HPOS="1826" VPOS="1800" WIDTH="22" HEIGHT="0" />
            <String ID="Word_14304" HPOS="1848" VPOS="1800" WIDTH="146" HEIGHT="42" CONTENT="breath" />
          </TextLine>
          <TextLine ID="TextLine_1507" HPOS="380" VPOS="1869" WIDTH="1615" HEIGHT="58">
            <String ID="Word_14305" HPOS="380" VPOS="1871" WIDTH="104" HEIGHT="55" CONTENT="only" />
            <SP ID="SP_12799" HPOS="484" VPOS="1871" WIDTH="17" HEIGHT="0" />
            <String ID="Word_14306" HPOS="501" VPOS="1871" WIDTH="37" HEIGHT="42" CONTENT="is" />
            <SP ID="SP_12800" HPOS="538" VPOS="1870" WIDTH="21" HEIGHT="0" />
            <String ID="Word_14307" HPOS="559" VPOS="1870" WIDTH="235" HEIGHT="56" CONTENT="passing.&quot;4" />
            <SP ID="SP_12801" HPOS="794" VPOS="1870" WIDTH="61" HEIGHT="0" />
            <String ID="Word_14308" HPOS="855" VPOS="1871" WIDTH="54" HEIGHT="40" CONTENT="In" />
            <SP ID="SP_12802" HPOS="909" VPOS="1871" WIDTH="22" HEIGHT="0" />
            <String ID="Word_14309" HPOS="931" VPOS="1876" WIDTH="146" HEIGHT="36" CONTENT="recent" />
            <SP ID="SP_12803" HPOS="1077" VPOS="1870" WIDTH="22" HEIGHT="0" />
            <String ID="Word_14310" HPOS="1099" VPOS="1870" WIDTH="140" HEIGHT="42" CONTENT="times," />
            <SP ID="SP_12804" HPOS="1239" VPOS="1870" WIDTH="19" HEIGHT="0" />
            <String ID="Word_14311" HPOS="1258" VPOS="1870" WIDTH="35" HEIGHT="41" CONTENT="it" />
            <SP ID="SP_12805" HPOS="1293" VPOS="1870" WIDTH="21" HEIGHT="0" />
            <String ID="Word_14312" HPOS="1314" VPOS="1870" WIDTH="78" HEIGHT="41" CONTENT="has" />
            <SP ID="SP_12806" HPOS="1392" VPOS="1869" WIDTH="17" HEIGHT="0" />
            <String ID="Word_14313" HPOS="1409" VPOS="1869" WIDTH="177" HEIGHT="42" CONTENT="derived" />
            <SP ID="SP_12807" HPOS="1586" VPOS="1869" WIDTH="22" HEIGHT="0" />
            <String ID="Word_14314" HPOS="1608" VPOS="1870" WIDTH="57" HEIGHT="41" CONTENT="its" />
            <SP ID="SP_12808" HPOS="1665" VPOS="1869" WIDTH="18" HEIGHT="0" />
            <String ID="Word_14315" HPOS="1683" VPOS="1869" WIDTH="116" HEIGHT="41" CONTENT="chief" />
            <SP ID="SP_12809" HPOS="1799" VPOS="1869" WIDTH="18" HEIGHT="0" />
            <String ID="Word_14316" HPOS="1817" VPOS="1875" WIDTH="178" HEIGHT="49" CONTENT="support" />
          </TextLine>
          <TextLine ID="TextLine_1508" HPOS="378" VPOS="1938" WIDTH="1615" HEIGHT="57">
            <String ID="Word_14317" HPOS="378" VPOS="1942" WIDTH="110" HEIGHT="41" CONTENT="from" />
            <SP ID="SP_12810" HPOS="488" VPOS="1942" WIDTH="43" HEIGHT="0" />
            <String ID="Word_14318" HPOS="531" VPOS="1942" WIDTH="164" HEIGHT="41" CONTENT="certain" />
            <SP ID="SP_12811" HPOS="695" VPOS="1940" WIDTH="42" HEIGHT="0" />
            <String ID="Word_14319" HPOS="737" VPOS="1945" WIDTH="314" HEIGHT="37" CONTENT="experimental" />
            <SP ID="SP_12812" HPOS="1051" VPOS="1939" WIDTH="40" HEIGHT="0" />
            <String ID="Word_14320" HPOS="1091" VPOS="1939" WIDTH="243" HEIGHT="43" CONTENT="researches" />
            <SP ID="SP_12813" HPOS="1334" VPOS="1939" WIDTH="36" HEIGHT="0" />
            <String ID="Word_14321" HPOS="1370" VPOS="1939" WIDTH="48" HEIGHT="41" CONTENT="in" />
            <SP ID="SP_12814" HPOS="1418" VPOS="1939" WIDTH="35" HEIGHT="0" />
            <String ID="Word_14322" HPOS="1453" VPOS="1939" WIDTH="135" HEIGHT="50" CONTENT="Paris," />
            <SP ID="SP_12815" HPOS="1588" VPOS="1938" WIDTH="36" HEIGHT="0" />
            <String ID="Word_14323" HPOS="1624" VPOS="1938" WIDTH="143" HEIGHT="41" CONTENT="which" />
            <SP ID="SP_12816" HPOS="1767" VPOS="1938" WIDTH="48" HEIGHT="0" />
            <String ID="Word_14324" HPOS="1815" VPOS="1938" WIDTH="90" HEIGHT="41" CONTENT="will" />
            <SP ID="SP_12817" HPOS="1905" VPOS="1938" WIDTH="39" HEIGHT="0" />
            <String ID="Word_14325" HPOS="1944" VPOS="1939" WIDTH="49" HEIGHT="40" CONTENT="be" />
          </TextLine>
          <TextLine ID="TextLine_1509" HPOS="381" VPOS="2012" WIDTH="509" HEIGHT="55">
            <String ID="Word_14326" HPOS="381" VPOS="2012" WIDTH="222" HEIGHT="55" CONTENT="presently" />
            <SP ID="SP_12818" HPOS="603" VPOS="2012" WIDTH="22" HEIGHT="0" />
            <String ID="Word_14327" HPOS="625" VPOS="2012" WIDTH="188" HEIGHT="42" CONTENT="referred" />
            <SP ID="SP_12819" HPOS="813" VPOS="2012" WIDTH="23" HEIGHT="0" />
            <String ID="Word_14328" HPOS="836" VPOS="2017" WIDTH="54" HEIGHT="36" CONTENT="to." />
          </TextLine>
          <TextLine ID="TextLine_1510" HPOS="442" VPOS="2078" WIDTH="1553" HEIGHT="58">
            <String ID="Word_14329" HPOS="442" VPOS="2083" WIDTH="45" HEIGHT="40" CONTENT="If" />
            <SP ID="SP_12820" HPOS="487" VPOS="2082" WIDTH="20" HEIGHT="0" />
            <String ID="Word_14330" HPOS="507" VPOS="2082" WIDTH="87" HEIGHT="42" CONTENT="this" />
            <SP ID="SP_12821" HPOS="594" VPOS="2082" WIDTH="22" HEIGHT="0" />
            <String ID="Word_14331" HPOS="616" VPOS="2083" WIDTH="112" HEIGHT="41" CONTENT="view" />
            <SP ID="SP_12822" HPOS="728" VPOS="2083" WIDTH="23" HEIGHT="0" />
            <String ID="Word_14332" HPOS="751" VPOS="2097" WIDTH="110" HEIGHT="27" CONTENT="were" />
            <SP ID="SP_12823" HPOS="861" VPOS="2086" WIDTH="22" HEIGHT="0" />
            <String ID="Word_14333" HPOS="883" VPOS="2086" WIDTH="173" HEIGHT="46" CONTENT="correct," />
            <SP ID="SP_12824" HPOS="1056" VPOS="2080" WIDTH="25" HEIGHT="0" />
            <String ID="Word_14334" HPOS="1081" VPOS="2080" WIDTH="259" HEIGHT="56" CONTENT="whispering" />
            <SP ID="SP_12825" HPOS="1340" VPOS="2080" WIDTH="21" HEIGHT="0" />
            <String ID="Word_14335" HPOS="1361" VPOS="2080" WIDTH="144" HEIGHT="42" CONTENT="would" />
            <SP ID="SP_12826" HPOS="1505" VPOS="2080" WIDTH="22" HEIGHT="0" />
            <String ID="Word_14336" HPOS="1527" VPOS="2081" WIDTH="52" HEIGHT="41" CONTENT="be" />
            <SP ID="SP_12827" HPOS="1579" VPOS="2079" WIDTH="31" HEIGHT="0" />
            <String ID="Word_14337" HPOS="1610" VPOS="2079" WIDTH="155" HEIGHT="55" CONTENT="speech" />
            <SP ID="SP_12828" HPOS="1765" VPOS="2078" WIDTH="20" HEIGHT="0" />
            <String ID="Word_14338" HPOS="1785" VPOS="2078" WIDTH="210" HEIGHT="56" CONTENT="produced" />
          </TextLine>
          <TextLine ID="TextLine_1511" HPOS="382" VPOS="2149" WIDTH="1612" HEIGHT="60">
            <String ID="Word_14339" HPOS="382" VPOS="2153" WIDTH="58" HEIGHT="54" CONTENT="by" />
            <SP ID="SP_12829" HPOS="440" VPOS="2152" WIDTH="37" HEIGHT="0" />
            <String ID="Word_14340" HPOS="477" VPOS="2152" WIDTH="75" HEIGHT="43" CONTENT="the" />
            <SP ID="SP_12830" HPOS="552" VPOS="2152" WIDTH="36" HEIGHT="0" />
            <String ID="Word_14341" HPOS="588" VPOS="2153" WIDTH="156" HEIGHT="55" CONTENT="simple" />
            <SP ID="SP_12831" HPOS="744" VPOS="2153" WIDTH="37" HEIGHT="0" />
            <String ID="Word_14342" HPOS="781" VPOS="2167" WIDTH="163" HEIGHT="42" CONTENT="agency" />
            <SP ID="SP_12832" HPOS="944" VPOS="2153" WIDTH="37" HEIGHT="0" />
            <String ID="Word_14343" HPOS="981" VPOS="2153" WIDTH="44" HEIGHT="41" CONTENT="of" />
            <SP ID="SP_12833" HPOS="1025" VPOS="2152" WIDTH="36" HEIGHT="0" />
            <String ID="Word_14344" HPOS="1061" VPOS="2152" WIDTH="73" HEIGHT="41" CONTENT="the" />
            <SP ID="SP_12834" HPOS="1134" VPOS="2151" WIDTH="37" HEIGHT="0" />
            <String ID="Word_14345" HPOS="1171" VPOS="2151" WIDTH="91" HEIGHT="42" CONTENT="oral" />
            <SP ID="SP_12835" HPOS="1262" VPOS="2150" WIDTH="38" HEIGHT="0" />
            <String ID="Word_14346" HPOS="1300" VPOS="2151" WIDTH="274" HEIGHT="42" CONTENT="mechanism," />
            <SP ID="SP_12836" HPOS="1574" VPOS="2149" WIDTH="35" HEIGHT="0" />
            <String ID="Word_14347" HPOS="1609" VPOS="2149" WIDTH="184" HEIGHT="41" CONTENT="without" />
            <SP ID="SP_12837" HPOS="1793" VPOS="2149" WIDTH="32" HEIGHT="0" />
            <String ID="Word_14348" HPOS="1825" VPOS="2149" WIDTH="73" HEIGHT="42" CONTENT="the" />
            <SP ID="SP_12838" HPOS="1898" VPOS="2149" WIDTH="33" HEIGHT="0" />
            <String ID="Word_14349" HPOS="1931" VPOS="2162" WIDTH="63" HEIGHT="28" CONTENT="co-" />
          </TextLine>
          <TextLine ID="TextLine_1512" HPOS="382" VPOS="2217" WIDTH="1615" HEIGHT="61">
            <String ID="Word_14350" HPOS="382" VPOS="2223" WIDTH="224" HEIGHT="42" CONTENT="operation" />
            <SP ID="SP_12839" HPOS="606" VPOS="2223" WIDTH="23" HEIGHT="0" />
            <String ID="Word_14351" HPOS="629" VPOS="2224" WIDTH="47" HEIGHT="41" CONTENT="of" />
            <SP ID="SP_12840" HPOS="676" VPOS="2223" WIDTH="28" HEIGHT="0" />
            <String ID="Word_14352" HPOS="704" VPOS="2223" WIDTH="74" HEIGHT="42" CONTENT="the" />
            <SP ID="SP_12841" HPOS="778" VPOS="2223" WIDTH="21" HEIGHT="0" />
            <String ID="Word_14353" HPOS="799" VPOS="2223" WIDTH="167" HEIGHT="54" CONTENT="larynx." />
            <SP ID="SP_12842" HPOS="966" VPOS="2222" WIDTH="62" HEIGHT="0" />
            <String ID="Word_14354" HPOS="1028" VPOS="2222" WIDTH="115" HEIGHT="41" CONTENT="This," />
            <SP ID="SP_12843" HPOS="1143" VPOS="2222" WIDTH="23" HEIGHT="0" />
            <String ID="Word_14355" HPOS="1166" VPOS="2222" WIDTH="35" HEIGHT="40" CONTENT="if" />
            <SP ID="SP_12844" HPOS="1201" VPOS="2222" WIDTH="34" HEIGHT="0" />
            <String ID="Word_14356" HPOS="1235" VPOS="2235" WIDTH="60" HEIGHT="28" CONTENT="we" />
            <SP ID="SP_12845" HPOS="1295" VPOS="2235" WIDTH="22" HEIGHT="0" />
            <String ID="Word_14357" HPOS="1317" VPOS="2235" WIDTH="98" HEIGHT="27" CONTENT="may" />
            <SP ID="SP_12846" HPOS="1415" VPOS="2234" WIDTH="23" HEIGHT="0" />
            <String ID="Word_14358" HPOS="1438" VPOS="2234" WIDTH="76" HEIGHT="28" CONTENT="use" />
            <SP ID="SP_12847" HPOS="1514" VPOS="2219" WIDTH="21" HEIGHT="0" />
            <String ID="Word_14359" HPOS="1535" VPOS="2219" WIDTH="125" HEIGHT="55" CONTENT="again" />
            <SP ID="SP_12848" HPOS="1660" VPOS="2219" WIDTH="22" HEIGHT="0" />
            <String ID="Word_14360" HPOS="1682" VPOS="2219" WIDTH="73" HEIGHT="41" CONTENT="the" />
            <SP ID="SP_12849" HPOS="1755" VPOS="2218" WIDTH="31" HEIGHT="0" />
            <String ID="Word_14361" HPOS="1786" VPOS="2219" WIDTH="139" HEIGHT="41" CONTENT="simile" />
            <SP ID="SP_12850" HPOS="1925" VPOS="2217" WIDTH="30" HEIGHT="0" />
            <String ID="Word_14362" HPOS="1955" VPOS="2217" WIDTH="42" HEIGHT="42" CONTENT="of" />
          </TextLine>
          <TextLine ID="TextLine_1513" HPOS="383" VPOS="2288" WIDTH="1612" HEIGHT="60">
            <String ID="Word_14363" HPOS="383" VPOS="2293" WIDTH="349" HEIGHT="55" CONTENT="violin-playing," />
            <SP ID="SP_12851" HPOS="732" VPOS="2293" WIDTH="17" HEIGHT="0" />
            <String ID="Word_14364" HPOS="749" VPOS="2293" WIDTH="139" HEIGHT="41" CONTENT="might" />
            <SP ID="SP_12852" HPOS="888" VPOS="2293" WIDTH="18" HEIGHT="0" />
            <String ID="Word_14365" HPOS="906" VPOS="2293" WIDTH="53" HEIGHT="41" CONTENT="be" />
            <SP ID="SP_12853" HPOS="959" VPOS="2291" WIDTH="17" HEIGHT="0" />
            <String ID="Word_14366" HPOS="976" VPOS="2291" WIDTH="249" HEIGHT="42" CONTENT="considered" />
            <SP ID="SP_12854" HPOS="1225" VPOS="2291" WIDTH="22" HEIGHT="0" />
            <String ID="Word_14367" HPOS="1247" VPOS="2304" WIDTH="45" HEIGHT="28" CONTENT="as" />
            <SP ID="SP_12855" HPOS="1292" VPOS="2289" WIDTH="23" HEIGHT="0" />
            <String ID="Word_14368" HPOS="1315" VPOS="2289" WIDTH="248" HEIGHT="43" CONTENT="equivalent" />
            <SP ID="SP_12856" HPOS="1563" VPOS="2289" WIDTH="22" HEIGHT="0" />
            <String ID="Word_14369" HPOS="1585" VPOS="2295" WIDTH="42" HEIGHT="35" CONTENT="to" />
            <SP ID="SP_12857" HPOS="1627" VPOS="2288" WIDTH="24" HEIGHT="0" />
            <String ID="Word_14370" HPOS="1651" VPOS="2288" WIDTH="73" HEIGHT="42" CONTENT="the" />
            <SP ID="SP_12858" HPOS="1724" VPOS="2288" WIDTH="22" HEIGHT="0" />
            <String ID="Word_14371" HPOS="1746" VPOS="2294" WIDTH="249" HEIGHT="49" CONTENT="production" />
          </TextLine>
          <TextLine ID="TextLine_1514" HPOS="384" VPOS="2356" WIDTH="1611" HEIGHT="63">
            <String ID="Word_14372" HPOS="384" VPOS="2364" WIDTH="47" HEIGHT="41" CONTENT="of" />
            <SP ID="SP_12859" HPOS="431" VPOS="2364" WIDTH="30" HEIGHT="0" />
            <String ID="Word_14373" HPOS="461" VPOS="2364" WIDTH="171" HEIGHT="55" CONTENT="melody" />
            <SP ID="SP_12860" HPOS="632" VPOS="2364" WIDTH="22" HEIGHT="0" />
            <String ID="Word_14374" HPOS="654" VPOS="2364" WIDTH="58" HEIGHT="41" CONTENT="by" />
            <SP ID="SP_12861" HPOS="712" VPOS="2363" WIDTH="22" HEIGHT="0" />
            <String ID="Word_14375" HPOS="734" VPOS="2363" WIDTH="73" HEIGHT="42" CONTENT="the" />
            <SP ID="SP_12862" HPOS="807" VPOS="2363" WIDTH="32" HEIGHT="0" />
            <String ID="Word_14376" HPOS="839" VPOS="2376" WIDTH="161" HEIGHT="41" CONTENT="agency" />
            <SP ID="SP_12863" HPOS="1000" VPOS="2363" WIDTH="22" HEIGHT="0" />
            <String ID="Word_14377" HPOS="1022" VPOS="2363" WIDTH="46" HEIGHT="41" CONTENT="of" />
            <SP ID="SP_12864" HPOS="1068" VPOS="2362" WIDTH="28" HEIGHT="0" />
            <String ID="Word_14378" HPOS="1096" VPOS="2362" WIDTH="73" HEIGHT="41" CONTENT="the" />
            <SP ID="SP_12865" HPOS="1169" VPOS="2359" WIDTH="32" HEIGHT="0" />
            <String ID="Word_14379" HPOS="1201" VPOS="2359" WIDTH="275" HEIGHT="56" CONTENT="string-hand" />
            <SP ID="SP_12866" HPOS="1476" VPOS="2359" WIDTH="31" HEIGHT="0" />
            <String ID="Word_14380" HPOS="1507" VPOS="2372" WIDTH="135" HEIGHT="37" CONTENT="alone," />
            <SP ID="SP_12867" HPOS="1642" VPOS="2358" WIDTH="23" HEIGHT="0" />
            <String ID="Word_14381" HPOS="1665" VPOS="2358" WIDTH="74" HEIGHT="42" CONTENT="the" />
            <SP ID="SP_12868" HPOS="1739" VPOS="2356" WIDTH="31" HEIGHT="0" />
            <String ID="Word_14382" HPOS="1770" VPOS="2356" WIDTH="225" HEIGHT="44" CONTENT="bow-hand" />
          </TextLine>
          <TextLine ID="TextLine_1515" HPOS="386" VPOS="2433" WIDTH="618" HEIGHT="56">
            <String ID="Word_14383" HPOS="386" VPOS="2435" WIDTH="130" HEIGHT="41" CONTENT="being" />
            <SP ID="SP_12869" HPOS="516" VPOS="2435" WIDTH="21" HEIGHT="0" />
            <String ID="Word_14384" HPOS="537" VPOS="2439" WIDTH="76" HEIGHT="37" CONTENT="out" />
            <SP ID="SP_12870" HPOS="613" VPOS="2434" WIDTH="22" HEIGHT="0" />
            <String ID="Word_14385" HPOS="635" VPOS="2434" WIDTH="45" HEIGHT="42" CONTENT="of" />
            <SP ID="SP_12871" HPOS="680" VPOS="2433" WIDTH="19" HEIGHT="0" />
            <String ID="Word_14386" HPOS="699" VPOS="2446" WIDTH="305" HEIGHT="41" CONTENT="employment." />
          </TextLine>
          <TextLine ID="TextLine_1516" HPOS="444" VPOS="2494" WIDTH="1550" HEIGHT="64">
            <String ID="Word_14387" HPOS="444" VPOS="2503" WIDTH="43" HEIGHT="41" CONTENT="A" />
            <SP ID="SP_12872" HPOS="487" VPOS="2503" WIDTH="31" HEIGHT="0" />
            <String ID="Word_14388" HPOS="518" VPOS="2517" WIDTH="103" HEIGHT="28" CONTENT="very" />
            <SP ID="SP_12873" HPOS="621" VPOS="2502" WIDTH="22" HEIGHT="0" />
            <String ID="Word_14389" HPOS="643" VPOS="2502" WIDTH="200" HEIGHT="42" CONTENT="different" />
            <SP ID="SP_12874" HPOS="843" VPOS="2501" WIDTH="31" HEIGHT="0" />
            <String ID="Word_14390" HPOS="874" VPOS="2501" WIDTH="110" HEIGHT="41" CONTENT="view" />
            <SP ID="SP_12875" HPOS="984" VPOS="2501" WIDTH="21" HEIGHT="0" />
            <String ID="Word_14391" HPOS="1005" VPOS="2501" WIDTH="37" HEIGHT="41" CONTENT="is" />
            <SP ID="SP_12876" HPOS="1042" VPOS="2499" WIDTH="32" HEIGHT="0" />
            <String ID="Word_14392" HPOS="1074" VPOS="2499" WIDTH="102" HEIGHT="43" CONTENT="held" />
            <SP ID="SP_12877" HPOS="1176" VPOS="2499" WIDTH="30" HEIGHT="0" />
            <String ID="Word_14393" HPOS="1206" VPOS="2499" WIDTH="57" HEIGHT="55" CONTENT="by" />
            <SP ID="SP_12878" HPOS="1263" VPOS="2499" WIDTH="24" HEIGHT="0" />
            <String ID="Word_14394" HPOS="1287" VPOS="2511" WIDTH="131" HEIGHT="29" CONTENT="many" />
            <SP ID="SP_12879" HPOS="1418" VPOS="2497" WIDTH="25" HEIGHT="0" />
            <String ID="Word_14395" HPOS="1443" VPOS="2497" WIDTH="92" HEIGHT="42" CONTENT="who" />
            <SP ID="SP_12880" HPOS="1535" VPOS="2497" WIDTH="32" HEIGHT="0" />
            <String ID="Word_14396" HPOS="1567" VPOS="2497" WIDTH="110" HEIGHT="41" CONTENT="have" />
            <SP ID="SP_12881" HPOS="1677" VPOS="2496" WIDTH="30" HEIGHT="0" />
            <String ID="Word_14397" HPOS="1707" VPOS="2496" WIDTH="102" HEIGHT="55" CONTENT="paid" />
            <SP ID="SP_12882" HPOS="1809" VPOS="2494" WIDTH="31" HEIGHT="0" />
            <String ID="Word_14398" HPOS="1840" VPOS="2494" WIDTH="154" HEIGHT="57" CONTENT="special" />
          </TextLine>
          <TextLine ID="TextLine_1517" HPOS="386" VPOS="2565" WIDTH="1608" HEIGHT="61">
            <String ID="Word_14399" HPOS="386" VPOS="2573" WIDTH="217" HEIGHT="41" CONTENT="attention" />
            <SP ID="SP_12883" HPOS="603" VPOS="2573" WIDTH="37" HEIGHT="0" />
            <String ID="Word_14400" HPOS="640" VPOS="2578" WIDTH="44" HEIGHT="36" CONTENT="to" />
            <SP ID="SP_12884" HPOS="684" VPOS="2572" WIDTH="37" HEIGHT="0" />
            <String ID="Word_14401" HPOS="721" VPOS="2572" WIDTH="74" HEIGHT="41" CONTENT="the" />
            <SP ID="SP_12885" HPOS="795" VPOS="2571" WIDTH="36" HEIGHT="0" />
            <String ID="Word_14402" HPOS="831" VPOS="2571" WIDTH="178" HEIGHT="42" CONTENT="subject." />
            <SP ID="SP_12886" HPOS="1009" VPOS="2569" WIDTH="61" HEIGHT="0" />
            <String ID="Word_14403" HPOS="1070" VPOS="2569" WIDTH="103" HEIGHT="41" CONTENT="This" />
            <SP ID="SP_12887" HPOS="1173" VPOS="2569" WIDTH="38" HEIGHT="0" />
            <String ID="Word_14404" HPOS="1211" VPOS="2569" WIDTH="110" HEIGHT="41" CONTENT="view" />
            <SP ID="SP_12888" HPOS="1321" VPOS="2569" WIDTH="40" HEIGHT="0" />
            <String ID="Word_14405" HPOS="1361" VPOS="2581" WIDTH="84" HEIGHT="28" CONTENT="was" />
            <SP ID="SP_12889" HPOS="1445" VPOS="2568" WIDTH="37" HEIGHT="0" />
            <String ID="Word_14406" HPOS="1482" VPOS="2568" WIDTH="92" HEIGHT="41" CONTENT="first" />
            <SP ID="SP_12890" HPOS="1574" VPOS="2566" WIDTH="35" HEIGHT="0" />
            <String ID="Word_14407" HPOS="1609" VPOS="2571" WIDTH="296" HEIGHT="50" CONTENT="promulgated" />
            <SP ID="SP_12891" HPOS="1905" VPOS="2565" WIDTH="36" HEIGHT="0" />
            <String ID="Word_14408" HPOS="1941" VPOS="2565" WIDTH="53" HEIGHT="53" CONTENT="by" />
          </TextLine>
          <TextLine ID="TextLine_1518" HPOS="387" VPOS="2634" WIDTH="1608" HEIGHT="58">
            <String ID="Word_14409" HPOS="387" VPOS="2642" WIDTH="171" HEIGHT="42" CONTENT="Briicke" />
            <SP ID="SP_12892" HPOS="558" VPOS="2642" WIDTH="33" HEIGHT="0" />
            <String ID="Word_14410" HPOS="591" VPOS="2642" WIDTH="48" HEIGHT="41" CONTENT="in" />
            <SP ID="SP_12893" HPOS="639" VPOS="2639" WIDTH="38" HEIGHT="0" />
            <String ID="Word_14411" HPOS="677" VPOS="2639" WIDTH="143" HEIGHT="44" CONTENT="1856,5" />
            <SP ID="SP_12894" HPOS="820" VPOS="2639" WIDTH="34" HEIGHT="0" />
            <String ID="Word_14412" HPOS="854" VPOS="2639" WIDTH="84" HEIGHT="42" CONTENT="and" />
            <SP ID="SP_12895" HPOS="938" VPOS="2639" WIDTH="37" HEIGHT="0" />
            <String ID="Word_14413" HPOS="975" VPOS="2639" WIDTH="37" HEIGHT="41" CONTENT="is" />
            <SP ID="SP_12896" HPOS="1012" VPOS="2639" WIDTH="36" HEIGHT="0" />
            <String ID="Word_14414" HPOS="1048" VPOS="2639" WIDTH="102" HEIGHT="41" CONTENT="thus" />
            <SP ID="SP_12897" HPOS="1150" VPOS="2638" WIDTH="37" HEIGHT="0" />
            <String ID="Word_14415" HPOS="1187" VPOS="2638" WIDTH="229" HEIGHT="54" CONTENT="explained" />
            <SP ID="SP_12898" HPOS="1416" VPOS="2637" WIDTH="35" HEIGHT="0" />
            <String ID="Word_14416" HPOS="1451" VPOS="2637" WIDTH="56" HEIGHT="54" CONTENT="by" />
            <SP ID="SP_12899" HPOS="1507" VPOS="2637" WIDTH="32" HEIGHT="0" />
            <String ID="Word_14417" HPOS="1539" VPOS="2637" WIDTH="96" HEIGHT="41" CONTENT="Von" />
            <SP ID="SP_12900" HPOS="1635" VPOS="2636" WIDTH="36" HEIGHT="0" />
            <String ID="Word_14418" HPOS="1671" VPOS="2636" WIDTH="151" HEIGHT="55" CONTENT="Meyer" />
            <SP ID="SP_12901" HPOS="1822" VPOS="2636" WIDTH="32" HEIGHT="0" />
            <String ID="Word_14419" HPOS="1854" VPOS="2636" WIDTH="47" HEIGHT="40" CONTENT="in" />
            <SP ID="SP_12902" HPOS="1901" VPOS="2634" WIDTH="30" HEIGHT="0" />
            <String ID="Word_14420" HPOS="1931" VPOS="2634" WIDTH="64" HEIGHT="41" CONTENT="his" />
          </TextLine>
          <TextLine ID="TextLine_1519" HPOS="436" VPOS="2789" WIDTH="885" HEIGHT="48">
            <String ID="Word_14421" HPOS="436" VPOS="2795" WIDTH="12" HEIGHT="22" CONTENT="1" />
            <SP ID="SP_12903" HPOS="448" VPOS="2791" WIDTH="27" HEIGHT="0" />
            <String ID="Word_14422" HPOS="475" VPOS="2791" WIDTH="155" HEIGHT="38" CONTENT="Foster's" />
            <SP ID="SP_12904" HPOS="630" VPOS="2791" WIDTH="17" HEIGHT="0" />
            <String ID="Word_14423" HPOS="647" VPOS="2791" WIDTH="220" HEIGHT="46" CONTENT="Physiology," />
            <SP ID="SP_12905" HPOS="867" VPOS="2790" WIDTH="19" HEIGHT="0" />
            <String ID="Word_14424" HPOS="886" VPOS="2790" WIDTH="67" HEIGHT="35" CONTENT="4th" />
            <SP ID="SP_12906" HPOS="953" VPOS="2789" WIDTH="18" HEIGHT="0" />
            <String ID="Word_14425" HPOS="971" VPOS="2789" WIDTH="70" HEIGHT="46" CONTENT="ed.," />
            <SP ID="SP_12907" HPOS="1041" VPOS="2789" WIDTH="21" HEIGHT="0" />
            <String ID="Word_14426" HPOS="1062" VPOS="2791" WIDTH="102" HEIGHT="43" CONTENT="1883," />
            <SP ID="SP_12908" HPOS="1164" VPOS="2791" WIDTH="19" HEIGHT="0" />
            <String ID="Word_14427" HPOS="1183" VPOS="2800" WIDTH="35" HEIGHT="36" CONTENT="p." />
            <SP ID="SP_12909" HPOS="1218" VPOS="2791" WIDTH="21" HEIGHT="0" />
            <String ID="Word_14428" HPOS="1239" VPOS="2791" WIDTH="82" HEIGHT="34" CONTENT="661." />
          </TextLine>
          <TextLine ID="TextLine_1520" HPOS="435" VPOS="2850" WIDTH="632" HEIGHT="47">
            <String ID="Word_14429" HPOS="435" VPOS="2854" WIDTH="15" HEIGHT="23" CONTENT="2" />
            <SP ID="SP_12910" HPOS="450" VPOS="2851" WIDTH="25" HEIGHT="0" />
            <String ID="Word_14430" HPOS="475" VPOS="2851" WIDTH="161" HEIGHT="37" CONTENT="Landois" />
            <SP ID="SP_12911" HPOS="636" VPOS="2851" WIDTH="17" HEIGHT="0" />
            <String ID="Word_14431" HPOS="653" VPOS="2851" WIDTH="74" HEIGHT="35" CONTENT="and" />
            <SP ID="SP_12912" HPOS="727" VPOS="2850" WIDTH="19" HEIGHT="0" />
            <String ID="Word_14432" HPOS="746" VPOS="2850" WIDTH="167" HEIGHT="47" CONTENT="Stirling," />
            <SP ID="SP_12913" HPOS="913" VPOS="2850" WIDTH="18" HEIGHT="0" />
            <String ID="Word_14433" HPOS="931" VPOS="2861" WIDTH="34" HEIGHT="35" CONTENT="p." />
            <SP ID="SP_12914" HPOS="965" VPOS="2852" WIDTH="22" HEIGHT="0" />
            <String ID="Word_14434" HPOS="987" VPOS="2852" WIDTH="80" HEIGHT="33" CONTENT="760." />
          </TextLine>
          <TextLine ID="TextLine_1521" HPOS="435" VPOS="2900" WIDTH="1534" HEIGHT="59">
            <String ID="Word_14435" HPOS="435" VPOS="2914" WIDTH="14" HEIGHT="23" CONTENT="3" />
            <SP ID="SP_12915" HPOS="449" VPOS="2912" WIDTH="25" HEIGHT="0" />
            <String ID="Word_14436" HPOS="474" VPOS="2912" WIDTH="187" HEIGHT="47" CONTENT="Encyclop." />
            <SP ID="SP_12916" HPOS="661" VPOS="2910" WIDTH="19" HEIGHT="0" />
            <String ID="Word_14437" HPOS="680" VPOS="2910" WIDTH="105" HEIGHT="36" CONTENT="Brit.," />
            <SP ID="SP_12917" HPOS="785" VPOS="2908" WIDTH="18" HEIGHT="0" />
            <String ID="Word_14438" HPOS="803" VPOS="2908" WIDTH="144" HEIGHT="37" CONTENT="articles" />
            <SP ID="SP_12918" HPOS="947" VPOS="2908" WIDTH="18" HEIGHT="0" />
            <String ID="Word_14439" HPOS="965" VPOS="2920" WIDTH="48" HEIGHT="24" CONTENT="on" />
            <SP ID="SP_12919" HPOS="1013" VPOS="2907" WIDTH="18" HEIGHT="0" />
            <String ID="Word_14440" HPOS="1031" VPOS="2907" WIDTH="247" HEIGHT="36" CONTENT="Stammering" />
            <SP ID="SP_12920" HPOS="1278" VPOS="2906" WIDTH="17" HEIGHT="0" />
            <String ID="Word_14441" HPOS="1295" VPOS="2906" WIDTH="74" HEIGHT="36" CONTENT="and" />
            <SP ID="SP_12921" HPOS="1369" VPOS="2906" WIDTH="20" HEIGHT="0" />
            <String ID="Word_14442" HPOS="1389" VPOS="2906" WIDTH="125" HEIGHT="46" CONTENT="Voice," />
            <SP ID="SP_12922" HPOS="1514" VPOS="2905" WIDTH="18" HEIGHT="0" />
            <String ID="Word_14443" HPOS="1532" VPOS="2905" WIDTH="51" HEIGHT="37" CONTENT="by" />
            <SP ID="SP_12923" HPOS="1583" VPOS="2904" WIDTH="18" HEIGHT="0" />
            <String ID="Word_14444" HPOS="1601" VPOS="2904" WIDTH="95" HEIGHT="37" CONTENT="Prof." />
            <SP ID="SP_12924" HPOS="1696" VPOS="2900" WIDTH="21" HEIGHT="0" />
            <String ID="Word_14445" HPOS="1717" VPOS="2900" WIDTH="252" HEIGHT="39" CONTENT="M'Kendrick." />
          </TextLine>
          <TextLine ID="TextLine_1522" HPOS="435" VPOS="2967" WIDTH="703" HEIGHT="49">
            <String ID="Word_14446" HPOS="435" VPOS="2974" WIDTH="13" HEIGHT="22" CONTENT="4" />
            <SP ID="SP_12925" HPOS="448" VPOS="2971" WIDTH="27" HEIGHT="0" />
            <String ID="Word_14447" HPOS="475" VPOS="2971" WIDTH="164" HEIGHT="37" CONTENT="Arnott's" />
            <SP ID="SP_12926" HPOS="639" VPOS="2970" WIDTH="18" HEIGHT="0" />
            <String ID="Word_14448" HPOS="657" VPOS="2970" WIDTH="157" HEIGHT="46" CONTENT="Physics," />
            <SP ID="SP_12927" HPOS="814" VPOS="2968" WIDTH="20" HEIGHT="0" />
            <String ID="Word_14449" HPOS="834" VPOS="2968" WIDTH="65" HEIGHT="36" CONTENT="5th" />
            <SP ID="SP_12928" HPOS="899" VPOS="2967" WIDTH="17" HEIGHT="0" />
            <String ID="Word_14450" HPOS="916" VPOS="2967" WIDTH="70" HEIGHT="47" CONTENT="ed.," />
            <SP ID="SP_12929" HPOS="986" VPOS="2967" WIDTH="17" HEIGHT="0" />
            <String ID="Word_14451" HPOS="1003" VPOS="2979" WIDTH="35" HEIGHT="35" CONTENT="p." />
            <SP ID="SP_12930" HPOS="1038" VPOS="2970" WIDTH="19" HEIGHT="0" />
            <String ID="Word_14452" HPOS="1057" VPOS="2970" WIDTH="81" HEIGHT="34" CONTENT="640." />
          </TextLine>
          <TextLine ID="TextLine_1523" HPOS="435" VPOS="3016" WIDTH="1559" HEIGHT="61">
            <String ID="Word_14453" HPOS="435" VPOS="3035" WIDTH="14" HEIGHT="22" CONTENT="5" />
            <SP ID="SP_12931" HPOS="449" VPOS="3031" WIDTH="27" HEIGHT="0" />
            <String ID="Word_14454" HPOS="476" VPOS="3031" WIDTH="206" HEIGHT="38" CONTENT="Grundziige" />
            <SP ID="SP_12932" HPOS="682" VPOS="3030" WIDTH="24" HEIGHT="0" />
            <String ID="Word_14455" HPOS="706" VPOS="3030" WIDTH="60" HEIGHT="35" CONTENT="der" />
            <SP ID="SP_12933" HPOS="766" VPOS="3027" WIDTH="24" HEIGHT="0" />
            <String ID="Word_14456" HPOS="790" VPOS="3027" WIDTH="221" HEIGHT="47" CONTENT="Physiologie" />
            <SP ID="SP_12934" HPOS="1011" VPOS="3026" WIDTH="24" HEIGHT="0" />
            <String ID="Word_14457" HPOS="1035" VPOS="3026" WIDTH="77" HEIGHT="36" CONTENT="und" />
            <SP ID="SP_12935" HPOS="1112" VPOS="3024" WIDTH="28" HEIGHT="0" />
            <String ID="Word_14458" HPOS="1140" VPOS="3024" WIDTH="209" HEIGHT="38" CONTENT="Systematik" />
            <SP ID="SP_12936" HPOS="1349" VPOS="3024" WIDTH="28" HEIGHT="0" />
            <String ID="Word_14459" HPOS="1377" VPOS="3024" WIDTH="60" HEIGHT="37" CONTENT="der" />
            <SP ID="SP_12937" HPOS="1437" VPOS="3023" WIDTH="28" HEIGHT="0" />
            <String ID="Word_14460" HPOS="1465" VPOS="3023" WIDTH="229" HEIGHT="47" CONTENT="S})rachlaute" />
            <SP ID="SP_12938" HPOS="1694" VPOS="3021" WIDTH="24" HEIGHT="0" />
            <String ID="Word_14461" HPOS="1718" VPOS="3021" WIDTH="137" HEIGHT="48" CONTENT="(Wien," />
            <SP ID="SP_12939" HPOS="1855" VPOS="3016" WIDTH="27" HEIGHT="0" />
            <String ID="Word_14462" HPOS="1882" VPOS="3016" WIDTH="112" HEIGHT="46" CONTENT="1856)." />
          </TextLine>
          <TextLine ID="TextLine_1524" HPOS="387" VPOS="3076" WIDTH="1580" HEIGHT="66">
            <String ID="Word_14463" HPOS="387" VPOS="3089" WIDTH="312" HEIGHT="53" CONTENT="(Unfortunately" />
            <SP ID="SP_12940" HPOS="699" VPOS="3089" WIDTH="19" HEIGHT="0" />
            <String ID="Word_14464" HPOS="718" VPOS="3100" WIDTH="82" HEIGHT="25" CONTENT="now" />
            <SP ID="SP_12941" HPOS="800" VPOS="3091" WIDTH="19" HEIGHT="0" />
            <String ID="Word_14465" HPOS="819" VPOS="3091" WIDTH="65" HEIGHT="33" CONTENT="out" />
            <SP ID="SP_12942" HPOS="884" VPOS="3086" WIDTH="17" HEIGHT="0" />
            <String ID="Word_14466" HPOS="901" VPOS="3086" WIDTH="40" HEIGHT="37" CONTENT="of" />
            <SP ID="SP_12943" HPOS="941" VPOS="3085" WIDTH="15" HEIGHT="0" />
            <String ID="Word_14467" HPOS="956" VPOS="3085" WIDTH="111" HEIGHT="49" CONTENT="print," />
            <SP ID="SP_12944" HPOS="1067" VPOS="3085" WIDTH="18" HEIGHT="0" />
            <String ID="Word_14468" HPOS="1085" VPOS="3097" WIDTH="38" HEIGHT="24" CONTENT="so" />
            <SP ID="SP_12945" HPOS="1123" VPOS="3084" WIDTH="17" HEIGHT="0" />
            <String ID="Word_14469" HPOS="1140" VPOS="3084" WIDTH="82" HEIGHT="36" CONTENT="that" />
            <SP ID="SP_12946" HPOS="1222" VPOS="3084" WIDTH="19" HEIGHT="0" />
            <String ID="Word_14470" HPOS="1241" VPOS="3084" WIDTH="17" HEIGHT="35" CONTENT="I" />
            <SP ID="SP_12947" HPOS="1258" VPOS="3083" WIDTH="19" HEIGHT="0" />
            <String ID="Word_14471" HPOS="1277" VPOS="3083" WIDTH="94" HEIGHT="37" CONTENT="have" />
            <SP ID="SP_12948" HPOS="1371" VPOS="3083" WIDTH="18" HEIGHT="0" />
            <String ID="Word_14472" HPOS="1389" VPOS="3087" WIDTH="65" HEIGHT="32" CONTENT="not" />
            <SP ID="SP_12949" HPOS="1454" VPOS="3083" WIDTH="17" HEIGHT="0" />
            <String ID="Word_14473" HPOS="1471" VPOS="3083" WIDTH="92" HEIGHT="36" CONTENT="been" />
            <SP ID="SP_12950" HPOS="1563" VPOS="3082" WIDTH="18" HEIGHT="0" />
            <String ID="Word_14474" HPOS="1581" VPOS="3082" WIDTH="82" HEIGHT="37" CONTENT="able" />
            <SP ID="SP_12951" HPOS="1663" VPOS="3082" WIDTH="18" HEIGHT="0" />
            <String ID="Word_14475" HPOS="1681" VPOS="3085" WIDTH="37" HEIGHT="33" CONTENT="to" />
            <SP ID="SP_12952" HPOS="1718" VPOS="3084" WIDTH="17" HEIGHT="0" />
            <String ID="Word_14476" HPOS="1735" VPOS="3084" WIDTH="61" HEIGHT="44" CONTENT="get" />
            <SP ID="SP_12953" HPOS="1796" VPOS="3084" WIDTH="15" HEIGHT="0" />
            <String ID="Word_14477" HPOS="1811" VPOS="3091" WIDTH="22" HEIGHT="24" CONTENT="a" />
            <SP ID="SP_12954" HPOS="1833" VPOS="3076" WIDTH="16" HEIGHT="0" />
            <String ID="Word_14478" HPOS="1849" VPOS="3076" WIDTH="118" HEIGHT="47" CONTENT="copy.)" />
          </TextLine>
        </TextBlock>
      </PrintSpace>
    </Page>
  </Layout>
</alto>
