2107 3450
284 320 88 30 THE
406 318 160 31 ACTION
601 316 55 32 OF
688 315 89 31 THE
810 314 170 32 SPEECH
1013 313 199 32 CENTRES
1245 314 49 31 IN
1327 314 226 31 INSAN1TV.
1667 304 82 42 193

90 453 46 39 to
169 449 102 44 hear
293 464 117 28 what
442 448 54 43 lie
529 446 254 45 considered
807 460 24 28 a
853 445 166 43 Divine
1042 444 135 52 voice,
1201 444 143 44 which
1373 445 165 57 always
1561 459 121 29 came
1707 449 43 40 to

89 520 92 43 him
206 535 45 29 as
274 536 25 28 a
314 520 268 56 prohibition
605 533 47 28 or
675 517 394 43 warning—never
1090 530 47 29 as
1160 530 55 28 an
1245 516 260 56 instigation
1522 520 46 39 to
1590 516 159 44 action.

88 592 115 42 Joan
236 594 48 41 of
321 591 89 43 Arc
441 606 89 28 saw
564 590 163 42 visions
765 589 86 42 and
888 587 135 44 heard
1056 587 144 44 voices
1236 588 113 42 from
1386 587 78 44 her
1502 588 246 43 thirteenth

86 677 129 41 year;
247 663 85 41 and
367 663 73 42 the
471 662 141 42 voices
645 660 226 57 presently
893 659 141 43 called
1067 673 121 42 upon
1221 659 77 43 her
1324 663 46 39 to
1402 664 71 38 act
1495 658 47 43 in
1565 659 182 43 defence

87 735 48 40 of
163 734 74 43 the
268 734 213 42 Dauphin
513 733 88 43 and
638 733 79 42 her
749 745 196 30 country.
1010 731 86 43 She
1129 731 87 43 lost
1238 731 113 42 faith
1375 732 47 41 in
1446 731 174 43 herself,
1644 746 48 28 as
1722 747 25 27 a

87 803 146 43 leader
264 805 48 42 of
339 805 171 50 armies,
539 804 105 56 only
669 803 126 43 when
819 803 75 43 the
926 803 147 43 voices
1105 803 87 42 had
1215 803 156 57 finally
1393 802 83 44 left
1508 803 88 43 her.
1661 803 85 43 We

85 875 55 42 do
172 880 76 37 not
281 876 132 42 know
450 876 36 42 if
518 876 200 43 Socrates
751 875 87 43 and
870 875 117 43 Joan
1021 876 45 42 of
1101 875 97 43 Arc,
1232 889 47 29 or
1311 889 87 42 any
1432 876 47 41 of
1513 875 76 43 the
1621 875 126 43 other

86 948 196 42 eminent
304 948 225 43 historical
557 962 260 42 personages
840 948 99 42 that
962 948 142 56 might
1133 948 52 43 be
1209 952 126 39 cited,
1362 947 145 44 would
1529 947 112 44 have
1665 951 82 53 put

86 1021 191 56 implicit
298 1022 112 42 faith
440 1023 46 42 in
520 1022 75 44 the
617 1022 157 44 voices,
797 1022 86 43 had
915 1021 107 57 they
1045 1021 120 43 lived
1197 1021 48 43 in
1277 1022 182 43 modern
1492 1021 143 43 times,
1657 1020 88 43 and

88 1094 161 41 known
289 1095 249 42 something
561 1095 44 41 of
637 1094 75 43 the
742 1099 157 38 nature
922 1094 47 43 of
997 1094 353 43 hallucinations.
1415 1095 90 41 But
1528 1108 64 28 we
1616 1093 131 42 know

88 1165 108 50 that,
225 1166 45 42 in
304 1181 79 27 our
415 1181 97 27 own
544 1166 143 53 times,
710 1181 181 41 persons
923 1180 74 28 are
1020 1166 252 42 sometimes
1303 1169 93 39 met
1419 1165 107 42 with
1551 1165 95 41 who
1673 1179 73 27 are

87 1238 191 43 afflicted
321 1244 108 36 with
468 1238 157 53 voices,
660 1245 214 35 although
913 1237 115 43 their
1064 1237 259 43 knowledge
1365 1237 38 43 is
1442 1236 222 44 sufficient
1701 1241 45 37 to

85 1310 164 42 inform
274 1311 119 42 them
413 1311 43 42 of
479 1311 114 42 their
612 1317 96 36 true
730 1315 168 38 nature,
915 1310 87 42 and
1026 1310 112 42 their
1151 1309 236 56 judgment
1404 1314 151 52 strong
1572 1309 174 55 enough

87 1385 45 39 to
160 1387 185 51 prevent
367 1382 117 43 their
505 1382 130 56 being
666 1381 198 56 imposed
902 1395 120 42 upon
1059 1381 59 42 by
1143 1381 131 42 them.
1339 1381 150 43 Seglas
1512 1380 172 43 records
1723 1394 25 27 a

85 1466 108 41 very
231 1452 263 42 interesting
531 1466 97 28 case
665 1451 45 42 of
749 1452 89 42 this
875 1451 122 42 kind.
1059 1452 132 41 After
1227 1452 253 56 remarking
1501 1451 100 43 that
1637 1450 110 43 such

87 1536 121 29 cases
236 1537 70 28 are
330 1537 200 28 common
552 1522 48 42 in
623 1521 187 43 medical
833 1522 239 42 literature,
1090 1522 54 42 he
1179 1526 196 51 says,—"
1392 1522 121 42 Here
1535 1521 38 43 is
1596 1535 26 29 a
1637 1535 110 43 very

86 1594 325 43 characteristic
447 1608 97 29 case
586 1594 98 42 that
713 1608 65 28 we
816 1593 112 43 have
967 1598 91 38 met
1080 1593 109 42 with
1212 1594 47 41 in
1297 1593 76 43 the
1410 1608 160 42 person
1608 1594 48 42 of
1690 1608 58 28 an

84 1670 278 47 accountant,
399 1665 109 56 aged
551 1665 56 43 38
645 1679 138 42 years,
823 1665 97 42 who
957 1665 237 56 presented
1241 1664 181 43 himself
1469 1679 47 28 as
1555 1679 57 28 an
1650 1670 97 38 out-

84 1736 173 56 patient
274 1741 45 37 at
337 1736 75 43 the
435 1736 276 56 Salpetriere,
728 1736 302 57 complaining
1047 1737 48 42 of
1112 1736 198 57 peculiar
1332 1741 248 52 symptoms
1600 1738 146 43 which

85 1808 55 43 he
174 1808 87 43 had
299 1808 88 43 had
415 1809 65 42 for
502 1810 99 41 four
637 1809 190 43 months.
891 1809 64 42 At
978 1809 75 43 the
1076 1809 254 56 beginning,
1354 1810 123 43 there
1501 1824 111 29 were
1635 1810 114 43 hiss-

82 1879 98 56 ings
211 1879 45 42 in
281 1879 73 43 the
377 1879 118 56 right
517 1894 95 40 ear;
651 1881 119 52 then,
793 1881 259 56 insensibly,
1074 1881 56 43 he
1153 1881 141 43 began
1317 1886 44 38 to
1385 1881 105 43 hear
1516 1883 146 43 voices
1699 1883 48 43 in

83 1951 107 42 both
214 1965 103 29 ears.
380 1952 63 42 At
465 1952 96 42 first
583 1952 104 57 they
712 1967 111 29 were
847 1953 222 43 confused,
1091 1953 91 42 like
1204 1968 26 27 a
1252 1954 110 42 kind
1391 1954 47 42 of
1467 1955 283 51 whispering,

84 2037 100 28 now
206 2023 105 56 they
334 2038 72 28 are
428 2024 209 54 distinct;
674 2025 88 42 and
798 2025 56 43 he
876 2024 245 57 recognises
1159 2025 177 57 usually
1360 2026 74 43 the
1464 2031 102 38 tone
1589 2028 47 41 of
1670 2028 76 42 the

84 2095 123 42 voice
239 2096 47 41 of
319 2094 68 43 his
425 2095 139 43 uncle.
629 2096 273 43 Sometimes,
925 2096 55 43 he
1018 2110 113 43 says,
1153 2096 57 43 he
1237 2099 164 55 forgets
1440 2098 181 43 himself
1657 2100 89 42 and

83 2166 170 56 replies.
315 2167 149 43 When
501 2167 55 43 he
593 2167 37 43 is
668 2168 259 53 undecided,
956 2168 123 44 these
1110 2169 146 43 voices
1294 2170 181 43 counsel
1513 2171 104 43 him.
1680 2172 66 43 At

83 2243 189 51 present,
294 2238 128 43 when
444 2238 55 44 he
529 2239 137 52 reads,
688 2239 55 43 he
771 2239 127 44 hears
921 2241 282 56 pronounced
1241 2241 97 43 that
1362 2243 145 43 which
1530 2244 55 43 he
1607 2246 140 51 reads,

83 2324 47 28 as
152 2311 38 41 if
224 2324 118 29 some
365 2325 81 28 one
476 2311 102 43 read
607 2312 131 42 aloud
762 2317 45 37 at
844 2312 68 43 bis
950 2313 118 42 side;
1105 2313 87 42 and
1215 2328 110 29 even
1350 2315 127 43 when
1501 2315 55 44 he
1579 2317 167 53 thinks,

83 2382 69 43 his
174 2382 189 57 thought
384 2383 37 43 is
460 2388 46 38 at
534 2397 108 30 once
663 2384 266 43 formulated
951 2384 132 43 aloud
1111 2384 47 43 in
1182 2385 68 43 his
1288 2400 86 31 ear.
1436 2387 106 44 This
1579 2389 168 56 pheno-

82 2468 172 37 menon,
277 2460 46 38 at
345 2455 95 43 first
468 2455 312 54 intermittent,
803 2456 37 44 is
877 2471 101 29 now
1001 2457 274 45 continuous.
1339 2459 73 44 He
1440 2460 38 44 is
1516 2463 230 44 conscious

81 2526 46 43 of
163 2525 75 44 the
261 2526 243 57 subjective
532 2533 156 39 nature
711 2529 45 42 of
795 2529 124 44 these
942 2534 258 52 symptoms,
1223 2531 86 43 and
1334 2546 114 43 says,
1470 2533 46 43 of
1553 2534 69 45 his
1645 2550 101 30 own

81 2598 165 52 accord,
276 2598 98 44 that
411 2599 107 57 they
556 2615 71 29 are
673 2601 371 45 hallucinations;
1082 2603 81 43 but
1199 2603 55 44 he
1292 2605 149 43 would
1478 2606 91 44 like
1607 2612 46 40 to
1691 2610 54 44 be

82 2669 142 52 cured,
246 2670 185 45 because
469 2672 53 43 he
553 2673 114 43 finds
705 2673 36 43 it
773 2688 106 43 very
904 2675 220 57 fatiguing
1156 2676 167 57 always
1356 2682 45 39 to
1437 2678 104 44 hear
1575 2682 169 43 spoken

84 2741 220 43 whatever
339 2743 55 43 he
434 2744 154 44 thinks
625 2760 49 28 or
697 2745 127 55 does;
862 2747 87 43 and
986 2748 37 42 it
1046 2749 176 43 worries
1261 2749 92 43 him
1391 2752 171 56 greatly
1591 2754 47 42 in
1675 2755 71 43 his

82 2812 199 44 business
304 2829 46 28 as
373 2829 55 28 an
458 2817 331 44 accountant."1

143 2884 46 42 It
237 2886 48 50 is,
327 2886 215 54 however,
585 2904 159 43 among
786 2891 75 43 the
914 2891 233 58 obviously
1190 2893 156 45 insane
1399 2896 98 43 that
1538 2899 207 57 auditory

84 2955 340 47 hallucinations
467 2975 71 28 are
587 2967 114 38 most
738 2964 251 57 commonly
1029 2965 149 44 found.
1256 2967 54 42 In
1355 2982 135 43 many
1528 2970 137 44 forms
1702 2973 49 42 of

82 3027 302 55 melancholia,
407 3033 235 57 especially
671 3036 107 43 such
817 3051 46 29 as
902 3051 71 29 are
1010 3038 245 44 associated
1293 3039 109 44 with
1439 3041 226 46 delusions
1702 3046 48 42 of

82 3103 290 53 persecution,
407 3104 46 42 in
498 3106 208 58 epileptic
742 3108 211 57 insanity,
976 3109 46 42 in
1061 3110 179 45 chronic
1277 3111 273 56 alcoholism,
1573 3115 88 44 and
1697 3116 51 44 in

663 3187 12 24 1
703 3186 142 49 Seglas,
863 3200 53 36 op.
937 3189 71 45 cit.,
1028 3201 38 37 p.
1085 3192 80 36 157.

1497 3243 24 41 2
1546 3254 26 31 B
