2125 3612
61 322 233 36 RHYTHMIC
327 321 167 36 SPASMS
528 321 54 32 OF
614 320 143 31 VOCAL
790 319 92 31 AND
916 316 307 36 RESPIRATORY
1255 316 309 36 MECHANISMS.
1630 307 55 43 53

32 460 86 27 was
140 444 213 43 admitted
378 447 43 38 to
446 442 74 43 the
543 441 237 43 side-room
804 441 47 41 of
873 440 72 42 the
970 439 158 43 female
1147 438 117 42 ward
1283 454 9 37 ;
1324 438 79 42 but
1422 437 77 43 she
1519 438 73 42 did
1609 442 79 38 not

28 517 118 42 sleep
181 515 131 43 much
348 514 164 42 during
547 512 75 43 the
661 513 97 42 first
792 511 128 44 night
957 517 113 37 after
1105 510 175 52 arrival,
1320 510 86 41 and
1440 510 166 42 barked
1639 524 47 29 so

27 587 130 41 much
183 587 95 41 that
300 600 81 28 one
404 586 47 42 of
480 585 74 42 the
582 583 192 59 patients
807 584 47 41 in
877 583 76 43 the
976 583 117 56 large
1118 582 116 42 ward
1258 581 136 43 asked
1428 581 74 43 the
1537 582 148 42 night-

27 672 142 27 nurse,
218 658 185 41 "When
451 656 92 42 will
593 655 98 43 that
733 655 85 56 dog
865 659 99 52 stop
1014 653 257 44 barking?"
1365 652 158 44 Under
1571 654 114 41 anti-

24 728 237 56 hysterical
308 733 252 38 treatment,
610 728 89 42 this
747 727 173 56 patient
968 727 128 42 made
1145 740 58 28 an
1251 725 162 43 almost
1467 731 219 50 complete

25 814 217 43 recovery.

84 872 90 43 The
217 872 123 43 other
382 886 97 28 case
516 871 98 43 that
658 871 22 42 I
719 871 160 43 should
920 872 92 42 like
1050 875 45 39 to
1139 871 199 43 mention
1383 884 88 29 was
1515 884 82 29 one
1642 870 49 42 of

23 944 254 56 Hysterical
310 945 225 42 Sneezing.
599 944 91 43 The
723 945 174 56 patient
930 959 88 28 was
1051 958 25 29 a
1103 959 151 43 young
1285 943 268 58 gentleman,
1576 942 111 57 aged

24 1017 68 41 21,
115 1017 48 41 of
190 1016 185 43 delicate
415 1030 282 42 appearance,
734 1016 144 43 whom
912 1017 23 43 I
969 1032 89 28 saw
1091 1031 56 28 on
1180 1017 76 42 the
1282 1016 110 43 loth
1427 1016 261 56 September

24 1089 125 41 18S4.
234 1089 90 42 The
357 1089 206 42 sneezing
595 1089 88 42 had
720 1089 172 43 existed
938 1089 67 42 for
1049 1093 135 38 about
1217 1088 122 57 eight
1371 1088 193 43 months,
1596 1088 89 42 and

21 1160 89 42 had
167 1160 204 43 troubled
431 1160 76 43 the
565 1161 173 56 patient
791 1161 68 42 for
916 1161 169 43 several
1141 1161 135 43 hours
1344 1160 155 57 nearly
1553 1176 135 42 every

24 1233 212 56 morning.
332 1233 44 42 It
407 1233 142 55 began
581 1232 307 43 immediately
920 1233 130 42 when
1083 1233 55 42 he
1171 1233 163 42 awoke,
1368 1237 47 38 at
1449 1232 25 46 7
1508 1233 178 52 o'clock,

23 1304 86 42 and
134 1305 237 42 continued
395 1305 189 42 without
601 1305 299 42 intermission
925 1305 118 41 until
1075 1305 136 42 about
1246 1306 54 41 10
1334 1316 90 30 a.m.
1489 1305 45 42 It
1556 1306 129 43 made

24 1377 75 42 the
137 1377 205 55 patient's
391 1391 104 28 nose
542 1391 84 28 run
674 1391 47 28 as
767 1377 48 41 in
863 1391 149 28 severe
1048 1377 185 42 catarrh,
1272 1377 87 41 and
1404 1376 165 57 always
1603 1378 82 42 left

20 1448 94 41 him
139 1449 107 41 with
270 1463 24 27 a
325 1463 149 28 severe
496 1448 221 43 headache
750 1448 87 42 and
860 1448 307 43 considerably
1191 1448 256 42 exhausted.
1513 1449 55 41 In
1593 1450 91 43 this

19 1534 98 28 case
140 1534 56 28 an
228 1520 255 43 immediate
506 1535 102 28 cure
632 1534 87 28 was
753 1520 184 42 effected
970 1520 59 56 by
1053 1534 107 42 very
1182 1519 159 57 simple
1364 1534 163 29 means.
1593 1522 92 43 The

1 1589 190 58 (patient
214 1606 86 28 was
332 1596 75 52 got
439 1596 44 38 to
515 1592 125 56 place
674 1592 141 42 under
847 1592 69 42 his
950 1591 151 57 pillow
1134 1606 24 28 a
1192 1592 130 42 small
1355 1592 141 43 bottle
1520 1593 85 42 full
1638 1595 46 41 of

5 1655 200 56 Icrystals
238 1665 47 41 of
313 1664 233 43 carbonate
579 1664 49 43 of
655 1664 287 51 ammonium,
965 1664 100 52 and,
1088 1664 308 43 immediately
1419 1679 58 28 on
1510 1666 176 57 waking

2 1727 64 82 Jin
111 1736 75 43 the
230 1737 215 55 morning,
495 1741 43 37 to
582 1740 84 52 put
697 1735 90 44 this
833 1736 371 43 smelling-bottle
1251 1742 45 37 to
1336 1736 69 43 his
1440 1752 118 37 nose,
1595 1739 89 42 and

6 1799 160 61 jinhale
202 1809 110 41 from
343 1808 38 42 it
402 1823 46 28 as
484 1808 132 43 much
645 1822 46 28 as
724 1808 56 42 he
804 1808 131 43 could
968 1808 316 57 conveniently
1306 1809 115 43 bear.
1486 1810 72 43 He
1591 1811 93 43 also

18 1881 106 43 took
146 1886 46 37 at
214 1881 74 43 the
310 1896 120 28 same
450 1881 110 43 time
583 1896 25 27 a
632 1880 82 43 full
736 1881 103 43 dose
862 1882 45 42 of
936 1882 196 42 tincture
1155 1882 48 42 of
1221 1882 265 43 assafcetida.
1551 1884 132 43 From

7 1954 86 44 (the
111 1954 100 42 date
229 1954 47 41 of
295 1953 74 43 the
387 1953 95 43 first
499 1953 304 57 employment
821 1955 46 41 of
886 1955 75 42 the
980 1954 383 57 smelling-bottle,
1381 1955 77 43 the
1477 1957 208 56 sneezing

17 2026 259 56 practically
299 2026 300 56 disappeared.

80 2098 254 55 Hysterical
358 2099 217 55 coughing
592 2099 88 42 and
702 2098 215 43 hiccough
937 2113 73 28 are
1028 2113 255 29 commoner
1300 2099 110 43 than
1427 2100 189 58 barking
1633 2116 49 28 or

19 2170 216 55 sneezing.
289 2170 121 56 They
426 2177 161 35 cannot
606 2170 103 43 here
725 2171 53 42 be
794 2170 227 43 described
1036 2171 45 42 in
1099 2171 147 42 detail.
1303 2172 55 41 In
1375 2172 180 57 general
1573 2174 108 42 feat-

18 2257 111 35 ures,
153 2241 213 53 however,
389 2242 74 43 the
497 2242 140 43 whole
662 2243 44 41 of
738 2243 90 43 this
861 2257 138 42 group
1023 2243 46 42 of
1100 2243 230 56 rhythmic
1362 2259 172 41 spasms
1567 2246 113 43 have

17 2329 246 27 characters
283 2314 140 42 which
443 2329 71 28 are
537 2314 163 57 closely
719 2314 179 44 similar.
963 2315 46 43 It
1031 2330 102 28 may
1151 2316 52 42 be
1222 2316 141 43 added
1383 2317 98 43 that
1503 2318 176 43 instead

16 2388 47 40 of
76 2401 24 27 a
118 2385 103 57 long
238 2385 222 57 rhythmic
483 2387 248 42 succession
752 2387 44 42 of
815 2387 131 43 barks
966 2402 48 28 or
1031 2388 176 56 coughs,
1224 2389 252 43 sometimes
1496 2404 24 28 a
1538 2391 142 43 single

7 2458 140 61 jharsh
164 2458 109 43 bark
292 2473 48 27 or
357 2459 140 56 cough
515 2474 101 42 may
632 2459 172 43 trouble
823 2460 76 43 the
919 2461 174 55 patient
1111 2461 113 42 from
1244 2461 108 43 time
1371 2466 45 39 to
1436 2463 133 54 time;
1591 2464 90 43 and.

17 2530 33 43 it
72 2531 37 42 is
132 2545 46 29 so
202 2530 90 43 also
315 2530 108 43 with
447 2531 75 44 the
545 2532 127 42 other
694 2532 206 43 varieties
924 2533 99 42 that
1046 2533 111 42 have
1182 2533 111 43 been
1317 2536 300 43 enumerated.

75 2603 90 42 The
189 2607 239 39 treatment
450 2605 48 41 of
516 2604 124 43 these
664 2604 249 44 conditions
936 2605 38 43 is
998 2605 98 43 that
1120 2606 47 43 of
1191 2607 76 42 the
1290 2607 239 56 hysterical
1553 2613 126 39 state.

17 2674 40 43 A
92 2689 195 29 measure
323 2676 47 42 of
403 2681 122 52 great
558 2677 180 57 efficacy
775 2677 38 43 is
849 2678 255 43 sometimes
1140 2679 75 42 the
1252 2680 204 56 morning
1490 2680 190 44 shower-

10 2739 122 50 Ijath.
186 2748 91 42 The
302 2762 76 29 use
401 2749 47 42 of
467 2748 259 58 electricity,
756 2750 105 43 also,
883 2750 123 43 often
1039 2757 97 37 cuts
1161 2751 124 44 short
1307 2767 56 28 an
1397 2753 161 43 attack.
1625 2755 56 42 In

9 2832 82 60 pie
138 2833 96 29 case
277 2821 45 41 of
364 2820 228 56 hiccough,
636 2821 76 44 the
755 2822 122 57 poles
920 2823 45 42 of
1008 2823 76 43 the
1127 2824 186 44 Faradic
1356 2825 178 57 battery
1576 2841 104 42 may

5 2891 149 43 Either
171 2892 52 42 be
247 2892 175 56 applied
441 2896 45 39 at
508 2893 106 43 each
637 2894 93 43 side
748 2895 44 42 of
817 2895 73 43 the
906 2895 136 53 chest,
1060 2897 201 55 opposite
1280 2897 75 43 the
1379 2898 299 44 attachments

10 2954 50 51 bf
89 2964 75 42 the
188 2964 272 57 diaphragm,
482 2980 57 37 or,
563 2980 83 29 one
668 2966 99 57 pole
792 2967 131 57 being
957 2968 178 55 applied
1160 2983 103 29 over
1288 2969 73 43 the
1381 2975 298 51 epigastrium,

10 3027 77 59 Me
111 3036 125 43 other
270 3052 98 42 may
393 3038 52 43 be
477 3037 154 57 placed
659 3053 104 29 over
787 3039 74 44 the
894 3040 186 55 phrenic
1114 3055 133 29 nerve
1273 3041 145 43 where
1451 3042 37 42 it
1511 3056 165 29 crosses

5 3106 82 44 the
109 3108 201 45 scalenus
342 3110 174 43 anticus
549 3116 45 37 at
616 3110 76 44 the
725 3116 97 38 root
851 3112 45 42 of
931 3112 74 43 the
1040 3113 124 43 neck.
1230 3113 55 42 In
1311 3113 74 43 the
1408 3113 135 44 latter
1566 3128 110 38 case,

11 3180 105 55 only
139 3182 343 56 comparatively
508 3183 123 44 weak
654 3188 200 39 currents
877 3184 158 43 should
1062 3185 51 42 be
1138 3185 119 42 used.
