2287 3957
1129 155 67 51 18

180 291 158 66 work,
385 296 188 47 "must
615 309 183 52 appear
840 288 162 71 living
1043 287 171 53 before
1255 306 117 52 you,
1410 286 98 54 and
1536 305 101 54 you
1665 293 138 48 must
1828 287 119 55 bear
1972 290 59 67 it,
2058 299 86 47 not

179 386 187 52 merely
396 385 80 34 see
503 366 69 64 it;
614 366 42 51 it
682 369 154 59 must,
866 383 52 33 as
945 369 143 47 takes
1118 362 141 71 place
1295 362 55 53 in
1377 361 211 66 dreams,
1619 362 184 54 dictate
1830 368 54 49 to
1911 384 117 51 you,
2057 377 89 42 not

176 461 103 51 you
307 447 53 47 to
390 441 72 64 it;
499 439 100 53 and
640 458 55 34 so
722 438 155 53 much
906 458 54 32 so
988 438 111 51 that
1126 437 53 51 in
1223 442 89 48 the
1340 437 137 70 quiet
1504 437 130 52 hour
1661 437 170 53 before
1855 458 101 51 you
1982 441 163 52 might

177 516 218 70 perhaps
431 515 64 53 be
535 514 111 54 able
687 520 51 46 to
766 512 197 53 foretell
989 517 87 47 the
1103 519 133 45 what
1262 511 97 53 but
1385 516 92 48 not
1502 511 88 52 the
1616 513 121 52 how.
1816 514 47 51 A
1891 521 117 63 poet
2034 515 110 54 who

178 595 138 47 must
351 590 170 53 reflect
559 588 225 53 whether
822 588 56 51 in
916 607 27 32 a
982 587 151 70 given
1169 605 113 34 case
1308 586 63 53 he
1399 585 130 53 shall
1559 606 144 33 make
1731 606 28 33 a
1784 587 251 55 character
2062 609 83 52 say

177 683 87 52 yes
293 683 55 34 or
373 683 198 34 no—to
598 663 88 53 the
715 662 132 53 devil
873 661 127 52 with
1025 661 101 52 him
1155 683 10 30 :
1208 661 63 52 he
1298 660 42 52 is
1369 681 117 50 only
1515 681 29 32 a
1570 660 174 72 stupid
1771 661 227 54 corpse.”

253 739 54 52 If
342 758 63 33 an
444 737 251 53 inherited
736 737 280 52 excellence
1053 738 56 50 of
1141 735 146 53 brain
1325 735 91 53 has
1453 734 262 54 conferred
1741 755 140 51 upon
1907 737 87 52 the
2021 737 121 54 indi-

176 813 173 53 vidual
391 819 141 64 great
577 813 188 51 inborn
805 810 247 72 capacity,
1086 810 42 52 it
1165 809 43 54 is
1250 809 142 66 well;
1448 809 94 53 but
1576 809 42 53 if
1646 809 63 53 he
1750 810 90 53 has
1884 816 91 48 not
2021 813 123 53 such

175 887 245 71 heritage,
447 894 126 46 then
607 906 66 33 no
710 891 212 48 amount
964 885 55 53 of
1061 884 265 54 conscious
1365 884 146 53 effort
1538 884 100 52 will
1673 885 300 71 completely
2000 886 144 54 make

176 981 68 52 up
272 962 77 52 for
375 962 87 52 the
489 961 181 53 defect.
752 962 72 51 As
851 960 53 52 in
930 965 87 47 the
1045 979 140 51 germ
1213 959 55 53 of
1297 959 87 52 the
1411 958 181 71 higher
1613 958 186 54 animal
1825 960 141 53 there
1991 960 43 52 is
2062 961 82 53 the

176 1037 323 70 potentiality
527 1036 56 52 of
614 1055 145 51 many
789 1034 152 53 kinds
969 1034 55 52 of
1054 1040 176 58 tissue,
1258 1033 148 53 while
1441 1034 52 52 in
1518 1039 87 47 the
1631 1053 139 51 germ
1800 1034 55 53 of
1885 1035 87 52 the
1997 1035 146 54 lower

176 1111 188 52 animal
389 1111 142 52 there
556 1109 44 53 is
628 1129 119 52 only
775 1129 27 32 a
828 1109 319 71 potentiality
1176 1108 56 52 of
1263 1129 27 32 a
1316 1108 94 52 few
1438 1107 240 54 elements
1706 1109 55 52 of
1790 1114 189 60 tissue;
2023 1129 53 33 so
2093 1110 50 54 in

174 1193 87 43 the
288 1185 134 70 good
448 1184 145 53 brain
617 1185 54 52 of
709 1204 28 32 a
763 1183 205 71 happily
996 1182 238 53 endowed
1262 1202 116 33 man
1404 1182 141 53 there
1570 1183 43 52 is
1641 1188 88 48 the
1756 1184 316 72 potentiality
2094 1185 52 53 of

173 1265 144 63 great
360 1259 345 64 assimilation,
749 1259 101 51 and
895 1263 142 65 great
1075 1257 101 52 and
1211 1256 170 54 varied
1408 1257 369 71 development,
1806 1258 146 53 while
1978 1259 53 52 in
2058 1259 84 54 the

173 1352 119 33 man
334 1334 54 52 of
434 1333 92 53 low
568 1333 191 52 mental
793 1331 319 53 endowment
1146 1332 141 52 there
1322 1331 42 52 is
1401 1331 117 71 only
1547 1341 87 43 the
1676 1332 320 72 potentiality
2028 1334 53 52 of
2115 1354 27 33 a

175 1426 176 52 scanty
388 1407 331 53 assimilation
759 1406 100 53 and
898 1405 145 53 small
1072 1405 368 72 development.
1521 1406 107 52 But
1654 1406 41 53 it
1721 1406 41 53 is
1789 1407 273 54 ridiculous
2089 1413 51 48 to

173 1501 220 52 suppose
426 1482 113 52 that
574 1488 87 46 the
689 1500 117 34 man
843 1481 55 52 of
930 1480 176 71 genius
1138 1480 43 53 is
1214 1499 112 34 ever
1347 1500 28 33 a
1401 1480 413 73 self-generating
1834 1482 236 53 fountain
2090 1483 54 53 of

172 1574 220 52 energy;
433 1556 288 53 whosoever
756 1555 221 53 expends
1013 1555 155 52 much
1207 1554 53 53 in
1303 1555 300 71 productive
1630 1555 209 71 activity
1865 1562 138 47 must
2028 1556 113 54 take

172 1631 158 52 much
356 1631 55 52 in
436 1630 67 72 by
532 1630 407 71 appropriation;
983 1648 203 34 whence
1221 1648 166 34 comes
1426 1629 134 53 what
1596 1630 55 52 of
1677 1631 145 52 truth
1848 1631 141 52 there
2019 1631 42 53 is
2087 1632 51 52 in

172 1710 89 47 the
304 1704 323 54 observation
669 1709 115 48 that
830 1704 180 71 genius
1052 1703 41 52 is
1122 1723 29 33 a
1177 1703 179 71 genius
1402 1704 77 52 for
1520 1704 253 72 industry.
1853 1705 73 52 To
1956 1704 183 55 believe

171 1784 114 48 that
311 1799 97 51 any
435 1798 111 46 one,
574 1779 113 53 how
724 1784 141 65 great
911 1797 171 33 soever
1120 1778 78 52 his
1236 1778 202 53 natural
1473 1797 196 52 genius,
1711 1799 93 33 can
1839 1799 130 52 pour
2004 1780 134 53 forth

173 1853 124 53 with
343 1859 342 66 spontaneous
738 1872 114 33 ease
903 1857 88 48 the
1042 1852 184 53 results
1279 1853 55 52 of
1388 1858 142 65 great
1575 1853 295 71 productive
1915 1855 219 64 activity,

171 1928 216 52 without
414 1927 395 71 corresponding
829 1926 179 53 labour
1034 1926 53 53 in
1113 1927 396 71 appropriation,
1530 1927 43 53 is
1590 1946 66 34 no
1683 1927 97 53 less
1807 1927 189 54 absurd
2016 1929 120 53 than

171 2001 43 53 it
240 2002 171 53 would
453 2002 62 53 be
557 2008 53 47 to
656 2001 192 53 believe
891 2006 114 47 that
1048 2009 87 45 the
1176 2020 153 34 acorn
1375 2021 93 33 can
1510 2021 136 51 grow
1686 2001 108 54 into
1830 2008 86 47 the
1945 2003 191 53 mighty

171 2077 243 52 monarch
443 2076 54 54 of
527 2076 89 53 the
644 2076 156 52 forest
826 2075 218 53 without
1079 2095 72 33 air
1178 2075 99 53 and
1304 2075 147 72 light,
1481 2076 98 52 and
1607 2076 215 54 without
1847 2077 88 53 the
1960 2077 174 72 kindly

166 2149 252 54 influence
445 2151 56 52 of
532 2157 85 46 the
644 2149 110 54 soil.

242 2224 54 52 It
321 2224 89 53 has
436 2224 127 53 been
589 2224 286 71 previously
903 2223 108 54 said
1036 2228 113 48 that
1176 2224 188 53 mental
1391 2224 169 54 action
1581 2224 118 53 does
1725 2229 91 48 not
1842 2226 290 71 necessarily

167 2298 158 72 imply
377 2298 395 65 consciousness,
816 2297 98 53 and
968 2298 165 70 again,
1186 2303 113 48 that
1350 2299 191 53 mental
1592 2299 249 53 existence
1888 2299 118 53 does
2046 2306 87 47 not

168 2373 299 71 necessarily
494 2373 203 52 involve
725 2372 189 53 mental
940 2372 206 71 activity
1167 2395 10 30 :
1220 2372 42 53 it
1288 2392 114 52 may
1424 2392 110 34 now
1551 2372 63 54 be
1641 2373 225 53 affirmed
1913 2379 109 47 that
2048 2374 84 53 the

168 2452 135 47 most
329 2447 281 70 important
635 2452 116 65 part
778 2446 55 53 of
855 2446 191 53 mental
1073 2451 185 61 action,
1286 2453 90 47 the
1402 2448 237 53 essential
1659 2467 200 51 process
1881 2467 66 34 on
1974 2448 157 53 which

167 2520 242 72 thinking
436 2521 239 72 depends,
704 2520 43 54 is
774 2520 336 53 unconscious
1136 2520 190 54 mental
1353 2522 221 52 activity.
1653 2522 99 52 We
1777 2528 189 65 repeat,
1993 2523 136 65 then,

165 2601 88 46 the
280 2601 232 64 question
536 2620 10 30 :
586 2595 112 53 how
727 2615 91 33 can
846 2594 495 55 self-consciousness
1370 2595 171 55 suffice
1580 2601 54 48 to
1671 2596 198 53 furnish
1896 2597 85 53 the
2006 2597 123 53 facts

167 2669 55 53 of
245 2689 28 32 a
299 2675 113 47 true
439 2668 189 54 mental
654 2669 191 53 science
864 2670 24 51 ?

244 2746 47 49 6.
333 2744 106 53 The
466 2743 141 53 brain
632 2748 93 48 not
752 2743 118 71 only
896 2743 213 53 receives
1136 2745 324 53 impressions
1479 2745 402 71 unconsciously,
1900 2750 226 66 registers

164 2818 326 69 impressions
535 2823 216 47 without
796 2824 88 46 the
929 2825 353 63 co-operation
1322 2819 55 52 of
1412 2838 397 47 consciousness,
1856 2819 268 53 elaborates

165 2891 228 53 material
442 2891 408 71 unconsciously,
904 2892 119 52 calls
1075 2892 161 54 latent
1287 2893 204 53 residua
1547 2893 151 53 again
1756 2894 108 53 into
1926 2893 199 70 activity

166 2965 218 53 without
411 2984 394 46 consciousness,
834 2965 93 53 but
962 2966 43 52 it
1049 2985 243 53 responds
1333 2966 102 54 also
1476 2987 53 33 as
1557 2987 62 33 an
1647 2987 157 33 organ
1832 2966 56 54 of
1925 2985 199 53 organic

164 3039 86 52 life
301 3044 54 47 to
400 3040 88 52 the
527 3039 217 54 internal
789 3039 193 53 stimuli
1027 3041 163 53 which
1236 3041 40 53 it
1319 3060 212 34 receives
1567 3041 390 72 unconsciously
1995 3041 129 53 from

165 3118 147 46 other
364 3133 184 33 organs
589 3114 55 52 of
680 3114 88 52 the
818 3113 152 72 body.
1049 3117 74 51 As
1175 3121 87 47 the
1314 3115 190 53 central
1550 3135 156 33 organ
1745 3121 53 48 to
1837 3116 166 52 which
2040 3114 83 53 the

166 3206 203 33 various
398 3206 205 33 organic
631 3187 191 53 stimuli
851 3189 54 51 of
928 3208 29 33 a
984 3208 230 34 complex
1241 3189 159 53 whole
1424 3209 131 51 pass,
1584 3190 97 52 and
1711 3190 161 52 where
1901 3197 116 63 they
2045 3206 77 35 are

164 3260 120 71 duly
314 3261 365 64 co-ordinated,
708 3261 40 51 it
787 3267 137 47 must
963 3263 151 53 needs
1154 3263 126 53 have
1305 3270 135 46 most
1465 3264 275 70 important
1768 3264 100 53 and
1893 3264 227 52 intimate

163 3335 307 69 sympathies
499 3334 121 53 with
645 3342 87 45 the
761 3340 142 48 other
941 3356 138 50 parts
1108 3337 56 53 of
1205 3337 88 53 the
1332 3337 326 53 harmonious
1699 3357 218 52 system;
1958 3336 97 53 and
2093 3354 25 33 a

161 3407 203 71 regular
409 3408 139 70 quiet
590 3409 208 70 activity
825 3409 55 52 of
922 3410 163 52 which
1123 3430 73 34 we
1242 3411 118 71 only
1399 3411 207 54 become
1645 3411 331 71 occasionally
2002 3428 114 35 con-

161 3482 167 51 scious
356 3482 52 52 in
433 3483 65 51 its
526 3481 261 54 abnormal
812 3483 182 53 results
1031 3483 118 55 does
1189 3485 207 71 prevail,
1424 3505 52 33 as
1516 3491 87 47 the
1643 3503 342 36 consequence
2024 3481 92 54 and

160 3574 288 51 expression
477 3556 55 52 of
555 3562 139 47 these
723 3575 204 51 organic
955 3559 323 70 sympathies.
1358 3559 83 53 On
1467 3565 88 47 the
1581 3560 175 66 whole,
1784 3560 103 51 this
1914 3556 201 69 activity

158 3629 43 51 is
242 3649 121 32 even
394 3630 54 52 of
487 3649 137 33 more
667 3649 339 52 consequence
1048 3633 51 51 in
1147 3633 337 70 determining
1519 3639 85 47 the
1646 3634 252 52 character
1937 3631 54 53 of
2027 3647 88 34 our
