1895 3217
891 276 237 34 MONKEYS.

318 256 61 42 44

321 398 176 46 human
542 399 126 56 forai,
712 401 90 46 and
841 401 47 45 in
933 401 57 46 its
1031 402 243 62 similarity
1308 401 149 62 points
1498 407 78 41 out
1613 401 78 46 the

320 475 221 47 unfitness
575 477 51 46 of
651 484 125 39 these
811 480 192 44 animals
1037 478 65 46 for
1132 496 27 28 a
1189 486 207 39 constant
1427 479 260 61 quadruped

318 553 188 45 motion.
594 555 98 44 The
727 555 180 46 inferior
944 562 223 39 structure
1207 556 50 46 of
1283 557 78 45 the
1396 557 161 53 hands^,
1600 557 91 44 and

321 630 292 63 particularly
630 638 79 39 the
732 632 200 55 thumbs,
954 634 124 45 show
1096 633 126 45 them
1245 633 132 46 fitted
1399 633 65 46 for
1485 634 207 62 gi’asping

321 723 143 38 alone,
498 709 91 45 and
622 708 232 63 incapable
890 709 51 47 of
964 709 272 63 performing
1263 726 95 46 any
1378 710 97 46 nice
1509 712 183 44 mecha-

321 784 119 46 nical
471 791 242 55 operation,
740 785 138 46 while
911 792 79 42 the
1029 796 127 57 great
1199 785 309 48 comparative
1530 787 159 61 length

321 861 217 47 indicates
566 863 118 46 their
706 863 160 61 utility
890 864 47 45 in
962 864 227 62 climbing,
1216 864 89 45 and
1330 864 220 45 therefore
1574 863 119 45 their

321 938 156 47 fitness
500 939 65 46 for
588 956 58 30 an
670 941 199 45 arboreal
891 941 90 46 life.

387 1016 81 46 All
506 1023 80 39 the
625 1033 157 30 orangs
822 1018 149 44 which
1015 1018 118 46 have
1177 1020 114 44 been
1331 1019 233 53 dissected,
1600 1018 92 47 had

323 1109 196 46 scarcely
542 1095 190 45 reached
754 1094 120 45 their
896 1095 162 45 second
1080 1111 121 45 year.
1257 1097 97 43 The
1377 1095 187 45 relative
1588 1111 103 45 pro-

322 1177 212 54 portions,
560 1172 232 54 therefore,
819 1171 50 47 of
886 1178 76 40 the
986 1173 119 44 skull
1128 1172 91 46 and
1240 1173 130 44 brain
1383 1178 46 40 to
1453 1173 79 45 the
1554 1173 136 54 body,

323 1255 164 39 cannot
510 1250 54 45 be
587 1248 122 47 fixed
733 1265 47 30 or
809 1249 236 46 compared
1069 1249 114 46 with
1216 1256 128 39 those
1374 1247 51 48 of
1455 1255 79 40 the
1564 1253 127 43 adult

322 1326 174 47 human
527 1328 144 45 being.
742 1328 98 45 The
868 1327 214 46 relations
1106 1326 51 47 of
1186 1328 78 45 the
1298 1327 143 55 brain,
1466 1328 224 53 however,

322 1419 49 30 as
394 1403 68 46 far
483 1420 49 30 as
555 1405 118 45 have
699 1406 114 44 been
845 1406 228 52 observed,
1103 1420 74 30 are
1206 1420 160 45 nearly
1390 1404 184 54 similar,
1601 1405 92 45 and

322 1487 80 40 the
434 1481 218 63 principal
685 1480 259 48 differences
977 1481 48 47 in
1059 1488 78 39 the
1173 1482 119 44 skull
1326 1480 51 47 of
1401 1488 80 39 the
1514 1488 175 39 nearest

324 1557 128 57 form,
468 1559 79 46 the
564 1561 132 45 black
714 1575 150 46 orang,
885 1575 74 30 are
972 1565 108 39 thus
1099 1558 262 46 mentioned
1378 1559 63 61 by
1460 1559 66 45 Dr
1545 1558 145 47 Trail:

383 1637 98 45 The
515 1642 78 56 top
632 1637 51 46 of
712 1637 79 45 the
824 1637 117 45 head
974 1636 37 46 is
1045 1651 121 30 more
1199 1636 96 54 flat,
1332 1636 92 45 and
1460 1636 59 45 its
1554 1651 140 32 union

325 1713 114 46 with
461 1720 80 39 the
564 1713 126 46 spine
712 1713 170 46 farther
903 1714 126 45 back.
1101 1714 97 44 The
1222 1712 159 46 orbital
1408 1728 221 46 processes
1652 1711 52 47 of

324 1797 81 39 the
438 1806 46 31 os
517 1790 158 47 ffontis
698 1790 166 62 project
888 1796 138 41 about
1055 1789 104 46 half
1181 1805 58 30 an
1270 1789 104 46 inch
1405 1790 181 61 beyond
1616 1790 79 45 the

324 1869 179 60 general
527 1868 242 61 convexity
793 1866 50 48 of
857 1868 103 45 that
989 1868 114 45 bone
1122 1883 14 38 ;
1174 1867 90 45 and
1286 1873 79 39 the
1389 1868 137 45 orbits
1553 1866 49 47 of
1617 1867 79 46 the

326 1961 106 46 eyes
469 1961 75 31 are
581 1944 352 63 proportionally
966 1945 144 45 larger
1144 1944 91 46 and
1270 1944 195 45 rounder
1499 1944 114 45 than
1647 1944 48 46 in

326 2039 122 29 man.
518 2023 99 45 The
651 2023 256 45 depression
934 2021 150 46 which
1117 2021 193 46 receives
1340 2027 79 39 the
1453 2020 244 47 cribriform

326 2101 122 59 plate
464 2099 50 46 of
523 2106 78 38 the
617 2100 202 44 ethmoid
833 2100 127 52 bone,
981 2098 38 45 is
1033 2098 137 45 much
1187 2099 159 44 deeper
1368 2099 90 44 and
1474 2098 225 46 smoother

328 2192 56 30 on
412 2182 79 39 the
523 2175 145 54 sides;
705 2175 136 44 while
875 2181 79 38 the
983 2180 229 39 apertm'es
1246 2174 48 45 in
1330 2175 103 44 that
1466 2176 128 52 bone,
1634 2174 65 48 for

326 2260 79 39 the
439 2267 185 47 passage
658 2250 51 47 of
733 2257 80 39 the
847 2251 216 61 olfactory
1085 2265 174 39 nerves,
1292 2265 73 30 are
1390 2251 309 62 considerably

328 2331 154 44 larger.
551 2328 186 46 Instead
760 2326 50 47 of
824 2333 79 40 the
927 2326 308 47 well-defined
1257 2328 268 45 boundaries
1548 2330 152 45 traced

329 2407 48 45 in
407 2407 79 45 the
518 2406 175 45 human
727 2405 119 45 skull
879 2405 62 61 by
964 2411 79 39 the
1078 2404 162 45 crucial
1274 2404 136 61 ridge,
1440 2411 113 55 they
1584 2421 118 33 were

330 2484 188 45 marked
552 2484 63 61 by
646 2497 27 31 a
708 2481 81 46 flat
824 2482 271 45 undulation
1135 2480 50 47 of
1216 2488 78 38 the
1334 2481 203 46 occipital
1572 2484 128 44 bone.

331 2561 148 46 There
502 2560 37 47 is
561 2575 57 32 no
641 2558 210 56 mastoid,
869 2559 90 47 and
983 2558 195 60 scarcely
1196 2573 27 32 a
1241 2565 168 40 vestige
1428 2557 50 47 of
1493 2574 27 31 a
1544 2559 158 47 hyloid
