2125 3524
835 276 86 31 THE
954 277 240 34 DISORDERS
1227 280 54 32 OF
1313 282 175 31 SI'EKGIf.

354 262 54 40 22

353 390 93 43 face
479 391 85 43 and
597 392 121 44 those
750 394 47 42 of
824 394 74 43 the
928 395 149 55 glottis
1109 397 85 42 and
1225 411 109 29 even
1360 399 74 41 the
1466 401 184 42 muscles
1681 403 44 40 of
1756 402 73 43 the
1860 404 108 42 neck

353 461 175 43 become
560 464 331 56 spasmodically
925 466 181 42 affected
1137 467 88 42 like
1259 467 121 43 those
1411 469 45 41 of
1477 470 287 53 articulation,
1785 473 183 53 gesticu-

351 530 140 57 latory
514 539 269 37 movements
805 548 70 28 are
898 534 136 53 made,
1056 536 74 42 the
1152 537 211 41 abdomen
1385 538 36 41 is
1444 540 222 51 retracted,
1689 541 73 42 the
1793 541 109 43 head
1930 543 40 42 is

351 602 149 42 drawn
522 603 241 51 backward,
795 605 85 41 and
911 605 74 42 the
1011 605 155 55 larynx
1198 606 36 42 is
1266 606 147 42 drawn
1446 609 180 55 forcibly
1647 612 187 53 upward,
1858 613 112 40 until

350 672 152 55 finally
521 673 52 42 he
591 674 140 42 works
749 674 175 42 himself
942 675 91 41 into
1051 689 24 27 a
1091 681 111 36 state
1221 677 43 40 of
1287 677 198 54 frightful
1503 679 205 54 agitation
1726 695 8 36 ;
1766 679 66 43 his
1851 681 120 42 heart

350 742 122 43 beats
501 743 196 55 forcibly,
719 744 67 42 his
808 745 92 41 face
922 745 196 42 becomes
1149 745 74 42 red
1246 746 84 42 and
1355 747 110 42 blue,
1487 747 66 42 his
1576 748 112 55 body
1711 749 36 42 is
1770 749 199 43 bedewed

349 811 108 43 with
480 812 300 54 perspiration,
802 813 85 42 and
919 813 53 42 he
999 828 100 41 may
1129 822 175 48 present
1336 817 73 42 the
1440 831 265 41 appearance
1737 820 47 40 of
1810 833 25 28 a
1856 834 114 28 com-

351 882 117 55 plete
490 883 208 42 maniac."

808 1052 84 41 The
917 1052 232 42 Causation
1170 1054 49 53 of
1233 1053 293 44 Stammering.

411 1169 91 42 The
529 1168 273 56 phenomena
833 1169 45 41 of
908 1169 282 55 stammering
1217 1169 161 57 having
1409 1171 106 42 been
1548 1172 102 42 thus
1687 1179 144 50 pretty
1860 1175 111 55 fully

353 1239 236 43 described,
611 1253 24 27 a
656 1239 83 42 few
761 1239 138 42 words
923 1253 98 41 may
1043 1254 96 26 now
1163 1240 50 41 be
1236 1241 91 40 said
1350 1242 130 40 about
1501 1242 56 42 its
1578 1243 231 41 causation.

413 1310 45 41 It
490 1310 34 41 is
557 1309 220 41 notorious
809 1309 96 41 that
933 1309 73 41 the
1029 1310 218 41 condition
1281 1310 35 40 is
1339 1310 235 42 developed
1596 1311 128 41 much
1752 1326 115 28 more
1891 1313 80 42 fre-

354 1379 184 56 quently
556 1379 44 41 in
623 1378 75 42 the
721 1378 111 42 male
855 1393 74 27 sex
953 1379 106 41 than
1076 1379 46 41 in
1141 1379 73 42 the
1234 1379 164 42 female.
1446 1380 82 41 For
1549 1395 128 40 every
1697 1381 152 42 female
1866 1396 107 35 case,

354 1451 120 41 there
497 1464 70 27 are
599 1448 207 56 probably
830 1449 95 41 four
956 1463 48 27 or
1025 1449 82 42 five
1139 1449 144 42 males.
1347 1450 111 41 How
1481 1450 86 41 this
1599 1451 154 41 should
1787 1452 62 41 be,
1871 1452 34 40 it
1937 1453 35 40 is

355 1520 187 41 difficult
563 1524 43 37 to
629 1533 100 40 say;
762 1519 78 41 but
871 1518 112 42 male
1006 1519 191 42 children
1230 1533 81 28 are,
1333 1533 45 28 as
1400 1533 25 27 a
1455 1519 103 50 rule,
1581 1520 151 42 slower
1759 1521 44 41 in
1835 1521 137 41 learn-

355 1593 76 40 ing
453 1598 43 35 to
519 1590 133 42 speak
675 1590 104 41 than
803 1589 155 41 female
981 1589 218 52 children;
1230 1589 84 41 and
1337 1589 206 55 certainly
1564 1589 86 42 this
1669 1590 305 42 derangement

356 1663 47 41 of
421 1661 155 43 speech
600 1661 36 40 is
659 1674 246 27 commoner
926 1674 156 40 among
1105 1659 128 41 them.

415 1733 45 41 It
492 1731 142 42 would
667 1744 157 41 appear
857 1730 94 41 that
982 1744 117 27 some
1131 1729 205 51 children,
1366 1729 210 55 perfectly
1598 1730 178 55 healthy
1798 1730 44 42 in
1875 1745 99 28 con-

356 1801 202 43 stitution
585 1801 85 41 and
702 1805 78 37 not
809 1799 45 42 of
885 1799 281 55 neuropathic
1198 1799 217 50 diathesis,
1438 1801 171 53 acquire
1642 1800 71 42 the
1745 1801 141 42 defect
1917 1802 58 54 by

357 1871 155 42 simple
543 1870 217 41 imitation
793 1870 47 40 of
867 1869 114 41 their
1012 1882 162 28 seniors
1206 1868 95 42 who
1343 1883 99 40 may
1473 1869 170 54 happen
1678 1874 43 37 to
1758 1875 214 37 stammer.

359 1941 291 54 Stammering
686 1940 49 50 is,
765 1939 213 50 however,
1014 1939 233 54 especially
1281 1953 196 27 common
1512 1953 156 40 among
1704 1940 193 41 children
1931 1940 47 40 of

357 2010 283 42 neuropathic
662 2008 278 41 inheritance.
1004 2007 42 42 It
1068 2008 36 41 is
1128 2021 54 27 no
1204 2007 235 42 indication
1457 2008 43 40 of
1521 2022 84 40 any
1621 2009 139 41 defect
1781 2010 43 40 of
1848 2009 127 41 intel-

356 2082 99 41 lect,
471 2080 86 42 and
580 2093 98 27 may
694 2092 127 28 occur
842 2078 46 41 in
911 2077 191 42 children
1127 2077 85 42 and
1235 2077 143 42 adults
1398 2078 93 40 who
1509 2092 70 27 are
1601 2078 134 55 gifted
1752 2078 103 41 with
1874 2092 101 40 very

357 2151 147 55 bright
526 2150 299 53 intelligence;
856 2148 91 50 but,
970 2147 306 42 nevertheless,
1297 2161 109 28 even
1430 2147 43 40 in
1501 2147 72 41 the
1594 2160 104 41 very
1719 2147 259 50 intelligent,

357 2223 36 40 it
424 2235 98 27 may
546 2221 52 41 be
631 2217 135 44 found
798 2217 235 42 associated
1057 2218 104 40 with
1194 2230 284 28 nervousness
1509 2216 85 41 and
1623 2216 282 55 excitability,
1929 2230 46 27 as

358 2291 100 41 well
479 2306 46 26 as
556 2290 247 42 sometimes
826 2287 104 42 with
964 2301 115 27 more
1111 2287 180 41 distinct
1321 2286 261 41 indications
1603 2286 46 40 of
1668 2286 243 53 instability
1933 2287 44 39 of

358 2362 75 41 the
464 2373 185 28 nervous
682 2371 173 41 system.
919 2356 236 42 Occurring
1176 2356 45 40 in
1253 2369 25 27 a
1300 2368 182 27 nervous
1514 2354 178 53 subject,
1713 2354 37 41 it
1778 2354 36 41 is
1835 2362 75 47 apt
1933 2360 42 35 to

358 2443 228 29 aggravate
613 2429 65 40 his
702 2440 298 29 nervousness,
1023 2425 84 42 and
1129 2439 107 28 even
1263 2429 44 36 to
1339 2424 186 55 produce
1546 2437 54 27 an
1625 2424 245 42 unsociable
1892 2424 83 41 and

358 2500 217 55 morbidly
599 2499 80 41 shy
702 2497 219 42 condition
945 2499 46 38 of
1010 2495 130 42 mind.

420 2572 54 41 In
497 2583 184 29 nervous
708 2568 201 55 subjects,
931 2571 244 50 temporary
1199 2565 242 42 conditions
1473 2563 141 42 which
1646 2567 225 51 aggravate
1904 2563 72 42 the

359 2654 287 30 nervousness
663 2653 161 28 always
842 2637 96 42 lead
960 2642 44 36 to
1022 2636 320 42 exacerbations
1360 2636 45 41 of
1419 2635 73 42 the
1509 2635 287 54 stammering.
1859 2634 116 41 Thus

359 2714 75 42 the
456 2725 203 43 presence
681 2710 46 41 of
745 2722 214 28 strangers
982 2707 95 41 who
1099 2706 168 41 require
1291 2711 42 35 to
1357 2706 49 41 be
1430 2705 163 54 spoken
1612 2709 42 35 to
1677 2709 99 49 puts
1797 2717 24 26 a
1842 2703 134 41 strain

358 2798 116 26 upon
500 2782 73 40 the
595 2794 260 28 stammerer.
919 2776 132 41 Often
1073 2775 55 42 he
1145 2779 160 38 cannot
1320 2788 52 41 go
1395 2773 106 42 with
1520 2772 244 43 confidence
1787 2775 42 37 to
1852 2784 123 28 make

358 2866 234 43 purchases
615 2851 43 40 in
683 2864 24 27 a
728 2862 130 40 shop;
890 2846 84 42 and
999 2846 20 41 I
1044 2846 108 40 have
1174 2845 159 41 known
1356 2858 25 27 a
1402 2844 94 54 boy,
1518 2854 128 43 going
1674 2840 123 41 home
1829 2844 43 37 to
1903 2839 74 41 the

360 2937 183 29 country
567 2922 65 40 for
664 2920 67 41 his
762 2917 210 54 holidays,
999 2921 57 37 sit
1087 2915 151 55 crying
1270 2914 176 42 bitterly
1478 2918 44 36 at
1553 2925 25 27 a
1607 2910 177 53 railway
1816 2909 159 41 station

359 2995 181 41 because
563 2992 53 40 he
638 2989 129 43 dared
789 2994 77 36 not
887 3000 125 28 make
1044 2986 73 41 the
1140 2989 183 37 attempt
1355 2989 43 36 to
1420 2983 78 42 ask
1521 2983 62 40 for
1615 2980 65 41 his
1714 2980 143 40 ticket.
1921 2984 52 32 Sr.

361 3064 89 42 also
473 3076 85 42 any
581 3059 250 58 depressing
853 3057 223 42 influence,
1098 3053 104 45 such
1226 3068 45 28 as
1293 3067 259 30 exhausting
1576 3048 116 43 work
1707 3063 47 27 or
1775 3062 200 29 exhaust-
