1933 3302
691 137 159 33 Ulceröse
874 140 100 32 Form
1001 142 57 31 des
1084 144 315 31 llospitalbrandes.

243 137 23 38 6

241 243 194 40 Jederzeit
464 244 51 38 ist
543 243 39 39 in
614 245 87 39 dem
725 248 179 38 ferneren
925 249 166 39 Verlauf
1117 251 84 38 eine
1222 250 235 55 Aenderung
1487 257 65 37 des
1572 257 130 40 Bildes
1731 266 111 33 möo--

240 297 90 39 lich.
380 298 79 37 Der
488 296 162 41 Process
680 300 104 39 kann
814 302 189 38 aufliören
1032 304 78 37 und
1141 307 91 47 gute
1254 305 302 42 Granulationen
1584 311 152 40 können
1762 315 81 38 sich

241 351 151 45 bilden,
435 351 259 41 andererseits
731 355 104 37 kann
874 356 98 38 auch
1009 356 183 49 plötzlich
1221 359 60 38 ein
1313 361 129 39 dicker
1471 376 139 36 grauer
1639 364 204 41 Ueberzu«'

241 406 93 37 oder
371 404 373 54 Unterminirungen
788 409 40 37 in
876 410 66 37 der
981 409 108 39 Tiefe
1127 424 36 25 u.
1200 425 29 24 s.
1268 427 45 24 w.
1354 416 201 38 entstehen
1593 418 55 37 als
1685 401 158 57 Anfand

241 471 235 26 schwererer
504 458 203 41 Formen."
1817 453 23 19 "

372 512 116 39 Diese
517 513 215 40 klassische
753 515 296 52 Beschreibung
1078 517 240 50 Delpech's
1348 521 95 38 lässt
1472 523 59 37 die
1552 523 105 39 Fälle
1687 526 67 37 der
1784 527 57 37 ul-

241 571 159 34 cerösen
420 566 117 39 Form
566 569 373 50 unberücksichtigt,
962 570 145 39 welche
1129 572 70 37 mit
1219 573 123 39 einem
1362 575 250 52 Fibrinbelag
1632 580 208 38 verlaufen.

238 620 113 38 Doch
381 620 87 38 sind
497 621 130 39 solche
665 623 236 38 namentlich
931 637 75 25 von
1041 625 73 37 den
1144 624 175 41 Autoren
1359 629 65 38 der
1453 633 178 46 späteren
1660 631 85 39 Zeit
1775 634 65 37 be-

240 673 216 40 schrieben.
515 675 126 39 Unter
671 677 168 38 anderen
868 677 130 38 finden
1027 678 70 38 wir
1134 679 62 38 bei
1225 681 73 37 den
1327 695 74 26 von
1430 682 190 41 Fischer
1650 685 192 40 beobach-

238 731 109 36 teten
376 728 136 39 Fällen
543 730 192 51 derartige
765 730 203 51 Beispiele,
1000 745 76 25 von
1105 733 123 38 denen
1257 734 62 38 ich
1349 736 103 38 eines
1481 737 133 50 folgen
1642 739 111 39 lasse.

373 800 105 38 „Eine
495 809 119 31 wegen
632 800 312 31 Knietuberkulose
961 804 148 37 gesetzte
1128 802 97 30 Moxe
1244 803 91 31 liatte
1353 804 59 40 2^/2
1433 806 132 31 Monate
1587 810 61 37 gut
1663 810 180 38 granulirt,

239 841 51 30 als
315 842 72 30 sich
411 842 163 40 plötzlich
600 843 86 30 viele
705 844 135 30 erbsen-
858 844 52 30 bis
928 845 256 40 boiinengrosse
1202 845 202 33 Geschwüre
1428 849 60 30 auf
1509 849 60 30 der
1585 849 256 32 Granulations-

238 884 110 31 fläche
373 890 143 35 zeigten.
548 886 63 31 Die
629 886 135 31 Ränder
781 887 111 30 dieser
909 886 270 33 Geschwürchen
1197 898 114 21 waren
1328 891 122 39 scharf,
1475 893 63 29 wie
1555 894 205 39 gemeisselt,
1784 894 59 30 der

240 928 118 31 Grund
392 931 63 28 mit
488 930 94 29 einer
614 930 292 39 gelblich-grauen
933 930 174 32 Membran
1142 933 64 29 wie
1240 933 217 31 überhaucht.
1504 935 37 30 In
1568 936 125 30 diesem
1718 936 125 41 Belage

239 972 62 30 sah
326 981 79 21 man
430 972 128 31 wieder
582 973 76 30 eine
682 973 181 41 unzählige
887 974 119 40 Menge
1030 974 132 31 kleiner
1178 975 255 32 Unebenheiten
1458 978 69 30 und
1544 978 147 40 Defecte,
1716 980 127 30 welche

238 1017 67 28 wie
338 1015 107 31 durch
479 1016 55 30 die
568 1016 111 31 feinen
706 1016 114 30 Zähne
852 1017 132 30 kleiner
1016 1017 188 31 Thierchen
1238 1019 290 41 hereingefressen
1561 1022 168 31 schienen.
1776 1022 68 31 Der

239 1059 171 31 zwischen
424 1059 118 30 diesen
556 1057 273 34 Geschwürchen
846 1060 158 40 liegende
1018 1061 97 30 Theil
1133 1061 58 30 des
1205 1061 350 42 Geschwürsgrundes
1569 1074 69 20 war
1651 1074 191 31 gleichfalls

238 1102 80 30 sehr
345 1103 133 30 uneben
505 1102 70 31 und
601 1106 108 36 zeigte
733 1103 186 31 denselben
943 1104 295 41 gelblich-grauen
1261 1106 113 40 Belag.
1415 1106 97 31 Auch
1536 1108 34 29 in
1595 1108 64 30 den
1684 1108 157 31 Rändern

236 1146 128 30 fanden
383 1146 69 30 sich
473 1145 93 31 diese
583 1144 284 33 Geschwürchen.
886 1171 5 6 .
911 1171 7 6 .
950 1147 68 30 Das
1036 1147 114 31 Secret
1167 1158 69 20 war
1253 1149 77 29 sehr
1346 1149 158 40 spärlich,
1520 1152 170 39 wässerig.
1722 1151 38 30 In
1777 1152 64 30 den

237 1189 187 41 folgenden
442 1189 116 40 Tagen
583 1192 111 27 traten
710 1191 123 29 immer
848 1190 98 30 mehr
963 1190 133 31 solcher
1113 1192 189 38 unebenen,
1326 1193 228 30 zerfressenen
1572 1192 268 33 Geschwürchen

237 1234 69 37 auf,
333 1232 175 31 dieselben
534 1233 203 30 conüuirten
762 1233 70 31 und
858 1233 141 31 wurden
1024 1244 39 20 zu
1089 1236 191 38 grösseren,
1304 1235 86 30 auch
1416 1237 139 29 tieferen
1582 1236 169 32 Defecten.
1798 1237 43 31 So

238 1276 119 31 wurde
375 1276 59 30 das
453 1275 186 32 Geschwür
663 1276 179 41 allmählig
866 1286 136 31 grösser
1026 1277 70 30 und
1119 1276 107 32 tiefer.
1245 1302 6 6 .
1271 1301 6 7 .
1309 1278 87 30 Vom
1412 1278 30 32 9.
1459 1278 91 31 Tage
1575 1289 41 20 an
1641 1279 201 31 entstanden

237 1320 101 30 keine
362 1329 112 21 neuen
499 1318 208 32 Geschwüre
732 1320 106 31 mehr.
885 1320 149 31 Heilung
1058 1330 53 20 am
1139 1321 48 31 14.
1214 1320 121 32 Tage."

368 1379 155 51 König
560 1379 109 51 giebt
709 1392 75 26 von
822 1379 157 39 solchen
1020 1380 39 37 in
1097 1380 72 38 den
1207 1379 177 39 Berliner
1419 1380 422 40 Barackenlazarethen

237 1434 268 38 1870—1871
537 1433 283 39 beobachteten
849 1433 137 39 Fällen
1015 1433 182 51 folgende
1228 1434 310 51 Beschreibung:

374 1488 95 47 „Die
490 1488 169 38 Wunde,
682 1487 145 39 welche
847 1488 59 37 bis
929 1487 116 38 dahin
1065 1489 318 37 ausgezeichnete
1408 1488 110 38 rothe
1540 1487 301 40 Granulationen

233 1543 139 50 2;eigte,
404 1543 191 38 bedeckte
624 1542 82 38 sich
736 1542 71 38 mit
837 1555 125 25 einem
982 1541 180 39 Anfangs
1192 1542 110 38 mehr
1322 1542 371 50 grau-weisslichen,
1725 1547 114 46 glän-

234 1598 161 46 zenden,
442 1599 132 48 später
617 1596 221 51 gelblichen
869 1596 139 51 Belag,
1053 1596 166 38 welcher
1262 1596 81 38 sich
1382 1596 182 38 meistens
1600 1596 108 38 nicht
1742 1596 99 38 ohne

234 1652 178 39 Blutung
450 1665 76 24 von
564 1652 75 37 den
669 1650 303 39 Granulationen
1010 1650 184 38 abziehen
1233 1650 102 38 Hess.
1393 1649 200 39 Nachdem
1623 1650 67 37 der
1718 1649 124 51 Belag

235 1706 187 39 zerfallen
441 1720 92 32 war,
565 1705 152 38 zeigten
747 1705 82 37 sich
855 1718 49 24 an
934 1705 73 37 den
1027 1703 156 39 Stellen,
1215 1704 172 38 welchen
1417 1717 40 25 er
1478 1704 225 49 angehaftet
1721 1703 118 47 hatte,

235 1766 181 46 grössere
445 1761 94 37 oder
564 1759 172 38 kleinere
757 1758 293 39 scharfrandige
1070 1757 275 40 Ulcerationen
1374 1758 39 37 in
1434 1758 73 37 den
1528 1756 312 39 Granulationen.

234 1815 97 39 Fast
360 1815 138 38 immer
527 1814 147 51 gingen
712 1814 102 37 dann
844 1813 102 38 diese
975 1812 276 39 Ulcerationen
1288 1811 70 39 auf
1383 1811 59 38 die
1471 1811 188 50 narbigen
1689 1810 153 39 Ränder

235 1870 100 39 über
365 1869 79 38 und
474 1868 101 39 auch
605 1868 102 38 diese
737 1867 114 38 fielen
881 1868 67 37 der
977 1866 201 38 ulcerösen
1207 1866 238 38 Zerstörung
1475 1878 188 25 anheim."

368 1923 114 39 Noch
511 1936 85 25 eine
625 1925 154 35 weitere
808 1920 408 39 Erscheinungsweise
1252 1920 66 38 der
1347 1919 269 50 beginnenden
1645 1923 197 33 ulcerösen

235 1978 119 39 Form
382 1977 52 39 ist
463 1977 241 50 Delpech's
734 1975 294 50 Beschreibung
1056 1974 303 38 hinzuzufügen:
1398 1973 98 38 Eine
1531 1973 309 37 fibrinös-seröse

235 2032 245 40 Exsudation
524 2031 112 38 bläht
681 2030 60 38 die
779 2029 303 39 Granulationen
1128 2029 77 37 und
1251 2028 98 38 auch
1395 2027 60 38 die
1494 2026 118 38 schon
1649 2025 191 51 gebildete

235 2087 145 39 frische
409 2086 134 39 Narbe
572 2099 46 24 zu
648 2085 185 50 sulzigen,
864 2082 369 51 trüblich-glasigen
1253 2081 155 38 Massen
1436 2083 71 35 mit
1532 2079 309 51 Hämorrhagien

237 2142 78 38 auf.
383 2141 73 38 Die
493 2139 320 51 Aufquellungen
850 2136 283 39 zerschmelzen
1171 2137 101 36 dann
1307 2136 39 36 in
1385 2135 123 37 ihrem
1546 2133 182 39 Centrum
1764 2134 77 37 und

235 2196 262 38 hinterlassen
553 2194 200 38 rundliche
799 2191 243 39 Geschwüre.
1116 2189 113 41 Auch
1278 2202 75 25 von
1410 2189 123 38 dieser
1577 2188 114 37 Form
1736 2187 107 50 giebt

237 2250 157 39 König
424 2250 62 38 ein
524 2248 209 39 treffendes
770 2246 106 39 Bild:
921 2245 94 46 „Die
1052 2244 218 38 Krankheit
1298 2243 131 38 wurde
1467 2244 222 48 eingeleitet
1724 2240 118 38 durch

235 2304 237 40 berdweises
502 2302 212 40 Auftreten
749 2315 74 24 von
862 2298 242 52 Apoplexien
1141 2298 40 38 in
1220 2299 72 37 den
1330 2296 275 51 gequollenen,
1636 2297 206 48 getrübten

239 2359 320 40 Granulationen.
617 2357 74 38 Die
712 2354 243 51 Apoplexien
975 2366 130 25 waren
1133 2366 72 24 nur
1233 2365 75 24 von
1336 2352 157 36 kurzem
1513 2349 209 44 Bestände;
1754 2348 88 38 sehr

237 2414 95 39 bald
360 2412 181 39 zerfielen
571 2411 102 38 diese
704 2409 145 40 Stellen
889 2408 40 38 in
959 2407 111 39 einen
1109 2407 220 49 gelblichen
1358 2404 108 46 Brei,
1510 2404 92 37 oder
1631 2415 39 25 es
1699 2402 142 38 bildete

239 2468 85 39 sich
353 2467 63 39 ein
444 2479 220 26 wirklicher
698 2464 149 38 kleiner
875 2461 168 40 Abscess
1072 2460 203 39 innerhalb
1306 2460 67 37 der
1403 2457 310 40 Granulationen.
1772 2455 69 38 Bei

239 2522 127 39 dieser
400 2522 79 37 und
517 2521 74 37 den
628 2532 160 25 vorigen
823 2516 243 39 Affectionen
1104 2528 130 25 waren
1272 2514 60 37 die
1365 2512 148 39 Effecte
1550 2510 59 38 die
1649 2509 188 52 gleichen.

239 2577 64 39 An
335 2576 120 38 Stelle
486 2575 67 37 der
582 2573 235 38 zerfallenen
847 2570 304 39 Granulationen
1171 2581 123 25 zeigte
1325 2580 81 25 sich
1435 2578 83 26 eine
1547 2564 103 45 tiefe,
1682 2562 160 50 speckig

240 2630 251 40 aussehende,
532 2641 126 25 einem
696 2625 171 39 weichen
905 2624 198 39 Schanker
1140 2621 309 52 vergleichbare,
1489 2620 113 36 meist
1630 2616 208 45 rundliche,

239 2686 188 39 zuweilen
467 2696 74 25 von
580 2680 215 40 auffallend
835 2691 267 37 serpiginösen
1141 2676 137 38 Linien
1315 2675 206 49 begrenzte
1559 2670 282 49 Ausbuchtung

242 2741 67 38 der
331 2737 316 41 Granulationen,
678 2735 143 38 welche
843 2732 193 39 entweder
1066 2744 165 37 spontan
1250 2728 118 39 heilte
1397 2740 91 25 oder
1507 2725 200 51 periphere
1726 2722 113 39 Fort-

242 2794 162 39 schritte
433 2794 188 37 machte."
684 2789 71 38 Die
785 2787 138 38 beiden
953 2799 97 25 eben
1069 2784 301 39 beschriebenen
1389 2781 165 38 Formen
1584 2780 168 37 konnten
1773 2790 68 23 zu-

240 2849 139 38 weilen
409 2847 57 38 als
496 2845 190 39 stationär
715 2841 233 40 beobachtet
976 2840 165 37 werden,
1174 2850 113 26 meist
1315 2848 145 38 gingen
1495 2847 55 25 sie
1579 2833 38 37 in
1646 2831 59 38 die
1734 2830 103 46 tiefe,

243 2903 68 38 das
342 2902 164 39 Gewebe
536 2897 244 41 zerstörende
802 2895 115 38 Form
946 2894 107 37 über.
1103 2893 63 38 Sie
1195 2903 156 27 wurden
1381 2889 98 38 auch
1500 2884 241 51 vorwiegend
1771 2884 68 38 be-

241 2957 183 39 obachtet
453 2968 55 25 als
537 2953 185 39 leichtere
752 2948 180 40 Recidive
963 2948 67 37 der
1058 2946 267 51 bösartigeren
1353 2941 213 52 (pulpösen)
1595 2938 124 38 Form.
