1895 3217
1386 294 87 45 117

340 302 91 32 THE
453 301 171 31 KAHAU
650 299 58 32 OR
732 300 234 32 PROBOSCIS
991 299 215 33 MONKEY.

105 431 50 46 of
168 431 78 45 the
267 429 305 53 individuals;
609 426 150 55 while,
796 426 161 46 should
979 426 170 47 farther
1165 435 310 40 examination

102 523 133 45 prove
249 507 102 45 that
367 507 36 45 it
417 506 37 46 is
469 505 143 62 really
630 505 200 54 distinct,
847 510 112 56 they
977 519 184 46 propose
1178 510 47 40 to
1241 505 232 46 designate

102 585 37 45 it
163 601 48 29 as
235 601 28 30 a
286 585 160 45 second
461 583 180 63 species,
677 582 144 46 under
848 582 80 46 the
950 581 104 47 title
1077 580 51 48 of
1152 581 63 47 N.
1239 598 232 41 recurvus,

104 679 47 29 or
173 670 251 53 turned-up
446 660 220 63 proboscis
689 674 214 47 monkey.

169 740 97 45 The
288 740 154 45 kahau
463 739 38 45 is
524 754 28 29 a
573 744 155 39 native
751 735 50 48 of
814 737 80 45 the
913 736 157 47 Island
1093 736 51 47 of
1159 738 186 54 Borneo,
1382 740 91 45 and

102 817 37 45 is
163 817 93 45 still
278 833 96 29 rare
397 816 48 45 in
478 814 266 47 collections.
825 814 46 46 It
893 813 38 47 is
955 829 28 30 a
1010 829 253 46 gregarious
1286 817 188 53 animal,

103 894 90 45 and
216 894 37 45 is
277 893 96 46 said
394 901 47 38 to
464 892 219 46 assemble
705 891 48 45 in
775 891 121 45 large
918 897 162 55 troops,
1106 897 48 40 at
1182 907 172 31 sunrise
1386 895 91 44 and

103 987 168 38 sunset,
309 986 120 45 upon
467 970 79 45 the
586 975 116 39 trees
741 968 236 61 bordering
1008 968 153 46 rivers.
1231 970 132 61 They
1403 986 75 30 are

101 1047 228 61 possessed
352 1046 50 47 of
422 1053 123 55 great
576 1046 207 61 activity,
808 1045 92 46 and
922 1045 102 45 dart
1046 1044 113 47 from
1182 1052 93 39 tree
1297 1053 47 39 to
1367 1054 109 48 tree,

102 1124 225 62 springing
344 1130 46 40 to
414 1140 28 29 a
464 1124 200 45 distance
688 1121 50 47 of
752 1122 155 46 fifteen
930 1138 48 30 or
1001 1128 180 56 twenty
1199 1122 103 47 feet.
1341 1124 131 61 They

102 1209 122 38 utter
247 1201 242 46 continued
511 1216 123 38 cries,
651 1199 249 46 somewhat
924 1199 172 45 similar
1116 1206 46 39 to
1186 1206 78 39 the
1296 1216 182 30 expres-

104 1279 95 45 sion
223 1278 49 46 of
300 1285 78 39 the
401 1293 203 31 common
637 1292 134 30 name
806 1276 148 46 which
987 1276 82 46 has
1092 1278 112 44 been
1227 1278 179 60 applied
1430 1285 46 39 to

103 1356 140 45 them.

168 1432 95 45 Our
284 1432 122 60 plate
429 1432 37 44 is
488 1432 139 44 taken
650 1430 111 45 from
783 1437 103 38 that
910 1429 51 46 of
975 1430 239 47 Audibert.

170 1510 98 44 The
298 1516 127 38 other
454 1508 170 46 animal
647 1523 70 31 we
746 1507 182 47 alluded
950 1513 62 49 to,
1038 1508 148 46 which
1210 1524 185 46 appears
1426 1517 47 39 to

105 1601 171 45 possess
300 1586 60 44 all
392 1592 79 38 the
504 1591 348 41 characteristics
887 1583 50 48 of
960 1586 80 45 the
1073 1584 97 48 first
1205 1586 191 46 division
1427 1586 50 46 of

106 1663 78 45 the
215 1662 229 55 Guenons,
468 1661 53 56 is.
