1933 3302
182 152 76 38 108

464 151 170 44 England,
657 155 123 32 Italien
805 158 94 32 Ende
925 160 91 33 1700.
1064 161 149 41 Delpech
1239 164 139 43 Anlang
1403 169 92 33 1800.

179 259 123 39 selbst
332 260 122 38 durch
485 261 73 38 den
589 262 160 52 Herzog
779 264 222 42 Ferdinand
1032 283 74 24 von
1134 270 306 55 Braunschweig
1462 290 70 24 von
1557 278 140 40 Harste
1715 295 66 25 aus

179 313 183 49 belagert
391 314 154 48 wurde,
587 316 262 52 beherbergte
879 321 60 37 die
973 321 112 39 Stadt
1115 324 166 39 vielfach
1312 328 83 37 eine
1426 335 176 43 grössere
1634 334 149 39 Anzahl

179 380 75 25 von
286 366 306 41 Verwundeten.
652 371 46 38 In
729 372 126 38 dieser
878 374 85 39 Zeit
983 376 134 38 hatten
1139 378 67 37 der
1227 379 104 39 Prof.
1354 381 231 41 Roederer
1606 388 74 36 und
1703 389 79 37 sein

177 420 202 39 Assistent
400 421 225 41 Wachler
647 424 261 52 Gelegenheit
928 429 250 50 gleichzeitig
1200 432 161 50 Typhus
1382 437 76 36 und
1482 437 300 39 Hospitalbrand

178 487 47 25 zu
256 474 259 40 beobachten.
575 478 236 40 Roederer
841 481 223 40 beschreibt
1094 485 38 37 in
1163 486 85 37 dem
1281 487 107 39 Buch
1425 490 80 45 ,De
1536 493 133 38 morbo
1699 508 83 24 mu-

179 530 129 46 coso",
354 529 89 40 dass
485 531 74 39 alle
597 532 184 39 Wunden
822 548 76 24 von
940 537 240 39 besonderen
1224 540 119 39 bösen
1383 542 176 40 Zufällen
1598 546 188 39 begleitet

177 594 186 38 gewesen
394 585 119 40 seien.
554 585 63 39 Sie
640 587 180 38 verloren
850 589 88 38 bald
970 591 61 37 ihr
1061 595 114 47 gutes
1196 593 216 41 Aussehen.
1453 597 74 38 Ein
1557 600 226 48 schlechter,

179 636 163 48 dünner,
373 638 176 40 scharfer
579 640 112 38 Eiter
722 642 132 38 wurde
885 644 263 51 abgesondert
1169 677 7 8 .
1201 678 7 8 .
1232 679 27 9 .,
1291 649 120 39 selbst
1440 651 128 39 kleine
1591 653 193 49 Wunden,

177 690 362 42 Aderlasswunden
569 695 162 38 wurden
761 695 144 39 inficirt
927 729 7 7 .
959 729 7 7 .
990 730 7 7 .
1031 702 71 35 etc.
1777 686 7 16 '

308 745 116 40 Auch
453 748 39 37 in
522 748 181 50 England
735 752 79 36 trat
843 751 98 38 nach
973 753 73 37 den
1077 754 173 51 Kriegen
1281 757 69 38 mit
1390 758 188 49 Holland,
1618 759 168 40 Spanien

175 800 80 37 und
288 800 243 40 Frankreich
563 802 67 38 der
669 802 311 52 Hospitalbrand
1016 807 38 38 in
1092 808 68 38 der
1197 808 149 40 Marine
1386 813 68 37 auf
1490 815 77 37 und
1609 829 101 24 zwar
1748 817 38 36 in

175 853 92 38 sehr
313 855 202 39 schweren
557 856 245 50 Epidemien.
864 858 231 53 Gillespie
1135 861 178 50 (London
1350 867 98 37 med.
1485 868 134 38 Journ.
1655 870 129 47 178.5),

177 908 194 39 Trotter
401 909 211 48 (Medicina
641 912 157 38 nautica
830 913 133 50 1797),
995 915 155 39 Blane
1172 917 78 38 und
1270 918 156 39 Andere
1447 920 252 41 beschreiben
1720 925 66 37 das

174 961 271 41 Vorkommen
477 965 66 37 des
574 964 354 52 Hospitalbrandes
959 969 71 38 auf
1055 970 226 49 englischen
1312 971 180 41 Schiffen.
1551 975 137 40 Rollo
1716 978 69 37 be-

176 1016 174 40 schreibt
375 1018 100 38 1797
508 1021 114 36 unter
654 1021 69 37 der
743 1020 274 40 Ueberschrift
1052 1023 106 46 ,The
1181 1023 94 40 Sore
1297 1027 111 37 acted
1438 1041 102 37 upon
1569 1029 51 50 by
1651 1044 21 24 a
1701 1044 85 25 new

176 1070 159 51 Speeles
353 1072 43 38 of
407 1072 159 39 Morbid
582 1073 164 39 Poison"
769 1089 99 36 ganz
890 1090 128 36 genau
1038 1079 80 36 und
1139 1078 335 41 characteristisch
1497 1083 70 37 den
1585 1083 201 40 Hospital-

175 1125 139 47 brand,
346 1127 177 38 welchen
545 1141 41 25 er
608 1128 53 38 im
683 1129 376 52 Artilleriehospital
1078 1133 40 36 in
1140 1132 219 40 Woolwich
1379 1135 267 40 beobachtete.
1678 1138 106 39 Doch

174 1179 70 39 hat
275 1194 41 24 er
348 1181 60 38 die
445 1181 225 39 Krankheit
706 1183 109 38 nicht
853 1185 55 38 als
939 1185 308 51 Hospitalbrand
1288 1189 182 46 erkannt,
1507 1191 177 46 sondern,
1716 1206 71 24 wie

174 1234 122 38 schon
326 1235 62 38 die
404 1234 277 40 Ueberschrift
702 1238 166 50 ergiebt,
890 1239 56 38 als
968 1240 85 38 eine
1074 1254 98 25 neue
1193 1241 347 41 Wundkrankheit
1560 1258 226 25 aufgefasst,

174 1288 190 39 während
385 1303 42 25 er
447 1290 55 38 im
523 1291 356 51 vorhergehenden
901 1293 153 51 Capitel
1075 1295 67 38 das
1170 1295 347 46 ,Hospital-Sore"
1542 1299 100 37 nach
1663 1300 125 38 seiner

172 1342 248 53 Auffassung
450 1345 226 39 behandelt.

306 1397 115 39 Auch
438 1399 40 37 in
495 1400 73 37 den
590 1400 270 39 italienischen
882 1401 256 52 Hospitälern
1158 1403 202 39 herrschte
1382 1405 67 37 der
1470 1405 318 39 Hospitalbrand,

173 1452 242 39 namentlich
444 1454 39 37 in
514 1453 126 39 Pavia
670 1456 78 37 und
770 1455 185 39 Mailand.
1003 1457 73 37 Die
1099 1458 87 37 dort
1206 1458 233 50 gemachten
1458 1459 330 40 Beobachtungen

175 1506 87 38 sind
291 1520 77 25 von
399 1508 75 38 den
506 1507 235 40 Gebrüdern
771 1509 197 39 Wenzel
999 1511 222 49 1799/1800
1252 1516 249 34 mitgetheilt.

306 1560 59 39 Im
386 1562 185 51 Anfange
595 1564 125 38 dieses
741 1564 291 39 Jahrhunderts
1054 1566 177 50 erlangte
1253 1567 68 37 der
1342 1566 306 51 Hospitalbrand
1669 1569 118 37 durch

173 1615 62 39 die
284 1630 165 37 grossen
498 1618 282 50 europäischen
823 1618 149 52 Kriege
1016 1620 105 38 seine
1165 1623 153 48 grösste
1361 1621 278 39 Ausbreitung.
1710 1623 76 37 Be-

172 1670 289 52 schreibungen
492 1685 90 25 vom
611 1672 377 52 Befreiungskriege
1020 1675 128 49 gaben
1178 1688 68 24 aus
1277 1673 169 51 Spanien
1482 1677 78 37 und
1601 1676 187 51 Portugal

172 1724 182 51 Boggle
386 1727 78 37 und
493 1727 214 38 besonders
736 1727 316 39 Blackadder,
1084 1728 198 38 Assistant
1302 1730 257 50 staffsurgeon
1589 1731 67 37 der
1690 1744 96 37 eng-

170 1779 149 39 lischen
351 1780 146 39 Armee
528 1795 69 24 aus
637 1782 74 38 den
739 1782 281 51 Biscayischen
1055 1782 273 50 Hospitälern,
1361 1782 193 40 Gerson,
1593 1784 196 38 Assistant

172 1847 172 37 surgeon
383 1835 63 38 bei
486 1836 68 38 der
596 1835 263 39 Königlichen
897 1837 226 37 Deutschen
1161 1837 169 50 Legion,
1366 1837 100 39 nach
1504 1839 67 37 der
1607 1837 182 39 Schlacht

171 1902 77 25 von
286 1888 233 40 Salamanca
551 1890 103 38 1812
686 1905 68 23 aus
785 1891 74 38 den
889 1891 244 38 Lazarethen
1169 1905 76 24 von
1275 1891 192 39 Celorico,
1502 1892 132 38 ferner
1663 1891 124 39 John

170 1942 198 40 Hennen
412 1944 100 38 nach
556 1945 69 37 der
655 1943 185 40 Schlacht
878 1959 75 24 von
996 1945 172 39 Vittoria
1213 1946 103 37 1813
1354 1960 68 24 aus
1461 1945 125 39 einem
1625 1959 160 37 grossen

171 1997 220 39 Lazarethe
432 1999 40 37 in
518 1998 161 47 Bilbao,
727 1999 168 39 welches
934 2000 39 37 in
1017 2000 106 38 einer
1159 1999 161 38 frühern
1362 1999 226 39 Seilerbahn
1633 2000 155 38 etablirt

171 2053 146 39 wurde.
377 2053 116 38 Mehr
523 2053 56 39 als
612 2054 103 38 1000
747 2053 263 39 Verwundete
1048 2054 161 37 wurden
1245 2053 85 39 hier
1370 2054 98 38 nach
1502 2055 67 37 der
1606 2053 182 39 Schlacht

170 2107 323 49 untergebracht,
526 2121 114 25 unter
669 2108 120 38 ihnen
815 2108 129 38 einige
965 2111 71 34 mit
1057 2107 319 39 Hospitalbrand.
1434 2107 45 39 In
1499 2108 129 51 wenig
1650 2107 135 50 Tagen

170 2175 83 24 war
283 2161 79 39 fast
393 2163 67 37 das
495 2176 125 38 ganze
657 2162 197 38 Lazareth
891 2163 80 37 voll
1005 2176 74 23 von
1119 2161 414 39 Hospitalbrandigen.
1592 2154 82 45 Aus
1713 2162 72 37 den

169 2215 297 40 Niederlanden
505 2216 218 39 berichtete
771 2217 96 37 über
907 2217 59 37 die
1008 2216 223 38 Krankheit
1274 2217 103 37 1814
1414 2216 37 39 J.
1496 2216 289 44 Brugmans,

172 2270 208 39 Professor
424 2285 48 24 zu
510 2271 183 51 Leyden,
735 2270 369 40 Generalinspector
1143 2271 67 37 des
1249 2269 432 40 Gesundheitsdienstes
1719 2270 68 37 der

169 2324 215 40 Königlich
417 2325 312 39 Holländischen
757 2325 147 39 Armee
948 2326 79 37 und
1070 2324 173 47 Marine,
1289 2325 99 38 nach
1423 2324 258 50 vieljährigen
1711 2324 72 37 Er-

168 2379 237 51 fahrungen,
439 2380 146 38 welche
617 2394 41 24 er
679 2394 124 24 .unter
833 2381 171 37 anderen
1033 2379 100 38 nach
1154 2379 73 38 den
1249 2379 287 38 mörderischen
1557 2377 229 39 Schlachten

170 2448 91 24 vom
294 2435 187 38 15.—18.
513 2435 96 39 Juni
643 2435 102 37 1815
771 2435 41 37 in
833 2435 73 37 den
928 2433 246 39 Lazarethen
1195 2447 48 23 zu
1263 2433 159 38 Brüssel
1444 2433 199 38 erworben
1664 2431 120 38 hatte.

169 2488 84 39 Der
283 2488 144 39 Zweck
458 2490 129 37 seiner
624 2502 329 37 preisgekrönten
984 2487 266 39 Abhandlung
1286 2501 79 24 war
1401 2487 60 38 die
1498 2485 286 39 wissenschaft-

168 2543 102 39 liche
301 2543 274 51 Erforschung
605 2544 67 37 des
703 2543 169 38 Wesens
902 2543 79 37 und
1021 2543 67 37 der
1118 2541 176 39 Ursache
1326 2542 65 37 des
1422 2539 361 51 Hospitalbrandes.

169 2598 221 38 Derselben
413 2598 87 38 Zeit
521 2600 244 36 enstammen
795 2597 243 50 Delpech's
1068 2596 343 49 Beobachtungen,
1443 2595 145 37 welche
1619 2607 41 24 er
1683 2594 100 37 1815

167 2653 42 38 in
239 2653 109 38 einer
377 2652 100 38 noch
507 2652 64 38 für
602 2653 73 37 den
714 2652 191 50 heutigen
941 2650 250 39 Standpunkt
1226 2649 238 39 klassischen
1500 2647 284 50 Monographie

167 2720 259 37 niederlegte.
486 2706 210 39 Delpech
725 2708 52 36 ist
806 2706 62 38 ein
906 2705 246 38 Beobachter
1197 2717 74 25 von
1315 2705 169 36 seltener
1530 2701 254 51 Objectivität

168 2762 79 37 und
279 2762 62 37 ein
372 2760 169 40 Chirurg
578 2774 76 25 von
692 2760 283 38 erstaunlicher
1013 2758 172 39 Energie
1225 2758 78 37 und
1341 2757 218 37 Ausdauer.
1620 2755 107 38 Kies
1737 2768 45 23 er

170 2816 170 38 erblickt
370 2816 39 37 in
440 2816 79 37 ihm
557 2816 108 46 „eine
696 2829 74 24 nur
800 2817 148 35 seltene
979 2813 246 38 Ausnahme,
1265 2810 189 39 zwischen
1487 2811 71 37 den
1596 2808 185 52 gewöhn-

168 2870 143 47 lichen,
342 2869 306 39 leichtsinnigen
677 2870 79 37 und
786 2867 328 40 oberflächlichen
1144 2865 233 46 Franzosen,
1408 2865 40 37 in
1479 2865 116 37 deren
1616 2862 164 38 Händen

169 2925 62 38 die
270 2924 171 39 Medizin
485 2938 46 24 zu
570 2937 126 25 einem
737 2922 319 52 gedankenlosen
1097 2919 228 39 Handwerk
1365 2917 324 52 herabgesunken
1729 2916 52 37 sei

170 2981 71 35 etc.
274 2980 96 37 etc."
434 2978 209 39 Delpech
674 2978 111 38 stand
817 2977 63 38 ein
910 2989 133 25 enorm
1071 2987 154 38 grosses
1246 2972 181 39 Material
1448 2985 68 25 zur
1536 2970 243 49 Verfügung.
