1933 3302
258 132 47 37 10
384 132 147 38 Weitere
550 133 254 42 Beschreibung
821 135 58 31 des
899 136 168 32 Exsudats
1085 139 242 42 (albuminöse,
1343 142 190 39 gelatinöse
1551 144 143 34 Formen
1713 149 78 36 etc.)

254 244 257 45 anhängende
542 238 205 41 Membran
777 244 130 37 wurde
936 245 272 38 oberflächlich
1237 247 136 39 immer
1401 250 216 46 trockener,
1648 253 59 38 die
1737 266 119 37 ganze

253 293 128 38 Masse
402 292 147 51 täglich
571 293 226 49 schwärzer,
830 297 164 38 weicher
1024 299 78 36 und
1133 299 150 38 endhch
1310 315 45 24 zu
1376 303 123 38 einem
1521 303 336 41 schwarz-grauen

253 347 122 38 zähen
406 346 91 38 Brei
527 360 73 24 von
631 348 88 37 sehr
748 349 130 38 üblem
908 349 152 39 Geruch
1091 355 298 47 umgewandelt,
1435 357 68 37 der
1539 357 82 37 sich
1659 359 198 52 allniälilig

252 400 111 46 löste,
391 400 38 37 in
450 400 173 50 fetzigen
644 400 171 40 Stücken
836 404 173 46 abstiess,
1033 406 147 37 sodann
1202 407 68 37 auf
1287 408 146 39 Kosten
1455 411 66 36 der
1542 412 315 38 unterliegenden

254 453 166 40 Gewebe
449 467 77 25 neu
556 455 140 39 hervor
702 456 203 46 wucherte,
938 458 191 38 abermals
1150 460 128 38 zerfiel
1308 463 78 37 und
1406 476 41 25 so
1468 463 89 45 fort,
1588 464 58 38 bis
1667 466 191 39 entweder

254 509 67 37 der
342 507 84 38 Tod
457 508 60 38 die
539 507 121 40 Scene
691 509 146 38 schloss
868 511 92 37 oder
990 511 67 38 der
1087 512 159 39 Process
1277 514 82 39 sich
1389 517 229 49 erschöpfte.
1660 518 102 38 Jetzt
1782 523 76 34 erst

254 562 158 38 wurden
443 562 61 38 die
534 576 75 25 von
640 563 79 37 ihm
750 564 260 50 angestellten
1040 565 311 53 Verwüstungen
1381 570 231 38 ersichtlich.
1663 571 193 40 Zerstörte

251 614 176 47 Fascien,
451 616 224 47 entblösste,
699 617 205 47 entfärbte,
927 619 202 38 macerirte
1150 620 190 49 Muskeln,
1364 622 164 48 Sehnen,
1552 623 303 50 Gelenkbänder,

253 669 161 39 Gefässe
457 671 79 37 und
573 670 349 48 Nervenstämme,
966 673 43 48 ja
1051 673 121 38 selbst
1216 676 210 38 entblösste
1467 678 78 37 und
1583 691 274 26 abgestossene

252 724 210 46 Knochen,
494 724 114 46 tiefe,
648 737 134 38 grosse
813 724 193 51 Eiter-(?)
1021 726 133 51 Gänge
1185 729 190 38 zwischen
1404 730 73 38 den
1506 732 351 38 übergebHebenen

253 777 186 52 Organen
468 778 115 51 lagen
614 792 80 24 nun
724 792 70 25 vor
822 780 80 37 und
931 780 216 39 bedrohten
1173 782 108 49 jedes
1302 782 62 39 für
1385 784 92 46 sich,
1507 798 65 24 um
1593 799 41 24 so
1656 786 107 38 mehr
1783 787 73 38 alle

253 846 222 25 zusammen
504 845 235 38 genommen
769 833 68 38 das
858 833 132 39 Leben
1020 835 92 38 oder
1141 836 234 50 wenigstens
1405 837 67 38 das
1500 838 212 39 betroffene
1735 839 119 38 Glied.

253 886 196 39 Zuweilen
478 886 181 38 indessen
688 886 252 39 überraschte
970 902 72 24 uns
1073 889 60 37 die
1156 890 399 51 verhältnissmässige
1578 891 278 52 Geringfügig-

252 941 81 37 keit
363 942 65 37 des
460 939 381 40 Substanzverlustes
881 942 89 46 und,
1011 943 127 37 zumal
1174 943 53 38 im
1256 944 184 38 Verlaufe
1479 945 66 38 der
1575 945 182 52 Heilung,
1797 947 60 38 die

253 994 286 39 Schnelligkeit
567 994 127 39 seiner
723 994 347 52 Verkleinerung."

381 1048 60 39 Im
469 1048 118 39 Sinne
613 1049 68 37 der
706 1049 145 38 letzten
870 1049 251 39 Bemerkung
1147 1065 34 23 v.
1205 1050 184 40 Pitha's,
1423 1052 95 38 doch
1545 1052 100 39 wohl
1672 1054 93 37 über
1792 1054 66 37 das

251 1102 183 52 Richtige
454 1102 377 47 hinausschiessend,
853 1103 213 50 behauptet
1086 1104 71 37 Gh.
1173 1104 155 39 Racle,
1351 1106 87 37 dass
1460 1106 66 38 der
1542 1106 315 47 Hospitalbrand,

251 1170 77 25 von
349 1158 88 37 dem
456 1170 41 25 er
518 1157 143 51 gerade
687 1157 60 38 die
766 1157 190 51 häutigen
975 1159 80 37 und
1074 1158 243 50 gelatinösen
1332 1160 164 38 Formen
1516 1161 125 37 neben
1661 1166 197 32 ulcerösen

252 1211 256 38 beobachtete
524 1212 80 37 und
618 1211 217 47 beschrieb,
858 1212 141 38 keinen
1019 1212 93 38 oder
1125 1212 188 50 geringen
1328 1213 337 38 Substanzverlust
1676 1214 180 38 bewirke.

251 1266 57 37 Er
337 1268 90 48 sagt
456 1265 141 46 ferner,
630 1279 42 24 er
700 1265 100 38 habe
830 1279 41 25 so
901 1265 58 39 oft
988 1266 181 50 gesehen,
1202 1267 86 37 dass
1318 1268 257 37 anscheinend
1606 1268 59 37 die
1691 1280 166 25 schwer-

253 1333 85 25 sten
359 1320 337 50 Veränderungen
715 1319 188 51 vorlagen
931 1321 79 36 und
1039 1323 131 47 später
1198 1320 108 38 nicht
1325 1321 139 37 einmal
1486 1334 82 24 eine
1588 1321 132 38 Narbe
1740 1321 117 38 nach-

252 1374 116 38 blieb,
400 1375 80 37 und
510 1374 56 38 sei
595 1373 121 38 daher
745 1374 90 38 sehr
864 1374 305 38 zurückhaltend
1198 1374 70 38 mit
1297 1388 145 25 seinem
1461 1374 155 39 Urtheil
1641 1375 215 50 geworden.

254 1428 248 39 Geschwüre,
534 1428 146 38 welche
711 1428 90 38 sehr
829 1428 75 38 tief
930 1441 47 24 zu
1006 1428 83 38 sein
1118 1427 192 39 schienen,
1342 1428 145 38 heilten
1516 1428 118 38 leicht
1662 1428 78 37 und
1760 1441 99 25 ohne

252 1483 146 38 Narbe,
421 1496 42 25 so
484 1483 88 37 dass
594 1482 206 38 dasüebel
819 1482 77 38 viel
915 1487 156 46 grösser
1092 1482 196 38 erscheine
1310 1482 54 38 als
1387 1496 38 24 es
1446 1483 39 37 in
1497 1482 274 38 Wirklichkeit
1791 1482 65 37 sei.

385 1536 126 52 Obige
547 1536 345 50 Beschreibungen
928 1536 254 38 Delpech's
1221 1537 78 37 und
1344 1550 33 24 v.
1415 1536 177 38 Pitha's
1629 1536 125 51 geben
1797 1536 61 37 ein

252 1591 178 39 ziemlich
459 1591 282 50 vollständiges
771 1591 102 38 Bild,
905 1591 87 37 dem
1022 1604 68 24 aus
1120 1590 73 38 den
1223 1590 274 50 Erfahrungen
1526 1592 173 36 späterer
1727 1589 129 38 Beob-

252 1646 135 39 achter
415 1646 102 38 noch
544 1646 205 50 folgendes
778 1644 287 51 hinzuzufügen
1094 1644 61 37 ist.

383 1700 250 38 Besprechen
662 1699 70 38 wir
761 1699 186 38 zunächst
982 1699 219 49 diejenigen
1230 1698 348 50 Beobachtungen,
1617 1696 144 38 welche
1791 1697 66 37 das

252 1753 234 40 Exsudat
514 1753 199 39 betreffen.

384 1809 74 38 Die
488 1808 257 38 Aufstellung
782 1806 263 39 albuminöser
1081 1806 79 37 und
1195 1809 235 48 gelatinöser
1459 1805 163 37 Formen
1659 1804 52 37 ist
1739 1803 118 38 schon

253 1864 177 38 erwähnt
449 1864 169 37 worden.
649 1862 165 39 Jobert
833 1861 130 38 nahm,
978 1861 72 37 wie
1063 1874 71 23 uns
1155 1860 39 37 in
1215 1860 105 37 einer
1334 1859 280 50 Abhandlung:
1643 1857 150 47 „Revue
1808 1857 49 37 du

253 1918 147 39 Service
421 1917 236 39 chirurgical
677 1917 46 37 de
744 1916 51 38 M.
818 1915 158 39 Jobert"
1003 1928 74 24 von
1098 1927 145 25 seinem
1262 1913 245 38 Assistenten
1529 1912 115 38 Roze
1670 1911 188 38 berichtet

253 1973 108 39 wird,
394 1985 134 25 ausser
558 1972 68 37 der
654 1984 202 24 ulcerösen
884 1969 79 38 und
993 1969 67 37 der
1080 1981 100 25 oben
1199 1967 289 50 besprochenen
1509 1966 114 38 Form
1644 1964 119 39 durch
1783 1964 73 37 Er-

252 2040 208 26 weichung
480 2026 61 38 die
572 2026 291 37 albuminöse
884 2023 117 38 Form
1022 2037 68 23 an;
1121 2022 157 38 letztere
1298 2026 150 33 zerfällt
1472 2020 41 38 in
1533 2020 59 37 die
1614 2018 241 46 eigentliche,

253 2083 242 50 sogenannte
526 2079 258 39 albuminöse,
823 2077 41 38 in
894 2078 60 37 die
984 2079 70 35 mit
1083 2075 277 51 Auflagerung
1390 2074 137 38 derber
1556 2073 127 37 Häute
1713 2072 78 37 und
1819 2072 39 36 in

255 2136 61 39 die
336 2135 178 39 wirklich
543 2138 166 46 pulpöse
728 2133 129 38 Form.
902 2131 73 38 Die
1006 2129 209 39 eigentlich
1244 2128 239 39 albuminöse
1503 2127 116 38 Form
1640 2125 219 39 beschreibt

254 2204 41 25 er
323 2190 55 38 im
408 2202 202 26 einzelnen
629 2187 108 39 Falle
766 2186 369 51 folgendermassen.
1190 2182 94 48 „Die
1307 2182 153 38 Wunde
1489 2181 51 38 ist
1568 2194 98 37 ganz
1695 2179 165 38 bedeckt

254 2244 121 39 durch
405 2244 85 39 eine
521 2242 221 39 erhebliche
763 2241 129 38 Masse
921 2240 188 37 fungöser
1130 2237 303 39 Granulationen
1462 2249 74 23 von
1567 2247 123 25 einem
1720 2233 139 37 trüben

255 2298 115 40 Grau.
430 2298 64 39 Sie
533 2297 85 38 sind
656 2298 249 49 aufgeblüht,
945 2292 137 39 weich,
1125 2291 166 38 zitternd
1327 2291 79 37 und
1445 2302 168 25 erheben
1647 2287 82 39 sich
1757 2286 100 38 min-

254 2354 154 38 destens
521 2365 61 25 cm
611 2351 97 37 über
737 2350 61 37 die
828 2347 308 40 Wundränder."

386 2407 72 38 Gh.
478 2406 151 38 Racle
657 2403 228 40 beschreibt
914 2402 94 37 zwei
1028 2400 195 38 Zustände
1245 2399 67 38 der
1339 2397 187 51 häutigen
1545 2396 115 38 Form
1690 2395 64 37 des
1775 2392 83 39 Ho-

255 2461 297 40 spitalbrandes.
611 2459 46 38 In
692 2459 86 37 dem
810 2470 128 25 ersten
969 2455 201 38 derselben
1207 2453 165 38 bedeckt
1401 2451 80 38 sich
1517 2451 59 37 die
1607 2447 252 39 Wundfläche

254 2520 72 35 mit
355 2529 107 25 einer
491 2513 293 39 unzweifelhaft
813 2509 349 40 diphtheritischen
1191 2507 117 38 Haut.
1373 2505 62 38 Sie
1464 2505 51 37 ist
1542 2501 313 53 gelblich-weiss,

254 2584 135 32 weich,
421 2569 127 50 käsig;
577 2567 121 38 leicht
717 2580 46 24 zu
783 2577 213 26 zerreissen
1015 2563 80 38 und
1114 2576 46 24 zu
1181 2561 213 44 entfernen,
1426 2571 159 25 alsdann
1607 2556 83 38 eine
1711 2554 147 50 blutige

256 2624 231 40 Oberfläche
516 2621 296 39 hinterlassend.
871 2618 62 38 Sie
962 2617 88 38 fällt
1079 2616 109 38 nicht
1216 2616 40 36 in
1284 2614 159 49 Lappen
1473 2612 66 45 ab,
1583 2610 164 38 sondern
1786 2621 71 24 un-

254 2679 180 39 bemerkt
463 2691 56 24 als
548 2676 188 39 Detritus,
767 2686 167 25 welcher
962 2672 82 38 sich
1074 2671 73 37 den
1177 2682 94 26 stets
1301 2666 232 39 reichlichen
1562 2664 183 49 flüssigen
1775 2661 83 38 Ab-

255 2747 273 26 sonderungen
559 2728 216 41 beimischt.
797 2758 7 7 .
825 2757 8 8 .
1542 2772 6 6 •
1658 2769 38 19 xr
1772 2768 25 20 -j.
1824 2767 9 21 i

387 2788 80 38 Der
495 2785 135 39 zweite
659 2796 99 37 ganz
789 2778 329 42 eigenthümliche
1147 2776 171 39 Zustand
1347 2775 65 37 des
1442 2773 187 49 häutigen
1658 2772 199 46 Hospital-

254 2842 169 38 brandes
452 2841 63 38 ist,
548 2853 70 24 wie
649 2836 151 39 Racle
831 2834 206 38 annimmt,
1069 2846 67 24 vor
1166 2831 80 38 ihm
1274 2831 108 36 nicht
1409 2825 252 40 beschrieben
1691 2835 165 25 worden.

256 2896 56 38 Er
341 2896 155 38 besteht
517 2894 39 38 in
577 2891 277 48 Entwicklung
875 2889 142 45 dicker,
1049 2885 270 40 aufgeblähter
1338 2881 156 39 Massen
1515 2879 68 38 auf
1601 2878 84 38 dem
1709 2875 148 38 Wund-

257 2951 138 44 boden,
427 2948 146 42 welche
594 2946 121 51 völlig
735 2944 248 39 transparent
1012 2941 86 38 sind
1125 2939 80 39 und
1235 2938 65 37 das
1321 2934 183 40 Ansehen
1525 2945 102 26 einer
1647 2929 212 39 zitternden
