1895 3217
1426 227 59 41 85

353 234 89 32 THE
467 233 89 32 RED
580 233 57 32 OR
660 233 183 31 ASIATIC
867 232 387 34 ORANG-OUTANG,

127 361 247 47 exhausted
390 376 55 30 on
464 375 81 30 one
560 358 50 47 of
621 359 78 45 the
722 360 214 43 branches
959 357 50 47 of
1023 374 28 30 a
1072 365 109 48 tree^
1206 360 57 45 he
1287 367 199 39 vomited

126 454 26 29 a
188 437 298 47 considerable
517 442 215 54 quantity
763 434 50 46 of
837 435 142 45 blood.
1051 435 97 45 The
1182 443 305 38 ammunition

125 514 51 46 of
202 515 78 44 the
315 514 186 44 hunters
546 512 132 60 being
721 513 62 59 by
806 512 92 44 this
943 518 111 38 time
1090 512 247 60 expended,
1374 512 115 61 they

126 606 115 30 were
276 590 172 45 obliged
481 595 46 39 to
562 587 77 46 fell
667 589 78 44 the
775 594 93 39 tree
897 588 47 45 in
975 589 125 44 order
1127 594 46 39 to
1198 588 152 45 obtain
1373 588 112 54 him,

124 668 89 44 and
238 667 76 45 did
347 666 91 45 this
468 665 48 45 in
539 664 84 46 full
654 664 250 46 confidence
934 665 101 44 that
1058 665 69 44 his
1150 680 150 45 power
1323 681 93 28 was
1441 681 45 29 so

124 742 67 46 far
211 758 111 47 gone
356 743 101 45 that
491 749 111 54 they
626 742 129 45 could
779 757 148 30 secure
949 741 97 45 him
1070 741 194 45 without
1287 742 198 53 trouble;

125 821 82 44 but
231 835 115 30 were
365 818 270 54 astonished,
652 833 48 30 as
723 819 78 44 the
824 824 92 39 tree
935 833 94 30 was
1051 816 171 63 falling,
1240 825 48 38 to
1306 833 70 30 see
1390 818 98 45 him

125 896 129 45 effect
293 896 70 45 his
396 901 166 39 retreat
596 901 46 39 to
678 901 187 39 another
899 894 114 46 with
1048 901 269 54 apparently
1352 895 135 45 undi-

125 972 225 45 minished
381 972 167 45 vigour.
622 972 56 45 In
706 970 106 55 fact,
843 978 112 54 they
987 987 117 29 were
1134 972 172 44 obliged
1335 977 46 39 to
1412 979 75 37 cut

127 1049 131 45 down
298 1049 61 45 all
395 1055 78 39 the
506 1055 116 38 trees
655 1049 147 44 before
834 1054 113 54 they
981 1048 129 45 could
1149 1048 123 45 drive
1315 1048 97 44 him
1441 1055 46 38 to

126 1132 176 38 combat
325 1126 70 44 his
430 1125 196 45 enemies
657 1140 56 30 on
742 1131 79 38 the
850 1140 185 45 ground,
1061 1123 174 62 against
1259 1125 149 44 whom
1431 1125 57 44 he

128 1202 92 44 still
237 1202 231 45 exhibited
487 1201 242 61 sui-prising
744 1201 200 45 strength
960 1201 90 44 and
1072 1200 173 61 agility,
1271 1208 216 53 although

127 1278 57 44 he
208 1294 92 29 was
336 1284 46 39 at
416 1278 155 45 length
605 1278 309 45 ovei-powered
947 1278 61 59 by
1032 1291 226 39 numbers,
1285 1278 90 44 and
1409 1278 79 44 de-

127 1355 179 59 stroyed
320 1356 63 59 by
397 1355 78 44 the
489 1360 173 39 thrusts
678 1353 49 45 of
742 1369 162 45 spears,
930 1353 90 45 and
1034 1354 77 44 the
1127 1355 139 43 blows
1281 1352 51 47 of
1339 1361 149 38 stones

127 1431 89 44 and
250 1438 126 38 other
407 1431 204 45 missiles.
695 1431 155 45 When
878 1430 157 61 nearly
1059 1429 47 45 in
1129 1445 28 29 a
1179 1430 140 61 dying
1352 1437 133 47 state,

127 1507 57 46 he
203 1507 146 45 seized
367 1523 27 30 a
412 1523 125 29 spear
554 1507 132 45 made
710 1506 49 46 of
776 1522 26 29 a
825 1522 156 44 supple
1005 1521 141 38 wood,
1169 1507 149 44 which
1337 1508 151 44 would

126 1584 116 45 have
266 1584 241 45 withstood
535 1591 78 37 the
638 1583 200 45 strength
863 1582 49 46 of
933 1589 79 39 the
1035 1589 191 39 stoutest
1249 1598 122 38 man,
1398 1584 90 44 and

126 1660 204 46 shivered
359 1661 36 44 it
418 1660 47 45 in
488 1660 173 61 pieces;
686 1660 48 45 in
755 1666 79 39 the
858 1675 144 30 words
1026 1659 50 46 of
1094 1666 79 39 the
1195 1666 215 48 narrator,
1430 1661 58 44 he

126 1738 134 45 broke
282 1737 37 45 it
343 1753 48 29 as
414 1736 41 46 if
482 1737 37 45 it
552 1738 91 44 had
675 1738 113 44 been
822 1752 27 29 a
882 1743 155 39 carrot.
1105 1737 46 44 It
1184 1736 38 45 is
1253 1737 149 44 stated
1424 1738 64 59 by

125 1820 127 40 those
275 1815 102 44 who
417 1814 131 45 aided
579 1814 49 45 in
662 1814 70 45 his
766 1815 151 53 death,
952 1820 103 38 that
1088 1813 79 45 the
1196 1813 290 45 human-like

127 1906 253 45 expression
404 1890 48 46 of
473 1891 70 44 his
574 1896 314 47 countenance,
915 1890 90 44 and
1030 1889 173 61 piteous
1226 1905 189 29 manner
1445 1890 51 44 of

127 1967 176 59 placing
336 1967 70 44 his
436 1967 146 44 hands
621 1981 103 30 over
756 1966 70 43 his
861 1965 203 54 wounds,
1099 1965 238 45 distressed
1370 1966 118 45 their

127 2041 200 62 feelings,
353 2042 91 45 and
477 2042 161 45 almost
672 2041 132 45 made
838 2048 126 38 them
999 2047 205 53 question
1226 2047 78 39 the
1327 2048 160 39 nature

126 2117 51 45 of
190 2124 78 38 the
292 2124 72 39 act
387 2125 112 53 they
523 2134 116 29 were
667 2117 293 46 committing.
1044 2117 155 46 When
1231 2118 127 54 dead,
1378 2119 109 44 both

125 2201 176 38 natives
325 2195 90 44 and
439 2196 259 44 Europeans
732 2193 331 46 contemplated
1096 2193 70 45 his
1199 2193 139 45 figure
1373 2201 114 38 with

125 2277 298 39 amazement.
492 2272 88 44 His
614 2277 186 48 stature,
834 2277 48 38 at
912 2270 78 45 the
1024 2270 113 46 least
1161 2271 323 45 computation,

125 2362 93 29 was
241 2362 210 44 upwards
475 2346 50 46 of
540 2347 69 45 six
631 2346 102 46 feet.

245 2424 71 59 By
332 2423 192 61 Captain
548 2425 223 51 Comfoot,
791 2439 100 30 who
915 2422 229 46 furnished
1165 2423 79 44 the
1263 2421 158 46 details
1445 2422 50 45 of

126 2498 92 47 this
254 2499 171 46 animal
463 2507 45 39 to
546 2501 66 44 Dr
651 2500 133 55 Abel,
819 2501 58 44 he
907 2515 94 30 was
1036 2499 96 46 said
1174 2505 46 39 to
1255 2500 53 44 be
1343 2514 27 29 a
1403 2497 82 48 full
