<?xml version="1.0" encoding="UTF-8"?>
<alto xmlns="http://www.loc.gov/standards/alto/ns-v2#" xmlns:xsi="http://www.w3.org/2001/XMLSchema-instance" xsi:schemaLocation="http://www.loc.gov/standards/alto/ns-v2# http://www.loc.gov/standards/alto/alto.xsd">
  <Description>
    <MeasurementUnit>pixel</MeasurementUnit>
    <sourceImageInformation>
      <fileName>b21273911_abbyy.xml</fileName>
    </sourceImageInformation>
    <OCRProcessing ID="OCR_1">
      <preProcessingStep>
        <processingDateTime>2014-10-24T02:15:27</processingDateTime>
        <processingAgency>intranda GmbH, www.intranda.com</processingAgency>
        <processingSoftware>
          <softwareCreator>intranda GmbH, Germany</softwareCreator>
          <softwareName>intranda OCR Module for TaskManager</softwareName>
          <softwareVersion>1.0r42</softwareVersion>
        </processingSoftware>
      </preProcessingStep>
      <ocrProcessingStep>
        <processingSoftware>
          <softwareCreator>ABBYY (BIT Software), Russia</softwareCreator>
          <softwareName>FineReader Engine</softwareName>
          <softwareVersion>10</softwareVersion>
        </processingSoftware>
      </ocrProcessingStep>
    </OCRProcessing>
  </Description>
  <Layout>
    <Page PHYSICAL_IMG_NR="71" ID="PAGE_71" WIDTH="2125" HEIGHT="3612">
      <TopMargin ID="TopMargin_1" HPOS="167" VPOS="296" WIDTH="1512" HEIGHT="52">
        <TextBlock ID="TextBlock_281" HPOS="167" VPOS="296" WIDTH="1512" HEIGHT="52">
          <TextLine ID="TextLine_2417" HPOS="167" VPOS="296" WIDTH="1512" HEIGHT="52">
            <String ID="Word_23742" HPOS="167" VPOS="315" WIDTH="241" HEIGHT="33" CONTENT="rARALYSIS" />
            <SP ID="SP_21326" HPOS="408" VPOS="314" WIDTH="33" HEIGHT="0" />
            <String ID="Word_23743" HPOS="441" VPOS="314" WIDTH="54" HEIGHT="32" CONTENT="OF" />
            <SP ID="SP_21327" HPOS="495" VPOS="313" WIDTH="31" HEIGHT="0" />
            <String ID="Word_23744" HPOS="526" VPOS="313" WIDTH="89" HEIGHT="31" CONTENT="THE" />
            <SP ID="SP_21328" HPOS="615" VPOS="310" WIDTH="32" HEIGHT="0" />
            <String ID="Word_23745" HPOS="647" VPOS="310" WIDTH="240" HEIGHT="34" CONTENT="ABDUCTOR" />
            <SP ID="SP_21329" HPOS="887" VPOS="310" WIDTH="32" HEIGHT="0" />
            <String ID="Word_23746" HPOS="919" VPOS="310" WIDTH="204" HEIGHT="32" CONTENT="MUSCLES" />
            <SP ID="SP_21330" HPOS="1123" VPOS="309" WIDTH="33" HEIGHT="0" />
            <String ID="Word_23747" HPOS="1156" VPOS="309" WIDTH="55" HEIGHT="32" CONTENT="OF" />
            <SP ID="SP_21331" HPOS="1211" VPOS="309" WIDTH="32" HEIGHT="0" />
            <String ID="Word_23748" HPOS="1243" VPOS="309" WIDTH="88" HEIGHT="32" CONTENT="THE" />
            <SP ID="SP_21332" HPOS="1331" VPOS="307" WIDTH="33" HEIGHT="0" />
            <String ID="Word_23749" HPOS="1364" VPOS="307" WIDTH="194" HEIGHT="33" CONTENT="LARYNX." />
            <SP ID="SP_21333" HPOS="1558" VPOS="296" WIDTH="66" HEIGHT="0" />
            <String ID="Word_23750" HPOS="1624" VPOS="296" WIDTH="55" HEIGHT="44" CONTENT="57" />
          </TextLine>
        </TextBlock>
      </TopMargin>
      <PrintSpace ID="PrintSpace_72" HPOS="11" VPOS="496" WIDTH="1695" HEIGHT="2766">
        <TextBlock ID="TextBlock_280" HPOS="0" VPOS="496" WIDTH="1706" HEIGHT="2766">
          <TextLine ID="TextLine_2418" HPOS="42" VPOS="511" WIDTH="1612" HEIGHT="62">
            <String ID="Word_23751" HPOS="42" VPOS="519" WIDTH="209" HEIGHT="42" CONTENT="Bilateral" />
            <SP ID="SP_21334" HPOS="251" VPOS="519" WIDTH="20" HEIGHT="0" />
            <String ID="Word_23752" HPOS="271" VPOS="519" WIDTH="227" HEIGHT="54" CONTENT="Paralysis" />
            <SP ID="SP_21335" HPOS="498" VPOS="518" WIDTH="21" HEIGHT="0" />
            <String ID="Word_23753" HPOS="519" VPOS="518" WIDTH="51" HEIGHT="42" CONTENT="of" />
            <SP ID="SP_21336" HPOS="570" VPOS="518" WIDTH="13" HEIGHT="0" />
            <String ID="Word_23754" HPOS="583" VPOS="518" WIDTH="66" HEIGHT="42" CONTENT="the" />
            <SP ID="SP_21337" HPOS="649" VPOS="517" WIDTH="22" HEIGHT="0" />
            <String ID="Word_23755" HPOS="671" VPOS="517" WIDTH="219" HEIGHT="42" CONTENT="Abductor" />
            <SP ID="SP_21338" HPOS="890" VPOS="515" WIDTH="21" HEIGHT="0" />
            <String ID="Word_23756" HPOS="911" VPOS="515" WIDTH="179" HEIGHT="42" CONTENT="Muscles" />
            <SP ID="SP_21339" HPOS="1090" VPOS="514" WIDTH="20" HEIGHT="0" />
            <String ID="Word_23757" HPOS="1110" VPOS="514" WIDTH="52" HEIGHT="56" CONTENT="of" />
            <SP ID="SP_21340" HPOS="1162" VPOS="514" WIDTH="14" HEIGHT="0" />
            <String ID="Word_23758" HPOS="1176" VPOS="514" WIDTH="66" HEIGHT="42" CONTENT="the" />
            <SP ID="SP_21341" HPOS="1242" VPOS="513" WIDTH="21" HEIGHT="0" />
            <String ID="Word_23759" HPOS="1263" VPOS="513" WIDTH="192" HEIGHT="54" CONTENT="Larynx," />
            <SP ID="SP_21342" HPOS="1455" VPOS="511" WIDTH="21" HEIGHT="0" />
            <String ID="Word_23760" HPOS="1476" VPOS="511" WIDTH="90" HEIGHT="51" CONTENT="viz.," />
            <SP ID="SP_21343" HPOS="1566" VPOS="511" WIDTH="22" HEIGHT="0" />
            <String ID="Word_23761" HPOS="1588" VPOS="511" WIDTH="66" HEIGHT="41" CONTENT="the" />
          </TextLine>
          <TextLine ID="TextLine_2419" HPOS="523" VPOS="587" WIDTH="615" HEIGHT="57">
            <String ID="Word_23762" HPOS="523" VPOS="587" WIDTH="424" HEIGHT="45" CONTENT="Crico-Arytenoidei" />
            <SP ID="SP_21344" HPOS="947" VPOS="587" WIDTH="20" HEIGHT="0" />
            <String ID="Word_23763" HPOS="967" VPOS="587" WIDTH="171" HEIGHT="42" CONTENT="Postici." />
          </TextLine>
          <TextLine ID="TextLine_2420" HPOS="71" VPOS="705" WIDTH="1603" HEIGHT="57">
            <String ID="Word_23764" HPOS="71" VPOS="709" WIDTH="105" HEIGHT="43" CONTENT="This" />
            <SP ID="SP_21345" HPOS="176" VPOS="709" WIDTH="33" HEIGHT="0" />
            <String ID="Word_23765" HPOS="209" VPOS="710" WIDTH="37" HEIGHT="42" CONTENT="is" />
            <SP ID="SP_21346" HPOS="246" VPOS="710" WIDTH="35" HEIGHT="0" />
            <String ID="Word_23766" HPOS="281" VPOS="724" WIDTH="25" HEIGHT="28" CONTENT="a" />
            <SP ID="SP_21347" HPOS="306" VPOS="709" WIDTH="33" HEIGHT="0" />
            <String ID="Word_23767" HPOS="339" VPOS="709" WIDTH="241" HEIGHT="43" CONTENT="somewhat" />
            <SP ID="SP_21348" HPOS="580" VPOS="709" WIDTH="21" HEIGHT="0" />
            <String ID="Word_23768" HPOS="601" VPOS="723" WIDTH="94" HEIGHT="29" CONTENT="rare" />
            <SP ID="SP_21349" HPOS="695" VPOS="708" WIDTH="28" HEIGHT="0" />
            <String ID="Word_23769" HPOS="723" VPOS="708" WIDTH="239" HEIGHT="43" CONTENT="condition," />
            <SP ID="SP_21350" HPOS="962" VPOS="707" WIDTH="24" HEIGHT="0" />
            <String ID="Word_23770" HPOS="986" VPOS="707" WIDTH="88" HEIGHT="43" CONTENT="and" />
            <SP ID="SP_21351" HPOS="1074" VPOS="707" WIDTH="34" HEIGHT="0" />
            <String ID="Word_23771" HPOS="1108" VPOS="721" WIDTH="25" HEIGHT="28" CONTENT="a" />
            <SP ID="SP_21352" HPOS="1133" VPOS="720" WIDTH="36" HEIGHT="0" />
            <String ID="Word_23772" HPOS="1169" VPOS="720" WIDTH="108" HEIGHT="42" CONTENT="very" />
            <SP ID="SP_21353" HPOS="1277" VPOS="705" WIDTH="22" HEIGHT="0" />
            <String ID="Word_23773" HPOS="1299" VPOS="705" WIDTH="245" HEIGHT="57" CONTENT="dangerous" />
            <SP ID="SP_21354" HPOS="1544" VPOS="705" WIDTH="35" HEIGHT="0" />
            <String ID="Word_23774" HPOS="1579" VPOS="717" WIDTH="95" HEIGHT="30" CONTENT="one." />
          </TextLine>
          <TextLine ID="TextLine_2421" HPOS="26" VPOS="772" WIDTH="1649" HEIGHT="64">
            <String ID="Word_23775" HPOS="26" VPOS="772" WIDTH="50" HEIGHT="52" CONTENT="tta" />
            <SP ID="SP_21355" HPOS="76" VPOS="772" WIDTH="34" HEIGHT="0" />
            <String ID="Word_23776" HPOS="110" VPOS="782" WIDTH="224" HEIGHT="42" CONTENT="causation" />
            <SP ID="SP_21356" HPOS="334" VPOS="782" WIDTH="42" HEIGHT="0" />
            <String ID="Word_23777" HPOS="376" VPOS="782" WIDTH="142" HEIGHT="42" CONTENT="varies" />
            <SP ID="SP_21357" HPOS="518" VPOS="780" WIDTH="42" HEIGHT="0" />
            <String ID="Word_23778" HPOS="560" VPOS="780" WIDTH="47" HEIGHT="44" CONTENT="in" />
            <SP ID="SP_21358" HPOS="607" VPOS="780" WIDTH="43" HEIGHT="0" />
            <String ID="Word_23779" HPOS="650" VPOS="781" WIDTH="206" HEIGHT="43" CONTENT="different" />
            <SP ID="SP_21359" HPOS="856" VPOS="781" WIDTH="41" HEIGHT="0" />
            <String ID="Word_23780" HPOS="897" VPOS="794" WIDTH="147" HEIGHT="29" CONTENT="cases:" />
            <SP ID="SP_21360" HPOS="1044" VPOS="778" WIDTH="44" HEIGHT="0" />
            <String ID="Word_23781" HPOS="1088" VPOS="778" WIDTH="227" HEIGHT="58" CONTENT="generally" />
            <SP ID="SP_21361" HPOS="1315" VPOS="778" WIDTH="32" HEIGHT="0" />
            <String ID="Word_23782" HPOS="1347" VPOS="778" WIDTH="39" HEIGHT="42" CONTENT="it" />
            <SP ID="SP_21362" HPOS="1386" VPOS="776" WIDTH="40" HEIGHT="0" />
            <String ID="Word_23783" HPOS="1426" VPOS="776" WIDTH="39" HEIGHT="44" CONTENT="is" />
            <SP ID="SP_21363" HPOS="1465" VPOS="776" WIDTH="42" HEIGHT="0" />
            <String ID="Word_23784" HPOS="1507" VPOS="776" WIDTH="87" HEIGHT="44" CONTENT="due" />
            <SP ID="SP_21364" HPOS="1594" VPOS="776" WIDTH="34" HEIGHT="0" />
            <String ID="Word_23785" HPOS="1628" VPOS="779" WIDTH="47" HEIGHT="39" CONTENT="to" />
          </TextLine>
          <TextLine ID="TextLine_2422" HPOS="25" VPOS="848" WIDTH="1650" HEIGHT="58">
            <String ID="Word_23786" HPOS="25" VPOS="852" WIDTH="152" HEIGHT="43" CONTENT="lisease" />
            <SP ID="SP_21365" HPOS="177" VPOS="852" WIDTH="22" HEIGHT="0" />
            <String ID="Word_23787" HPOS="199" VPOS="853" WIDTH="45" HEIGHT="42" CONTENT="of" />
            <SP ID="SP_21366" HPOS="244" VPOS="853" WIDTH="21" HEIGHT="0" />
            <String ID="Word_23788" HPOS="265" VPOS="853" WIDTH="75" HEIGHT="43" CONTENT="the" />
            <SP ID="SP_21367" HPOS="340" VPOS="853" WIDTH="22" HEIGHT="0" />
            <String ID="Word_23789" HPOS="362" VPOS="867" WIDTH="155" HEIGHT="29" CONTENT="nerves" />
            <SP ID="SP_21368" HPOS="517" VPOS="866" WIDTH="23" HEIGHT="0" />
            <String ID="Word_23790" HPOS="540" VPOS="867" WIDTH="48" HEIGHT="28" CONTENT="or" />
            <SP ID="SP_21369" HPOS="588" VPOS="856" WIDTH="25" HEIGHT="0" />
            <String ID="Word_23791" HPOS="613" VPOS="856" WIDTH="273" HEIGHT="39" CONTENT="nerve-roots" />
            <SP ID="SP_21370" HPOS="886" VPOS="856" WIDTH="19" HEIGHT="0" />
            <String ID="Word_23792" HPOS="905" VPOS="867" WIDTH="9" HEIGHT="39" CONTENT=";" />
            <SP ID="SP_21371" HPOS="914" VPOS="852" WIDTH="32" HEIGHT="0" />
            <String ID="Word_23793" HPOS="946" VPOS="852" WIDTH="81" HEIGHT="42" CONTENT="but" />
            <SP ID="SP_21372" HPOS="1027" VPOS="850" WIDTH="22" HEIGHT="0" />
            <String ID="Word_23794" HPOS="1049" VPOS="850" WIDTH="47" HEIGHT="44" CONTENT="in" />
            <SP ID="SP_21373" HPOS="1096" VPOS="850" WIDTH="24" HEIGHT="0" />
            <String ID="Word_23795" HPOS="1120" VPOS="866" WIDTH="24" HEIGHT="28" CONTENT="a" />
            <SP ID="SP_21374" HPOS="1144" VPOS="850" WIDTH="23" HEIGHT="0" />
            <String ID="Word_23796" HPOS="1167" VPOS="850" WIDTH="85" HEIGHT="44" CONTENT="few" />
            <SP ID="SP_21375" HPOS="1252" VPOS="850" WIDTH="22" HEIGHT="0" />
            <String ID="Word_23797" HPOS="1274" VPOS="863" WIDTH="122" HEIGHT="30" CONTENT="cases" />
            <SP ID="SP_21376" HPOS="1396" VPOS="863" WIDTH="22" HEIGHT="0" />
            <String ID="Word_23798" HPOS="1418" VPOS="863" WIDTH="57" HEIGHT="28" CONTENT="no" />
            <SP ID="SP_21377" HPOS="1475" VPOS="848" WIDTH="23" HEIGHT="0" />
            <String ID="Word_23799" HPOS="1498" VPOS="848" WIDTH="177" HEIGHT="56" CONTENT="organic" />
          </TextLine>
          <TextLine ID="TextLine_2423" HPOS="24" VPOS="919" WIDTH="1649" HEIGHT="59">
            <String ID="Word_23800" HPOS="24" VPOS="939" WIDTH="114" HEIGHT="28" CONTENT="tause" />
            <SP ID="SP_21378" HPOS="138" VPOS="938" WIDTH="35" HEIGHT="0" />
            <String ID="Word_23801" HPOS="173" VPOS="939" WIDTH="80" HEIGHT="28" CONTENT="can" />
            <SP ID="SP_21379" HPOS="253" VPOS="926" WIDTH="23" HEIGHT="0" />
            <String ID="Word_23802" HPOS="276" VPOS="926" WIDTH="52" HEIGHT="42" CONTENT="be" />
            <SP ID="SP_21380" HPOS="328" VPOS="925" WIDTH="35" HEIGHT="0" />
            <String ID="Word_23803" HPOS="363" VPOS="925" WIDTH="213" HEIGHT="43" CONTENT="detected." />
            <SP ID="SP_21381" HPOS="576" VPOS="925" WIDTH="21" HEIGHT="0" />
            <String ID="Word_23804" HPOS="640" VPOS="925" WIDTH="46" HEIGHT="42" CONTENT="It" />
            <SP ID="SP_21382" HPOS="686" VPOS="924" WIDTH="22" HEIGHT="0" />
            <String ID="Word_23805" HPOS="708" VPOS="924" WIDTH="79" HEIGHT="44" CONTENT="has" />
            <SP ID="SP_21383" HPOS="787" VPOS="924" WIDTH="34" HEIGHT="0" />
            <String ID="Word_23806" HPOS="821" VPOS="925" WIDTH="112" HEIGHT="43" CONTENT="been" />
            <SP ID="SP_21384" HPOS="933" VPOS="924" WIDTH="36" HEIGHT="0" />
            <String ID="Word_23807" HPOS="969" VPOS="924" WIDTH="165" HEIGHT="42" CONTENT="known" />
            <SP ID="SP_21385" HPOS="1134" VPOS="924" WIDTH="36" HEIGHT="0" />
            <String ID="Word_23808" HPOS="1170" VPOS="927" WIDTH="45" HEIGHT="39" CONTENT="to" />
            <SP ID="SP_21386" HPOS="1215" VPOS="921" WIDTH="34" HEIGHT="0" />
            <String ID="Word_23809" HPOS="1249" VPOS="921" WIDTH="186" HEIGHT="45" CONTENT="succeed" />
            <SP ID="SP_21387" HPOS="1435" VPOS="919" WIDTH="34" HEIGHT="0" />
            <String ID="Word_23810" HPOS="1469" VPOS="919" WIDTH="204" HEIGHT="57" CONTENT="epilepti-" />
          </TextLine>
          <TextLine ID="TextLine_2424" HPOS="29" VPOS="993" WIDTH="1646" HEIGHT="59">
            <String ID="Word_23811" HPOS="29" VPOS="1011" WIDTH="95" HEIGHT="27" CONTENT="orni" />
            <SP ID="SP_21388" HPOS="124" VPOS="997" WIDTH="42" HEIGHT="0" />
            <String ID="Word_23812" HPOS="166" VPOS="997" WIDTH="83" HEIGHT="43" CONTENT="fits." />
            <SP ID="SP_21389" HPOS="249" VPOS="997" WIDTH="21" HEIGHT="0" />
            <String ID="Word_23813" HPOS="334" VPOS="998" WIDTH="45" HEIGHT="42" CONTENT="It" />
            <SP ID="SP_21390" HPOS="379" VPOS="997" WIDTH="41" HEIGHT="0" />
            <String ID="Word_23814" HPOS="420" VPOS="997" WIDTH="79" HEIGHT="43" CONTENT="has" />
            <SP ID="SP_21391" HPOS="499" VPOS="997" WIDTH="42" HEIGHT="0" />
            <String ID="Word_23815" HPOS="541" VPOS="1012" WIDTH="58" HEIGHT="28" CONTENT="no" />
            <SP ID="SP_21392" HPOS="599" VPOS="997" WIDTH="43" HEIGHT="0" />
            <String ID="Word_23816" HPOS="642" VPOS="997" WIDTH="184" HEIGHT="43" CONTENT="distinct" />
            <SP ID="SP_21393" HPOS="826" VPOS="996" WIDTH="42" HEIGHT="0" />
            <String ID="Word_23817" HPOS="868" VPOS="996" WIDTH="293" HEIGHT="44" CONTENT="relationship" />
            <SP ID="SP_21394" HPOS="1161" VPOS="996" WIDTH="43" HEIGHT="0" />
            <String ID="Word_23818" HPOS="1204" VPOS="1000" WIDTH="46" HEIGHT="38" CONTENT="to" />
            <SP ID="SP_21395" HPOS="1250" VPOS="994" WIDTH="43" HEIGHT="0" />
            <String ID="Word_23819" HPOS="1293" VPOS="994" WIDTH="212" HEIGHT="57" CONTENT="hysteria," />
            <SP ID="SP_21396" HPOS="1505" VPOS="993" WIDTH="41" HEIGHT="0" />
            <String ID="Word_23820" HPOS="1546" VPOS="993" WIDTH="38" HEIGHT="43" CONTENT="is" />
            <SP ID="SP_21397" HPOS="1584" VPOS="993" WIDTH="43" HEIGHT="0" />
            <String ID="Word_23821" HPOS="1627" VPOS="1006" WIDTH="48" HEIGHT="29" CONTENT="as" />
          </TextLine>
          <TextLine ID="TextLine_2425" HPOS="37" VPOS="1068" WIDTH="1636" HEIGHT="52">
            <String ID="Word_23822" HPOS="37" VPOS="1083" WIDTH="174" HEIGHT="28" CONTENT="ommon" />
            <SP ID="SP_21398" HPOS="211" VPOS="1069" WIDTH="32" HEIGHT="0" />
            <String ID="Word_23823" HPOS="243" VPOS="1069" WIDTH="47" HEIGHT="42" CONTENT="in" />
            <SP ID="SP_21399" HPOS="290" VPOS="1069" WIDTH="44" HEIGHT="0" />
            <String ID="Word_23824" HPOS="334" VPOS="1069" WIDTH="75" HEIGHT="43" CONTENT="the" />
            <SP ID="SP_21400" HPOS="409" VPOS="1069" WIDTH="42" HEIGHT="0" />
            <String ID="Word_23825" HPOS="451" VPOS="1069" WIDTH="114" HEIGHT="43" CONTENT="male" />
            <SP ID="SP_21401" HPOS="565" VPOS="1069" WIDTH="44" HEIGHT="0" />
            <String ID="Word_23826" HPOS="609" VPOS="1084" WIDTH="47" HEIGHT="28" CONTENT="as" />
            <SP ID="SP_21402" HPOS="656" VPOS="1069" WIDTH="32" HEIGHT="0" />
            <String ID="Word_23827" HPOS="688" VPOS="1069" WIDTH="46" HEIGHT="42" CONTENT="in" />
            <SP ID="SP_21403" HPOS="734" VPOS="1069" WIDTH="34" HEIGHT="0" />
            <String ID="Word_23828" HPOS="768" VPOS="1069" WIDTH="76" HEIGHT="43" CONTENT="the" />
            <SP ID="SP_21404" HPOS="844" VPOS="1068" WIDTH="41" HEIGHT="0" />
            <String ID="Word_23829" HPOS="885" VPOS="1068" WIDTH="173" HEIGHT="44" CONTENT="female," />
            <SP ID="SP_21405" HPOS="1058" VPOS="1068" WIDTH="43" HEIGHT="0" />
            <String ID="Word_23830" HPOS="1101" VPOS="1068" WIDTH="88" HEIGHT="43" CONTENT="and" />
            <SP ID="SP_21406" HPOS="1189" VPOS="1068" WIDTH="43" HEIGHT="0" />
            <String ID="Word_23831" HPOS="1232" VPOS="1068" WIDTH="38" HEIGHT="42" CONTENT="is" />
            <SP ID="SP_21407" HPOS="1270" VPOS="1068" WIDTH="43" HEIGHT="0" />
            <String ID="Word_23832" HPOS="1313" VPOS="1071" WIDTH="116" HEIGHT="38" CONTENT="most" />
            <SP ID="SP_21408" HPOS="1429" VPOS="1071" WIDTH="42" HEIGHT="0" />
            <String ID="Word_23833" HPOS="1471" VPOS="1079" WIDTH="202" HEIGHT="30" CONTENT="common" />
          </TextLine>
          <TextLine ID="TextLine_2426" HPOS="37" VPOS="1137" WIDTH="1637" HEIGHT="60">
            <String ID="Word_23834" HPOS="37" VPOS="1144" WIDTH="20" HEIGHT="39" CONTENT="t" />
            <SP ID="SP_21409" HPOS="57" VPOS="1144" WIDTH="41" HEIGHT="0" />
            <String ID="Word_23835" HPOS="98" VPOS="1155" WIDTH="25" HEIGHT="28" CONTENT="a" />
            <SP ID="SP_21410" HPOS="123" VPOS="1141" WIDTH="32" HEIGHT="0" />
            <String ID="Word_23836" HPOS="155" VPOS="1141" WIDTH="241" HEIGHT="43" CONTENT="somewhat" />
            <SP ID="SP_21411" HPOS="396" VPOS="1141" WIDTH="31" HEIGHT="0" />
            <String ID="Word_23837" HPOS="427" VPOS="1141" WIDTH="224" HEIGHT="43" CONTENT="advanced" />
            <SP ID="SP_21412" HPOS="651" VPOS="1141" WIDTH="43" HEIGHT="0" />
            <String ID="Word_23838" HPOS="694" VPOS="1141" WIDTH="150" HEIGHT="56" CONTENT="period" />
            <SP ID="SP_21413" HPOS="844" VPOS="1141" WIDTH="42" HEIGHT="0" />
            <String ID="Word_23839" HPOS="886" VPOS="1141" WIDTH="48" HEIGHT="42" CONTENT="of" />
            <SP ID="SP_21414" HPOS="934" VPOS="1141" WIDTH="28" HEIGHT="0" />
            <String ID="Word_23840" HPOS="962" VPOS="1141" WIDTH="89" HEIGHT="42" CONTENT="life." />
            <SP ID="SP_21415" HPOS="1051" VPOS="1141" WIDTH="21" HEIGHT="0" />
            <String ID="Word_23841" HPOS="1137" VPOS="1141" WIDTH="46" HEIGHT="42" CONTENT="It" />
            <SP ID="SP_21416" HPOS="1183" VPOS="1140" WIDTH="32" HEIGHT="0" />
            <String ID="Word_23842" HPOS="1215" VPOS="1140" WIDTH="104" HEIGHT="43" CONTENT="does" />
            <SP ID="SP_21417" HPOS="1319" VPOS="1140" WIDTH="37" HEIGHT="0" />
            <String ID="Word_23843" HPOS="1356" VPOS="1145" WIDTH="79" HEIGHT="37" CONTENT="not" />
            <SP ID="SP_21418" HPOS="1435" VPOS="1137" WIDTH="31" HEIGHT="0" />
            <String ID="Word_23844" HPOS="1466" VPOS="1137" WIDTH="208" HEIGHT="44" CONTENT="interfere" />
          </TextLine>
          <TextLine ID="TextLine_2427" HPOS="31" VPOS="1210" WIDTH="1643" HEIGHT="59">
            <String ID="Word_23845" HPOS="31" VPOS="1213" WIDTH="90" HEIGHT="42" CONTENT="vith" />
            <SP ID="SP_21419" HPOS="121" VPOS="1213" WIDTH="33" HEIGHT="0" />
            <String ID="Word_23846" HPOS="154" VPOS="1213" WIDTH="74" HEIGHT="43" CONTENT="the" />
            <SP ID="SP_21420" HPOS="228" VPOS="1213" WIDTH="42" HEIGHT="0" />
            <String ID="Word_23847" HPOS="270" VPOS="1227" WIDTH="131" HEIGHT="29" CONTENT="voice." />
            <SP ID="SP_21421" HPOS="401" VPOS="1213" WIDTH="21" HEIGHT="0" />
            <String ID="Word_23848" HPOS="465" VPOS="1213" WIDTH="46" HEIGHT="43" CONTENT="It" />
            <SP ID="SP_21422" HPOS="511" VPOS="1213" WIDTH="40" HEIGHT="0" />
            <String ID="Word_23849" HPOS="551" VPOS="1213" WIDTH="213" HEIGHT="56" CONTENT="produces" />
            <SP ID="SP_21423" HPOS="764" VPOS="1213" WIDTH="32" HEIGHT="0" />
            <String ID="Word_23850" HPOS="796" VPOS="1213" WIDTH="161" HEIGHT="43" CONTENT="stridor" />
            <SP ID="SP_21424" HPOS="957" VPOS="1213" WIDTH="31" HEIGHT="0" />
            <String ID="Word_23851" HPOS="988" VPOS="1213" WIDTH="161" HEIGHT="56" CONTENT="during" />
            <SP ID="SP_21425" HPOS="1149" VPOS="1211" WIDTH="31" HEIGHT="0" />
            <String ID="Word_23852" HPOS="1180" VPOS="1211" WIDTH="278" HEIGHT="57" CONTENT="inspiration," />
            <SP ID="SP_21426" HPOS="1458" VPOS="1210" WIDTH="43" HEIGHT="0" />
            <String ID="Word_23853" HPOS="1501" VPOS="1223" WIDTH="173" HEIGHT="43" CONTENT="expira-" />
          </TextLine>
          <TextLine ID="TextLine_2428" HPOS="35" VPOS="1281" WIDTH="1642" HEIGHT="60">
            <String ID="Word_23854" HPOS="35" VPOS="1285" WIDTH="71" HEIGHT="42" CONTENT="ion" />
            <SP ID="SP_21427" HPOS="106" VPOS="1285" WIDTH="43" HEIGHT="0" />
            <String ID="Word_23855" HPOS="149" VPOS="1285" WIDTH="132" HEIGHT="56" CONTENT="being" />
            <SP ID="SP_21428" HPOS="281" VPOS="1285" WIDTH="35" HEIGHT="0" />
            <String ID="Word_23856" HPOS="316" VPOS="1285" WIDTH="247" HEIGHT="56" CONTENT="performed" />
            <SP ID="SP_21429" HPOS="563" VPOS="1285" WIDTH="44" HEIGHT="0" />
            <String ID="Word_23857" HPOS="607" VPOS="1285" WIDTH="190" HEIGHT="42" CONTENT="without" />
            <SP ID="SP_21430" HPOS="797" VPOS="1285" WIDTH="43" HEIGHT="0" />
            <String ID="Word_23858" HPOS="840" VPOS="1285" WIDTH="132" HEIGHT="42" CONTENT="noise." />
            <SP ID="SP_21431" HPOS="972" VPOS="1284" WIDTH="21" HEIGHT="0" />
            <String ID="Word_23859" HPOS="1057" VPOS="1284" WIDTH="105" HEIGHT="43" CONTENT="This" />
            <SP ID="SP_21432" HPOS="1162" VPOS="1284" WIDTH="42" HEIGHT="0" />
            <String ID="Word_23860" HPOS="1204" VPOS="1284" WIDTH="273" HEIGHT="56" CONTENT="inspiratory" />
            <SP ID="SP_21433" HPOS="1477" VPOS="1281" WIDTH="38" HEIGHT="0" />
            <String ID="Word_23861" HPOS="1515" VPOS="1281" WIDTH="162" HEIGHT="43" CONTENT="stridor" />
          </TextLine>
          <TextLine ID="TextLine_2429" HPOS="28" VPOS="1354" WIDTH="1648" HEIGHT="60">
            <String ID="Word_23862" HPOS="28" VPOS="1372" WIDTH="22" HEIGHT="28" CONTENT="3" />
            <SP ID="SP_21434" HPOS="50" VPOS="1357" WIDTH="42" HEIGHT="0" />
            <String ID="Word_23863" HPOS="92" VPOS="1357" WIDTH="263" HEIGHT="57" CONTENT="alarmingly" />
            <SP ID="SP_21435" HPOS="355" VPOS="1356" WIDTH="41" HEIGHT="0" />
            <String ID="Word_23864" HPOS="396" VPOS="1356" WIDTH="105" HEIGHT="43" CONTENT="loud" />
            <SP ID="SP_21436" HPOS="501" VPOS="1356" WIDTH="42" HEIGHT="0" />
            <String ID="Word_23865" HPOS="543" VPOS="1356" WIDTH="130" HEIGHT="43" CONTENT="when" />
            <SP ID="SP_21437" HPOS="673" VPOS="1356" WIDTH="42" HEIGHT="0" />
            <String ID="Word_23866" HPOS="715" VPOS="1357" WIDTH="76" HEIGHT="42" CONTENT="the" />
            <SP ID="SP_21438" HPOS="791" VPOS="1356" WIDTH="43" HEIGHT="0" />
            <String ID="Word_23867" HPOS="834" VPOS="1356" WIDTH="173" HEIGHT="56" CONTENT="patient" />
            <SP ID="SP_21439" HPOS="1007" VPOS="1356" WIDTH="47" HEIGHT="0" />
            <String ID="Word_23868" HPOS="1054" VPOS="1356" WIDTH="154" HEIGHT="43" CONTENT="sleeps." />
            <SP ID="SP_21440" HPOS="1208" VPOS="1356" WIDTH="19" HEIGHT="0" />
            <String ID="Word_23869" HPOS="1303" VPOS="1356" WIDTH="92" HEIGHT="42" CONTENT="The" />
            <SP ID="SP_21441" HPOS="1395" VPOS="1354" WIDTH="53" HEIGHT="0" />
            <String ID="Word_23870" HPOS="1448" VPOS="1354" WIDTH="228" HEIGHT="43" CONTENT="condition" />
          </TextLine>
          <TextLine ID="TextLine_2430" HPOS="102" VPOS="1425" WIDTH="1573" HEIGHT="60">
            <String ID="Word_23871" HPOS="102" VPOS="1429" WIDTH="253" HEIGHT="56" CONTENT="frequently" />
            <SP ID="SP_21442" HPOS="355" VPOS="1429" WIDTH="26" HEIGHT="0" />
            <String ID="Word_23872" HPOS="407" VPOS="1429" WIDTH="76" HEIGHT="42" CONTENT="the" />
            <SP ID="SP_21443" HPOS="483" VPOS="1429" WIDTH="26" HEIGHT="0" />
            <String ID="Word_23873" HPOS="536" VPOS="1443" WIDTH="129" HEIGHT="28" CONTENT="cause" />
            <SP ID="SP_21444" HPOS="665" VPOS="1429" WIDTH="26" HEIGHT="0" />
            <String ID="Word_23874" HPOS="718" VPOS="1429" WIDTH="48" HEIGHT="42" CONTENT="of" />
            <SP ID="SP_21445" HPOS="766" VPOS="1428" WIDTH="48" HEIGHT="0" />
            <String ID="Word_23875" HPOS="814" VPOS="1428" WIDTH="134" HEIGHT="43" CONTENT="death" />
            <SP ID="SP_21446" HPOS="948" VPOS="1428" WIDTH="26" HEIGHT="0" />
            <String ID="Word_23876" HPOS="1001" VPOS="1429" WIDTH="60" HEIGHT="42" CONTENT="by" />
            <SP ID="SP_21447" HPOS="1061" VPOS="1428" WIDTH="26" HEIGHT="0" />
            <String ID="Word_23877" HPOS="1113" VPOS="1428" WIDTH="274" HEIGHT="43" CONTENT="suffocation." />
            <SP ID="SP_21448" HPOS="1387" VPOS="1427" WIDTH="19" HEIGHT="0" />
            <String ID="Word_23878" HPOS="1482" VPOS="1427" WIDTH="58" HEIGHT="43" CONTENT="In" />
            <SP ID="SP_21449" HPOS="1540" VPOS="1425" WIDTH="60" HEIGHT="0" />
            <String ID="Word_23879" HPOS="1600" VPOS="1425" WIDTH="75" HEIGHT="43" CONTENT="the" />
          </TextLine>
          <TextLine ID="TextLine_2431" HPOS="35" VPOS="1496" WIDTH="1642" HEIGHT="60">
            <String ID="Word_23880" HPOS="35" VPOS="1505" WIDTH="215" HEIGHT="37" CONTENT="reatment" />
            <SP ID="SP_21450" HPOS="250" VPOS="1501" WIDTH="37" HEIGHT="0" />
            <String ID="Word_23881" HPOS="287" VPOS="1501" WIDTH="49" HEIGHT="41" CONTENT="of" />
            <SP ID="SP_21451" HPOS="336" VPOS="1500" WIDTH="27" HEIGHT="0" />
            <String ID="Word_23882" HPOS="363" VPOS="1500" WIDTH="36" HEIGHT="42" CONTENT="it" />
            <SP ID="SP_21452" HPOS="399" VPOS="1500" WIDTH="33" HEIGHT="0" />
            <String ID="Word_23883" HPOS="432" VPOS="1500" WIDTH="304" HEIGHT="56" CONTENT="tracheotomy" />
            <SP ID="SP_21453" HPOS="736" VPOS="1500" WIDTH="31" HEIGHT="0" />
            <String ID="Word_23884" HPOS="767" VPOS="1500" WIDTH="38" HEIGHT="43" CONTENT="is" />
            <SP ID="SP_21454" HPOS="805" VPOS="1499" WIDTH="32" HEIGHT="0" />
            <String ID="Word_23885" HPOS="837" VPOS="1499" WIDTH="227" HEIGHT="57" CONTENT="generally" />
            <SP ID="SP_21455" HPOS="1064" VPOS="1499" WIDTH="31" HEIGHT="0" />
            <String ID="Word_23886" HPOS="1095" VPOS="1499" WIDTH="240" HEIGHT="43" CONTENT="advisable." />
            <SP ID="SP_21456" HPOS="1335" VPOS="1498" WIDTH="21" HEIGHT="0" />
            <String ID="Word_23887" HPOS="1400" VPOS="1498" WIDTH="71" HEIGHT="44" CONTENT="Sir" />
            <SP ID="SP_21457" HPOS="1471" VPOS="1496" WIDTH="43" HEIGHT="0" />
            <String ID="Word_23888" HPOS="1514" VPOS="1496" WIDTH="163" HEIGHT="44" CONTENT="Morell" />
          </TextLine>
          <TextLine ID="TextLine_2432" HPOS="39" VPOS="1569" WIDTH="1637" HEIGHT="52">
            <String ID="Word_23889" HPOS="39" VPOS="1571" WIDTH="231" HEIGHT="43" CONTENT="lackenzie" />
            <SP ID="SP_21458" HPOS="270" VPOS="1571" WIDTH="46" HEIGHT="0" />
            <String ID="Word_23890" HPOS="316" VPOS="1572" WIDTH="175" HEIGHT="42" CONTENT="records" />
            <SP ID="SP_21459" HPOS="491" VPOS="1572" WIDTH="48" HEIGHT="0" />
            <String ID="Word_23891" HPOS="539" VPOS="1586" WIDTH="25" HEIGHT="27" CONTENT="a" />
            <SP ID="SP_21460" HPOS="564" VPOS="1572" WIDTH="48" HEIGHT="0" />
            <String ID="Word_23892" HPOS="612" VPOS="1572" WIDTH="188" HEIGHT="42" CONTENT="number" />
            <SP ID="SP_21461" HPOS="800" VPOS="1571" WIDTH="46" HEIGHT="0" />
            <String ID="Word_23893" HPOS="846" VPOS="1571" WIDTH="46" HEIGHT="43" CONTENT="of" />
            <SP ID="SP_21462" HPOS="892" VPOS="1571" WIDTH="47" HEIGHT="0" />
            <String ID="Word_23894" HPOS="939" VPOS="1586" WIDTH="120" HEIGHT="28" CONTENT="cases" />
            <SP ID="SP_21463" HPOS="1059" VPOS="1572" WIDTH="46" HEIGHT="0" />
            <String ID="Word_23895" HPOS="1105" VPOS="1572" WIDTH="47" HEIGHT="41" CONTENT="of" />
            <SP ID="SP_21464" HPOS="1152" VPOS="1571" WIDTH="44" HEIGHT="0" />
            <String ID="Word_23896" HPOS="1196" VPOS="1571" WIDTH="91" HEIGHT="43" CONTENT="this" />
            <SP ID="SP_21465" HPOS="1287" VPOS="1570" WIDTH="49" HEIGHT="0" />
            <String ID="Word_23897" HPOS="1336" VPOS="1570" WIDTH="241" HEIGHT="43" CONTENT="condition," />
            <SP ID="SP_21466" HPOS="1577" VPOS="1569" WIDTH="52" HEIGHT="0" />
            <String ID="Word_23898" HPOS="1629" VPOS="1569" WIDTH="47" HEIGHT="42" CONTENT="in" />
          </TextLine>
          <TextLine ID="TextLine_2433" HPOS="45" VPOS="1642" WIDTH="1631" HEIGHT="58">
            <String ID="Word_23899" HPOS="45" VPOS="1644" WIDTH="35" HEIGHT="43" CONTENT="is" />
            <SP ID="SP_21467" HPOS="80" VPOS="1643" WIDTH="23" HEIGHT="0" />
            <String ID="Word_23900" HPOS="103" VPOS="1643" WIDTH="119" HEIGHT="42" CONTENT="work" />
            <SP ID="SP_21468" HPOS="222" VPOS="1643" WIDTH="23" HEIGHT="0" />
            <String ID="Word_23901" HPOS="245" VPOS="1658" WIDTH="56" HEIGHT="28" CONTENT="on" />
            <SP ID="SP_21469" HPOS="301" VPOS="1643" WIDTH="32" HEIGHT="0" />
            <String ID="Word_23902" HPOS="333" VPOS="1643" WIDTH="194" HEIGHT="43" CONTENT="Diseases" />
            <SP ID="SP_21470" HPOS="527" VPOS="1643" WIDTH="31" HEIGHT="0" />
            <String ID="Word_23903" HPOS="558" VPOS="1644" WIDTH="51" HEIGHT="55" CONTENT="of" />
            <SP ID="SP_21471" HPOS="609" VPOS="1644" WIDTH="25" HEIGHT="0" />
            <String ID="Word_23904" HPOS="634" VPOS="1644" WIDTH="66" HEIGHT="42" CONTENT="the" />
            <SP ID="SP_21472" HPOS="700" VPOS="1644" WIDTH="31" HEIGHT="0" />
            <String ID="Word_23905" HPOS="731" VPOS="1644" WIDTH="191" HEIGHT="56" CONTENT="Larynx." />
            <SP ID="SP_21473" HPOS="922" VPOS="1644" WIDTH="22" HEIGHT="0" />
            <String ID="Word_23906" HPOS="988" VPOS="1644" WIDTH="22" HEIGHT="42" CONTENT="I" />
            <SP ID="SP_21474" HPOS="1010" VPOS="1643" WIDTH="35" HEIGHT="0" />
            <String ID="Word_23907" HPOS="1045" VPOS="1643" WIDTH="112" HEIGHT="43" CONTENT="have" />
            <SP ID="SP_21475" HPOS="1157" VPOS="1643" WIDTH="33" HEIGHT="0" />
            <String ID="Word_23908" HPOS="1190" VPOS="1658" WIDTH="104" HEIGHT="28" CONTENT="seen" />
            <SP ID="SP_21476" HPOS="1294" VPOS="1642" WIDTH="34" HEIGHT="0" />
            <String ID="Word_23909" HPOS="1328" VPOS="1642" WIDTH="108" HEIGHT="57" CONTENT="only" />
            <SP ID="SP_21477" HPOS="1436" VPOS="1642" WIDTH="22" HEIGHT="0" />
            <String ID="Word_23910" HPOS="1458" VPOS="1656" WIDTH="83" HEIGHT="29" CONTENT="one" />
            <SP ID="SP_21478" HPOS="1541" VPOS="1656" WIDTH="23" HEIGHT="0" />
            <String ID="Word_23911" HPOS="1564" VPOS="1656" WIDTH="112" HEIGHT="37" CONTENT="case," />
          </TextLine>
          <TextLine ID="TextLine_2434" HPOS="39" VPOS="1713" WIDTH="1639" HEIGHT="59">
            <String ID="Word_23912" HPOS="39" VPOS="1727" WIDTH="47" HEIGHT="31" CONTENT="lie" />
            <SP ID="SP_21479" HPOS="86" VPOS="1716" WIDTH="22" HEIGHT="0" />
            <String ID="Word_23913" HPOS="108" VPOS="1721" WIDTH="171" HEIGHT="50" CONTENT="patient" />
            <SP ID="SP_21480" HPOS="279" VPOS="1715" WIDTH="23" HEIGHT="0" />
            <String ID="Word_23914" HPOS="302" VPOS="1715" WIDTH="130" HEIGHT="43" CONTENT="being" />
            <SP ID="SP_21481" HPOS="432" VPOS="1715" WIDTH="23" HEIGHT="0" />
            <String ID="Word_23915" HPOS="455" VPOS="1730" WIDTH="24" HEIGHT="28" CONTENT="a" />
            <SP ID="SP_21482" HPOS="479" VPOS="1729" WIDTH="23" HEIGHT="0" />
            <String ID="Word_23916" HPOS="502" VPOS="1729" WIDTH="103" HEIGHT="28" CONTENT="man" />
            <SP ID="SP_21483" HPOS="605" VPOS="1715" WIDTH="24" HEIGHT="0" />
            <String ID="Word_23917" HPOS="629" VPOS="1715" WIDTH="45" HEIGHT="43" CONTENT="of" />
            <SP ID="SP_21484" HPOS="674" VPOS="1715" WIDTH="22" HEIGHT="0" />
            <String ID="Word_23918" HPOS="696" VPOS="1716" WIDTH="135" HEIGHT="42" CONTENT="about" />
            <SP ID="SP_21485" HPOS="831" VPOS="1716" WIDTH="23" HEIGHT="0" />
            <String ID="Word_23919" HPOS="854" VPOS="1716" WIDTH="55" HEIGHT="42" CONTENT="60" />
            <SP ID="SP_21486" HPOS="909" VPOS="1716" WIDTH="24" HEIGHT="0" />
            <String ID="Word_23920" HPOS="933" VPOS="1729" WIDTH="128" HEIGHT="42" CONTENT="years" />
            <SP ID="SP_21487" HPOS="1061" VPOS="1715" WIDTH="23" HEIGHT="0" />
            <String ID="Word_23921" HPOS="1084" VPOS="1715" WIDTH="45" HEIGHT="42" CONTENT="of" />
            <SP ID="SP_21488" HPOS="1129" VPOS="1715" WIDTH="23" HEIGHT="0" />
            <String ID="Word_23922" HPOS="1152" VPOS="1729" WIDTH="91" HEIGHT="43" CONTENT="age," />
            <SP ID="SP_21489" HPOS="1243" VPOS="1715" WIDTH="19" HEIGHT="0" />
            <String ID="Word_23923" HPOS="1262" VPOS="1715" WIDTH="99" HEIGHT="42" CONTENT="who" />
            <SP ID="SP_21490" HPOS="1361" VPOS="1715" WIDTH="19" HEIGHT="0" />
            <String ID="Word_23924" HPOS="1380" VPOS="1729" WIDTH="89" HEIGHT="28" CONTENT="was" />
            <SP ID="SP_21491" HPOS="1469" VPOS="1713" WIDTH="16" HEIGHT="0" />
            <String ID="Word_23925" HPOS="1485" VPOS="1713" WIDTH="193" HEIGHT="57" CONTENT="brought" />
          </TextLine>
          <TextLine ID="TextLine_2435" HPOS="38" VPOS="1786" WIDTH="1636" HEIGHT="58">
            <String ID="Word_23926" HPOS="38" VPOS="1801" WIDTH="19" HEIGHT="28" CONTENT="i" />
            <SP ID="SP_21492" HPOS="57" VPOS="1801" WIDTH="32" HEIGHT="0" />
            <String ID="Word_23927" HPOS="89" VPOS="1801" WIDTH="69" HEIGHT="28" CONTENT="me" />
            <SP ID="SP_21493" HPOS="158" VPOS="1801" WIDTH="33" HEIGHT="0" />
            <String ID="Word_23928" HPOS="191" VPOS="1801" WIDTH="133" HEIGHT="42" CONTENT="many" />
            <SP ID="SP_21494" HPOS="324" VPOS="1801" WIDTH="22" HEIGHT="0" />
            <String ID="Word_23929" HPOS="346" VPOS="1801" WIDTH="127" HEIGHT="42" CONTENT="years" />
            <SP ID="SP_21495" HPOS="473" VPOS="1801" WIDTH="19" HEIGHT="0" />
            <String ID="Word_23930" HPOS="492" VPOS="1802" WIDTH="79" HEIGHT="42" CONTENT="ago" />
            <SP ID="SP_21496" HPOS="571" VPOS="1788" WIDTH="19" HEIGHT="0" />
            <String ID="Word_23931" HPOS="590" VPOS="1788" WIDTH="58" HEIGHT="55" CONTENT="by" />
            <SP ID="SP_21497" HPOS="648" VPOS="1788" WIDTH="16" HEIGHT="0" />
            <String ID="Word_23932" HPOS="664" VPOS="1802" WIDTH="75" HEIGHT="42" CONTENT="my" />
            <SP ID="SP_21498" HPOS="739" VPOS="1787" WIDTH="15" HEIGHT="0" />
            <String ID="Word_23933" HPOS="754" VPOS="1787" WIDTH="144" HEIGHT="43" CONTENT="friend" />
            <SP ID="SP_21499" HPOS="898" VPOS="1787" WIDTH="25" HEIGHT="0" />
            <String ID="Word_23934" HPOS="923" VPOS="1787" WIDTH="74" HEIGHT="43" CONTENT="the" />
            <SP ID="SP_21500" HPOS="997" VPOS="1787" WIDTH="19" HEIGHT="0" />
            <String ID="Word_23935" HPOS="1016" VPOS="1787" WIDTH="89" HEIGHT="42" CONTENT="late" />
            <SP ID="SP_21501" HPOS="1105" VPOS="1787" WIDTH="24" HEIGHT="0" />
            <String ID="Word_23936" HPOS="1129" VPOS="1787" WIDTH="68" HEIGHT="42" CONTENT="Dr" />
            <SP ID="SP_21502" HPOS="1197" VPOS="1787" WIDTH="20" HEIGHT="0" />
            <String ID="Word_23937" HPOS="1217" VPOS="1788" WIDTH="157" HEIGHT="41" CONTENT="Angus" />
            <SP ID="SP_21503" HPOS="1374" VPOS="1786" WIDTH="19" HEIGHT="0" />
            <String ID="Word_23938" HPOS="1393" VPOS="1786" WIDTH="281" HEIGHT="43" CONTENT="Macdonald." />
          </TextLine>
          <TextLine ID="TextLine_2436" HPOS="50" VPOS="1859" WIDTH="1625" HEIGHT="56">
            <String ID="Word_23939" HPOS="50" VPOS="1859" WIDTH="53" HEIGHT="43" CONTENT="he" />
            <SP ID="SP_21504" HPOS="103" VPOS="1859" WIDTH="31" HEIGHT="0" />
            <String ID="Word_23940" HPOS="134" VPOS="1859" WIDTH="139" HEIGHT="42" CONTENT="rough" />
            <SP ID="SP_21505" HPOS="273" VPOS="1859" WIDTH="33" HEIGHT="0" />
            <String ID="Word_23941" HPOS="306" VPOS="1859" WIDTH="242" HEIGHT="42" CONTENT="stridulous" />
            <SP ID="SP_21506" HPOS="548" VPOS="1859" WIDTH="38" HEIGHT="0" />
            <String ID="Word_23942" HPOS="586" VPOS="1859" WIDTH="122" HEIGHT="42" CONTENT="noise" />
            <SP ID="SP_21507" HPOS="708" VPOS="1859" WIDTH="35" HEIGHT="0" />
            <String ID="Word_23943" HPOS="743" VPOS="1859" WIDTH="221" HEIGHT="56" CONTENT="produced" />
            <SP ID="SP_21508" HPOS="964" VPOS="1859" WIDTH="34" HEIGHT="0" />
            <String ID="Word_23944" HPOS="998" VPOS="1860" WIDTH="58" HEIGHT="55" CONTENT="by" />
            <SP ID="SP_21509" HPOS="1056" VPOS="1859" WIDTH="27" HEIGHT="0" />
            <String ID="Word_23945" HPOS="1083" VPOS="1859" WIDTH="90" HEIGHT="43" CONTENT="this" />
            <SP ID="SP_21510" HPOS="1173" VPOS="1859" WIDTH="33" HEIGHT="0" />
            <String ID="Word_23946" HPOS="1206" VPOS="1859" WIDTH="174" HEIGHT="56" CONTENT="patient" />
            <SP ID="SP_21511" HPOS="1380" VPOS="1859" WIDTH="34" HEIGHT="0" />
            <String ID="Word_23947" HPOS="1414" VPOS="1859" WIDTH="163" HEIGHT="42" CONTENT="during" />
            <SP ID="SP_21512" HPOS="1577" VPOS="1859" WIDTH="33" HEIGHT="0" />
            <String ID="Word_23948" HPOS="1610" VPOS="1859" WIDTH="65" HEIGHT="41" CONTENT="in-" />
          </TextLine>
          <TextLine ID="TextLine_2437" HPOS="31" VPOS="1930" WIDTH="1646" HEIGHT="57">
            <String ID="Word_23949" HPOS="31" VPOS="1930" WIDTH="195" HEIGHT="57" CONTENT="spiration" />
            <SP ID="SP_21513" HPOS="226" VPOS="1930" WIDTH="40" HEIGHT="0" />
            <String ID="Word_23950" HPOS="266" VPOS="1930" WIDTH="199" HEIGHT="56" CONTENT="strongly" />
            <SP ID="SP_21514" HPOS="465" VPOS="1930" WIDTH="33" HEIGHT="0" />
            <String ID="Word_23951" HPOS="498" VPOS="1931" WIDTH="230" HEIGHT="42" CONTENT="reminded" />
            <SP ID="SP_21515" HPOS="728" VPOS="1931" WIDTH="37" HEIGHT="0" />
            <String ID="Word_23952" HPOS="765" VPOS="1945" WIDTH="71" HEIGHT="28" CONTENT="me" />
            <SP ID="SP_21516" HPOS="836" VPOS="1931" WIDTH="49" HEIGHT="0" />
            <String ID="Word_23953" HPOS="885" VPOS="1931" WIDTH="45" HEIGHT="42" CONTENT="of" />
            <SP ID="SP_21517" HPOS="930" VPOS="1931" WIDTH="45" HEIGHT="0" />
            <String ID="Word_23954" HPOS="975" VPOS="1931" WIDTH="75" HEIGHT="43" CONTENT="the" />
            <SP ID="SP_21518" HPOS="1050" VPOS="1931" WIDTH="48" HEIGHT="0" />
            <String ID="Word_23955" HPOS="1098" VPOS="1931" WIDTH="128" HEIGHT="55" CONTENT="noisy" />
            <SP ID="SP_21519" HPOS="1226" VPOS="1930" WIDTH="50" HEIGHT="0" />
            <String ID="Word_23956" HPOS="1276" VPOS="1930" WIDTH="235" HEIGHT="43" CONTENT="breathing" />
            <SP ID="SP_21520" HPOS="1511" VPOS="1930" WIDTH="47" HEIGHT="0" />
            <String ID="Word_23957" HPOS="1558" VPOS="1930" WIDTH="46" HEIGHT="42" CONTENT="of" />
            <SP ID="SP_21521" HPOS="1604" VPOS="1930" WIDTH="47" HEIGHT="0" />
            <String ID="Word_23958" HPOS="1651" VPOS="1944" WIDTH="26" HEIGHT="27" CONTENT="a" />
          </TextLine>
          <TextLine ID="TextLine_2438" HPOS="50" VPOS="2001" WIDTH="1627" HEIGHT="59">
            <String ID="Word_23959" HPOS="50" VPOS="2001" WIDTH="208" HEIGHT="44" CONTENT="roaring&quot;" />
            <SP ID="SP_21522" HPOS="258" VPOS="2001" WIDTH="33" HEIGHT="0" />
            <String ID="Word_23960" HPOS="291" VPOS="2002" WIDTH="127" HEIGHT="43" CONTENT="horse" />
            <SP ID="SP_21523" HPOS="418" VPOS="2002" WIDTH="20" HEIGHT="0" />
            <String ID="Word_23961" HPOS="438" VPOS="2018" WIDTH="8" HEIGHT="37" CONTENT=";" />
            <SP ID="SP_21524" HPOS="446" VPOS="2003" WIDTH="43" HEIGHT="0" />
            <String ID="Word_23962" HPOS="489" VPOS="2003" WIDTH="87" HEIGHT="41" CONTENT="and" />
            <SP ID="SP_21525" HPOS="576" VPOS="2003" WIDTH="39" HEIGHT="0" />
            <String ID="Word_23963" HPOS="615" VPOS="2017" WIDTH="56" HEIGHT="27" CONTENT="on" />
            <SP ID="SP_21526" HPOS="671" VPOS="2003" WIDTH="39" HEIGHT="0" />
            <String ID="Word_23964" HPOS="710" VPOS="2003" WIDTH="215" HEIGHT="57" CONTENT="referring" />
            <SP ID="SP_21527" HPOS="925" VPOS="2003" WIDTH="32" HEIGHT="0" />
            <String ID="Word_23965" HPOS="957" VPOS="2007" WIDTH="46" HEIGHT="39" CONTENT="to" />
            <SP ID="SP_21528" HPOS="1003" VPOS="2007" WIDTH="33" HEIGHT="0" />
            <String ID="Word_23966" HPOS="1036" VPOS="2017" WIDTH="83" HEIGHT="29" CONTENT="one" />
            <SP ID="SP_21529" HPOS="1119" VPOS="2005" WIDTH="33" HEIGHT="0" />
            <String ID="Word_23967" HPOS="1152" VPOS="2005" WIDTH="49" HEIGHT="41" CONTENT="of" />
            <SP ID="SP_21530" HPOS="1201" VPOS="2002" WIDTH="32" HEIGHT="0" />
            <String ID="Word_23968" HPOS="1233" VPOS="2002" WIDTH="78" HEIGHT="43" CONTENT="the" />
            <SP ID="SP_21531" HPOS="1311" VPOS="2002" WIDTH="22" HEIGHT="0" />
            <String ID="Word_23969" HPOS="1333" VPOS="2002" WIDTH="264" HEIGHT="43" CONTENT="authorities" />
            <SP ID="SP_21532" HPOS="1597" VPOS="2002" WIDTH="22" HEIGHT="0" />
            <String ID="Word_23970" HPOS="1619" VPOS="2016" WIDTH="58" HEIGHT="28" CONTENT="on" />
          </TextLine>
          <TextLine ID="TextLine_2439" HPOS="47" VPOS="2074" WIDTH="1630" HEIGHT="57">
            <String ID="Word_23971" HPOS="47" VPOS="2075" WIDTH="219" HEIGHT="55" CONTENT="eterinary" />
            <SP ID="SP_21533" HPOS="266" VPOS="2074" WIDTH="32" HEIGHT="0" />
            <String ID="Word_23972" HPOS="298" VPOS="2074" WIDTH="232" HEIGHT="43" CONTENT="medicine," />
            <SP ID="SP_21534" HPOS="530" VPOS="2074" WIDTH="34" HEIGHT="0" />
            <String ID="Word_23973" HPOS="564" VPOS="2075" WIDTH="22" HEIGHT="41" CONTENT="I" />
            <SP ID="SP_21535" HPOS="586" VPOS="2074" WIDTH="35" HEIGHT="0" />
            <String ID="Word_23974" HPOS="621" VPOS="2074" WIDTH="136" HEIGHT="43" CONTENT="found" />
            <SP ID="SP_21536" HPOS="757" VPOS="2074" WIDTH="33" HEIGHT="0" />
            <String ID="Word_23975" HPOS="790" VPOS="2075" WIDTH="37" HEIGHT="42" CONTENT="it" />
            <SP ID="SP_21537" HPOS="827" VPOS="2075" WIDTH="33" HEIGHT="0" />
            <String ID="Word_23976" HPOS="860" VPOS="2075" WIDTH="145" HEIGHT="42" CONTENT="stated" />
            <SP ID="SP_21538" HPOS="1005" VPOS="2075" WIDTH="38" HEIGHT="0" />
            <String ID="Word_23977" HPOS="1043" VPOS="2075" WIDTH="100" HEIGHT="42" CONTENT="that" />
            <SP ID="SP_21539" HPOS="1143" VPOS="2075" WIDTH="32" HEIGHT="0" />
            <String ID="Word_23978" HPOS="1175" VPOS="2090" WIDTH="83" HEIGHT="27" CONTENT="one" />
            <SP ID="SP_21540" HPOS="1258" VPOS="2076" WIDTH="34" HEIGHT="0" />
            <String ID="Word_23979" HPOS="1292" VPOS="2076" WIDTH="49" HEIGHT="41" CONTENT="of" />
            <SP ID="SP_21541" HPOS="1341" VPOS="2075" WIDTH="33" HEIGHT="0" />
            <String ID="Word_23980" HPOS="1374" VPOS="2075" WIDTH="77" HEIGHT="43" CONTENT="the" />
            <SP ID="SP_21542" HPOS="1451" VPOS="2074" WIDTH="32" HEIGHT="0" />
            <String ID="Word_23981" HPOS="1483" VPOS="2074" WIDTH="194" HEIGHT="57" CONTENT="possible" />
          </TextLine>
          <TextLine ID="TextLine_2440" HPOS="41" VPOS="2145" WIDTH="1637" HEIGHT="58">
            <String ID="Word_23982" HPOS="41" VPOS="2160" WIDTH="127" HEIGHT="28" CONTENT="auses" />
            <SP ID="SP_21543" HPOS="168" VPOS="2146" WIDTH="22" HEIGHT="0" />
            <String ID="Word_23983" HPOS="190" VPOS="2146" WIDTH="48" HEIGHT="41" CONTENT="of" />
            <SP ID="SP_21544" HPOS="238" VPOS="2145" WIDTH="28" HEIGHT="0" />
            <String ID="Word_23984" HPOS="266" VPOS="2145" WIDTH="247" HEIGHT="43" CONTENT="&quot;roaring&quot;" />
            <SP ID="SP_21545" HPOS="513" VPOS="2145" WIDTH="23" HEIGHT="0" />
            <String ID="Word_23985" HPOS="536" VPOS="2146" WIDTH="47" HEIGHT="42" CONTENT="in" />
            <SP ID="SP_21546" HPOS="583" VPOS="2146" WIDTH="22" HEIGHT="0" />
            <String ID="Word_23986" HPOS="605" VPOS="2146" WIDTH="77" HEIGHT="43" CONTENT="the" />
            <SP ID="SP_21547" HPOS="682" VPOS="2146" WIDTH="23" HEIGHT="0" />
            <String ID="Word_23987" HPOS="705" VPOS="2146" WIDTH="129" HEIGHT="43" CONTENT="horse" />
            <SP ID="SP_21548" HPOS="834" VPOS="2146" WIDTH="30" HEIGHT="0" />
            <String ID="Word_23988" HPOS="864" VPOS="2146" WIDTH="37" HEIGHT="43" CONTENT="is" />
            <SP ID="SP_21549" HPOS="901" VPOS="2146" WIDTH="22" HEIGHT="0" />
            <String ID="Word_23989" HPOS="923" VPOS="2146" WIDTH="90" HEIGHT="43" CONTENT="this" />
            <SP ID="SP_21550" HPOS="1013" VPOS="2146" WIDTH="22" HEIGHT="0" />
            <String ID="Word_23990" HPOS="1035" VPOS="2146" WIDTH="218" HEIGHT="56" CONTENT="paralysis" />
            <SP ID="SP_21551" HPOS="1253" VPOS="2146" WIDTH="24" HEIGHT="0" />
            <String ID="Word_23991" HPOS="1277" VPOS="2147" WIDTH="45" HEIGHT="42" CONTENT="of" />
            <SP ID="SP_21552" HPOS="1322" VPOS="2146" WIDTH="32" HEIGHT="0" />
            <String ID="Word_23992" HPOS="1354" VPOS="2146" WIDTH="76" HEIGHT="43" CONTENT="the" />
            <SP ID="SP_21553" HPOS="1430" VPOS="2146" WIDTH="33" HEIGHT="0" />
            <String ID="Word_23993" HPOS="1463" VPOS="2146" WIDTH="215" HEIGHT="43" CONTENT="abductor" />
          </TextLine>
          <TextLine ID="TextLine_2441" HPOS="33" VPOS="2217" WIDTH="649" HEIGHT="45">
            <String ID="Word_23994" HPOS="33" VPOS="2217" WIDTH="176" HEIGHT="44" CONTENT="iniscles" />
            <SP ID="SP_21554" HPOS="209" VPOS="2217" WIDTH="23" HEIGHT="0" />
            <String ID="Word_23995" HPOS="232" VPOS="2218" WIDTH="47" HEIGHT="42" CONTENT="of" />
            <SP ID="SP_21555" HPOS="279" VPOS="2217" WIDTH="19" HEIGHT="0" />
            <String ID="Word_23996" HPOS="298" VPOS="2217" WIDTH="75" HEIGHT="43" CONTENT="the" />
            <SP ID="SP_21556" HPOS="373" VPOS="2217" WIDTH="22" HEIGHT="0" />
            <String ID="Word_23997" HPOS="395" VPOS="2217" WIDTH="126" HEIGHT="43" CONTENT="vocal" />
            <SP ID="SP_21557" HPOS="521" VPOS="2217" WIDTH="24" HEIGHT="0" />
            <String ID="Word_23998" HPOS="545" VPOS="2217" WIDTH="137" HEIGHT="45" CONTENT="cords." />
          </TextLine>
          <TextLine ID="TextLine_2442" HPOS="78" VPOS="2289" WIDTH="1601" HEIGHT="58">
            <String ID="Word_23999" HPOS="78" VPOS="2289" WIDTH="180" HEIGHT="43" CONTENT="Having" />
            <SP ID="SP_21558" HPOS="258" VPOS="2289" WIDTH="23" HEIGHT="0" />
            <String ID="Word_24000" HPOS="281" VPOS="2289" WIDTH="103" HEIGHT="43" CONTENT="thus" />
            <SP ID="SP_21559" HPOS="384" VPOS="2289" WIDTH="22" HEIGHT="0" />
            <String ID="Word_24001" HPOS="406" VPOS="2289" WIDTH="306" HEIGHT="43" CONTENT="endeavoured" />
            <SP ID="SP_21560" HPOS="712" VPOS="2289" WIDTH="23" HEIGHT="0" />
            <String ID="Word_24002" HPOS="735" VPOS="2294" WIDTH="45" HEIGHT="37" CONTENT="to" />
            <SP ID="SP_21561" HPOS="780" VPOS="2289" WIDTH="22" HEIGHT="0" />
            <String ID="Word_24003" HPOS="802" VPOS="2289" WIDTH="100" HEIGHT="57" CONTENT="give" />
            <SP ID="SP_21562" HPOS="902" VPOS="2289" WIDTH="23" HEIGHT="0" />
            <String ID="Word_24004" HPOS="925" VPOS="2304" WIDTH="25" HEIGHT="29" CONTENT="a" />
            <SP ID="SP_21563" HPOS="950" VPOS="2290" WIDTH="22" HEIGHT="0" />
            <String ID="Word_24005" HPOS="972" VPOS="2290" WIDTH="112" HEIGHT="43" CONTENT="brief" />
            <SP ID="SP_21564" HPOS="1084" VPOS="2290" WIDTH="32" HEIGHT="0" />
            <String ID="Word_24006" HPOS="1116" VPOS="2295" WIDTH="189" HEIGHT="38" CONTENT="account" />
            <SP ID="SP_21565" HPOS="1305" VPOS="2291" WIDTH="22" HEIGHT="0" />
            <String ID="Word_24007" HPOS="1327" VPOS="2291" WIDTH="47" HEIGHT="42" CONTENT="of" />
            <SP ID="SP_21566" HPOS="1374" VPOS="2290" WIDTH="30" HEIGHT="0" />
            <String ID="Word_24008" HPOS="1404" VPOS="2290" WIDTH="75" HEIGHT="43" CONTENT="the" />
            <SP ID="SP_21567" HPOS="1479" VPOS="2290" WIDTH="22" HEIGHT="0" />
            <String ID="Word_24009" HPOS="1501" VPOS="2290" WIDTH="178" HEIGHT="57" CONTENT="leading" />
          </TextLine>
          <TextLine ID="TextLine_2443" HPOS="35" VPOS="2361" WIDTH="1644" HEIGHT="58">
            <String ID="Word_24010" HPOS="35" VPOS="2367" WIDTH="198" HEIGHT="38" CONTENT="aralytic" />
            <SP ID="SP_21568" HPOS="233" VPOS="2361" WIDTH="23" HEIGHT="0" />
            <String ID="Word_24011" HPOS="256" VPOS="2361" WIDTH="87" HEIGHT="43" CONTENT="and" />
            <SP ID="SP_21569" HPOS="343" VPOS="2361" WIDTH="22" HEIGHT="0" />
            <String ID="Word_24012" HPOS="365" VPOS="2361" WIDTH="248" HEIGHT="56" CONTENT="spasmodic" />
            <SP ID="SP_21570" HPOS="613" VPOS="2361" WIDTH="33" HEIGHT="0" />
            <String ID="Word_24013" HPOS="646" VPOS="2362" WIDTH="230" HEIGHT="43" CONTENT="affections" />
            <SP ID="SP_21571" HPOS="876" VPOS="2362" WIDTH="29" HEIGHT="0" />
            <String ID="Word_24014" HPOS="905" VPOS="2362" WIDTH="222" HEIGHT="56" CONTENT="produced" />
            <SP ID="SP_21572" HPOS="1127" VPOS="2362" WIDTH="33" HEIGHT="0" />
            <String ID="Word_24015" HPOS="1160" VPOS="2363" WIDTH="59" HEIGHT="42" CONTENT="by" />
            <SP ID="SP_21573" HPOS="1219" VPOS="2362" WIDTH="23" HEIGHT="0" />
            <String ID="Word_24016" HPOS="1242" VPOS="2362" WIDTH="249" HEIGHT="43" CONTENT="functional" />
            <SP ID="SP_21574" HPOS="1491" VPOS="2362" WIDTH="22" HEIGHT="0" />
            <String ID="Word_24017" HPOS="1513" VPOS="2377" WIDTH="166" HEIGHT="38" CONTENT="causes," />
          </TextLine>
          <TextLine ID="TextLine_2444" HPOS="73" VPOS="2433" WIDTH="1606" HEIGHT="58">
            <String ID="Word_24018" HPOS="73" VPOS="2435" WIDTH="111" HEIGHT="42" CONTENT="have" />
            <SP ID="SP_21575" HPOS="184" VPOS="2435" WIDTH="33" HEIGHT="0" />
            <String ID="Word_24019" HPOS="217" VPOS="2448" WIDTH="99" HEIGHT="28" CONTENT="now" />
            <SP ID="SP_21576" HPOS="316" VPOS="2433" WIDTH="22" HEIGHT="0" />
            <String ID="Word_24020" HPOS="338" VPOS="2433" WIDTH="106" HEIGHT="57" CONTENT="only" />
            <SP ID="SP_21577" HPOS="444" VPOS="2433" WIDTH="24" HEIGHT="0" />
            <String ID="Word_24021" HPOS="468" VPOS="2441" WIDTH="44" HEIGHT="35" CONTENT="to" />
            <SP ID="SP_21578" HPOS="512" VPOS="2434" WIDTH="34" HEIGHT="0" />
            <String ID="Word_24022" HPOS="546" VPOS="2434" WIDTH="86" HEIGHT="42" CONTENT="add" />
            <SP ID="SP_21579" HPOS="632" VPOS="2434" WIDTH="34" HEIGHT="0" />
            <String ID="Word_24023" HPOS="666" VPOS="2434" WIDTH="98" HEIGHT="42" CONTENT="that" />
            <SP ID="SP_21580" HPOS="764" VPOS="2434" WIDTH="22" HEIGHT="0" />
            <String ID="Word_24024" HPOS="786" VPOS="2434" WIDTH="216" HEIGHT="56" CONTENT="paralysis" />
            <SP ID="SP_21581" HPOS="1002" VPOS="2434" WIDTH="33" HEIGHT="0" />
            <String ID="Word_24025" HPOS="1035" VPOS="2435" WIDTH="87" HEIGHT="42" CONTENT="and" />
            <SP ID="SP_21582" HPOS="1122" VPOS="2435" WIDTH="30" HEIGHT="0" />
            <String ID="Word_24026" HPOS="1152" VPOS="2449" WIDTH="147" HEIGHT="29" CONTENT="spasm" />
            <SP ID="SP_21583" HPOS="1299" VPOS="2436" WIDTH="34" HEIGHT="0" />
            <String ID="Word_24027" HPOS="1333" VPOS="2436" WIDTH="49" HEIGHT="42" CONTENT="of" />
            <SP ID="SP_21584" HPOS="1382" VPOS="2435" WIDTH="29" HEIGHT="0" />
            <String ID="Word_24028" HPOS="1411" VPOS="2435" WIDTH="76" HEIGHT="43" CONTENT="the" />
            <SP ID="SP_21585" HPOS="1487" VPOS="2434" WIDTH="32" HEIGHT="0" />
            <String ID="Word_24029" HPOS="1519" VPOS="2434" WIDTH="160" HEIGHT="57" CONTENT="larynx" />
          </TextLine>
          <TextLine ID="TextLine_2445" HPOS="37" VPOS="2506" WIDTH="1643" HEIGHT="59">
            <String ID="Word_24030" HPOS="37" VPOS="2522" WIDTH="81" HEIGHT="32" CONTENT="nay" />
            <SP ID="SP_21586" HPOS="118" VPOS="2507" WIDTH="19" HEIGHT="0" />
            <String ID="Word_24031" HPOS="137" VPOS="2507" WIDTH="89" HEIGHT="43" CONTENT="also" />
            <SP ID="SP_21587" HPOS="226" VPOS="2506" WIDTH="23" HEIGHT="0" />
            <String ID="Word_24032" HPOS="249" VPOS="2506" WIDTH="139" HEIGHT="44" CONTENT="result" />
            <SP ID="SP_21588" HPOS="388" VPOS="2506" WIDTH="24" HEIGHT="0" />
            <String ID="Word_24033" HPOS="412" VPOS="2507" WIDTH="112" HEIGHT="42" CONTENT="from" />
            <SP ID="SP_21589" HPOS="524" VPOS="2507" WIDTH="23" HEIGHT="0" />
            <String ID="Word_24034" HPOS="547" VPOS="2507" WIDTH="177" HEIGHT="43" CONTENT="organic" />
            <SP ID="SP_21590" HPOS="724" VPOS="2506" WIDTH="20" HEIGHT="0" />
            <String ID="Word_24035" HPOS="744" VPOS="2506" WIDTH="169" HEIGHT="44" CONTENT="disease" />
            <SP ID="SP_21591" HPOS="913" VPOS="2506" WIDTH="24" HEIGHT="0" />
            <String ID="Word_24036" HPOS="937" VPOS="2508" WIDTH="47" HEIGHT="42" CONTENT="of" />
            <SP ID="SP_21592" HPOS="984" VPOS="2508" WIDTH="19" HEIGHT="0" />
            <String ID="Word_24037" HPOS="1003" VPOS="2508" WIDTH="75" HEIGHT="43" CONTENT="the" />
            <SP ID="SP_21593" HPOS="1078" VPOS="2507" WIDTH="19" HEIGHT="0" />
            <String ID="Word_24038" HPOS="1097" VPOS="2507" WIDTH="229" HEIGHT="57" CONTENT="laryngeal" />
            <SP ID="SP_21594" HPOS="1326" VPOS="2507" WIDTH="23" HEIGHT="0" />
            <String ID="Word_24039" HPOS="1349" VPOS="2522" WIDTH="134" HEIGHT="28" CONTENT="nerve" />
            <SP ID="SP_21595" HPOS="1483" VPOS="2512" WIDTH="23" HEIGHT="0" />
            <String ID="Word_24040" HPOS="1506" VPOS="2512" WIDTH="174" HEIGHT="38" CONTENT="centres" />
          </TextLine>
          <TextLine ID="TextLine_2446" HPOS="46" VPOS="2578" WIDTH="1634" HEIGHT="58">
            <String ID="Word_24041" HPOS="46" VPOS="2594" WIDTH="19" HEIGHT="29" CONTENT="r" />
            <SP ID="SP_21596" HPOS="65" VPOS="2593" WIDTH="20" HEIGHT="0" />
            <String ID="Word_24042" HPOS="85" VPOS="2593" WIDTH="134" HEIGHT="29" CONTENT="nerve" />
            <SP ID="SP_21597" HPOS="219" VPOS="2578" WIDTH="23" HEIGHT="0" />
            <String ID="Word_24043" HPOS="242" VPOS="2578" WIDTH="168" HEIGHT="43" CONTENT="trunks." />
            <SP ID="SP_21598" HPOS="410" VPOS="2578" WIDTH="66" HEIGHT="0" />
            <String ID="Word_24044" HPOS="476" VPOS="2579" WIDTH="22" HEIGHT="42" CONTENT="I" />
            <SP ID="SP_21599" HPOS="498" VPOS="2578" WIDTH="25" HEIGHT="0" />
            <String ID="Word_24045" HPOS="523" VPOS="2578" WIDTH="112" HEIGHT="57" CONTENT="hope" />
            <SP ID="SP_21600" HPOS="635" VPOS="2578" WIDTH="23" HEIGHT="0" />
            <String ID="Word_24046" HPOS="658" VPOS="2583" WIDTH="46" HEIGHT="38" CONTENT="at" />
            <SP ID="SP_21601" HPOS="704" VPOS="2583" WIDTH="17" HEIGHT="0" />
            <String ID="Word_24047" HPOS="721" VPOS="2592" WIDTH="25" HEIGHT="29" CONTENT="a" />
            <SP ID="SP_21602" HPOS="746" VPOS="2579" WIDTH="17" HEIGHT="0" />
            <String ID="Word_24048" HPOS="763" VPOS="2579" WIDTH="151" HEIGHT="43" CONTENT="future" />
            <SP ID="SP_21603" HPOS="914" VPOS="2579" WIDTH="18" HEIGHT="0" />
            <String ID="Word_24049" HPOS="932" VPOS="2579" WIDTH="109" HEIGHT="43" CONTENT="time" />
            <SP ID="SP_21604" HPOS="1041" VPOS="2579" WIDTH="18" HEIGHT="0" />
            <String ID="Word_24050" HPOS="1059" VPOS="2584" WIDTH="44" HEIGHT="38" CONTENT="to" />
            <SP ID="SP_21605" HPOS="1103" VPOS="2579" WIDTH="19" HEIGHT="0" />
            <String ID="Word_24051" HPOS="1122" VPOS="2579" WIDTH="103" HEIGHT="43" CONTENT="take" />
            <SP ID="SP_21606" HPOS="1225" VPOS="2579" WIDTH="23" HEIGHT="0" />
            <String ID="Word_24052" HPOS="1248" VPOS="2594" WIDTH="60" HEIGHT="27" CONTENT="up" />
            <SP ID="SP_21607" HPOS="1308" VPOS="2579" WIDTH="24" HEIGHT="0" />
            <String ID="Word_24053" HPOS="1332" VPOS="2579" WIDTH="74" HEIGHT="42" CONTENT="the" />
            <SP ID="SP_21608" HPOS="1406" VPOS="2578" WIDTH="25" HEIGHT="0" />
            <String ID="Word_24054" HPOS="1431" VPOS="2578" WIDTH="249" HEIGHT="43" CONTENT="considera-" />
          </TextLine>
          <TextLine ID="TextLine_2447" HPOS="47" VPOS="2650" WIDTH="1634" HEIGHT="58">
            <String ID="Word_24055" HPOS="47" VPOS="2653" WIDTH="64" HEIGHT="41" CONTENT="ion" />
            <SP ID="SP_21609" HPOS="111" VPOS="2651" WIDTH="33" HEIGHT="0" />
            <String ID="Word_24056" HPOS="144" VPOS="2651" WIDTH="45" HEIGHT="43" CONTENT="of" />
            <SP ID="SP_21610" HPOS="189" VPOS="2650" WIDTH="32" HEIGHT="0" />
            <String ID="Word_24057" HPOS="221" VPOS="2650" WIDTH="122" HEIGHT="43" CONTENT="these" />
            <SP ID="SP_21611" HPOS="343" VPOS="2650" WIDTH="33" HEIGHT="0" />
            <String ID="Word_24058" HPOS="376" VPOS="2651" WIDTH="176" HEIGHT="57" CONTENT="organic" />
            <SP ID="SP_21612" HPOS="552" VPOS="2651" WIDTH="30" HEIGHT="0" />
            <String ID="Word_24059" HPOS="582" VPOS="2665" WIDTH="152" HEIGHT="29" CONTENT="causes" />
            <SP ID="SP_21613" HPOS="734" VPOS="2651" WIDTH="33" HEIGHT="0" />
            <String ID="Word_24060" HPOS="767" VPOS="2651" WIDTH="45" HEIGHT="43" CONTENT="of" />
            <SP ID="SP_21614" HPOS="812" VPOS="2651" WIDTH="32" HEIGHT="0" />
            <String ID="Word_24061" HPOS="844" VPOS="2651" WIDTH="218" HEIGHT="57" CONTENT="paralysis" />
            <SP ID="SP_21615" HPOS="1062" VPOS="2651" WIDTH="32" HEIGHT="0" />
            <String ID="Word_24062" HPOS="1094" VPOS="2651" WIDTH="88" HEIGHT="43" CONTENT="and" />
            <SP ID="SP_21616" HPOS="1182" VPOS="2651" WIDTH="33" HEIGHT="0" />
            <String ID="Word_24063" HPOS="1215" VPOS="2666" WIDTH="161" HEIGHT="42" CONTENT="spasm." />
            <SP ID="SP_21617" HPOS="1376" VPOS="2651" WIDTH="64" HEIGHT="0" />
            <String ID="Word_24064" HPOS="1440" VPOS="2651" WIDTH="123" HEIGHT="43" CONTENT="They" />
            <SP ID="SP_21618" HPOS="1563" VPOS="2651" WIDTH="26" HEIGHT="0" />
            <String ID="Word_24065" HPOS="1589" VPOS="2651" WIDTH="92" HEIGHT="41" CONTENT="will" />
          </TextLine>
          <TextLine ID="TextLine_2448" HPOS="51" VPOS="2723" WIDTH="1630" HEIGHT="56">
            <String ID="Word_24066" HPOS="51" VPOS="2723" WIDTH="190" HEIGHT="44" CONTENT="aturally" />
            <SP ID="SP_21619" HPOS="241" VPOS="2723" WIDTH="36" HEIGHT="0" />
            <String ID="Word_24067" HPOS="277" VPOS="2723" WIDTH="78" HEIGHT="42" CONTENT="fall" />
            <SP ID="SP_21620" HPOS="355" VPOS="2723" WIDTH="39" HEIGHT="0" />
            <String ID="Word_24068" HPOS="394" VPOS="2729" WIDTH="44" HEIGHT="36" CONTENT="to" />
            <SP ID="SP_21621" HPOS="438" VPOS="2723" WIDTH="35" HEIGHT="0" />
            <String ID="Word_24069" HPOS="473" VPOS="2723" WIDTH="54" HEIGHT="43" CONTENT="be" />
            <SP ID="SP_21622" HPOS="527" VPOS="2723" WIDTH="37" HEIGHT="0" />
            <String ID="Word_24070" HPOS="564" VPOS="2723" WIDTH="258" HEIGHT="44" CONTENT="considered" />
            <SP ID="SP_21623" HPOS="822" VPOS="2723" WIDTH="34" HEIGHT="0" />
            <String ID="Word_24071" HPOS="856" VPOS="2723" WIDTH="131" HEIGHT="44" CONTENT="when" />
            <SP ID="SP_21624" HPOS="987" VPOS="2723" WIDTH="39" HEIGHT="0" />
            <String ID="Word_24072" HPOS="1026" VPOS="2738" WIDTH="64" HEIGHT="29" CONTENT="we" />
            <SP ID="SP_21625" HPOS="1090" VPOS="2737" WIDTH="40" HEIGHT="0" />
            <String ID="Word_24073" HPOS="1130" VPOS="2738" WIDTH="123" HEIGHT="29" CONTENT="come" />
            <SP ID="SP_21626" HPOS="1253" VPOS="2729" WIDTH="36" HEIGHT="0" />
            <String ID="Word_24074" HPOS="1289" VPOS="2729" WIDTH="45" HEIGHT="38" CONTENT="to" />
            <SP ID="SP_21627" HPOS="1334" VPOS="2728" WIDTH="38" HEIGHT="0" />
            <String ID="Word_24075" HPOS="1372" VPOS="2728" WIDTH="116" HEIGHT="38" CONTENT="treat" />
            <SP ID="SP_21628" HPOS="1488" VPOS="2723" WIDTH="35" HEIGHT="0" />
            <String ID="Word_24076" HPOS="1523" VPOS="2723" WIDTH="45" HEIGHT="43" CONTENT="of" />
            <SP ID="SP_21629" HPOS="1568" VPOS="2723" WIDTH="37" HEIGHT="0" />
            <String ID="Word_24077" HPOS="1605" VPOS="2723" WIDTH="76" HEIGHT="43" CONTENT="the" />
          </TextLine>
          <TextLine ID="TextLine_2449" HPOS="11" VPOS="2782" WIDTH="1671" HEIGHT="71">
            <String ID="Word_24078" HPOS="11" VPOS="2782" WIDTH="216" HEIGHT="56" CONTENT="Ifelations" />
            <SP ID="SP_21630" HPOS="227" VPOS="2782" WIDTH="58" HEIGHT="0" />
            <String ID="Word_24079" HPOS="285" VPOS="2795" WIDTH="45" HEIGHT="42" CONTENT="of" />
            <SP ID="SP_21631" HPOS="330" VPOS="2795" WIDTH="56" HEIGHT="0" />
            <String ID="Word_24080" HPOS="386" VPOS="2795" WIDTH="176" HEIGHT="56" CONTENT="organic" />
            <SP ID="SP_21632" HPOS="562" VPOS="2794" WIDTH="50" HEIGHT="0" />
            <String ID="Word_24081" HPOS="612" VPOS="2794" WIDTH="169" HEIGHT="44" CONTENT="disease" />
            <SP ID="SP_21633" HPOS="781" VPOS="2794" WIDTH="52" HEIGHT="0" />
            <String ID="Word_24082" HPOS="833" VPOS="2795" WIDTH="49" HEIGHT="43" CONTENT="of" />
            <SP ID="SP_21634" HPOS="882" VPOS="2795" WIDTH="53" HEIGHT="0" />
            <String ID="Word_24083" HPOS="935" VPOS="2795" WIDTH="75" HEIGHT="44" CONTENT="the" />
            <SP ID="SP_21635" HPOS="1010" VPOS="2795" WIDTH="50" HEIGHT="0" />
            <String ID="Word_24084" HPOS="1060" VPOS="2811" WIDTH="190" HEIGHT="29" CONTENT="nervous" />
            <SP ID="SP_21636" HPOS="1250" VPOS="2801" WIDTH="56" HEIGHT="0" />
            <String ID="Word_24085" HPOS="1306" VPOS="2801" WIDTH="167" HEIGHT="38" CONTENT="system" />
            <SP ID="SP_21637" HPOS="1473" VPOS="2799" WIDTH="44" HEIGHT="0" />
            <String ID="Word_24086" HPOS="1517" VPOS="2799" WIDTH="45" HEIGHT="39" CONTENT="to" />
            <SP ID="SP_21638" HPOS="1562" VPOS="2795" WIDTH="43" HEIGHT="0" />
            <String ID="Word_24087" HPOS="1605" VPOS="2795" WIDTH="77" HEIGHT="43" CONTENT="the" />
          </TextLine>
          <TextLine ID="TextLine_2450" HPOS="40" VPOS="2867" WIDTH="1644" HEIGHT="58">
            <String ID="Word_24088" HPOS="40" VPOS="2868" WIDTH="180" HEIGHT="43" CONTENT="unction" />
            <SP ID="SP_21639" HPOS="220" VPOS="2868" WIDTH="38" HEIGHT="0" />
            <String ID="Word_24089" HPOS="258" VPOS="2868" WIDTH="45" HEIGHT="41" CONTENT="of" />
            <SP ID="SP_21640" HPOS="303" VPOS="2867" WIDTH="37" HEIGHT="0" />
            <String ID="Word_24090" HPOS="340" VPOS="2867" WIDTH="170" HEIGHT="56" CONTENT="speech." />
            <SP ID="SP_21641" HPOS="510" VPOS="2867" WIDTH="76" HEIGHT="0" />
            <String ID="Word_24091" HPOS="586" VPOS="2867" WIDTH="245" HEIGHT="43" CONTENT="Meantime" />
            <SP ID="SP_21642" HPOS="831" VPOS="2867" WIDTH="38" HEIGHT="0" />
            <String ID="Word_24092" HPOS="869" VPOS="2868" WIDTH="37" HEIGHT="42" CONTENT="it" />
            <SP ID="SP_21643" HPOS="906" VPOS="2868" WIDTH="32" HEIGHT="0" />
            <String ID="Word_24093" HPOS="938" VPOS="2883" WIDTH="102" HEIGHT="42" CONTENT="may" />
            <SP ID="SP_21644" HPOS="1040" VPOS="2869" WIDTH="34" HEIGHT="0" />
            <String ID="Word_24094" HPOS="1074" VPOS="2869" WIDTH="53" HEIGHT="42" CONTENT="be" />
            <SP ID="SP_21645" HPOS="1127" VPOS="2868" WIDTH="39" HEIGHT="0" />
            <String ID="Word_24095" HPOS="1166" VPOS="2868" WIDTH="386" HEIGHT="55" CONTENT="remarked,(1)," />
            <SP ID="SP_21646" HPOS="1552" VPOS="2867" WIDTH="34" HEIGHT="0" />
            <String ID="Word_24096" HPOS="1586" VPOS="2867" WIDTH="98" HEIGHT="42" CONTENT="that" />
          </TextLine>
          <TextLine ID="TextLine_2451" HPOS="40" VPOS="2939" WIDTH="1643" HEIGHT="57">
            <String ID="Word_24097" HPOS="40" VPOS="2940" WIDTH="227" HEIGHT="45" CONTENT="unctional" />
            <SP ID="SP_21647" HPOS="267" VPOS="2939" WIDTH="39" HEIGHT="0" />
            <String ID="Word_24098" HPOS="306" VPOS="2939" WIDTH="215" HEIGHT="57" CONTENT="paralysis" />
            <SP ID="SP_21648" HPOS="521" VPOS="2939" WIDTH="44" HEIGHT="0" />
            <String ID="Word_24099" HPOS="565" VPOS="2940" WIDTH="88" HEIGHT="42" CONTENT="and" />
            <SP ID="SP_21649" HPOS="653" VPOS="2940" WIDTH="37" HEIGHT="0" />
            <String ID="Word_24100" HPOS="690" VPOS="2954" WIDTH="148" HEIGHT="42" CONTENT="spasm" />
            <SP ID="SP_21650" HPOS="838" VPOS="2940" WIDTH="37" HEIGHT="0" />
            <String ID="Word_24101" HPOS="875" VPOS="2940" WIDTH="113" HEIGHT="43" CONTENT="have" />
            <SP ID="SP_21651" HPOS="988" VPOS="2940" WIDTH="38" HEIGHT="0" />
            <String ID="Word_24102" HPOS="1026" VPOS="2956" WIDTH="25" HEIGHT="27" CONTENT="a" />
            <SP ID="SP_21652" HPOS="1051" VPOS="2942" WIDTH="44" HEIGHT="0" />
            <String ID="Word_24103" HPOS="1095" VPOS="2942" WIDTH="133" HEIGHT="42" CONTENT="much" />
            <SP ID="SP_21653" HPOS="1228" VPOS="2942" WIDTH="40" HEIGHT="0" />
            <String ID="Word_24104" HPOS="1268" VPOS="2956" WIDTH="118" HEIGHT="28" CONTENT="more" />
            <SP ID="SP_21654" HPOS="1386" VPOS="2940" WIDTH="40" HEIGHT="0" />
            <String ID="Word_24105" HPOS="1426" VPOS="2940" WIDTH="257" HEIGHT="43" CONTENT="favourable" />
          </TextLine>
          <TextLine ID="TextLine_2452" HPOS="41" VPOS="3011" WIDTH="1644" HEIGHT="59">
            <String ID="Word_24106" HPOS="41" VPOS="3012" WIDTH="207" HEIGHT="55" CONTENT="Prognosis" />
            <SP ID="SP_21655" HPOS="248" VPOS="3012" WIDTH="44" HEIGHT="0" />
            <String ID="Word_24107" HPOS="292" VPOS="3013" WIDTH="108" HEIGHT="41" CONTENT="than" />
            <SP ID="SP_21656" HPOS="400" VPOS="3011" WIDTH="43" HEIGHT="0" />
            <String ID="Word_24108" HPOS="443" VPOS="3011" WIDTH="117" HEIGHT="44" CONTENT="their" />
            <SP ID="SP_21657" HPOS="560" VPOS="3011" WIDTH="43" HEIGHT="0" />
            <String ID="Word_24109" HPOS="603" VPOS="3012" WIDTH="179" HEIGHT="56" CONTENT="organic" />
            <SP ID="SP_21658" HPOS="782" VPOS="3012" WIDTH="37" HEIGHT="0" />
            <String ID="Word_24110" HPOS="819" VPOS="3012" WIDTH="308" HEIGHT="56" CONTENT="equivalents;" />
            <SP ID="SP_21659" HPOS="1127" VPOS="3015" WIDTH="42" HEIGHT="0" />
            <String ID="Word_24111" HPOS="1169" VPOS="3015" WIDTH="80" HEIGHT="55" CONTENT="(2)," />
            <SP ID="SP_21660" HPOS="1249" VPOS="3014" WIDTH="41" HEIGHT="0" />
            <String ID="Word_24112" HPOS="1290" VPOS="3018" WIDTH="96" HEIGHT="38" CONTENT="that" />
            <SP ID="SP_21661" HPOS="1386" VPOS="3012" WIDTH="32" HEIGHT="0" />
            <String ID="Word_24113" HPOS="1418" VPOS="3012" WIDTH="267" HEIGHT="43" CONTENT="Functional" />
          </TextLine>
          <TextLine ID="TextLine_2453" HPOS="41" VPOS="3082" WIDTH="1644" HEIGHT="60">
            <String ID="Word_24114" HPOS="41" VPOS="3082" WIDTH="215" HEIGHT="57" CONTENT="Paralyses" />
            <SP ID="SP_21662" HPOS="256" VPOS="3082" WIDTH="44" HEIGHT="0" />
            <String ID="Word_24115" HPOS="300" VPOS="3098" WIDTH="71" HEIGHT="29" CONTENT="are" />
            <SP ID="SP_21663" HPOS="371" VPOS="3083" WIDTH="43" HEIGHT="0" />
            <String ID="Word_24116" HPOS="414" VPOS="3083" WIDTH="257" HEIGHT="57" CONTENT="essentially" />
            <SP ID="SP_21664" HPOS="671" VPOS="3083" WIDTH="44" HEIGHT="0" />
            <String ID="Word_24117" HPOS="715" VPOS="3084" WIDTH="216" HEIGHT="43" CONTENT="bilateral," />
            <SP ID="SP_21665" HPOS="931" VPOS="3084" WIDTH="37" HEIGHT="0" />
            <String ID="Word_24118" HPOS="968" VPOS="3085" WIDTH="87" HEIGHT="42" CONTENT="and" />
            <SP ID="SP_21666" HPOS="1055" VPOS="3085" WIDTH="34" HEIGHT="0" />
            <String ID="Word_24119" HPOS="1089" VPOS="3086" WIDTH="211" HEIGHT="56" CONTENT="specially" />
            <SP ID="SP_21667" HPOS="1300" VPOS="3086" WIDTH="34" HEIGHT="0" />
            <String ID="Word_24120" HPOS="1334" VPOS="3086" WIDTH="131" HEIGHT="41" CONTENT="affect" />
            <SP ID="SP_21668" HPOS="1465" VPOS="3083" WIDTH="33" HEIGHT="0" />
            <String ID="Word_24121" HPOS="1498" VPOS="3083" WIDTH="75" HEIGHT="43" CONTENT="the" />
            <SP ID="SP_21669" HPOS="1573" VPOS="3083" WIDTH="38" HEIGHT="0" />
            <String ID="Word_24122" HPOS="1611" VPOS="3083" WIDTH="74" HEIGHT="42" CONTENT="ad-" />
          </TextLine>
          <TextLine ID="TextLine_2454" HPOS="42" VPOS="3154" WIDTH="1648" HEIGHT="58">
            <String ID="Word_24123" HPOS="42" VPOS="3157" WIDTH="186" HEIGHT="52" CONTENT="luctors;" />
            <SP ID="SP_21670" HPOS="228" VPOS="3155" WIDTH="44" HEIGHT="0" />
            <String ID="Word_24124" HPOS="272" VPOS="3155" WIDTH="193" HEIGHT="43" CONTENT="whereas" />
            <SP ID="SP_21671" HPOS="465" VPOS="3155" WIDTH="33" HEIGHT="0" />
            <String ID="Word_24125" HPOS="498" VPOS="3156" WIDTH="75" HEIGHT="42" CONTENT="the" />
            <SP ID="SP_21672" HPOS="573" VPOS="3155" WIDTH="40" HEIGHT="0" />
            <String ID="Word_24126" HPOS="613" VPOS="3155" WIDTH="191" HEIGHT="57" CONTENT="Organic" />
            <SP ID="SP_21673" HPOS="804" VPOS="3155" WIDTH="33" HEIGHT="0" />
            <String ID="Word_24127" HPOS="837" VPOS="3170" WIDTH="72" HEIGHT="28" CONTENT="are" />
            <SP ID="SP_21674" HPOS="909" VPOS="3157" WIDTH="37" HEIGHT="0" />
            <String ID="Word_24128" HPOS="946" VPOS="3157" WIDTH="46" HEIGHT="41" CONTENT="in" />
            <SP ID="SP_21675" HPOS="992" VPOS="3157" WIDTH="36" HEIGHT="0" />
            <String ID="Word_24129" HPOS="1028" VPOS="3162" WIDTH="117" HEIGHT="38" CONTENT="most" />
            <SP ID="SP_21676" HPOS="1145" VPOS="3158" WIDTH="32" HEIGHT="0" />
            <String ID="Word_24130" HPOS="1177" VPOS="3158" WIDTH="224" HEIGHT="42" CONTENT="instances" />
            <SP ID="SP_21677" HPOS="1401" VPOS="3154" WIDTH="39" HEIGHT="0" />
            <String ID="Word_24131" HPOS="1440" VPOS="3154" WIDTH="250" HEIGHT="51" CONTENT="unilateral," />
          </TextLine>
          <TextLine ID="TextLine_2455" HPOS="1478" VPOS="3226" WIDTH="29" HEIGHT="30">
            <String ID="Word_24132" HPOS="1478" VPOS="3226" WIDTH="29" HEIGHT="30" CONTENT="n" />
          </TextLine>
        </TextBlock>
      </PrintSpace>
    </Page>
  </Layout>
</alto>
