1895 3217
1440 265 90 42 133

582 271 91 33 THE
697 272 178 32 VARIED
897 272 200 32 MONKEY

177 422 27 30 a
236 404 109 61 deep
374 403 208 46 chestnut
611 403 169 53 brown,
814 401 180 62 passing
1015 402 282 45 downwards
1320 416 48 30 as
1391 400 67 48 far
1488 419 50 30 as

173 490 80 37 the
281 481 229 45 shoulders
539 479 90 45 and
658 480 243 52 haunches,
926 494 149 29 where
1098 477 37 47 it
1165 478 191 45 changes
1386 478 95 47 into
1511 496 28 30 a

175 558 149 61 dusky
354 558 112 45 slate
496 571 160 39 colour,
688 556 149 45 which
869 556 36 44 is
937 555 241 46 continued
1207 570 58 31 on
1294 555 79 45 the
1405 555 133 47 limbs

176 635 91 46 and
289 634 97 46 tail.
433 634 97 45 The
552 634 136 44 latter
710 648 133 30 organ
866 632 37 45 is
926 632 306 61 considerably
1250 632 151 46 longer
1423 633 113 45 than

177 712 80 46 the
278 713 136 59 body,
440 711 90 45 and
561 711 97 54 has,
695 726 54 30 on
773 709 109 46 each
916 709 94 46 side
1044 708 51 48 of
1118 709 60 46 its
1211 711 119 53 base,
1367 725 27 29 a
1425 725 111 47 very

173 789 279 46 remarkable
492 788 139 45 white
667 793 111 39 spot.
848 788 97 44 The
983 802 144 30 under
1160 786 170 46 smface
1373 785 51 47 of
1459 788 78 44 the

174 867 135 60 body,
334 865 90 45 and
446 865 78 45 the
552 864 145 45 inside
726 863 51 46 of
799 864 79 45 the
899 864 151 55 limbs,
1076 879 74 31 are
1180 862 50 47 of
1256 879 27 30 a
1305 879 109 46 pure
1445 865 90 45 and

177 943 186 45 delicate
379 942 153 54 white,
553 942 233 60 separated
803 940 112 46 from
932 947 78 39 the
1027 941 323 62 neighbouring
1367 941 168 46 colours

174 1021 63 60 by
259 1035 58 30 an
335 1025 163 40 abrupt
518 1019 92 45 line
633 1018 49 46 of
697 1018 314 46 demarcation.

297 1098 99 44 The
417 1096 150 45 naked
589 1111 137 46 upper
750 1102 100 54 part
874 1095 50 46 of
937 1096 78 45 the
1038 1094 108 56 face,
1163 1096 373 61 comprehending

175 1181 80 39 the
278 1175 137 44 orbits
438 1173 89 45 and
549 1179 78 39 the
654 1174 175 52 cheeks,
860 1172 37 46 is
927 1171 50 47 of
1003 1188 27 29 a
1058 1173 150 45 bluish
1237 1173 186 60 purple;
1459 1173 79 45 the

177 1251 100 60 lips,
301 1250 90 46 and
413 1265 46 31 so
482 1250 135 44 much
635 1248 50 46 of
698 1257 78 38 the
794 1250 104 45 chin
920 1265 49 30 as
991 1249 38 46 is
1053 1249 193 46 without
1263 1249 113 55 hair,
1401 1249 136 46 flesh-

178 1327 224 53 coloured;
427 1341 55 30 on
501 1333 77 37 the
593 1325 115 46 sides
726 1325 50 46 of
785 1327 77 44 the
876 1326 108 54 face,
1003 1326 120 61 large
1136 1328 150 60 bushy
1304 1326 231 55 whiskers,

178 1402 50 47 of
253 1418 28 31 a
316 1403 115 45 light
467 1418 137 30 straw
634 1418 160 39 colour,
824 1403 155 45 mixed
1003 1403 113 45 with
1151 1418 27 30 a
1215 1401 87 47 few
1334 1403 202 46 blackish

177 1480 136 60 rings,
359 1480 197 45 advance
590 1479 227 55 forwards,
864 1481 91 45 and
994 1495 129 31 cover
1166 1495 27 30 a
1237 1481 300 45 considerable

178 1563 174 54 portion
375 1556 50 46 of
438 1563 78 38 the
538 1557 172 45 cheeks.
759 1557 158 46 Above
940 1564 79 39 the
1037 1557 227 61 eyebrows
1279 1557 37 45 is
1340 1573 28 29 a
1389 1564 149 39 trans-

179 1647 124 31 verse
336 1634 130 44 black
498 1634 135 53 band,
670 1635 245 61 extending
947 1650 56 30 on
1038 1633 106 46 each
1180 1632 93 47 side
1307 1650 48 29 as
1388 1633 67 46 far
1489 1650 49 30 as

178 1715 78 39 the
274 1724 111 40 ears,
411 1710 89 45 and
523 1712 291 44 surmounted
829 1713 61 60 by
906 1727 26 30 a
954 1726 175 30 narrow
1151 1713 388 45 crescent-shaped

179 1792 135 55 stripe
348 1786 50 46 of
430 1802 124 46 gray,
593 1788 148 44 which
779 1789 37 44 is
856 1795 256 38 sometimes
1148 1803 193 45 scarcely
1366 1788 170 46 visible.

182 1863 98 46 The
303 1879 97 29 ears
424 1864 90 44 and
535 1864 78 44 the
635 1864 145 45 hands
804 1880 73 29 are
901 1864 49 45 of
972 1880 26 29 a
1020 1864 111 45 livid
1152 1864 112 45 flesh
1286 1865 188 45 colour.”

248 1939 209 45 Another
479 1955 108 44 very
615 1940 222 45 beautiful
865 1941 133 44 allied
1027 1940 164 45 species
1212 1939 38 45 is
1271 1939 79 46 the
1375 1940 165 46 Diana

182 2029 49 30 or
264 2014 210 46 Palatine
502 2016 212 60 monkey,
749 2015 359 60 {Cercopithecus
1141 2016 181 54 Diana,
1354 2016 183 62 Geoff.,)

179 2106 47 30 so
244 2092 170 44 named
439 2092 61 60 by
521 2091 213 46 Linnaeus
757 2091 112 46 from
892 2100 78 38 the
993 2093 138 45 white
1153 2095 388 45 crescent-shaped

177 2169 136 54 band,
336 2175 79 38 the
431 2169 192 44 emblem
638 2167 50 46 of
697 2169 77 45 the
785 2169 161 48 Virgin
964 2170 241 56 Huntress,
1215 2170 148 46 which
1380 2171 159 46 adorns

177 2244 60 47 its
258 2246 135 45 brow.

244 2322 47 45 It
316 2322 38 45 is
379 2338 27 29 a
427 2329 154 40 native
613 2322 49 47 of
686 2330 78 39 the
794 2340 174 30 eastern
998 2330 120 40 coast
1147 2323 50 47 of
1217 2323 167 56 Afnca,
1413 2323 125 62 prin-

184 2397 167 63 cipally
374 2399 47 45 in
445 2399 192 55 Guinea,
662 2399 37 46 is
723 2403 135 43 about
882 2401 205 61 eighteen
1109 2401 151 46 inches
1288 2401 48 45 in
1363 2401 171 54 length,

184 2474 115 46 with
339 2490 27 31 a
400 2476 82 45 tail
519 2477 239 61 exceeding
795 2484 91 39 two
922 2477 101 47 feet.
1090 2479 67 45 Its
1190 2477 236 62 colouring,
1463 2478 74 44 Mr
