2107 3450
775 732 524 54 APPENDIX.

339 999 271 42 A.—Notes
642 1008 55 32 of
729 998 155 42 Three
918 998 147 43 Cases
1099 1010 54 31 of
1189 999 536 46 Speech-Disturbance.

200 1110 87 33 Two
313 1119 46 24 of
382 1120 121 24 these
528 1110 99 42 (Nos.
658 1113 17 30 1
701 1110 70 34 and
796 1110 35 43 2)
856 1119 107 25 HAVE
988 1119 99 24 beem
1114 1120 132 24 under
1271 1121 264 26 observation
1565 1123 68 24 too
1665 1123 198 25 recently

245 1173 45 24 to
324 1173 47 24 be
405 1174 219 24 available
657 1173 74 24 for
763 1174 76 24 the
875 1164 104 34 Text
1014 1173 46 24 of
1096 1174 89 24 this
1221 1165 135 35 Work.
1418 1166 84 34 The
1538 1176 121 25 third
1696 1167 99 35 Case
1830 1177 34 25 is

247 1226 202 25 referred
473 1227 46 24 to
546 1228 42 23 in
612 1227 76 24 the
712 1217 116 35 text,
852 1227 74 24 but
951 1227 101 24 only
1077 1227 106 24 very
1207 1227 177 27 briefly.

202 1360 34 41 1.
274 1359 100 43 Case
391 1361 51 55 of
456 1360 356 57 Infra-pictorial
828 1359 224 57 Auditory
1069 1359 203 57 Aphasia
1297 1360 85 51 (the
1403 1361 259 43 Subcortical
1683 1362 179 57 Sensory

565 1429 202 56 Aphasia
790 1429 51 56 of
855 1429 240 43 Lichtheim
1116 1430 93 42 and
1241 1430 247 56 Wernicke).

247 1543 125 36 David
408 1543 150 36 Brown,
589 1546 58 33 set.
681 1546 57 42 40,
775 1546 128 43 carter,
935 1542 175 37 married,
1146 1542 96 37 born
1276 1546 39 33 at
1350 1541 261 48 Strathmiglo.
1665 1543 196 48 Formerly

197 1600 166 36 resident
380 1601 41 35 in
440 1600 185 48 Glasgow,
645 1601 70 35 but
732 1600 66 36 lias
817 1600 169 37 recently
1000 1601 96 36 been
1114 1600 124 37 living
1256 1601 40 35 in
1312 1601 83 36 Fife
1410 1601 95 36 witb
1522 1601 60 36 bis
1597 1601 262 38 half-brother.

197 1659 201 36 Admitted
416 1659 82 36 into
516 1658 116 37 Ward
651 1661 59 35 31,
730 1658 68 38 7th
816 1658 84 37 Jan.
925 1662 104 34 1894.

245 1717 197 48 Summary
456 1717 41 47 of
509 1717 377 47 Symptoms.—Some
907 1717 171 37 deafness
1095 1730 9 32 ;
1130 1729 93 25 very
1241 1717 157 36 marked
1415 1717 293 37 word-deafness
1725 1731 9 32 ;
1760 1730 101 25 some

194 1774 230 48 logamnesia
441 1788 9 31 ;
477 1774 206 37 occasional
701 1775 223 48 paraphasia
943 1789 9 31 ;
979 1775 133 37 suffers
1130 1775 97 36 from
1246 1775 118 36 aortic
1381 1780 284 32 regurgitation.

243 1832 299 47 History.—The
560 1832 147 49 history
725 1833 40 36 of
787 1833 78 36 this
891 1845 82 24 case
998 1833 69 36 has
1087 1833 97 36 been
1210 1845 92 24 very
1319 1832 162 36 difficult
1507 1836 39 32 to
1573 1833 143 45 obtain,
1735 1833 125 48 owing

193 1894 38 31 to
258 1889 64 37 the
353 1890 174 48 patient's
554 1890 293 37 word-deafness
877 1891 77 36 and
981 1891 188 48 impaired
1198 1894 206 32 utterance.
1459 1891 113 35 Some
1600 1890 258 47 information,

192 1946 185 47 however,
397 1947 67 37 has
481 1948 96 36 been
595 1948 178 37 obtained
791 1949 98 37 from
907 1949 66 37 the
998 1949 267 37 half-brother,
1284 1948 86 37 who
1398 1948 67 36 has
1483 1948 119 37 lately
1620 1961 87 24 seen
1725 1961 21 24 a
1763 1949 96 49 good

192 2004 85 38 deal
304 2006 41 36 of
371 2005 65 37 the
464 2007 157 47 patient,
651 2007 75 36 and
756 2007 80 36 still
864 2020 104 24 more
994 2007 99 36 from
1121 2007 66 36 the
1215 2007 147 48 patient
1390 2006 164 47 himself,
1584 2007 51 47 by
1664 2019 129 24 means
1821 2006 40 37 of

191 2064 194 48 questions
403 2069 71 43 put
491 2068 39 32 to
554 2064 81 36 him
654 2065 41 36 in
713 2066 163 47 writing,
896 2078 42 24 or
955 2065 127 36 rather
1099 2065 40 36 in
1166 2069 115 44 print.
1337 2065 61 36 He
1417 2077 68 24 can
1511 2065 87 36 read
1617 2065 76 36 and
1719 2065 137 36 under-

191 2123 112 35 stand
328 2123 193 47 questions
547 2128 71 43 put
645 2128 37 32 to
709 2123 82 37 him
816 2125 43 35 in
884 2124 78 36 this
988 2137 94 35 way,
1102 2123 147 37 though
1273 2123 48 36 he
1343 2127 138 33 cannot
1499 2123 232 37 understand
1750 2123 106 36 them

192 2180 110 37 when
321 2181 91 36 they
431 2194 61 23 are
511 2185 70 44 put
600 2186 37 32 to
656 2181 81 37 him
756 2182 52 48 by
826 2182 104 37 word
948 2181 41 37 of
1011 2182 146 36 mouth.
1213 2182 81 36 The
1316 2181 348 49 house-physician,
1685 2181 56 35 Dr
1758 2181 96 46 Bell,

189 2239 67 37 has
274 2239 240 49 accordingly
533 2239 95 37 been
654 2244 39 33 at
719 2245 104 44 great
849 2240 109 49 pains
977 2244 38 32 to
1035 2240 131 36 obtain
1191 2252 22 24 a
1238 2239 148 36 history
1404 2238 40 37 of
1468 2238 65 37 the
1560 2251 81 24 case
1667 2238 97 36 from
1789 2238 65 36 the

188 2297 147 49 patient
353 2297 39 36 in
411 2296 77 37 this
506 2309 95 36 way.

237 2356 54 35 At
309 2354 65 37 the
391 2367 67 24 age
476 2354 40 37 of
531 2360 76 41 ten,
621 2355 65 37 the
705 2356 146 49 patient
870 2355 75 37 had
963 2368 50 24 an
1031 2355 127 37 attack
1177 2355 41 37 of
1232 2367 213 24 rheumatic
1464 2353 116 47 fever,
1595 2353 95 37 with
1708 2353 146 38 cardiac

186 2413 263 49 complication
469 2427 8 30 ;
504 2413 76 37 and
609 2414 31 36 it
670 2414 32 36 is
732 2414 188 48 probably
946 2413 98 37 from
1071 2413 77 36 this
1174 2413 128 37 attack
1332 2412 84 37 that
1442 2411 66 37 the
1534 2416 152 44 present
1711 2412 141 37 incom-

184 2475 160 44 petency
363 2470 39 36 of
426 2470 64 37 the
508 2472 116 36 aortic
642 2471 110 37 valve
771 2471 115 37 dates.
941 2472 62 36 He
1027 2483 130 35 seems,
1176 2471 187 36 however,
1383 2474 38 32 to
1439 2469 97 37 have
1561 2470 161 48 enjoyed
1739 2469 110 49 fairly

183 2528 96 48 good
305 2528 130 36 health
453 2528 96 37 after
565 2529 77 36 this
669 2529 139 37 attack,
828 2529 74 37 and
925 2533 39 33 to
991 2529 97 37 have
1104 2529 98 36 been
1228 2532 106 45 quite
1355 2527 85 37 able
1458 2527 58 37 for
1536 2527 60 36 his
1614 2527 116 48 work,
1750 2527 101 37 until

185 2586 64 36 the
266 2586 208 48 beginning
492 2587 41 35 of
547 2586 59 37 his
624 2593 152 43 present
794 2587 169 37 troubles
980 2588 41 35 in
1040 2586 94 38 July
1156 2589 106 35 1892.

232 2644 116 36 Early
367 2644 40 36 in
425 2644 97 47 July
544 2647 103 35 1892,
666 2645 112 36 when
797 2645 154 36 driving
968 2645 60 36 his
1047 2649 79 33 cart
1143 2645 42 36 in
1206 2644 65 37 the
1290 2656 132 25 streets
1441 2643 40 37 of
1505 2643 184 48 Glasgow,
1708 2642 48 38 he
1774 2642 74 38 had

182 2713 21 25 a
221 2701 149 37 sudden
388 2702 126 36 attack
533 2703 40 35 of
595 2703 194 47 giddiness
807 2715 41 24 or
873 2702 196 37 faintness.
1123 2702 126 37 When
1276 2702 31 36 it
1333 2713 103 25 came
1458 2713 103 36 upon
1587 2700 92 46 him,
1699 2700 48 38 he
1773 2713 75 25 was

181 2759 133 48 sitting
332 2771 48 24 on
399 2772 21 24 a
438 2771 98 25 cross
553 2760 123 36 bench
693 2761 41 35 in
761 2760 65 37 the
845 2764 88 32 cart.
988 2760 38 36 It
1052 2760 109 36 made
1179 2759 82 37 him
1288 2759 69 37 fall
1375 2759 96 36 back
1496 2759 82 36 into
1599 2758 65 37 the
1690 2758 102 49 body
1810 2759 41 37 of

180 2815 65 37 the
263 2821 87 32 cart.
408 2817 58 35 He
493 2829 84 36 says
594 2817 60 37 his
680 2817 97 37 head
796 2830 75 24 was
897 2822 67 32 not
981 2817 92 37 hurt
1100 2817 51 48 by
1169 2817 65 37 the
1261 2817 79 36 fall,
1360 2817 75 36 and
1454 2817 48 36 he
1519 2816 88 37 does
1625 2820 66 32 not
1709 2829 138 35 appear

181 2879 38 32 to
237 2873 97 37 have
352 2872 74 37 lost
444 2875 290 36 consciousness.
787 2874 128 38 When
942 2874 65 37 the
1031 2875 128 36 attack
1184 2874 133 49 passed
1344 2875 60 35 off,
1425 2873 123 37 which
1568 2874 31 35 it
1617 2871 65 40 did
1709 2879 137 32 almost

181 2930 274 48 immediately,
483 2931 48 36 he
563 2944 75 24 was
668 2932 85 36 able
783 2936 38 32 to
850 2937 79 32 seat
958 2932 158 37 himself
1141 2945 49 23 on
1221 2931 65 37 the
1318 2931 122 37 bench
1468 2932 121 47 again,
1619 2931 75 36 and
1722 2943 46 35 go
1795 2943 49 25 on

180 2988 162 48 driving.
395 2988 200 48 Although
615 2990 30 35 it
663 2990 31 35 is
712 2994 68 31 not
798 2994 38 31 to
855 2990 77 36 this
953 2991 78 35 first
1057 2989 128 37 attack
1202 2989 84 36 that
1312 2988 65 37 the
1395 2992 147 44 patient
1567 2988 200 36 attributes
1785 2988 60 37 his

180 3046 168 36 troubles
375 3046 39 36 of
438 3046 146 48 speech,
605 3047 31 36 it
662 3058 118 25 seems
806 3047 256 37 nevertheless
1089 3046 98 37 clear
1212 3045 84 37 that
1318 3046 31 36 it
1370 3058 74 24 was
1470 3045 259 47 immediately
1748 3050 97 32 after

179 3104 77 37 this
282 3103 128 38 attack
438 3102 83 38 that
547 3102 60 38 his
633 3103 143 38 friends
802 3104 118 50 began
941 3109 37 32 to
999 3104 122 37 notice
1140 3104 40 36 in
1200 3103 60 36 his
1281 3103 133 49 speech
1433 3115 101 24 some
1552 3101 292 38 word-deafness

1649 3154 25 42 3
1699 3163 24 31 L
