<?xml version="1.0" encoding="UTF-8"?>
<alto xmlns="http://www.loc.gov/standards/alto/ns-v2#" xmlns:xsi="http://www.w3.org/2001/XMLSchema-instance" xsi:schemaLocation="http://www.loc.gov/standards/alto/ns-v2# http://www.loc.gov/standards/alto/alto.xsd">
  <Description>
    <MeasurementUnit>pixel</MeasurementUnit>
    <sourceImageInformation>
      <fileName>b20392321_abbyy.xml</fileName>
    </sourceImageInformation>
    <OCRProcessing ID="OCR_1">
      <preProcessingStep>
        <processingDateTime>2015-06-16T02:11:33</processingDateTime>
        <processingAgency>intranda GmbH, www.intranda.com</processingAgency>
        <processingSoftware>
          <softwareCreator>intranda GmbH, Germany</softwareCreator>
          <softwareName>intranda OCR Module for TaskManager</softwareName>
          <softwareVersion>1.0r42</softwareVersion>
        </processingSoftware>
      </preProcessingStep>
      <ocrProcessingStep>
        <processingSoftware>
          <softwareCreator>ABBYY (BIT Software), Russia</softwareCreator>
          <softwareName>FineReader Engine</softwareName>
          <softwareVersion>10</softwareVersion>
        </processingSoftware>
      </ocrProcessingStep>
    </OCRProcessing>
  </Description>
  <Layout>
    <Page PHYSICAL_IMG_NR="107" ID="PAGE_107" WIDTH="1933" HEIGHT="3302">
      <TopMargin ID="TopMargin_1" HPOS="447" VPOS="164" WIDTH="1279" HEIGHT="44">
        <TextBlock ID="TextBlock_366" HPOS="447" VPOS="164" WIDTH="1279" HEIGHT="44">
          <TextLine ID="TextLine_4916" HPOS="1677" VPOS="164" WIDTH="49" HEIGHT="38">
            <String ID="Word_43225" HPOS="1677" VPOS="164" WIDTH="49" HEIGHT="38" CONTENT="87" />
          </TextLine>
          <TextLine ID="TextLine_4915" HPOS="447" VPOS="164" WIDTH="965" HEIGHT="44">
            <String ID="Word_43220" HPOS="447" VPOS="169" WIDTH="285" HEIGHT="33" CONTENT="Geschichtliches" />
            <SP ID="SP_38310" HPOS="732" VPOS="169" WIDTH="24" HEIGHT="0" />
            <String ID="Word_43221" HPOS="756" VPOS="179" WIDTH="59" HEIGHT="20" CONTENT="zur" />
            <SP ID="SP_38311" HPOS="815" VPOS="168" WIDTH="22" HEIGHT="0" />
            <String ID="Word_43222" HPOS="837" VPOS="168" WIDTH="154" HEIGHT="40" CONTENT="Hygiene" />
            <SP ID="SP_38312" HPOS="991" VPOS="166" WIDTH="24" HEIGHT="0" />
            <String ID="Word_43223" HPOS="1015" VPOS="166" WIDTH="58" HEIGHT="31" CONTENT="des" />
            <SP ID="SP_38313" HPOS="1073" VPOS="166" WIDTH="23" HEIGHT="0" />
            <String ID="Word_43224" HPOS="1096" VPOS="164" WIDTH="316" HEIGHT="42" CONTENT="Hospitalbrandes." />
          </TextLine>
        </TextBlock>
      </TopMargin>
      <PrintSpace ID="PrintSpace_108" HPOS="123" VPOS="264" WIDTH="1612" HEIGHT="2747">
        <TextBlock ID="TextBlock_365" HPOS="123" VPOS="264" WIDTH="1612" HEIGHT="2747">
          <TextLine ID="TextLine_4917" HPOS="134" VPOS="270" WIDTH="1594" HEIGHT="56">
            <String ID="Word_43226" HPOS="134" VPOS="279" WIDTH="74" HEIGHT="37" CONTENT="und" />
            <SP ID="SP_38314" HPOS="208" VPOS="278" WIDTH="50" HEIGHT="0" />
            <String ID="Word_43227" HPOS="258" VPOS="278" WIDTH="116" HEIGHT="38" CONTENT="Kies" />
            <SP ID="SP_38315" HPOS="374" VPOS="278" WIDTH="12" HEIGHT="0" />
            <String ID="Word_43228" HPOS="386" VPOS="292" WIDTH="46" HEIGHT="24" CONTENT="er" />
            <SP ID="SP_38316" HPOS="432" VPOS="277" WIDTH="48" HEIGHT="0" />
            <String ID="Word_43229" HPOS="480" VPOS="278" WIDTH="263" HEIGHT="37" CONTENT="überzeugten" />
            <SP ID="SP_38317" HPOS="743" VPOS="274" WIDTH="48" HEIGHT="0" />
            <String ID="Word_43230" HPOS="791" VPOS="274" WIDTH="80" HEIGHT="38" CONTENT="sich" />
            <SP ID="SP_38318" HPOS="871" VPOS="274" WIDTH="50" HEIGHT="0" />
            <String ID="Word_43231" HPOS="921" VPOS="287" WIDTH="71" HEIGHT="24" CONTENT="von" />
            <SP ID="SP_38319" HPOS="992" VPOS="273" WIDTH="46" HEIGHT="0" />
            <String ID="Word_43232" HPOS="1038" VPOS="273" WIDTH="67" HEIGHT="37" CONTENT="der" />
            <SP ID="SP_38320" HPOS="1105" VPOS="270" WIDTH="48" HEIGHT="0" />
            <String ID="Word_43233" HPOS="1153" VPOS="270" WIDTH="406" HEIGHT="52" CONTENT="Wirkungslosigkeit" />
            <SP ID="SP_38321" HPOS="1559" VPOS="270" WIDTH="43" HEIGHT="0" />
            <String ID="Word_43234" HPOS="1602" VPOS="271" WIDTH="126" HEIGHT="37" CONTENT="dieser" />
          </TextLine>
          <TextLine ID="TextLine_4918" HPOS="133" VPOS="324" WIDTH="1593" HEIGHT="58">
            <String ID="Word_43235" HPOS="133" VPOS="332" WIDTH="327" HEIGHT="50" CONTENT="Riiucheruugen," />
            <SP ID="SP_38322" HPOS="460" VPOS="330" WIDTH="36" HEIGHT="0" />
            <String ID="Word_43236" HPOS="496" VPOS="330" WIDTH="179" HEIGHT="38" CONTENT="wandten" />
            <SP ID="SP_38323" HPOS="675" VPOS="330" WIDTH="40" HEIGHT="0" />
            <String ID="Word_43237" HPOS="715" VPOS="342" WIDTH="55" HEIGHT="25" CONTENT="sie" />
            <SP ID="SP_38324" HPOS="770" VPOS="327" WIDTH="33" HEIGHT="0" />
            <String ID="Word_43238" HPOS="803" VPOS="327" WIDTH="140" HEIGHT="51" CONTENT="jedoch" />
            <SP ID="SP_38325" HPOS="943" VPOS="327" WIDTH="36" HEIGHT="0" />
            <String ID="Word_43239" HPOS="979" VPOS="327" WIDTH="39" HEIGHT="37" CONTENT="in" />
            <SP ID="SP_38326" HPOS="1018" VPOS="327" WIDTH="40" HEIGHT="0" />
            <String ID="Word_43240" HPOS="1058" VPOS="340" WIDTH="98" HEIGHT="36" CONTENT="ganz" />
            <SP ID="SP_38327" HPOS="1156" VPOS="326" WIDTH="39" HEIGHT="0" />
            <String ID="Word_43241" HPOS="1195" VPOS="328" WIDTH="278" HEIGHT="35" CONTENT="concentrirter" />
            <SP ID="SP_38328" HPOS="1473" VPOS="324" WIDTH="39" HEIGHT="0" />
            <String ID="Word_43242" HPOS="1512" VPOS="324" WIDTH="116" HEIGHT="38" CONTENT="Form" />
            <SP ID="SP_38329" HPOS="1628" VPOS="324" WIDTH="37" HEIGHT="0" />
            <String ID="Word_43243" HPOS="1665" VPOS="337" WIDTH="61" HEIGHT="35" CONTENT="an," />
          </TextLine>
          <TextLine ID="TextLine_4919" HPOS="134" VPOS="378" WIDTH="1592" HEIGHT="51">
            <String ID="Word_43244" HPOS="134" VPOS="400" WIDTH="64" HEIGHT="23" CONTENT="um" />
            <SP ID="SP_38330" HPOS="198" VPOS="386" WIDTH="39" HEIGHT="0" />
            <String ID="Word_43245" HPOS="237" VPOS="386" WIDTH="119" HEIGHT="37" CONTENT="damit" />
            <SP ID="SP_38331" HPOS="356" VPOS="386" WIDTH="36" HEIGHT="0" />
            <String ID="Word_43246" HPOS="392" VPOS="386" WIDTH="103" HEIGHT="37" CONTENT="leere" />
            <SP ID="SP_38332" HPOS="495" VPOS="383" WIDTH="38" HEIGHT="0" />
            <String ID="Word_43247" HPOS="533" VPOS="383" WIDTH="187" HEIGHT="46" CONTENT="Zimmer," />
            <SP ID="SP_38333" HPOS="720" VPOS="381" WIDTH="43" HEIGHT="0" />
            <String ID="Word_43248" HPOS="763" VPOS="381" WIDTH="189" HEIGHT="46" CONTENT="Wäsche," />
            <SP ID="SP_38334" HPOS="952" VPOS="379" WIDTH="40" HEIGHT="0" />
            <String ID="Word_43249" HPOS="992" VPOS="379" WIDTH="356" HEIGHT="50" CONTENT="Kleidungsstücke" />
            <SP ID="SP_38335" HPOS="1348" VPOS="379" WIDTH="37" HEIGHT="0" />
            <String ID="Word_43250" HPOS="1385" VPOS="393" WIDTH="48" HEIGHT="23" CONTENT="zu" />
            <SP ID="SP_38336" HPOS="1433" VPOS="378" WIDTH="38" HEIGHT="0" />
            <String ID="Word_43251" HPOS="1471" VPOS="378" WIDTH="255" HEIGHT="40" CONTENT="desinficiren." />
          </TextLine>
          <TextLine ID="TextLine_4920" HPOS="133" VPOS="431" WIDTH="1596" HEIGHT="58">
            <String ID="Word_43252" HPOS="133" VPOS="438" WIDTH="183" HEIGHT="39" CONTENT="Scarpa" />
            <SP ID="SP_38337" HPOS="316" VPOS="438" WIDTH="28" HEIGHT="0" />
            <String ID="Word_43253" HPOS="344" VPOS="439" WIDTH="90" HEIGHT="37" CONTENT="liess" />
            <SP ID="SP_38338" HPOS="434" VPOS="439" WIDTH="29" HEIGHT="0" />
            <String ID="Word_43254" HPOS="463" VPOS="439" WIDTH="39" HEIGHT="37" CONTENT="in" />
            <SP ID="SP_38339" HPOS="502" VPOS="437" WIDTH="31" HEIGHT="0" />
            <String ID="Word_43255" HPOS="533" VPOS="437" WIDTH="72" HEIGHT="37" CONTENT="den" />
            <SP ID="SP_38340" HPOS="605" VPOS="436" WIDTH="31" HEIGHT="0" />
            <String ID="Word_43256" HPOS="636" VPOS="436" WIDTH="116" HEIGHT="38" CONTENT="Sälen" />
            <SP ID="SP_38341" HPOS="752" VPOS="436" WIDTH="29" HEIGHT="0" />
            <String ID="Word_43257" HPOS="781" VPOS="436" WIDTH="77" HEIGHT="37" CONTENT="und" />
            <SP ID="SP_38342" HPOS="858" VPOS="434" WIDTH="33" HEIGHT="0" />
            <String ID="Word_43258" HPOS="891" VPOS="434" WIDTH="162" HEIGHT="39" CONTENT="Gängen" />
            <SP ID="SP_38343" HPOS="1053" VPOS="434" WIDTH="40" HEIGHT="0" />
            <String ID="Word_43259" HPOS="1093" VPOS="434" WIDTH="66" HEIGHT="37" CONTENT="des" />
            <SP ID="SP_38344" HPOS="1159" VPOS="432" WIDTH="31" HEIGHT="0" />
            <String ID="Word_43260" HPOS="1190" VPOS="432" WIDTH="225" HEIGHT="50" CONTENT="Hospitales" />
            <SP ID="SP_38345" HPOS="1415" VPOS="432" WIDTH="34" HEIGHT="0" />
            <String ID="Word_43261" HPOS="1449" VPOS="432" WIDTH="173" HEIGHT="38" CONTENT="Kräuter" />
            <SP ID="SP_38346" HPOS="1622" VPOS="431" WIDTH="35" HEIGHT="0" />
            <String ID="Word_43262" HPOS="1657" VPOS="433" WIDTH="72" HEIGHT="37" CONTENT="mit" />
          </TextLine>
          <TextLine ID="TextLine_4921" HPOS="132" VPOS="486" WIDTH="1595" HEIGHT="57">
            <String ID="Word_43263" HPOS="132" VPOS="493" WIDTH="117" HEIGHT="50" CONTENT="Essig" />
            <SP ID="SP_38347" HPOS="249" VPOS="492" WIDTH="29" HEIGHT="0" />
            <String ID="Word_43264" HPOS="278" VPOS="492" WIDTH="244" HEIGHT="38" CONTENT="abdampfen." />
            <SP ID="SP_38348" HPOS="522" VPOS="490" WIDTH="58" HEIGHT="0" />
            <String ID="Word_43265" HPOS="580" VPOS="490" WIDTH="116" HEIGHT="38" CONTENT="Diese" />
            <SP ID="SP_38349" HPOS="696" VPOS="490" WIDTH="30" HEIGHT="0" />
            <String ID="Word_43266" HPOS="726" VPOS="490" WIDTH="309" HEIGHT="48" CONTENT="Räucherungen" />
            <SP ID="SP_38350" HPOS="1035" VPOS="487" WIDTH="32" HEIGHT="0" />
            <String ID="Word_43267" HPOS="1067" VPOS="487" WIDTH="164" HEIGHT="50" CONTENT="spielten" />
            <SP ID="SP_38351" HPOS="1231" VPOS="486" WIDTH="21" HEIGHT="0" />
            <String ID="Word_43268" HPOS="1252" VPOS="486" WIDTH="98" HEIGHT="38" CONTENT="auch" />
            <SP ID="SP_38352" HPOS="1350" VPOS="486" WIDTH="21" HEIGHT="0" />
            <String ID="Word_43269" HPOS="1371" VPOS="489" WIDTH="130" HEIGHT="46" CONTENT="später" />
            <SP ID="SP_38353" HPOS="1501" VPOS="486" WIDTH="20" HEIGHT="0" />
            <String ID="Word_43270" HPOS="1521" VPOS="486" WIDTH="99" HEIGHT="38" CONTENT="noch" />
            <SP ID="SP_38354" HPOS="1620" VPOS="486" WIDTH="22" HEIGHT="0" />
            <String ID="Word_43271" HPOS="1642" VPOS="499" WIDTH="85" HEIGHT="24" CONTENT="eine" />
          </TextLine>
          <TextLine ID="TextLine_4922" HPOS="132" VPOS="539" WIDTH="1595" HEIGHT="55">
            <String ID="Word_43272" HPOS="132" VPOS="546" WIDTH="124" HEIGHT="38" CONTENT="Kolle." />
            <SP ID="SP_38355" HPOS="256" VPOS="544" WIDTH="72" HEIGHT="0" />
            <String ID="Word_43273" HPOS="328" VPOS="544" WIDTH="421" HEIGHT="50" CONTENT="Siedmogrodsky" />
            <SP ID="SP_38356" HPOS="749" VPOS="542" WIDTH="47" HEIGHT="0" />
            <String ID="Word_43274" HPOS="796" VPOS="542" WIDTH="138" HEIGHT="50" CONTENT="(1829)" />
            <SP ID="SP_38357" HPOS="934" VPOS="542" WIDTH="51" HEIGHT="0" />
            <String ID="Word_43275" HPOS="985" VPOS="542" WIDTH="91" HEIGHT="38" CONTENT="liess" />
            <SP ID="SP_38358" HPOS="1076" VPOS="542" WIDTH="43" HEIGHT="0" />
            <String ID="Word_43276" HPOS="1119" VPOS="542" WIDTH="38" HEIGHT="37" CONTENT="in" />
            <SP ID="SP_38359" HPOS="1157" VPOS="541" WIDTH="47" HEIGHT="0" />
            <String ID="Word_43277" HPOS="1204" VPOS="541" WIDTH="75" HEIGHT="37" CONTENT="den" />
            <SP ID="SP_38360" HPOS="1279" VPOS="539" WIDTH="43" HEIGHT="0" />
            <String ID="Word_43278" HPOS="1322" VPOS="539" WIDTH="298" HEIGHT="39" CONTENT="Krankensälen" />
            <SP ID="SP_38361" HPOS="1620" VPOS="539" WIDTH="39" HEIGHT="0" />
            <String ID="Word_43279" HPOS="1659" VPOS="540" WIDTH="68" HEIGHT="38" CONTENT="der" />
          </TextLine>
          <TextLine ID="TextLine_4923" HPOS="133" VPOS="593" WIDTH="1594" HEIGHT="55">
            <String ID="Word_43280" HPOS="133" VPOS="599" WIDTH="177" HEIGHT="39" CONTENT="Berliner" />
            <SP ID="SP_38362" HPOS="310" VPOS="599" WIDTH="30" HEIGHT="0" />
            <String ID="Word_43281" HPOS="340" VPOS="599" WIDTH="154" HEIGHT="38" CONTENT="Charite" />
            <SP ID="SP_38363" HPOS="494" VPOS="599" WIDTH="29" HEIGHT="0" />
            <String ID="Word_43282" HPOS="523" VPOS="611" WIDTH="132" HEIGHT="37" CONTENT="grosse" />
            <SP ID="SP_38364" HPOS="655" VPOS="597" WIDTH="32" HEIGHT="0" />
            <String ID="Word_43283" HPOS="687" VPOS="597" WIDTH="174" HEIGHT="37" CONTENT="Rahmen" />
            <SP ID="SP_38365" HPOS="861" VPOS="597" WIDTH="29" HEIGHT="0" />
            <String ID="Word_43284" HPOS="890" VPOS="598" WIDTH="71" HEIGHT="36" CONTENT="mit" />
            <SP ID="SP_38366" HPOS="961" VPOS="594" WIDTH="30" HEIGHT="0" />
            <String ID="Word_43285" HPOS="991" VPOS="594" WIDTH="294" HEIGHT="39" CONTENT="Sackleinwand" />
            <SP ID="SP_38367" HPOS="1285" VPOS="593" WIDTH="22" HEIGHT="0" />
            <String ID="Word_43286" HPOS="1307" VPOS="593" WIDTH="193" HEIGHT="49" CONTENT="bespannt" />
            <SP ID="SP_38368" HPOS="1500" VPOS="593" WIDTH="20" HEIGHT="0" />
            <String ID="Word_43287" HPOS="1520" VPOS="594" WIDTH="207" HEIGHT="38" CONTENT="aufstellen" />
          </TextLine>
          <TextLine ID="TextLine_4924" HPOS="133" VPOS="646" WIDTH="1593" HEIGHT="55">
            <String ID="Word_43288" HPOS="133" VPOS="654" WIDTH="78" HEIGHT="36" CONTENT="und" />
            <SP ID="SP_38369" HPOS="211" VPOS="654" WIDTH="37" HEIGHT="0" />
            <String ID="Word_43289" HPOS="248" VPOS="657" WIDTH="71" HEIGHT="33" CONTENT="mit" />
            <SP ID="SP_38370" HPOS="319" VPOS="652" WIDTH="29" HEIGHT="0" />
            <String ID="Word_43290" HPOS="348" VPOS="652" WIDTH="352" HEIGHT="38" CONTENT="Chlorkalklösung" />
            <SP ID="SP_38371" HPOS="700" VPOS="650" WIDTH="35" HEIGHT="0" />
            <String ID="Word_43291" HPOS="735" VPOS="650" WIDTH="225" HEIGHT="39" CONTENT="befeuchtet" />
            <SP ID="SP_38372" HPOS="960" VPOS="649" WIDTH="34" HEIGHT="0" />
            <String ID="Word_43292" HPOS="994" VPOS="649" WIDTH="187" HEIGHT="38" CONTENT="erhalten." />
            <SP ID="SP_38373" HPOS="1181" VPOS="646" WIDTH="58" HEIGHT="0" />
            <String ID="Word_43293" HPOS="1239" VPOS="646" WIDTH="59" HEIGHT="39" CONTENT="Im" />
            <SP ID="SP_38374" HPOS="1298" VPOS="646" WIDTH="31" HEIGHT="0" />
            <String ID="Word_43294" HPOS="1329" VPOS="647" WIDTH="397" HEIGHT="38" CONTENT="italienisch-franzö-" />
          </TextLine>
          <TextLine ID="TextLine_4925" HPOS="132" VPOS="701" WIDTH="1594" HEIGHT="54">
            <String ID="Word_43295" HPOS="132" VPOS="706" WIDTH="152" HEIGHT="38" CONTENT="sischen" />
            <SP ID="SP_38375" HPOS="284" VPOS="706" WIDTH="30" HEIGHT="0" />
            <String ID="Word_43296" HPOS="314" VPOS="706" WIDTH="145" HEIGHT="38" CONTENT="Kriege" />
            <SP ID="SP_38376" HPOS="459" VPOS="706" WIDTH="32" HEIGHT="0" />
            <String ID="Word_43297" HPOS="491" VPOS="706" WIDTH="151" HEIGHT="36" CONTENT="wandte" />
            <SP ID="SP_38377" HPOS="642" VPOS="706" WIDTH="31" HEIGHT="0" />
            <String ID="Word_43298" HPOS="673" VPOS="718" WIDTH="87" HEIGHT="24" CONTENT="man" />
            <SP ID="SP_38378" HPOS="760" VPOS="705" WIDTH="35" HEIGHT="0" />
            <String ID="Word_43299" HPOS="795" VPOS="705" WIDTH="40" HEIGHT="36" CONTENT="in" />
            <SP ID="SP_38379" HPOS="835" VPOS="703" WIDTH="29" HEIGHT="0" />
            <String ID="Word_43300" HPOS="864" VPOS="703" WIDTH="171" HEIGHT="38" CONTENT="Mailand" />
            <SP ID="SP_38380" HPOS="1035" VPOS="702" WIDTH="31" HEIGHT="0" />
            <String ID="Word_43301" HPOS="1066" VPOS="702" WIDTH="127" HEIGHT="38" CONTENT="Harz-" />
            <SP ID="SP_38381" HPOS="1193" VPOS="702" WIDTH="31" HEIGHT="0" />
            <String ID="Word_43302" HPOS="1224" VPOS="702" WIDTH="77" HEIGHT="37" CONTENT="und" />
            <SP ID="SP_38382" HPOS="1301" VPOS="701" WIDTH="33" HEIGHT="0" />
            <String ID="Word_43303" HPOS="1334" VPOS="701" WIDTH="392" HEIGHT="46" CONTENT="Theerräucherung," />
          </TextLine>
          <TextLine ID="TextLine_4926" HPOS="133" VPOS="754" WIDTH="1594" HEIGHT="55">
            <String ID="Word_43304" HPOS="133" VPOS="760" WIDTH="96" HEIGHT="37" CONTENT="auch" />
            <SP ID="SP_38383" HPOS="229" VPOS="759" WIDTH="22" HEIGHT="0" />
            <String ID="Word_43305" HPOS="251" VPOS="759" WIDTH="234" HEIGHT="50" CONTENT="Sprengung" />
            <SP ID="SP_38384" HPOS="485" VPOS="759" WIDTH="20" HEIGHT="0" />
            <String ID="Word_43306" HPOS="505" VPOS="762" WIDTH="70" HEIGHT="34" CONTENT="mit" />
            <SP ID="SP_38385" HPOS="575" VPOS="758" WIDTH="21" HEIGHT="0" />
            <String ID="Word_43307" HPOS="596" VPOS="758" WIDTH="358" HEIGHT="38" CONTENT="Chlorkalkwasser" />
            <SP ID="SP_38386" HPOS="954" VPOS="758" WIDTH="20" HEIGHT="0" />
            <String ID="Word_43308" HPOS="974" VPOS="771" WIDTH="60" HEIGHT="26" CONTENT="an." />
            <SP ID="SP_38387" HPOS="1034" VPOS="756" WIDTH="45" HEIGHT="0" />
            <String ID="Word_43309" HPOS="1079" VPOS="756" WIDTH="238" HEIGHT="38" CONTENT="Legouest" />
            <SP ID="SP_38388" HPOS="1317" VPOS="754" WIDTH="28" HEIGHT="0" />
            <String ID="Word_43310" HPOS="1345" VPOS="754" WIDTH="98" HEIGHT="38" CONTENT="hielt" />
            <SP ID="SP_38389" HPOS="1443" VPOS="754" WIDTH="28" HEIGHT="0" />
            <String ID="Word_43311" HPOS="1471" VPOS="754" WIDTH="164" HEIGHT="39" CONTENT="letztere" />
            <SP ID="SP_38390" HPOS="1635" VPOS="754" WIDTH="28" HEIGHT="0" />
            <String ID="Word_43312" HPOS="1663" VPOS="754" WIDTH="64" HEIGHT="39" CONTENT="für" />
          </TextLine>
          <TextLine ID="TextLine_4927" HPOS="131" VPOS="808" WIDTH="1596" HEIGHT="48">
            <String ID="Word_43313" HPOS="131" VPOS="813" WIDTH="89" HEIGHT="37" CONTENT="sehr" />
            <SP ID="SP_38391" HPOS="220" VPOS="812" WIDTH="30" HEIGHT="0" />
            <String ID="Word_43314" HPOS="250" VPOS="813" WIDTH="235" HEIGHT="37" CONTENT="wesentlich." />
            <SP ID="SP_38392" HPOS="485" VPOS="811" WIDTH="59" HEIGHT="0" />
            <String ID="Word_43315" HPOS="544" VPOS="811" WIDTH="288" HEIGHT="39" CONTENT="Neudörfer" />
            <SP ID="SP_38393" HPOS="832" VPOS="810" WIDTH="29" HEIGHT="0" />
            <String ID="Word_43316" HPOS="861" VPOS="810" WIDTH="277" HEIGHT="39" CONTENT="beobachtete," />
            <SP ID="SP_38394" HPOS="1138" VPOS="810" WIDTH="46" HEIGHT="0" />
            <String ID="Word_43317" HPOS="1184" VPOS="810" WIDTH="86" HEIGHT="37" CONTENT="dass" />
            <SP ID="SP_38395" HPOS="1270" VPOS="809" WIDTH="32" HEIGHT="0" />
            <String ID="Word_43318" HPOS="1302" VPOS="809" WIDTH="60" HEIGHT="37" CONTENT="die" />
            <SP ID="SP_38396" HPOS="1362" VPOS="808" WIDTH="31" HEIGHT="0" />
            <String ID="Word_43319" HPOS="1393" VPOS="808" WIDTH="189" HEIGHT="37" CONTENT="Kranken" />
            <SP ID="SP_38397" HPOS="1582" VPOS="808" WIDTH="30" HEIGHT="0" />
            <String ID="Word_43320" HPOS="1612" VPOS="811" WIDTH="115" HEIGHT="35" CONTENT="unter" />
          </TextLine>
          <TextLine ID="TextLine_4928" HPOS="133" VPOS="862" WIDTH="1592" HEIGHT="53">
            <String ID="Word_43321" HPOS="133" VPOS="866" WIDTH="72" HEIGHT="37" CONTENT="den" />
            <SP ID="SP_38398" HPOS="205" VPOS="866" WIDTH="20" HEIGHT="0" />
            <String ID="Word_43322" HPOS="225" VPOS="866" WIDTH="310" HEIGHT="38" CONTENT="Räucherungen" />
            <SP ID="SP_38399" HPOS="535" VPOS="866" WIDTH="21" HEIGHT="0" />
            <String ID="Word_43323" HPOS="556" VPOS="869" WIDTH="71" HEIGHT="35" CONTENT="mit" />
            <SP ID="SP_38400" HPOS="627" VPOS="865" WIDTH="20" HEIGHT="0" />
            <String ID="Word_43324" HPOS="647" VPOS="865" WIDTH="126" HEIGHT="45" CONTENT="Chlor," />
            <SP ID="SP_38401" HPOS="773" VPOS="864" WIDTH="22" HEIGHT="0" />
            <String ID="Word_43325" HPOS="795" VPOS="865" WIDTH="242" HEIGHT="49" CONTENT="schwefliger" />
            <SP ID="SP_38402" HPOS="1037" VPOS="863" WIDTH="22" HEIGHT="0" />
            <String ID="Word_43326" HPOS="1059" VPOS="863" WIDTH="133" HEIGHT="47" CONTENT="Säure," />
            <SP ID="SP_38403" HPOS="1192" VPOS="862" WIDTH="24" HEIGHT="0" />
            <String ID="Word_43327" HPOS="1216" VPOS="862" WIDTH="415" HEIGHT="39" CONTENT="Untersalpetersäure" />
            <SP ID="SP_38404" HPOS="1631" VPOS="862" WIDTH="22" HEIGHT="0" />
            <String ID="Word_43328" HPOS="1653" VPOS="875" WIDTH="72" HEIGHT="25" CONTENT="etc." />
          </TextLine>
          <TextLine ID="TextLine_4929" HPOS="129" VPOS="915" WIDTH="1596" HEIGHT="54">
            <String ID="Word_43329" HPOS="129" VPOS="919" WIDTH="129" HEIGHT="38" CONTENT="leiden" />
            <SP ID="SP_38405" HPOS="258" VPOS="919" WIDTH="27" HEIGHT="0" />
            <String ID="Word_43330" HPOS="285" VPOS="920" WIDTH="78" HEIGHT="37" CONTENT="und" />
            <SP ID="SP_38406" HPOS="363" VPOS="920" WIDTH="30" HEIGHT="0" />
            <String ID="Word_43331" HPOS="393" VPOS="920" WIDTH="199" HEIGHT="49" CONTENT="empfiehlt" />
            <SP ID="SP_38407" HPOS="592" VPOS="920" WIDTH="28" HEIGHT="0" />
            <String ID="Word_43332" HPOS="620" VPOS="934" WIDTH="72" HEIGHT="23" CONTENT="nur" />
            <SP ID="SP_38408" HPOS="692" VPOS="919" WIDTH="20" HEIGHT="0" />
            <String ID="Word_43333" HPOS="712" VPOS="919" WIDTH="311" HEIGHT="38" CONTENT="Räucherungen" />
            <SP ID="SP_38409" HPOS="1023" VPOS="918" WIDTH="29" HEIGHT="0" />
            <String ID="Word_43334" HPOS="1052" VPOS="920" WIDTH="71" HEIGHT="35" CONTENT="mit" />
            <SP ID="SP_38410" HPOS="1123" VPOS="917" WIDTH="20" HEIGHT="0" />
            <String ID="Word_43335" HPOS="1143" VPOS="917" WIDTH="127" HEIGHT="50" CONTENT="Essig," />
            <SP ID="SP_38411" HPOS="1270" VPOS="915" WIDTH="29" HEIGHT="0" />
            <String ID="Word_43336" HPOS="1299" VPOS="915" WIDTH="426" HEIGHT="48" CONTENT="Wachholderbeeren," />
          </TextLine>
          <TextLine ID="TextLine_4930" HPOS="132" VPOS="969" WIDTH="1595" HEIGHT="43">
            <String ID="Word_43337" HPOS="132" VPOS="973" WIDTH="301" HEIGHT="38" CONTENT="Kienholztheer" />
            <SP ID="SP_38412" HPOS="433" VPOS="973" WIDTH="31" HEIGHT="0" />
            <String ID="Word_43338" HPOS="464" VPOS="976" WIDTH="70" HEIGHT="35" CONTENT="etc." />
            <SP ID="SP_38413" HPOS="534" VPOS="973" WIDTH="58" HEIGHT="0" />
            <String ID="Word_43339" HPOS="592" VPOS="973" WIDTH="202" HEIGHT="39" CONTENT="Nelaton" />
            <SP ID="SP_38414" HPOS="794" VPOS="972" WIDTH="30" HEIGHT="0" />
            <String ID="Word_43340" HPOS="824" VPOS="972" WIDTH="257" HEIGHT="38" CONTENT="befürwortet" />
            <SP ID="SP_38415" HPOS="1081" VPOS="972" WIDTH="30" HEIGHT="0" />
            <String ID="Word_43341" HPOS="1111" VPOS="972" WIDTH="66" HEIGHT="37" CONTENT="das" />
            <SP ID="SP_38416" HPOS="1177" VPOS="970" WIDTH="21" HEIGHT="0" />
            <String ID="Word_43342" HPOS="1198" VPOS="970" WIDTH="228" HEIGHT="38" CONTENT="Anstecken" />
            <SP ID="SP_38417" HPOS="1426" VPOS="969" WIDTH="28" HEIGHT="0" />
            <String ID="Word_43343" HPOS="1454" VPOS="969" WIDTH="119" HEIGHT="38" CONTENT="freier" />
            <SP ID="SP_38418" HPOS="1573" VPOS="969" WIDTH="26" HEIGHT="0" />
            <String ID="Word_43344" HPOS="1599" VPOS="969" WIDTH="128" HEIGHT="38" CONTENT="Feuer" />
          </TextLine>
          <TextLine ID="TextLine_4931" HPOS="132" VPOS="1025" WIDTH="298" HEIGHT="39">
            <String ID="Word_43345" HPOS="132" VPOS="1027" WIDTH="36" HEIGHT="36" CONTENT="in" />
            <SP ID="SP_38419" HPOS="168" VPOS="1027" WIDTH="33" HEIGHT="0" />
            <String ID="Word_43346" HPOS="201" VPOS="1027" WIDTH="72" HEIGHT="37" CONTENT="den" />
            <SP ID="SP_38420" HPOS="273" VPOS="1025" WIDTH="30" HEIGHT="0" />
            <String ID="Word_43347" HPOS="303" VPOS="1025" WIDTH="127" HEIGHT="39" CONTENT="Sälen." />
          </TextLine>
          <TextLine ID="TextLine_4932" HPOS="260" VPOS="1076" WIDTH="1465" HEIGHT="52">
            <String ID="Word_43348" HPOS="260" VPOS="1080" WIDTH="73" HEIGHT="38" CONTENT="Die" />
            <SP ID="SP_38421" HPOS="333" VPOS="1080" WIDTH="39" HEIGHT="0" />
            <String ID="Word_43349" HPOS="372" VPOS="1094" WIDTH="74" HEIGHT="24" CONTENT="von" />
            <SP ID="SP_38422" HPOS="446" VPOS="1081" WIDTH="37" HEIGHT="0" />
            <String ID="Word_43350" HPOS="483" VPOS="1081" WIDTH="101" HEIGHT="37" CONTENT="allen" />
            <SP ID="SP_38423" HPOS="584" VPOS="1080" WIDTH="30" HEIGHT="0" />
            <String ID="Word_43351" HPOS="614" VPOS="1080" WIDTH="177" HEIGHT="38" CONTENT="Autoren" />
            <SP ID="SP_38424" HPOS="791" VPOS="1080" WIDTH="36" HEIGHT="0" />
            <String ID="Word_43352" HPOS="827" VPOS="1093" WIDTH="41" HEIGHT="25" CONTENT="so" />
            <SP ID="SP_38425" HPOS="868" VPOS="1079" WIDTH="39" HEIGHT="0" />
            <String ID="Word_43353" HPOS="907" VPOS="1079" WIDTH="190" HEIGHT="49" CONTENT="dringend" />
            <SP ID="SP_38426" HPOS="1097" VPOS="1078" WIDTH="38" HEIGHT="0" />
            <String ID="Word_43354" HPOS="1135" VPOS="1078" WIDTH="229" HEIGHT="50" CONTENT="gegebenen" />
            <SP ID="SP_38427" HPOS="1364" VPOS="1076" WIDTH="31" HEIGHT="0" />
            <String ID="Word_43355" HPOS="1395" VPOS="1076" WIDTH="330" HEIGHT="51" CONTENT="Empfehlungen," />
          </TextLine>
          <TextLine ID="TextLine_4933" HPOS="132" VPOS="1131" WIDTH="1596" HEIGHT="53">
            <String ID="Word_43356" HPOS="132" VPOS="1134" WIDTH="60" HEIGHT="37" CONTENT="die" />
            <SP ID="SP_38428" HPOS="192" VPOS="1134" WIDTH="30" HEIGHT="0" />
            <String ID="Word_43357" HPOS="222" VPOS="1136" WIDTH="152" HEIGHT="47" CONTENT="grösste" />
            <SP ID="SP_38429" HPOS="374" VPOS="1134" WIDTH="29" HEIGHT="0" />
            <String ID="Word_43358" HPOS="403" VPOS="1134" WIDTH="261" HEIGHT="38" CONTENT="Reinlichkeit" />
            <SP ID="SP_38430" HPOS="664" VPOS="1134" WIDTH="27" HEIGHT="0" />
            <String ID="Word_43359" HPOS="691" VPOS="1134" WIDTH="40" HEIGHT="37" CONTENT="in" />
            <SP ID="SP_38431" HPOS="731" VPOS="1134" WIDTH="25" HEIGHT="0" />
            <String ID="Word_43360" HPOS="756" VPOS="1134" WIDTH="111" HEIGHT="50" CONTENT="jeder" />
            <SP ID="SP_38432" HPOS="867" VPOS="1132" WIDTH="29" HEIGHT="0" />
            <String ID="Word_43361" HPOS="896" VPOS="1132" WIDTH="227" HEIGHT="39" CONTENT="Beziehung" />
            <SP ID="SP_38433" HPOS="1123" VPOS="1132" WIDTH="30" HEIGHT="0" />
            <String ID="Word_43362" HPOS="1153" VPOS="1146" WIDTH="46" HEIGHT="23" CONTENT="zu" />
            <SP ID="SP_38434" HPOS="1199" VPOS="1131" WIDTH="29" HEIGHT="0" />
            <String ID="Word_43363" HPOS="1228" VPOS="1131" WIDTH="260" HEIGHT="47" CONTENT="beobachten," />
            <SP ID="SP_38435" HPOS="1488" VPOS="1131" WIDTH="38" HEIGHT="0" />
            <String ID="Word_43364" HPOS="1526" VPOS="1131" WIDTH="202" HEIGHT="38" CONTENT="enthalten" />
          </TextLine>
          <TextLine ID="TextLine_4934" HPOS="132" VPOS="1185" WIDTH="1595" HEIGHT="53">
            <String ID="Word_43365" HPOS="132" VPOS="1187" WIDTH="61" HEIGHT="38" CONTENT="die" />
            <SP ID="SP_38436" HPOS="193" VPOS="1187" WIDTH="31" HEIGHT="0" />
            <String ID="Word_43366" HPOS="224" VPOS="1190" WIDTH="128" HEIGHT="35" CONTENT="ersten" />
            <SP ID="SP_38437" HPOS="352" VPOS="1187" WIDTH="30" HEIGHT="0" />
            <String ID="Word_43367" HPOS="382" VPOS="1187" WIDTH="180" HEIGHT="38" CONTENT="Anfänge" />
            <SP ID="SP_38438" HPOS="562" VPOS="1187" WIDTH="33" HEIGHT="0" />
            <String ID="Word_43368" HPOS="595" VPOS="1188" WIDTH="67" HEIGHT="37" CONTENT="der" />
            <SP ID="SP_38439" HPOS="662" VPOS="1187" WIDTH="30" HEIGHT="0" />
            <String ID="Word_43369" HPOS="692" VPOS="1187" WIDTH="236" HEIGHT="38" CONTENT="Antiseptik." />
            <SP ID="SP_38440" HPOS="928" VPOS="1186" WIDTH="58" HEIGHT="0" />
            <String ID="Word_43370" HPOS="986" VPOS="1186" WIDTH="224" HEIGHT="38" CONTENT="Pouteau" />
            <SP ID="SP_38441" HPOS="1210" VPOS="1185" WIDTH="44" HEIGHT="0" />
            <String ID="Word_43371" HPOS="1254" VPOS="1185" WIDTH="172" HEIGHT="38" CONTENT="empfahl" />
            <SP ID="SP_38442" HPOS="1426" VPOS="1185" WIDTH="38" HEIGHT="0" />
            <String ID="Word_43372" HPOS="1464" VPOS="1186" WIDTH="74" HEIGHT="37" CONTENT="den" />
            <SP ID="SP_38443" HPOS="1538" VPOS="1185" WIDTH="38" HEIGHT="0" />
            <String ID="Word_43373" HPOS="1576" VPOS="1185" WIDTH="151" HEIGHT="38" CONTENT="Eleven" />
          </TextLine>
          <TextLine ID="TextLine_4935" HPOS="132" VPOS="1238" WIDTH="1595" HEIGHT="52">
            <String ID="Word_43374" HPOS="132" VPOS="1242" WIDTH="51" HEIGHT="36" CONTENT="im" />
            <SP ID="SP_38444" HPOS="183" VPOS="1241" WIDTH="30" HEIGHT="0" />
            <String ID="Word_43375" HPOS="213" VPOS="1241" WIDTH="215" HEIGHT="49" CONTENT="Hospitale," />
            <SP ID="SP_38445" HPOS="428" VPOS="1241" WIDTH="32" HEIGHT="0" />
            <String ID="Word_43376" HPOS="460" VPOS="1242" WIDTH="86" HEIGHT="37" CONTENT="dass" />
            <SP ID="SP_38446" HPOS="546" VPOS="1242" WIDTH="30" HEIGHT="0" />
            <String ID="Word_43377" HPOS="576" VPOS="1242" WIDTH="54" HEIGHT="37" CONTENT="sie" />
            <SP ID="SP_38447" HPOS="630" VPOS="1242" WIDTH="30" HEIGHT="0" />
            <String ID="Word_43378" HPOS="660" VPOS="1242" WIDTH="70" HEIGHT="36" CONTENT="mit" />
            <SP ID="SP_38448" HPOS="730" VPOS="1242" WIDTH="29" HEIGHT="0" />
            <String ID="Word_43379" HPOS="759" VPOS="1242" WIDTH="67" HEIGHT="37" CONTENT="der" />
            <SP ID="SP_38449" HPOS="826" VPOS="1242" WIDTH="30" HEIGHT="0" />
            <String ID="Word_43380" HPOS="856" VPOS="1242" WIDTH="177" HEIGHT="48" CONTENT="grössten" />
            <SP ID="SP_38450" HPOS="1033" VPOS="1239" WIDTH="31" HEIGHT="0" />
            <String ID="Word_43381" HPOS="1064" VPOS="1239" WIDTH="174" HEIGHT="38" CONTENT="Sorgfalt" />
            <SP ID="SP_38451" HPOS="1238" VPOS="1239" WIDTH="19" HEIGHT="0" />
            <String ID="Word_43382" HPOS="1257" VPOS="1240" WIDTH="60" HEIGHT="37" CONTENT="die" />
            <SP ID="SP_38452" HPOS="1317" VPOS="1239" WIDTH="22" HEIGHT="0" />
            <String ID="Word_43383" HPOS="1339" VPOS="1239" WIDTH="263" HEIGHT="38" CONTENT="Reinlichkeit" />
            <SP ID="SP_38453" HPOS="1602" VPOS="1238" WIDTH="18" HEIGHT="0" />
            <String ID="Word_43384" HPOS="1620" VPOS="1238" WIDTH="107" HEIGHT="40" CONTENT="ihrer" />
          </TextLine>
          <TextLine ID="TextLine_4936" HPOS="133" VPOS="1293" WIDTH="1592" HEIGHT="50">
            <String ID="Word_43385" HPOS="133" VPOS="1294" WIDTH="138" HEIGHT="38" CONTENT="Hände" />
            <SP ID="SP_38454" HPOS="271" VPOS="1294" WIDTH="42" HEIGHT="0" />
            <String ID="Word_43386" HPOS="313" VPOS="1295" WIDTH="257" HEIGHT="38" CONTENT="überwachen" />
            <SP ID="SP_38455" HPOS="570" VPOS="1295" WIDTH="43" HEIGHT="0" />
            <String ID="Word_43387" HPOS="613" VPOS="1295" WIDTH="149" HEIGHT="38" CONTENT="sollten." />
            <SP ID="SP_38456" HPOS="762" VPOS="1294" WIDTH="60" HEIGHT="0" />
            <String ID="Word_43388" HPOS="822" VPOS="1294" WIDTH="241" HEIGHT="38" CONTENT="Thomson" />
            <SP ID="SP_38457" HPOS="1063" VPOS="1293" WIDTH="44" HEIGHT="0" />
            <String ID="Word_43389" HPOS="1107" VPOS="1293" WIDTH="171" HEIGHT="38" CONTENT="empfahl" />
            <SP ID="SP_38458" HPOS="1278" VPOS="1293" WIDTH="39" HEIGHT="0" />
            <String ID="Word_43390" HPOS="1317" VPOS="1293" WIDTH="40" HEIGHT="37" CONTENT="in" />
            <SP ID="SP_38459" HPOS="1357" VPOS="1293" WIDTH="30" HEIGHT="0" />
            <String ID="Word_43391" HPOS="1387" VPOS="1293" WIDTH="134" HEIGHT="38" CONTENT="Bezug" />
            <SP ID="SP_38460" HPOS="1521" VPOS="1293" WIDTH="39" HEIGHT="0" />
            <String ID="Word_43392" HPOS="1560" VPOS="1293" WIDTH="71" HEIGHT="37" CONTENT="auf" />
            <SP ID="SP_38461" HPOS="1631" VPOS="1293" WIDTH="34" HEIGHT="0" />
            <String ID="Word_43393" HPOS="1665" VPOS="1293" WIDTH="60" HEIGHT="38" CONTENT="die" />
          </TextLine>
          <TextLine ID="TextLine_4937" HPOS="132" VPOS="1346" WIDTH="1595" HEIGHT="52">
            <String ID="Word_43394" HPOS="132" VPOS="1348" WIDTH="182" HEIGHT="47" CONTENT="Kleider," />
            <SP ID="SP_38462" HPOS="314" VPOS="1348" WIDTH="38" HEIGHT="0" />
            <String ID="Word_43395" HPOS="352" VPOS="1348" WIDTH="228" HEIGHT="39" CONTENT="Betttücher" />
            <SP ID="SP_38463" HPOS="580" VPOS="1348" WIDTH="40" HEIGHT="0" />
            <String ID="Word_43396" HPOS="620" VPOS="1351" WIDTH="71" HEIGHT="35" CONTENT="etc." />
            <SP ID="SP_38464" HPOS="691" VPOS="1349" WIDTH="33" HEIGHT="0" />
            <String ID="Word_43397" HPOS="724" VPOS="1349" WIDTH="67" HEIGHT="37" CONTENT="der" />
            <SP ID="SP_38465" HPOS="791" VPOS="1347" WIDTH="30" HEIGHT="0" />
            <String ID="Word_43398" HPOS="821" VPOS="1347" WIDTH="294" HEIGHT="51" CONTENT="Angesteckten" />
            <SP ID="SP_38466" HPOS="1115" VPOS="1347" WIDTH="30" HEIGHT="0" />
            <String ID="Word_43399" HPOS="1145" VPOS="1349" WIDTH="149" HEIGHT="48" CONTENT="grösste" />
            <SP ID="SP_38467" HPOS="1294" VPOS="1346" WIDTH="30" HEIGHT="0" />
            <String ID="Word_43400" HPOS="1324" VPOS="1346" WIDTH="285" HEIGHT="39" CONTENT="Reinlichkeit," />
            <SP ID="SP_38468" HPOS="1609" VPOS="1347" WIDTH="38" HEIGHT="0" />
            <String ID="Word_43401" HPOS="1647" VPOS="1347" WIDTH="80" HEIGHT="38" CONTENT="und" />
          </TextLine>
          <TextLine ID="TextLine_4938" HPOS="130" VPOS="1400" WIDTH="1594" HEIGHT="52">
            <String ID="Word_43402" HPOS="130" VPOS="1401" WIDTH="272" HEIGHT="51" CONTENT="Brugmans" />
            <SP ID="SP_38469" HPOS="402" VPOS="1401" WIDTH="39" HEIGHT="0" />
            <String ID="Word_43403" HPOS="441" VPOS="1403" WIDTH="180" HEIGHT="37" CONTENT="betonte," />
            <SP ID="SP_38470" HPOS="621" VPOS="1403" WIDTH="40" HEIGHT="0" />
            <String ID="Word_43404" HPOS="661" VPOS="1403" WIDTH="85" HEIGHT="37" CONTENT="dass" />
            <SP ID="SP_38471" HPOS="746" VPOS="1403" WIDTH="40" HEIGHT="0" />
            <String ID="Word_43405" HPOS="786" VPOS="1416" WIDTH="90" HEIGHT="23" CONTENT="man" />
            <SP ID="SP_38472" HPOS="876" VPOS="1401" WIDTH="29" HEIGHT="0" />
            <String ID="Word_43406" HPOS="905" VPOS="1401" WIDTH="238" HEIGHT="46" CONTENT="Matratzen," />
            <SP ID="SP_38473" HPOS="1143" VPOS="1401" WIDTH="36" HEIGHT="0" />
            <String ID="Word_43407" HPOS="1179" VPOS="1401" WIDTH="262" HEIGHT="45" CONTENT="Bettdecken," />
            <SP ID="SP_38474" HPOS="1441" VPOS="1400" WIDTH="39" HEIGHT="0" />
            <String ID="Word_43408" HPOS="1480" VPOS="1400" WIDTH="244" HEIGHT="49" CONTENT="Betttücher," />
          </TextLine>
          <TextLine ID="TextLine_4939" HPOS="131" VPOS="1454" WIDTH="1593" HEIGHT="52">
            <String ID="Word_43409" HPOS="131" VPOS="1454" WIDTH="161" HEIGHT="39" CONTENT="Kleider" />
            <SP ID="SP_38475" HPOS="292" VPOS="1454" WIDTH="43" HEIGHT="0" />
            <String ID="Word_43410" HPOS="335" VPOS="1469" WIDTH="74" HEIGHT="24" CONTENT="von" />
            <SP ID="SP_38476" HPOS="409" VPOS="1456" WIDTH="37" HEIGHT="0" />
            <String ID="Word_43411" HPOS="446" VPOS="1456" WIDTH="486" HEIGHT="38" CONTENT="Hospitalbrandkranken" />
            <SP ID="SP_38477" HPOS="932" VPOS="1456" WIDTH="42" HEIGHT="0" />
            <String ID="Word_43412" HPOS="974" VPOS="1458" WIDTH="79" HEIGHT="34" CONTENT="erst" />
            <SP ID="SP_38478" HPOS="1053" VPOS="1454" WIDTH="36" HEIGHT="0" />
            <String ID="Word_43413" HPOS="1089" VPOS="1454" WIDTH="240" HEIGHT="51" CONTENT="hinlänglich" />
            <SP ID="SP_38479" HPOS="1329" VPOS="1454" WIDTH="39" HEIGHT="0" />
            <String ID="Word_43414" HPOS="1368" VPOS="1455" WIDTH="178" HEIGHT="49" CONTENT="reinigen" />
            <SP ID="SP_38480" HPOS="1546" VPOS="1455" WIDTH="37" HEIGHT="0" />
            <String ID="Word_43415" HPOS="1583" VPOS="1459" WIDTH="141" HEIGHT="43" CONTENT="müsse," />
          </TextLine>
          <TextLine ID="TextLine_4940" HPOS="133" VPOS="1508" WIDTH="1593" HEIGHT="51">
            <String ID="Word_43416" HPOS="133" VPOS="1508" WIDTH="70" HEIGHT="38" CONTENT="ehe" />
            <SP ID="SP_38481" HPOS="203" VPOS="1508" WIDTH="38" HEIGHT="0" />
            <String ID="Word_43417" HPOS="241" VPOS="1509" WIDTH="54" HEIGHT="37" CONTENT="sie" />
            <SP ID="SP_38482" HPOS="295" VPOS="1509" WIDTH="38" HEIGHT="0" />
            <String ID="Word_43418" HPOS="333" VPOS="1510" WIDTH="167" HEIGHT="37" CONTENT="anderen" />
            <SP ID="SP_38483" HPOS="500" VPOS="1510" WIDTH="39" HEIGHT="0" />
            <String ID="Word_43419" HPOS="539" VPOS="1510" WIDTH="186" HEIGHT="37" CONTENT="Kranken" />
            <SP ID="SP_38484" HPOS="725" VPOS="1510" WIDTH="46" HEIGHT="0" />
            <String ID="Word_43420" HPOS="771" VPOS="1510" WIDTH="178" HEIGHT="49" CONTENT="gegeben" />
            <SP ID="SP_38485" HPOS="949" VPOS="1509" WIDTH="37" HEIGHT="0" />
            <String ID="Word_43421" HPOS="986" VPOS="1509" WIDTH="177" HEIGHT="37" CONTENT="würden," />
            <SP ID="SP_38486" HPOS="1163" VPOS="1508" WIDTH="46" HEIGHT="0" />
            <String ID="Word_43422" HPOS="1209" VPOS="1508" WIDTH="79" HEIGHT="38" CONTENT="und" />
            <SP ID="SP_38487" HPOS="1288" VPOS="1508" WIDTH="44" HEIGHT="0" />
            <String ID="Word_43423" HPOS="1332" VPOS="1508" WIDTH="171" HEIGHT="50" CONTENT="empfahl" />
            <SP ID="SP_38488" HPOS="1503" VPOS="1508" WIDTH="38" HEIGHT="0" />
            <String ID="Word_43424" HPOS="1541" VPOS="1508" WIDTH="185" HEIGHT="51" CONTENT="häufigen" />
          </TextLine>
          <TextLine ID="TextLine_4941" HPOS="132" VPOS="1561" WIDTH="1593" HEIGHT="40">
            <String ID="Word_43425" HPOS="132" VPOS="1561" WIDTH="183" HEIGHT="39" CONTENT="Wechsel" />
            <SP ID="SP_38489" HPOS="315" VPOS="1561" WIDTH="30" HEIGHT="0" />
            <String ID="Word_43426" HPOS="345" VPOS="1576" WIDTH="74" HEIGHT="24" CONTENT="von" />
            <SP ID="SP_38490" HPOS="419" VPOS="1563" WIDTH="29" HEIGHT="0" />
            <String ID="Word_43427" HPOS="448" VPOS="1563" WIDTH="185" HEIGHT="37" CONTENT="Kleidern" />
            <SP ID="SP_38491" HPOS="633" VPOS="1563" WIDTH="30" HEIGHT="0" />
            <String ID="Word_43428" HPOS="663" VPOS="1563" WIDTH="77" HEIGHT="37" CONTENT="und" />
            <SP ID="SP_38492" HPOS="740" VPOS="1563" WIDTH="29" HEIGHT="0" />
            <String ID="Word_43429" HPOS="769" VPOS="1563" WIDTH="153" HEIGHT="37" CONTENT="Betten." />
            <SP ID="SP_38493" HPOS="922" VPOS="1562" WIDTH="59" HEIGHT="0" />
            <String ID="Word_43430" HPOS="981" VPOS="1562" WIDTH="205" HEIGHT="38" CONTENT="Hennen" />
            <SP ID="SP_38494" HPOS="1186" VPOS="1562" WIDTH="29" HEIGHT="0" />
            <String ID="Word_43431" HPOS="1215" VPOS="1562" WIDTH="90" HEIGHT="38" CONTENT="liess" />
            <SP ID="SP_38495" HPOS="1305" VPOS="1562" WIDTH="29" HEIGHT="0" />
            <String ID="Word_43432" HPOS="1334" VPOS="1562" WIDTH="39" HEIGHT="37" CONTENT="in" />
            <SP ID="SP_38496" HPOS="1373" VPOS="1562" WIDTH="39" HEIGHT="0" />
            <String ID="Word_43433" HPOS="1412" VPOS="1562" WIDTH="73" HEIGHT="37" CONTENT="den" />
            <SP ID="SP_38497" HPOS="1485" VPOS="1562" WIDTH="31" HEIGHT="0" />
            <String ID="Word_43434" HPOS="1516" VPOS="1562" WIDTH="209" HEIGHT="38" CONTENT="Kranken-" />
          </TextLine>
          <TextLine ID="TextLine_4942" HPOS="129" VPOS="1615" WIDTH="1597" HEIGHT="51">
            <String ID="Word_43435" HPOS="129" VPOS="1615" WIDTH="107" HEIGHT="37" CONTENT="sälen" />
            <SP ID="SP_38498" HPOS="236" VPOS="1615" WIDTH="31" HEIGHT="0" />
            <String ID="Word_43436" HPOS="267" VPOS="1616" WIDTH="59" HEIGHT="37" CONTENT="die" />
            <SP ID="SP_38499" HPOS="326" VPOS="1616" WIDTH="30" HEIGHT="0" />
            <String ID="Word_43437" HPOS="356" VPOS="1616" WIDTH="236" HEIGHT="38" CONTENT="Fussböden," />
            <SP ID="SP_38500" HPOS="592" VPOS="1616" WIDTH="33" HEIGHT="0" />
            <String ID="Word_43438" HPOS="625" VPOS="1616" WIDTH="153" HEIGHT="38" CONTENT="Wände" />
            <SP ID="SP_38501" HPOS="778" VPOS="1616" WIDTH="30" HEIGHT="0" />
            <String ID="Word_43439" HPOS="808" VPOS="1617" WIDTH="78" HEIGHT="37" CONTENT="und" />
            <SP ID="SP_38502" HPOS="886" VPOS="1616" WIDTH="30" HEIGHT="0" />
            <String ID="Word_43440" HPOS="916" VPOS="1616" WIDTH="162" HEIGHT="38" CONTENT="Decken" />
            <SP ID="SP_38503" HPOS="1078" VPOS="1615" WIDTH="19" HEIGHT="0" />
            <String ID="Word_43441" HPOS="1097" VPOS="1615" WIDTH="146" HEIGHT="51" CONTENT="täglich" />
            <SP ID="SP_38504" HPOS="1243" VPOS="1615" WIDTH="22" HEIGHT="0" />
            <String ID="Word_43442" HPOS="1265" VPOS="1615" WIDTH="243" HEIGHT="47" CONTENT="abwaschen," />
            <SP ID="SP_38505" HPOS="1508" VPOS="1615" WIDTH="31" HEIGHT="0" />
            <String ID="Word_43443" HPOS="1539" VPOS="1617" WIDTH="187" HEIGHT="37" CONTENT="während" />
          </TextLine>
          <TextLine ID="TextLine_4943" HPOS="130" VPOS="1668" WIDTH="1595" HEIGHT="51">
            <String ID="Word_43444" HPOS="130" VPOS="1668" WIDTH="224" HEIGHT="50" CONTENT="Delpech" />
            <SP ID="SP_38506" HPOS="354" VPOS="1668" WIDTH="29" HEIGHT="0" />
            <String ID="Word_43445" HPOS="383" VPOS="1670" WIDTH="123" HEIGHT="38" CONTENT="dieses" />
            <SP ID="SP_38507" HPOS="506" VPOS="1669" WIDTH="29" HEIGHT="0" />
            <String ID="Word_43446" HPOS="535" VPOS="1669" WIDTH="244" HEIGHT="39" CONTENT="Abwaschen" />
            <SP ID="SP_38508" HPOS="779" VPOS="1669" WIDTH="29" HEIGHT="0" />
            <String ID="Word_43447" HPOS="808" VPOS="1669" WIDTH="233" HEIGHT="38" CONTENT="widerrieth." />
            <SP ID="SP_38509" HPOS="1041" VPOS="1669" WIDTH="58" HEIGHT="0" />
            <String ID="Word_43448" HPOS="1099" VPOS="1669" WIDTH="118" HEIGHT="38" CONTENT="Kies" />
            <SP ID="SP_38510" HPOS="1217" VPOS="1669" WIDTH="12" HEIGHT="0" />
            <String ID="Word_43449" HPOS="1229" VPOS="1683" WIDTH="49" HEIGHT="24" CONTENT="er" />
            <SP ID="SP_38511" HPOS="1278" VPOS="1669" WIDTH="29" HEIGHT="0" />
            <String ID="Word_43450" HPOS="1307" VPOS="1669" WIDTH="90" HEIGHT="38" CONTENT="liess" />
            <SP ID="SP_38512" HPOS="1397" VPOS="1669" WIDTH="22" HEIGHT="0" />
            <String ID="Word_43451" HPOS="1419" VPOS="1669" WIDTH="60" HEIGHT="38" CONTENT="die" />
            <SP ID="SP_38513" HPOS="1479" VPOS="1669" WIDTH="22" HEIGHT="0" />
            <String ID="Word_43452" HPOS="1501" VPOS="1669" WIDTH="89" HEIGHT="38" CONTENT="Säle" />
            <SP ID="SP_38514" HPOS="1590" VPOS="1669" WIDTH="17" HEIGHT="0" />
            <String ID="Word_43453" HPOS="1607" VPOS="1670" WIDTH="118" HEIGHT="49" CONTENT="jeden" />
          </TextLine>
          <TextLine ID="TextLine_4944" HPOS="129" VPOS="1721" WIDTH="1593" HEIGHT="53">
            <String ID="Word_43454" HPOS="129" VPOS="1721" WIDTH="164" HEIGHT="50" CONTENT="Morgen" />
            <SP ID="SP_38515" HPOS="293" VPOS="1721" WIDTH="29" HEIGHT="0" />
            <String ID="Word_43455" HPOS="322" VPOS="1722" WIDTH="207" HEIGHT="47" CONTENT="scheuern," />
            <SP ID="SP_38516" HPOS="529" VPOS="1722" WIDTH="40" HEIGHT="0" />
            <String ID="Word_43456" HPOS="569" VPOS="1723" WIDTH="238" HEIGHT="38" CONTENT="Speisereste" />
            <SP ID="SP_38517" HPOS="807" VPOS="1723" WIDTH="30" HEIGHT="0" />
            <String ID="Word_43457" HPOS="837" VPOS="1726" WIDTH="96" HEIGHT="35" CONTENT="stets" />
            <SP ID="SP_38518" HPOS="933" VPOS="1723" WIDTH="31" HEIGHT="0" />
            <String ID="Word_43458" HPOS="964" VPOS="1723" WIDTH="222" HEIGHT="46" CONTENT="entfernen," />
            <SP ID="SP_38519" HPOS="1186" VPOS="1722" WIDTH="32" HEIGHT="0" />
            <String ID="Word_43459" HPOS="1218" VPOS="1722" WIDTH="271" HEIGHT="51" CONTENT="Spucknäpfe," />
            <SP ID="SP_38520" HPOS="1489" VPOS="1722" WIDTH="30" HEIGHT="0" />
            <String ID="Word_43460" HPOS="1519" VPOS="1723" WIDTH="203" HEIGHT="39" CONTENT="Nachtge-" />
          </TextLine>
          <TextLine ID="TextLine_4945" HPOS="130" VPOS="1775" WIDTH="1596" HEIGHT="51">
            <String ID="Word_43461" HPOS="130" VPOS="1775" WIDTH="145" HEIGHT="38" CONTENT="schirre" />
            <SP ID="SP_38521" HPOS="275" VPOS="1775" WIDTH="29" HEIGHT="0" />
            <String ID="Word_43462" HPOS="304" VPOS="1776" WIDTH="229" HEIGHT="50" CONTENT="gescheuert" />
            <SP ID="SP_38522" HPOS="533" VPOS="1776" WIDTH="29" HEIGHT="0" />
            <String ID="Word_43463" HPOS="562" VPOS="1791" WIDTH="48" HEIGHT="23" CONTENT="an" />
            <SP ID="SP_38523" HPOS="610" VPOS="1777" WIDTH="30" HEIGHT="0" />
            <String ID="Word_43464" HPOS="640" VPOS="1777" WIDTH="111" HEIGHT="38" CONTENT="einen" />
            <SP ID="SP_38524" HPOS="751" VPOS="1777" WIDTH="42" HEIGHT="0" />
            <String ID="Word_43465" HPOS="793" VPOS="1778" WIDTH="250" HEIGHT="37" CONTENT="bestimmten" />
            <SP ID="SP_38525" HPOS="1043" VPOS="1776" WIDTH="28" HEIGHT="0" />
            <String ID="Word_43466" HPOS="1071" VPOS="1776" WIDTH="109" HEIGHT="38" CONTENT="Platz" />
            <SP ID="SP_38526" HPOS="1180" VPOS="1776" WIDTH="40" HEIGHT="0" />
            <String ID="Word_43467" HPOS="1220" VPOS="1777" WIDTH="158" HEIGHT="46" CONTENT="stellen," />
            <SP ID="SP_38527" HPOS="1378" VPOS="1777" WIDTH="40" HEIGHT="0" />
            <String ID="Word_43468" HPOS="1418" VPOS="1791" WIDTH="64" HEIGHT="24" CONTENT="um" />
            <SP ID="SP_38528" HPOS="1482" VPOS="1778" WIDTH="36" HEIGHT="0" />
            <String ID="Word_43469" HPOS="1518" VPOS="1778" WIDTH="54" HEIGHT="37" CONTENT="sie" />
            <SP ID="SP_38529" HPOS="1572" VPOS="1778" WIDTH="39" HEIGHT="0" />
            <String ID="Word_43470" HPOS="1611" VPOS="1778" WIDTH="115" HEIGHT="38" CONTENT="rasch" />
          </TextLine>
          <TextLine ID="TextLine_4946" HPOS="131" VPOS="1829" WIDTH="1592" HEIGHT="51">
            <String ID="Word_43471" HPOS="131" VPOS="1829" WIDTH="245" HEIGHT="38" CONTENT="controlliren" />
            <SP ID="SP_38530" HPOS="376" VPOS="1829" WIDTH="44" HEIGHT="0" />
            <String ID="Word_43472" HPOS="420" VPOS="1844" WIDTH="45" HEIGHT="24" CONTENT="zu" />
            <SP ID="SP_38531" HPOS="465" VPOS="1831" WIDTH="43" HEIGHT="0" />
            <String ID="Word_43473" HPOS="508" VPOS="1831" WIDTH="166" HEIGHT="37" CONTENT="können." />
            <SP ID="SP_38532" HPOS="674" VPOS="1830" WIDTH="58" HEIGHT="0" />
            <String ID="Word_43474" HPOS="732" VPOS="1830" WIDTH="238" HEIGHT="38" CONTENT="Ausserdem" />
            <SP ID="SP_38533" HPOS="970" VPOS="1830" WIDTH="36" HEIGHT="0" />
            <String ID="Word_43475" HPOS="1006" VPOS="1831" WIDTH="91" HEIGHT="37" CONTENT="liess" />
            <SP ID="SP_38534" HPOS="1097" VPOS="1831" WIDTH="40" HEIGHT="0" />
            <String ID="Word_43476" HPOS="1137" VPOS="1844" WIDTH="41" HEIGHT="24" CONTENT="er" />
            <SP ID="SP_38535" HPOS="1178" VPOS="1831" WIDTH="36" HEIGHT="0" />
            <String ID="Word_43477" HPOS="1214" VPOS="1831" WIDTH="220" HEIGHT="49" CONTENT="periodisch" />
            <SP ID="SP_38536" HPOS="1434" VPOS="1831" WIDTH="36" HEIGHT="0" />
            <String ID="Word_43478" HPOS="1470" VPOS="1831" WIDTH="61" HEIGHT="38" CONTENT="die" />
            <SP ID="SP_38537" HPOS="1531" VPOS="1831" WIDTH="37" HEIGHT="0" />
            <String ID="Word_43479" HPOS="1568" VPOS="1831" WIDTH="155" HEIGHT="39" CONTENT="Wände" />
          </TextLine>
          <TextLine ID="TextLine_4947" HPOS="129" VPOS="1883" WIDTH="1593" HEIGHT="51">
            <String ID="Word_43480" HPOS="129" VPOS="1883" WIDTH="187" HEIGHT="49" CONTENT="reinigen," />
            <SP ID="SP_38538" HPOS="316" VPOS="1883" WIDTH="32" HEIGHT="0" />
            <String ID="Word_43481" HPOS="348" VPOS="1884" WIDTH="60" HEIGHT="37" CONTENT="die" />
            <SP ID="SP_38539" HPOS="408" VPOS="1883" WIDTH="30" HEIGHT="0" />
            <String ID="Word_43482" HPOS="438" VPOS="1883" WIDTH="88" HEIGHT="39" CONTENT="Säle" />
            <SP ID="SP_38540" HPOS="526" VPOS="1883" WIDTH="29" HEIGHT="0" />
            <String ID="Word_43483" HPOS="555" VPOS="1885" WIDTH="98" HEIGHT="37" CONTENT="nach" />
            <SP ID="SP_38541" HPOS="653" VPOS="1885" WIDTH="26" HEIGHT="0" />
            <String ID="Word_43484" HPOS="679" VPOS="1885" WIDTH="39" HEIGHT="49" CONTENT="je" />
            <SP ID="SP_38542" HPOS="718" VPOS="1885" WIDTH="22" HEIGHT="0" />
            <String ID="Word_43485" HPOS="740" VPOS="1885" WIDTH="103" HEIGHT="37" CONTENT="2—3" />
            <SP ID="SP_38543" HPOS="843" VPOS="1884" WIDTH="22" HEIGHT="0" />
            <String ID="Word_43486" HPOS="865" VPOS="1884" WIDTH="185" HEIGHT="38" CONTENT="Monaten" />
            <SP ID="SP_38544" HPOS="1050" VPOS="1884" WIDTH="20" HEIGHT="0" />
            <String ID="Word_43487" HPOS="1070" VPOS="1885" WIDTH="261" HEIGHT="37" CONTENT="ausräuchern" />
            <SP ID="SP_38545" HPOS="1331" VPOS="1885" WIDTH="20" HEIGHT="0" />
            <String ID="Word_43488" HPOS="1351" VPOS="1885" WIDTH="77" HEIGHT="37" CONTENT="und" />
            <SP ID="SP_38546" HPOS="1428" VPOS="1885" WIDTH="22" HEIGHT="0" />
            <String ID="Word_43489" HPOS="1450" VPOS="1898" WIDTH="75" HEIGHT="25" CONTENT="neu" />
            <SP ID="SP_38547" HPOS="1525" VPOS="1885" WIDTH="22" HEIGHT="0" />
            <String ID="Word_43490" HPOS="1547" VPOS="1885" WIDTH="175" HEIGHT="39" CONTENT="weissen." />
          </TextLine>
          <TextLine ID="TextLine_4948" HPOS="129" VPOS="1936" WIDTH="1595" HEIGHT="51">
            <String ID="Word_43491" HPOS="129" VPOS="1936" WIDTH="55" HEIGHT="37" CONTENT="Er" />
            <SP ID="SP_38548" HPOS="184" VPOS="1936" WIDTH="38" HEIGHT="0" />
            <String ID="Word_43492" HPOS="222" VPOS="1936" WIDTH="170" HEIGHT="49" CONTENT="empfahl" />
            <SP ID="SP_38549" HPOS="392" VPOS="1936" WIDTH="38" HEIGHT="0" />
            <String ID="Word_43493" HPOS="430" VPOS="1938" WIDTH="59" HEIGHT="37" CONTENT="die" />
            <SP ID="SP_38550" HPOS="489" VPOS="1938" WIDTH="39" HEIGHT="0" />
            <String ID="Word_43494" HPOS="528" VPOS="1941" WIDTH="148" HEIGHT="46" CONTENT="grösste" />
            <SP ID="SP_38551" HPOS="676" VPOS="1937" WIDTH="30" HEIGHT="0" />
            <String ID="Word_43495" HPOS="706" VPOS="1937" WIDTH="263" HEIGHT="38" CONTENT="Reinlichkeit" />
            <SP ID="SP_38552" HPOS="969" VPOS="1937" WIDTH="27" HEIGHT="0" />
            <String ID="Word_43496" HPOS="996" VPOS="1938" WIDTH="39" HEIGHT="37" CONTENT="in" />
            <SP ID="SP_38553" HPOS="1035" VPOS="1938" WIDTH="31" HEIGHT="0" />
            <String ID="Word_43497" HPOS="1066" VPOS="1938" WIDTH="118" HEIGHT="37" CONTENT="Leib-" />
            <SP ID="SP_38554" HPOS="1184" VPOS="1938" WIDTH="30" HEIGHT="0" />
            <String ID="Word_43498" HPOS="1214" VPOS="1939" WIDTH="78" HEIGHT="36" CONTENT="und" />
            <SP ID="SP_38555" HPOS="1292" VPOS="1938" WIDTH="30" HEIGHT="0" />
            <String ID="Word_43499" HPOS="1322" VPOS="1938" WIDTH="268" HEIGHT="47" CONTENT="Bettwäsche," />
            <SP ID="SP_38556" HPOS="1590" VPOS="1939" WIDTH="42" HEIGHT="0" />
            <String ID="Word_43500" HPOS="1632" VPOS="1939" WIDTH="92" HEIGHT="38" CONTENT="liess" />
          </TextLine>
          <TextLine ID="TextLine_4949" HPOS="129" VPOS="1989" WIDTH="1593" HEIGHT="53">
            <String ID="Word_43501" HPOS="129" VPOS="1989" WIDTH="108" HEIGHT="38" CONTENT="stark" />
            <SP ID="SP_38557" HPOS="237" VPOS="1989" WIDTH="30" HEIGHT="0" />
            <String ID="Word_43502" HPOS="267" VPOS="1990" WIDTH="198" HEIGHT="38" CONTENT="eiternden" />
            <SP ID="SP_38558" HPOS="465" VPOS="1990" WIDTH="30" HEIGHT="0" />
            <String ID="Word_43503" HPOS="495" VPOS="1991" WIDTH="185" HEIGHT="38" CONTENT="Kranken" />
            <SP ID="SP_38559" HPOS="680" VPOS="1991" WIDTH="31" HEIGHT="0" />
            <String ID="Word_43504" HPOS="711" VPOS="1992" WIDTH="60" HEIGHT="37" CONTENT="die" />
            <SP ID="SP_38560" HPOS="771" VPOS="1991" WIDTH="30" HEIGHT="0" />
            <String ID="Word_43505" HPOS="801" VPOS="1991" WIDTH="252" HEIGHT="38" CONTENT="Leibwäsche" />
            <SP ID="SP_38561" HPOS="1053" VPOS="1991" WIDTH="34" HEIGHT="0" />
            <String ID="Word_43506" HPOS="1087" VPOS="1992" WIDTH="181" HEIGHT="37" CONTENT="1—2mal" />
            <SP ID="SP_38562" HPOS="1268" VPOS="1992" WIDTH="37" HEIGHT="0" />
            <String ID="Word_43507" HPOS="1305" VPOS="1992" WIDTH="167" HEIGHT="50" CONTENT="täglich," />
            <SP ID="SP_38563" HPOS="1472" VPOS="1992" WIDTH="47" HEIGHT="0" />
            <String ID="Word_43508" HPOS="1519" VPOS="1993" WIDTH="60" HEIGHT="37" CONTENT="die" />
            <SP ID="SP_38564" HPOS="1579" VPOS="1993" WIDTH="30" HEIGHT="0" />
            <String ID="Word_43509" HPOS="1609" VPOS="1993" WIDTH="113" HEIGHT="38" CONTENT="Bett-" />
          </TextLine>
          <TextLine ID="TextLine_4950" HPOS="130" VPOS="2042" WIDTH="1593" HEIGHT="50">
            <String ID="Word_43510" HPOS="130" VPOS="2042" WIDTH="150" HEIGHT="38" CONTENT="wäsche" />
            <SP ID="SP_38565" HPOS="280" VPOS="2042" WIDTH="33" HEIGHT="0" />
            <String ID="Word_43511" HPOS="313" VPOS="2044" WIDTH="182" HEIGHT="37" CONTENT="1—2mal" />
            <SP ID="SP_38566" HPOS="495" VPOS="2044" WIDTH="41" HEIGHT="0" />
            <String ID="Word_43512" HPOS="536" VPOS="2045" WIDTH="78" HEIGHT="37" CONTENT="und" />
            <SP ID="SP_38567" HPOS="614" VPOS="2045" WIDTH="42" HEIGHT="0" />
            <String ID="Word_43513" HPOS="656" VPOS="2045" WIDTH="101" HEIGHT="38" CONTENT="öfter" />
            <SP ID="SP_38568" HPOS="757" VPOS="2045" WIDTH="27" HEIGHT="0" />
            <String ID="Word_43514" HPOS="784" VPOS="2045" WIDTH="40" HEIGHT="37" CONTENT="in" />
            <SP ID="SP_38569" HPOS="824" VPOS="2045" WIDTH="39" HEIGHT="0" />
            <String ID="Word_43515" HPOS="863" VPOS="2046" WIDTH="66" HEIGHT="37" CONTENT="der" />
            <SP ID="SP_38570" HPOS="929" VPOS="2044" WIDTH="38" HEIGHT="0" />
            <String ID="Word_43516" HPOS="967" VPOS="2044" WIDTH="149" HEIGHT="39" CONTENT="Woche" />
            <SP ID="SP_38571" HPOS="1116" VPOS="2044" WIDTH="39" HEIGHT="0" />
            <String ID="Word_43517" HPOS="1155" VPOS="2045" WIDTH="212" HEIGHT="47" CONTENT="wechseln," />
            <SP ID="SP_38572" HPOS="1367" VPOS="2045" WIDTH="41" HEIGHT="0" />
            <String ID="Word_43518" HPOS="1408" VPOS="2046" WIDTH="60" HEIGHT="38" CONTENT="die" />
            <SP ID="SP_38573" HPOS="1468" VPOS="2046" WIDTH="37" HEIGHT="0" />
            <String ID="Word_43519" HPOS="1505" VPOS="2046" WIDTH="218" HEIGHT="38" CONTENT="Matratzen" />
          </TextLine>
          <TextLine ID="TextLine_4951" HPOS="130" VPOS="2095" WIDTH="1594" HEIGHT="54">
            <String ID="Word_43520" HPOS="130" VPOS="2096" WIDTH="77" HEIGHT="36" CONTENT="und" />
            <SP ID="SP_38574" HPOS="207" VPOS="2095" WIDTH="31" HEIGHT="0" />
            <String ID="Word_43521" HPOS="238" VPOS="2095" WIDTH="232" HEIGHT="40" CONTENT="Strohsäcke" />
            <SP ID="SP_38575" HPOS="470" VPOS="2095" WIDTH="31" HEIGHT="0" />
            <String ID="Word_43522" HPOS="501" VPOS="2098" WIDTH="73" HEIGHT="38" CONTENT="alle" />
            <SP ID="SP_38576" HPOS="574" VPOS="2098" WIDTH="30" HEIGHT="0" />
            <String ID="Word_43523" HPOS="604" VPOS="2098" WIDTH="24" HEIGHT="37" CONTENT="4" />
            <SP ID="SP_38577" HPOS="628" VPOS="2098" WIDTH="22" HEIGHT="0" />
            <String ID="Word_43524" HPOS="650" VPOS="2098" WIDTH="188" HEIGHT="38" CONTENT="Wochen." />
            <SP ID="SP_38578" HPOS="838" VPOS="2098" WIDTH="58" HEIGHT="0" />
            <String ID="Word_43525" HPOS="896" VPOS="2099" WIDTH="55" HEIGHT="37" CONTENT="Er" />
            <SP ID="SP_38579" HPOS="951" VPOS="2099" WIDTH="21" HEIGHT="0" />
            <String ID="Word_43526" HPOS="972" VPOS="2101" WIDTH="131" HEIGHT="35" CONTENT="sorgte" />
            <SP ID="SP_38580" HPOS="1103" VPOS="2099" WIDTH="23" HEIGHT="0" />
            <String ID="Word_43527" HPOS="1126" VPOS="2099" WIDTH="62" HEIGHT="37" CONTENT="für" />
            <SP ID="SP_38581" HPOS="1188" VPOS="2099" WIDTH="24" HEIGHT="0" />
            <String ID="Word_43528" HPOS="1212" VPOS="2099" WIDTH="84" HEIGHT="37" CONTENT="eine" />
            <SP ID="SP_38582" HPOS="1296" VPOS="2099" WIDTH="21" HEIGHT="0" />
            <String ID="Word_43529" HPOS="1317" VPOS="2100" WIDTH="232" HEIGHT="49" CONTENT="genügende" />
            <SP ID="SP_38583" HPOS="1549" VPOS="2100" WIDTH="21" HEIGHT="0" />
            <String ID="Word_43530" HPOS="1570" VPOS="2100" WIDTH="154" HEIGHT="38" CONTENT="Anzahl" />
          </TextLine>
          <TextLine ID="TextLine_4952" HPOS="130" VPOS="2149" WIDTH="1591" HEIGHT="55">
            <String ID="Word_43531" HPOS="130" VPOS="2162" WIDTH="76" HEIGHT="24" CONTENT="von" />
            <SP ID="SP_38584" HPOS="206" VPOS="2149" WIDTH="29" HEIGHT="0" />
            <String ID="Word_43532" HPOS="235" VPOS="2149" WIDTH="278" HEIGHT="39" CONTENT="Handtüchern" />
            <SP ID="SP_38585" HPOS="513" VPOS="2149" WIDTH="29" HEIGHT="0" />
            <String ID="Word_43533" HPOS="542" VPOS="2152" WIDTH="77" HEIGHT="37" CONTENT="und" />
            <SP ID="SP_38586" HPOS="619" VPOS="2152" WIDTH="29" HEIGHT="0" />
            <String ID="Word_43534" HPOS="648" VPOS="2152" WIDTH="91" HEIGHT="38" CONTENT="liess" />
            <SP ID="SP_38587" HPOS="739" VPOS="2152" WIDTH="35" HEIGHT="0" />
            <String ID="Word_43535" HPOS="774" VPOS="2152" WIDTH="82" HEIGHT="38" CONTENT="sich" />
            <SP ID="SP_38588" HPOS="856" VPOS="2152" WIDTH="37" HEIGHT="0" />
            <String ID="Word_43536" HPOS="893" VPOS="2153" WIDTH="59" HEIGHT="37" CONTENT="die" />
            <SP ID="SP_38589" HPOS="952" VPOS="2152" WIDTH="39" HEIGHT="0" />
            <String ID="Word_43537" HPOS="991" VPOS="2152" WIDTH="187" HEIGHT="38" CONTENT="Kranken" />
            <SP ID="SP_38590" HPOS="1178" VPOS="2152" WIDTH="38" HEIGHT="0" />
            <String ID="Word_43538" HPOS="1216" VPOS="2152" WIDTH="121" HEIGHT="38" CONTENT="selbst" />
            <SP ID="SP_38591" HPOS="1337" VPOS="2152" WIDTH="37" HEIGHT="0" />
            <String ID="Word_43539" HPOS="1374" VPOS="2153" WIDTH="121" HEIGHT="37" CONTENT="durch" />
            <SP ID="SP_38592" HPOS="1495" VPOS="2153" WIDTH="36" HEIGHT="0" />
            <String ID="Word_43540" HPOS="1531" VPOS="2154" WIDTH="190" HEIGHT="38" CONTENT="tägliches" />
          </TextLine>
          <TextLine ID="TextLine_4953" HPOS="130" VPOS="2202" WIDTH="1590" HEIGHT="54">
            <String ID="Word_43541" HPOS="130" VPOS="2202" WIDTH="195" HEIGHT="38" CONTENT="Waschen" />
            <SP ID="SP_38593" HPOS="325" VPOS="2202" WIDTH="21" HEIGHT="0" />
            <String ID="Word_43542" HPOS="346" VPOS="2217" WIDTH="71" HEIGHT="24" CONTENT="von" />
            <SP ID="SP_38594" HPOS="417" VPOS="2203" WIDTH="23" HEIGHT="0" />
            <String ID="Word_43543" HPOS="440" VPOS="2203" WIDTH="158" HEIGHT="39" CONTENT="Gesicht" />
            <SP ID="SP_38595" HPOS="598" VPOS="2203" WIDTH="21" HEIGHT="0" />
            <String ID="Word_43544" HPOS="619" VPOS="2206" WIDTH="75" HEIGHT="37" CONTENT="und" />
            <SP ID="SP_38596" HPOS="694" VPOS="2205" WIDTH="22" HEIGHT="0" />
            <String ID="Word_43545" HPOS="716" VPOS="2205" WIDTH="167" HEIGHT="38" CONTENT="Händen" />
            <SP ID="SP_38597" HPOS="883" VPOS="2205" WIDTH="21" HEIGHT="0" />
            <String ID="Word_43546" HPOS="904" VPOS="2207" WIDTH="67" HEIGHT="36" CONTENT="der" />
            <SP ID="SP_38598" HPOS="971" VPOS="2206" WIDTH="19" HEIGHT="0" />
            <String ID="Word_43547" HPOS="990" VPOS="2206" WIDTH="263" HEIGHT="39" CONTENT="Reinlichkeit" />
            <SP ID="SP_38599" HPOS="1253" VPOS="2206" WIDTH="19" HEIGHT="0" />
            <String ID="Word_43548" HPOS="1272" VPOS="2206" WIDTH="258" HEIGHT="50" CONTENT="befleissigen." />
            <SP ID="SP_38600" HPOS="1530" VPOS="2206" WIDTH="55" HEIGHT="0" />
            <String ID="Word_43549" HPOS="1585" VPOS="2207" WIDTH="135" HEIGHT="38" CONTENT="Aehn-" />
          </TextLine>
          <TextLine ID="TextLine_4954" HPOS="130" VPOS="2255" WIDTH="1592" HEIGHT="56">
            <String ID="Word_43550" HPOS="130" VPOS="2255" WIDTH="99" HEIGHT="37" CONTENT="liche" />
            <SP ID="SP_38601" HPOS="229" VPOS="2255" WIDTH="30" HEIGHT="0" />
            <String ID="Word_43551" HPOS="259" VPOS="2255" WIDTH="265" HEIGHT="40" CONTENT="Vorschriften" />
            <SP ID="SP_38602" HPOS="524" VPOS="2255" WIDTH="30" HEIGHT="0" />
            <String ID="Word_43552" HPOS="554" VPOS="2259" WIDTH="75" HEIGHT="49" CONTENT="gab" />
            <SP ID="SP_38603" HPOS="629" VPOS="2259" WIDTH="31" HEIGHT="0" />
            <String ID="Word_43553" HPOS="660" VPOS="2259" WIDTH="266" HEIGHT="37" CONTENT="Zaborsky." />
            <SP ID="SP_38604" HPOS="926" VPOS="2259" WIDTH="57" HEIGHT="0" />
            <String ID="Word_43554" HPOS="983" VPOS="2259" WIDTH="54" HEIGHT="37" CONTENT="Er" />
            <SP ID="SP_38605" HPOS="1037" VPOS="2259" WIDTH="30" HEIGHT="0" />
            <String ID="Word_43555" HPOS="1067" VPOS="2273" WIDTH="79" HEIGHT="24" CONTENT="war" />
            <SP ID="SP_38606" HPOS="1146" VPOS="2260" WIDTH="29" HEIGHT="0" />
            <String ID="Word_43556" HPOS="1175" VPOS="2260" WIDTH="209" HEIGHT="37" CONTENT="besonders" />
            <SP ID="SP_38607" HPOS="1384" VPOS="2260" WIDTH="31" HEIGHT="0" />
            <String ID="Word_43557" HPOS="1415" VPOS="2260" WIDTH="213" HEIGHT="51" CONTENT="vorsichtig" />
            <SP ID="SP_38608" HPOS="1628" VPOS="2260" WIDTH="30" HEIGHT="0" />
            <String ID="Word_43558" HPOS="1658" VPOS="2261" WIDTH="64" HEIGHT="38" CONTENT="bei" />
          </TextLine>
          <TextLine ID="TextLine_4955" HPOS="132" VPOS="2309" WIDTH="1590" HEIGHT="44">
            <String ID="Word_43559" HPOS="132" VPOS="2309" WIDTH="67" HEIGHT="37" CONTENT="der" />
            <SP ID="SP_38609" HPOS="199" VPOS="2309" WIDTH="19" HEIGHT="0" />
            <String ID="Word_43560" HPOS="218" VPOS="2309" WIDTH="220" HEIGHT="38" CONTENT="Aufnahme" />
            <SP ID="SP_38610" HPOS="438" VPOS="2309" WIDTH="21" HEIGHT="0" />
            <String ID="Word_43561" HPOS="459" VPOS="2325" WIDTH="118" HEIGHT="23" CONTENT="neuer" />
            <SP ID="SP_38611" HPOS="577" VPOS="2312" WIDTH="20" HEIGHT="0" />
            <String ID="Word_43562" HPOS="597" VPOS="2312" WIDTH="198" HEIGHT="38" CONTENT="Kranken." />
            <SP ID="SP_38612" HPOS="795" VPOS="2312" WIDTH="49" HEIGHT="0" />
            <String ID="Word_43563" HPOS="844" VPOS="2312" WIDTH="55" HEIGHT="38" CONTENT="Er" />
            <SP ID="SP_38613" HPOS="899" VPOS="2312" WIDTH="25" HEIGHT="0" />
            <String ID="Word_43564" HPOS="924" VPOS="2312" WIDTH="91" HEIGHT="38" CONTENT="liess" />
            <SP ID="SP_38614" HPOS="1015" VPOS="2312" WIDTH="21" HEIGHT="0" />
            <String ID="Word_43565" HPOS="1036" VPOS="2312" WIDTH="54" HEIGHT="38" CONTENT="sie" />
            <SP ID="SP_38615" HPOS="1090" VPOS="2312" WIDTH="21" HEIGHT="0" />
            <String ID="Word_43566" HPOS="1111" VPOS="2326" WIDTH="76" HEIGHT="24" CONTENT="von" />
            <SP ID="SP_38616" HPOS="1187" VPOS="2313" WIDTH="19" HEIGHT="0" />
            <String ID="Word_43567" HPOS="1206" VPOS="2313" WIDTH="110" HEIGHT="37" CONTENT="ihren" />
            <SP ID="SP_38617" HPOS="1316" VPOS="2313" WIDTH="21" HEIGHT="0" />
            <String ID="Word_43568" HPOS="1337" VPOS="2313" WIDTH="186" HEIGHT="38" CONTENT="Kleidern" />
            <SP ID="SP_38618" HPOS="1523" VPOS="2313" WIDTH="22" HEIGHT="0" />
            <String ID="Word_43569" HPOS="1545" VPOS="2315" WIDTH="177" HEIGHT="38" CONTENT="befreien" />
          </TextLine>
          <TextLine ID="TextLine_4956" HPOS="130" VPOS="2362" WIDTH="1590" HEIGHT="55">
            <String ID="Word_43570" HPOS="130" VPOS="2363" WIDTH="78" HEIGHT="36" CONTENT="und" />
            <SP ID="SP_38619" HPOS="208" VPOS="2362" WIDTH="28" HEIGHT="0" />
            <String ID="Word_43571" HPOS="236" VPOS="2362" WIDTH="124" HEIGHT="37" CONTENT="baden" />
            <SP ID="SP_38620" HPOS="360" VPOS="2362" WIDTH="21" HEIGHT="0" />
            <String ID="Word_43572" HPOS="381" VPOS="2364" WIDTH="77" HEIGHT="37" CONTENT="und" />
            <SP ID="SP_38621" HPOS="458" VPOS="2364" WIDTH="20" HEIGHT="0" />
            <String ID="Word_43573" HPOS="478" VPOS="2364" WIDTH="157" HEIGHT="38" CONTENT="brachte" />
            <SP ID="SP_38622" HPOS="635" VPOS="2364" WIDTH="22" HEIGHT="0" />
            <String ID="Word_43574" HPOS="657" VPOS="2365" WIDTH="65" HEIGHT="37" CONTENT="sie," />
            <SP ID="SP_38623" HPOS="722" VPOS="2365" WIDTH="31" HEIGHT="0" />
            <String ID="Word_43575" HPOS="753" VPOS="2378" WIDTH="112" HEIGHT="24" CONTENT="wenn" />
            <SP ID="SP_38624" HPOS="865" VPOS="2366" WIDTH="22" HEIGHT="0" />
            <String ID="Word_43576" HPOS="887" VPOS="2366" WIDTH="80" HEIGHT="37" CONTENT="dies" />
            <SP ID="SP_38625" HPOS="967" VPOS="2366" WIDTH="20" HEIGHT="0" />
            <String ID="Word_43577" HPOS="987" VPOS="2366" WIDTH="107" HEIGHT="37" CONTENT="nicht" />
            <SP ID="SP_38626" HPOS="1094" VPOS="2366" WIDTH="26" HEIGHT="0" />
            <String ID="Word_43578" HPOS="1120" VPOS="2366" WIDTH="187" HEIGHT="47" CONTENT="thunlich," />
            <SP ID="SP_38627" HPOS="1307" VPOS="2366" WIDTH="31" HEIGHT="0" />
            <String ID="Word_43579" HPOS="1338" VPOS="2367" WIDTH="191" HEIGHT="50" CONTENT="vorläufig" />
            <SP ID="SP_38628" HPOS="1529" VPOS="2367" WIDTH="30" HEIGHT="0" />
            <String ID="Word_43580" HPOS="1559" VPOS="2369" WIDTH="161" HEIGHT="37" CONTENT="anders-" />
          </TextLine>
          <TextLine ID="TextLine_4957" HPOS="131" VPOS="2416" WIDTH="1588" HEIGHT="55">
            <String ID="Word_43581" HPOS="131" VPOS="2429" WIDTH="59" HEIGHT="23" CONTENT="wo" />
            <SP ID="SP_38629" HPOS="190" VPOS="2419" WIDTH="42" HEIGHT="0" />
            <String ID="Word_43582" HPOS="232" VPOS="2419" WIDTH="123" HEIGHT="34" CONTENT="unter." />
            <SP ID="SP_38630" HPOS="355" VPOS="2416" WIDTH="57" HEIGHT="0" />
            <String ID="Word_43583" HPOS="412" VPOS="2416" WIDTH="111" HEIGHT="38" CONTENT="Nach" />
            <SP ID="SP_38631" HPOS="523" VPOS="2416" WIDTH="44" HEIGHT="0" />
            <String ID="Word_43584" HPOS="567" VPOS="2418" WIDTH="85" HEIGHT="37" CONTENT="dem" />
            <SP ID="SP_38632" HPOS="652" VPOS="2418" WIDTH="43" HEIGHT="0" />
            <String ID="Word_43585" HPOS="695" VPOS="2418" WIDTH="105" HEIGHT="38" CONTENT="Bade" />
            <SP ID="SP_38633" HPOS="800" VPOS="2418" WIDTH="38" HEIGHT="0" />
            <String ID="Word_43586" HPOS="838" VPOS="2418" WIDTH="75" HEIGHT="50" CONTENT="gab" />
            <SP ID="SP_38634" HPOS="913" VPOS="2418" WIDTH="39" HEIGHT="0" />
            <String ID="Word_43587" HPOS="952" VPOS="2432" WIDTH="41" HEIGHT="24" CONTENT="er" />
            <SP ID="SP_38635" HPOS="993" VPOS="2419" WIDTH="36" HEIGHT="0" />
            <String ID="Word_43588" HPOS="1029" VPOS="2419" WIDTH="117" HEIGHT="37" CONTENT="ihnen" />
            <SP ID="SP_38636" HPOS="1146" VPOS="2419" WIDTH="38" HEIGHT="0" />
            <String ID="Word_43589" HPOS="1184" VPOS="2433" WIDTH="98" HEIGHT="25" CONTENT="neue" />
            <SP ID="SP_38637" HPOS="1282" VPOS="2420" WIDTH="38" HEIGHT="0" />
            <String ID="Word_43590" HPOS="1320" VPOS="2420" WIDTH="199" HEIGHT="51" CONTENT="Kleidung" />
            <SP ID="SP_38638" HPOS="1519" VPOS="2420" WIDTH="38" HEIGHT="0" />
            <String ID="Word_43591" HPOS="1557" VPOS="2421" WIDTH="59" HEIGHT="39" CONTENT="bis" />
            <SP ID="SP_38639" HPOS="1616" VPOS="2421" WIDTH="41" HEIGHT="0" />
            <String ID="Word_43592" HPOS="1657" VPOS="2422" WIDTH="62" HEIGHT="38" CONTENT="die" />
          </TextLine>
          <TextLine ID="TextLine_4958" HPOS="132" VPOS="2468" WIDTH="1586" HEIGHT="50">
            <String ID="Word_43593" HPOS="132" VPOS="2468" WIDTH="75" HEIGHT="37" CONTENT="alte" />
            <SP ID="SP_38640" HPOS="207" VPOS="2468" WIDTH="31" HEIGHT="0" />
            <String ID="Word_43594" HPOS="238" VPOS="2469" WIDTH="208" HEIGHT="38" CONTENT="desinficirt" />
            <SP ID="SP_38641" HPOS="446" VPOS="2469" WIDTH="29" HEIGHT="0" />
            <String ID="Word_43595" HPOS="475" VPOS="2484" WIDTH="90" HEIGHT="24" CONTENT="war." />
            <SP ID="SP_38642" HPOS="565" VPOS="2471" WIDTH="41" HEIGHT="0" />
            <String ID="Word_43596" HPOS="606" VPOS="2471" WIDTH="115" HEIGHT="38" CONTENT="Diese" />
            <SP ID="SP_38643" HPOS="721" VPOS="2471" WIDTH="22" HEIGHT="0" />
            <String ID="Word_43597" HPOS="743" VPOS="2472" WIDTH="277" HEIGHT="46" CONTENT="Desinfection," />
            <SP ID="SP_38644" HPOS="1020" VPOS="2472" WIDTH="31" HEIGHT="0" />
            <String ID="Word_43598" HPOS="1051" VPOS="2473" WIDTH="95" HEIGHT="37" CONTENT="auch" />
            <SP ID="SP_38645" HPOS="1146" VPOS="2473" WIDTH="33" HEIGHT="0" />
            <String ID="Word_43599" HPOS="1179" VPOS="2487" WIDTH="75" HEIGHT="24" CONTENT="von" />
            <SP ID="SP_38646" HPOS="1254" VPOS="2473" WIDTH="30" HEIGHT="0" />
            <String ID="Word_43600" HPOS="1284" VPOS="2473" WIDTH="179" HEIGHT="38" CONTENT="Hemden" />
            <SP ID="SP_38647" HPOS="1463" VPOS="2473" WIDTH="28" HEIGHT="0" />
            <String ID="Word_43601" HPOS="1491" VPOS="2476" WIDTH="78" HEIGHT="36" CONTENT="und" />
            <SP ID="SP_38648" HPOS="1569" VPOS="2475" WIDTH="30" HEIGHT="0" />
            <String ID="Word_43602" HPOS="1599" VPOS="2475" WIDTH="119" HEIGHT="38" CONTENT="Lein-" />
          </TextLine>
          <TextLine ID="TextLine_4959" HPOS="132" VPOS="2523" WIDTH="1585" HEIGHT="55">
            <String ID="Word_43603" HPOS="132" VPOS="2535" WIDTH="108" HEIGHT="36" CONTENT="zeug," />
            <SP ID="SP_38649" HPOS="240" VPOS="2523" WIDTH="31" HEIGHT="0" />
            <String ID="Word_43604" HPOS="271" VPOS="2523" WIDTH="115" HEIGHT="37" CONTENT="sowie" />
            <SP ID="SP_38650" HPOS="386" VPOS="2523" WIDTH="30" HEIGHT="0" />
            <String ID="Word_43605" HPOS="416" VPOS="2536" WIDTH="74" HEIGHT="25" CONTENT="von" />
            <SP ID="SP_38651" HPOS="490" VPOS="2524" WIDTH="28" HEIGHT="0" />
            <String ID="Word_43606" HPOS="518" VPOS="2524" WIDTH="131" HEIGHT="38" CONTENT="leeren" />
            <SP ID="SP_38652" HPOS="649" VPOS="2524" WIDTH="22" HEIGHT="0" />
            <String ID="Word_43607" HPOS="671" VPOS="2524" WIDTH="306" HEIGHT="47" CONTENT="Krankensälen," />
            <SP ID="SP_38653" HPOS="977" VPOS="2524" WIDTH="31" HEIGHT="0" />
            <String ID="Word_43608" HPOS="1008" VPOS="2526" WIDTH="169" HEIGHT="49" CONTENT="geschah" />
            <SP ID="SP_38654" HPOS="1177" VPOS="2526" WIDTH="22" HEIGHT="0" />
            <String ID="Word_43609" HPOS="1199" VPOS="2527" WIDTH="121" HEIGHT="37" CONTENT="durch" />
            <SP ID="SP_38655" HPOS="1320" VPOS="2526" WIDTH="21" HEIGHT="0" />
            <String ID="Word_43610" HPOS="1341" VPOS="2526" WIDTH="376" HEIGHT="41" CONTENT="Chlorräucherung." />
          </TextLine>
          <TextLine ID="TextLine_4960" HPOS="134" VPOS="2574" WIDTH="1583" HEIGHT="49">
            <String ID="Word_43611" HPOS="134" VPOS="2574" WIDTH="110" HEIGHT="38" CONTENT="Auch" />
            <SP ID="SP_38656" HPOS="244" VPOS="2574" WIDTH="28" HEIGHT="0" />
            <String ID="Word_43612" HPOS="272" VPOS="2575" WIDTH="88" HEIGHT="38" CONTENT="liess" />
            <SP ID="SP_38657" HPOS="360" VPOS="2575" WIDTH="31" HEIGHT="0" />
            <String ID="Word_43613" HPOS="391" VPOS="2590" WIDTH="40" HEIGHT="23" CONTENT="er" />
            <SP ID="SP_38658" HPOS="431" VPOS="2577" WIDTH="30" HEIGHT="0" />
            <String ID="Word_43614" HPOS="461" VPOS="2577" WIDTH="59" HEIGHT="37" CONTENT="die" />
            <SP ID="SP_38659" HPOS="520" VPOS="2577" WIDTH="30" HEIGHT="0" />
            <String ID="Word_43615" HPOS="550" VPOS="2577" WIDTH="243" HEIGHT="46" CONTENT="Fussböden," />
            <SP ID="SP_38660" HPOS="793" VPOS="2577" WIDTH="30" HEIGHT="0" />
            <String ID="Word_43616" HPOS="823" VPOS="2578" WIDTH="151" HEIGHT="38" CONTENT="Wände" />
            <SP ID="SP_38661" HPOS="974" VPOS="2578" WIDTH="30" HEIGHT="0" />
            <String ID="Word_43617" HPOS="1004" VPOS="2579" WIDTH="78" HEIGHT="37" CONTENT="und" />
            <SP ID="SP_38662" HPOS="1082" VPOS="2579" WIDTH="29" HEIGHT="0" />
            <String ID="Word_43618" HPOS="1111" VPOS="2579" WIDTH="162" HEIGHT="39" CONTENT="Fenster" />
            <SP ID="SP_38663" HPOS="1273" VPOS="2579" WIDTH="31" HEIGHT="0" />
            <String ID="Word_43619" HPOS="1304" VPOS="2583" WIDTH="70" HEIGHT="35" CONTENT="mit" />
            <SP ID="SP_38664" HPOS="1374" VPOS="2579" WIDTH="29" HEIGHT="0" />
            <String ID="Word_43620" HPOS="1403" VPOS="2579" WIDTH="193" HEIGHT="40" CONTENT="Sublimat" />
            <SP ID="SP_38665" HPOS="1596" VPOS="2579" WIDTH="29" HEIGHT="0" />
            <String ID="Word_43621" HPOS="1625" VPOS="2583" WIDTH="92" HEIGHT="37" CONTENT="oder" />
          </TextLine>
          <TextLine ID="TextLine_4961" HPOS="132" VPOS="2627" WIDTH="1586" HEIGHT="58">
            <String ID="Word_43622" HPOS="132" VPOS="2627" WIDTH="342" HEIGHT="50" CONTENT="Laugewaschen." />
            <SP ID="SP_38666" HPOS="474" VPOS="2627" WIDTH="53" HEIGHT="0" />
            <String ID="Word_43623" HPOS="527" VPOS="2630" WIDTH="191" HEIGHT="38" CONTENT="Aehnlich" />
            <SP ID="SP_38667" HPOS="718" VPOS="2630" WIDTH="20" HEIGHT="0" />
            <String ID="Word_43624" HPOS="738" VPOS="2631" WIDTH="159" HEIGHT="37" CONTENT="verfuhr" />
            <SP ID="SP_38668" HPOS="897" VPOS="2631" WIDTH="33" HEIGHT="0" />
            <String ID="Word_43625" HPOS="930" VPOS="2631" WIDTH="207" HEIGHT="51" CONTENT="Marmy," />
            <SP ID="SP_38669" HPOS="1137" VPOS="2631" WIDTH="34" HEIGHT="0" />
            <String ID="Word_43626" HPOS="1171" VPOS="2633" WIDTH="130" HEIGHT="38" CONTENT="ferner" />
            <SP ID="SP_38670" HPOS="1301" VPOS="2633" WIDTH="22" HEIGHT="0" />
            <String ID="Word_43627" HPOS="1323" VPOS="2633" WIDTH="62" HEIGHT="38" CONTENT="Gr" />
            <SP ID="SP_38671" HPOS="1385" VPOS="2633" WIDTH="11" HEIGHT="0" />
            <String ID="Word_43628" HPOS="1396" VPOS="2635" WIDTH="56" HEIGHT="37" CONTENT="oh" />
            <SP ID="SP_38672" HPOS="1452" VPOS="2635" WIDTH="20" HEIGHT="0" />
            <String ID="Word_43629" HPOS="1472" VPOS="2635" WIDTH="71" HEIGHT="37" CONTENT="mit" />
            <SP ID="SP_38673" HPOS="1543" VPOS="2635" WIDTH="20" HEIGHT="0" />
            <String ID="Word_43630" HPOS="1563" VPOS="2648" WIDTH="155" HEIGHT="37" CONTENT="grosser" />
          </TextLine>
          <TextLine ID="TextLine_4962" HPOS="130" VPOS="2681" WIDTH="1586" HEIGHT="54">
            <String ID="Word_43631" HPOS="130" VPOS="2681" WIDTH="169" HEIGHT="50" CONTENT="Energie" />
            <SP ID="SP_38674" HPOS="299" VPOS="2681" WIDTH="21" HEIGHT="0" />
            <String ID="Word_43632" HPOS="320" VPOS="2683" WIDTH="76" HEIGHT="36" CONTENT="und" />
            <SP ID="SP_38675" HPOS="396" VPOS="2683" WIDTH="22" HEIGHT="0" />
            <String ID="Word_43633" HPOS="418" VPOS="2686" WIDTH="133" HEIGHT="35" CONTENT="weiter" />
            <SP ID="SP_38676" HPOS="551" VPOS="2683" WIDTH="21" HEIGHT="0" />
            <String ID="Word_43634" HPOS="572" VPOS="2683" WIDTH="205" HEIGHT="39" CONTENT="Demme." />
            <SP ID="SP_38677" HPOS="777" VPOS="2683" WIDTH="45" HEIGHT="0" />
            <String ID="Word_43635" HPOS="822" VPOS="2684" WIDTH="109" HEIGHT="38" CONTENT="Nach" />
            <SP ID="SP_38678" HPOS="931" VPOS="2684" WIDTH="21" HEIGHT="0" />
            <String ID="Word_43636" HPOS="952" VPOS="2685" WIDTH="252" HEIGHT="50" CONTENT="Legouest" />
            <SP ID="SP_38679" HPOS="1204" VPOS="2685" WIDTH="21" HEIGHT="0" />
            <String ID="Word_43637" HPOS="1225" VPOS="2687" WIDTH="136" HEIGHT="37" CONTENT="erwies" />
            <SP ID="SP_38680" HPOS="1361" VPOS="2687" WIDTH="21" HEIGHT="0" />
            <String ID="Word_43638" HPOS="1382" VPOS="2687" WIDTH="80" HEIGHT="37" CONTENT="sich" />
            <SP ID="SP_38681" HPOS="1462" VPOS="2687" WIDTH="19" HEIGHT="0" />
            <String ID="Word_43639" HPOS="1481" VPOS="2688" WIDTH="53" HEIGHT="37" CONTENT="im" />
            <SP ID="SP_38682" HPOS="1534" VPOS="2688" WIDTH="24" HEIGHT="0" />
            <String ID="Word_43640" HPOS="1558" VPOS="2688" WIDTH="158" HEIGHT="38" CONTENT="Orient-" />
          </TextLine>
          <TextLine ID="TextLine_4963" HPOS="131" VPOS="2734" WIDTH="1586" HEIGHT="56">
            <String ID="Word_43641" HPOS="131" VPOS="2734" WIDTH="136" HEIGHT="49" CONTENT="kriege" />
            <SP ID="SP_38683" HPOS="267" VPOS="2734" WIDTH="31" HEIGHT="0" />
            <String ID="Word_43642" HPOS="298" VPOS="2734" WIDTH="54" HEIGHT="38" CONTENT="als" />
            <SP ID="SP_38684" HPOS="352" VPOS="2734" WIDTH="31" HEIGHT="0" />
            <String ID="Word_43643" HPOS="383" VPOS="2736" WIDTH="65" HEIGHT="37" CONTENT="das" />
            <SP ID="SP_38685" HPOS="448" VPOS="2736" WIDTH="29" HEIGHT="0" />
            <String ID="Word_43644" HPOS="477" VPOS="2737" WIDTH="106" HEIGHT="37" CONTENT="beste" />
            <SP ID="SP_38686" HPOS="583" VPOS="2737" WIDTH="31" HEIGHT="0" />
            <String ID="Word_43645" HPOS="614" VPOS="2738" WIDTH="84" HEIGHT="37" CONTENT="eine" />
            <SP ID="SP_38687" HPOS="698" VPOS="2737" WIDTH="30" HEIGHT="0" />
            <String ID="Word_43646" HPOS="728" VPOS="2737" WIDTH="199" HEIGHT="38" CONTENT="schwache" />
            <SP ID="SP_38688" HPOS="927" VPOS="2737" WIDTH="31" HEIGHT="0" />
            <String ID="Word_43647" HPOS="958" VPOS="2738" WIDTH="221" HEIGHT="51" CONTENT="Besetzung" />
            <SP ID="SP_38689" HPOS="1179" VPOS="2738" WIDTH="30" HEIGHT="0" />
            <String ID="Word_43648" HPOS="1209" VPOS="2741" WIDTH="66" HEIGHT="37" CONTENT="der" />
            <SP ID="SP_38690" HPOS="1275" VPOS="2740" WIDTH="30" HEIGHT="0" />
            <String ID="Word_43649" HPOS="1305" VPOS="2740" WIDTH="244" HEIGHT="50" CONTENT="Hospitäler," />
            <SP ID="SP_38691" HPOS="1549" VPOS="2740" WIDTH="36" HEIGHT="0" />
            <String ID="Word_43650" HPOS="1585" VPOS="2742" WIDTH="132" HEIGHT="38" CONTENT="ferner" />
          </TextLine>
          <TextLine ID="TextLine_4964" HPOS="132" VPOS="2787" WIDTH="1583" HEIGHT="56">
            <String ID="Word_43651" HPOS="132" VPOS="2787" WIDTH="126" HEIGHT="37" CONTENT="kleine" />
            <SP ID="SP_38692" HPOS="258" VPOS="2787" WIDTH="30" HEIGHT="0" />
            <String ID="Word_43652" HPOS="288" VPOS="2788" WIDTH="146" HEIGHT="37" CONTENT="isolirte" />
            <SP ID="SP_38693" HPOS="434" VPOS="2788" WIDTH="30" HEIGHT="0" />
            <String ID="Word_43653" HPOS="464" VPOS="2788" WIDTH="104" HEIGHT="48" CONTENT="Säle," />
            <SP ID="SP_38694" HPOS="568" VPOS="2788" WIDTH="41" HEIGHT="0" />
            <String ID="Word_43654" HPOS="609" VPOS="2790" WIDTH="107" HEIGHT="38" CONTENT="Zelte" />
            <SP ID="SP_38695" HPOS="716" VPOS="2790" WIDTH="30" HEIGHT="0" />
            <String ID="Word_43655" HPOS="746" VPOS="2791" WIDTH="78" HEIGHT="37" CONTENT="und" />
            <SP ID="SP_38696" HPOS="824" VPOS="2790" WIDTH="29" HEIGHT="0" />
            <String ID="Word_43656" HPOS="853" VPOS="2790" WIDTH="263" HEIGHT="53" CONTENT="Zerstreuung" />
            <SP ID="SP_38697" HPOS="1116" VPOS="2790" WIDTH="30" HEIGHT="0" />
            <String ID="Word_43657" HPOS="1146" VPOS="2794" WIDTH="67" HEIGHT="37" CONTENT="der" />
            <SP ID="SP_38698" HPOS="1213" VPOS="2793" WIDTH="29" HEIGHT="0" />
            <String ID="Word_43658" HPOS="1242" VPOS="2793" WIDTH="288" HEIGHT="39" CONTENT="Verwundeten" />
            <SP ID="SP_38699" HPOS="1530" VPOS="2793" WIDTH="39" HEIGHT="0" />
            <String ID="Word_43659" HPOS="1569" VPOS="2795" WIDTH="41" HEIGHT="37" CONTENT="in" />
            <SP ID="SP_38700" HPOS="1610" VPOS="2795" WIDTH="35" HEIGHT="0" />
            <String ID="Word_43660" HPOS="1645" VPOS="2795" WIDTH="70" HEIGHT="38" CONTENT="be-" />
          </TextLine>
          <TextLine ID="TextLine_4965" HPOS="132" VPOS="2840" WIDTH="357" HEIGHT="39">
            <String ID="Word_43661" HPOS="132" VPOS="2853" WIDTH="160" HEIGHT="25" CONTENT="sondere" />
            <SP ID="SP_38701" HPOS="292" VPOS="2840" WIDTH="31" HEIGHT="0" />
            <String ID="Word_43662" HPOS="323" VPOS="2840" WIDTH="166" HEIGHT="39" CONTENT="Häuser." />
          </TextLine>
          <TextLine ID="TextLine_4966" HPOS="260" VPOS="2893" WIDTH="1456" HEIGHT="56">
            <String ID="Word_43663" HPOS="260" VPOS="2893" WIDTH="77" HEIGHT="37" CONTENT="Für" />
            <SP ID="SP_38702" HPOS="337" VPOS="2893" WIDTH="31" HEIGHT="0" />
            <String ID="Word_43664" HPOS="368" VPOS="2894" WIDTH="108" HEIGHT="37" CONTENT="einen" />
            <SP ID="SP_38703" HPOS="476" VPOS="2894" WIDTH="22" HEIGHT="0" />
            <String ID="Word_43665" HPOS="498" VPOS="2895" WIDTH="134" HEIGHT="46" CONTENT="Jeden," />
            <SP ID="SP_38704" HPOS="632" VPOS="2895" WIDTH="33" HEIGHT="0" />
            <String ID="Word_43666" HPOS="665" VPOS="2896" WIDTH="67" HEIGHT="37" CONTENT="der" />
            <SP ID="SP_38705" HPOS="732" VPOS="2896" WIDTH="28" HEIGHT="0" />
            <String ID="Word_43667" HPOS="760" VPOS="2896" WIDTH="106" HEIGHT="38" CONTENT="nicht" />
            <SP ID="SP_38706" HPOS="866" VPOS="2896" WIDTH="28" HEIGHT="0" />
            <String ID="Word_43668" HPOS="894" VPOS="2897" WIDTH="105" HEIGHT="38" CONTENT="blind" />
            <SP ID="SP_38707" HPOS="999" VPOS="2897" WIDTH="32" HEIGHT="0" />
            <String ID="Word_43669" HPOS="1031" VPOS="2912" WIDTH="78" HEIGHT="23" CONTENT="war" />
            <SP ID="SP_38708" HPOS="1109" VPOS="2912" WIDTH="28" HEIGHT="0" />
            <String ID="Word_43670" HPOS="1137" VPOS="2912" WIDTH="125" HEIGHT="37" CONTENT="gegen" />
            <SP ID="SP_38709" HPOS="1262" VPOS="2900" WIDTH="24" HEIGHT="0" />
            <String ID="Word_43671" HPOS="1286" VPOS="2900" WIDTH="59" HEIGHT="37" CONTENT="die" />
            <SP ID="SP_38710" HPOS="1345" VPOS="2899" WIDTH="24" HEIGHT="0" />
            <String ID="Word_43672" HPOS="1369" VPOS="2899" WIDTH="258" HEIGHT="40" CONTENT="Infectiosität" />
            <SP ID="SP_38711" HPOS="1627" VPOS="2899" WIDTH="20" HEIGHT="0" />
            <String ID="Word_43673" HPOS="1647" VPOS="2903" WIDTH="69" HEIGHT="37" CONTENT="der" />
          </TextLine>
          <TextLine ID="TextLine_4967" HPOS="132" VPOS="2945" WIDTH="1582" HEIGHT="60">
            <String ID="Word_43674" HPOS="132" VPOS="2945" WIDTH="229" HEIGHT="46" CONTENT="Krankheit," />
            <SP ID="SP_38712" HPOS="361" VPOS="2945" WIDTH="30" HEIGHT="0" />
            <String ID="Word_43675" HPOS="391" VPOS="2950" WIDTH="142" HEIGHT="35" CONTENT="musste" />
            <SP ID="SP_38713" HPOS="533" VPOS="2949" WIDTH="21" HEIGHT="0" />
            <String ID="Word_43676" HPOS="554" VPOS="2949" WIDTH="55" HEIGHT="37" CONTENT="als" />
            <SP ID="SP_38714" HPOS="609" VPOS="2949" WIDTH="22" HEIGHT="0" />
            <String ID="Word_43677" HPOS="631" VPOS="2952" WIDTH="120" HEIGHT="35" CONTENT="erstes" />
            <SP ID="SP_38715" HPOS="751" VPOS="2949" WIDTH="20" HEIGHT="0" />
            <String ID="Word_43678" HPOS="771" VPOS="2949" WIDTH="265" HEIGHT="40" CONTENT="Erforderniss" />
            <SP ID="SP_38716" HPOS="1036" VPOS="2949" WIDTH="30" HEIGHT="0" />
            <String ID="Word_43679" HPOS="1066" VPOS="2952" WIDTH="59" HEIGHT="37" CONTENT="die" />
            <SP ID="SP_38717" HPOS="1125" VPOS="2952" WIDTH="21" HEIGHT="0" />
            <String ID="Word_43680" HPOS="1146" VPOS="2952" WIDTH="206" HEIGHT="50" CONTENT="möglichst" />
            <SP ID="SP_38718" HPOS="1352" VPOS="2952" WIDTH="19" HEIGHT="0" />
            <String ID="Word_43681" HPOS="1371" VPOS="2953" WIDTH="232" HEIGHT="52" CONTENT="frühzeitige" />
            <SP ID="SP_38719" HPOS="1603" VPOS="2953" WIDTH="22" HEIGHT="0" />
            <String ID="Word_43682" HPOS="1625" VPOS="2955" WIDTH="89" HEIGHT="39" CONTENT="Ab-" />
          </TextLine>
        </TextBlock>
      </PrintSpace>
    </Page>
  </Layout>
</alto>
