2107 3450
699 317 293 33 PARAPHASIA.

1594 307 83 42 269

20 439 189 44 thought
242 441 97 41 that
385 441 37 41 is
470 439 180 56 seeking
687 437 266 57 expression,
985 436 54 43 he
1087 436 37 43 is
1169 436 94 43 said
1311 440 45 38 to
1394 435 175 56 display
1603 436 77 43 the

21 512 304 56 phenomenon
350 512 46 42 of
416 510 277 44 Paraphasia.
759 509 55 43 In
837 523 119 28 some
975 522 132 29 cases,
1125 522 56 28 no
1205 522 155 28 sooner
1381 507 37 43 is
1439 508 74 42 the
1533 522 147 41 wrong

21 583 117 43 word
172 583 173 43 uttered
379 583 106 42 than
510 583 74 42 the
607 585 173 53 patient
802 580 248 43 recognises
1074 580 69 42 his
1178 594 130 38 error,
1331 579 88 42 and
1452 579 159 43 strives
1634 583 45 39 to

19 659 167 38 correct
202 655 60 42 it;
295 655 80 42 but
405 655 44 42 in
473 654 126 43 other
617 668 132 37 cases,
766 652 146 44 owing
928 657 45 37 to
991 651 393 44 Word-Deafness,
1402 651 55 42 he
1476 650 103 43 does
1603 656 77 37 not

16 727 220 42 recognise
260 727 74 42 the
357 741 130 29 error,
509 726 87 42 and
620 740 100 41 may
743 739 53 42 go
819 739 57 28 on
899 723 174 57 talking
1096 723 150 56 freely,
1269 723 48 42 in
1340 722 75 43 the
1440 722 83 42 full
1546 722 137 44 belief

14 798 98 42 that
155 798 54 42 he
251 798 37 42 is
327 812 254 42 expressing
618 797 180 43 himself
839 795 317 57 intelligently,
1195 809 110 29 even
1347 794 216 58 although
1601 794 76 44 the

14 870 159 56 speech
195 870 220 56 produced
437 870 37 42 is
498 884 117 28 mere
638 867 401 59 "gibberish"—as
1073 867 36 43 it
1133 882 100 42 may
1256 868 66 51 be,
1346 867 46 42 in
1426 881 95 29 rare
1544 881 132 38 cases,

15 942 127 43 when
177 942 73 43 the
282 956 307 42 phenomenon
624 941 37 43 is
694 941 243 44 extremely
971 940 100 43 well
1105 940 193 43 marked.
1363 940 45 42 It
1439 940 38 43 is
1519 939 48 42 in
1601 939 75 44 the

14 1014 195 55 Aphasia
246 1014 221 56 produced
506 1014 57 57 by
595 1014 141 43 lesion
775 1014 48 42 of
862 1014 75 42 the
975 1012 223 57 Auditory
1230 1011 313 44 Word-centre
1579 1012 97 43 that

13 1086 267 56 Paraphasia
320 1086 39 43 is
401 1090 115 39 most
558 1086 193 43 marked.
831 1086 91 42 The
964 1085 222 43 retention
1230 1085 44 42 of
1322 1084 77 44 the
1441 1099 148 42 power
1631 1085 45 43 of

12 1158 294 43 articulation,
333 1159 47 42 in
416 1159 109 43 such
561 1173 131 29 cases,
717 1172 151 29 makes
903 1157 76 43 the
1014 1157 273 43 recognition
1322 1157 45 42 of
1405 1157 269 57 Paraphasia

14 1244 104 41 very
147 1244 113 29 easy.
326 1230 128 42 Some
486 1230 133 42 think
649 1229 100 43 that
780 1228 270 44 Paraphasia
1083 1243 136 28 never
1251 1242 151 29 occurs
1436 1232 158 39 except
1624 1228 49 43 in

11 1300 123 43 these
157 1315 118 29 cases
308 1301 46 43 of
384 1301 189 57 Sensory
595 1301 209 57 Aphasia.
869 1301 91 42 But
981 1300 90 42 this
1103 1300 38 42 is
1174 1300 214 55 probably
1411 1314 25 28 a
1467 1304 202 40 mistake.

10 1373 268 56 Paraphasia
319 1374 38 43 is
400 1374 256 43 essentially
694 1388 82 28 one
820 1373 44 42 of
906 1373 76 42 the
1024 1372 192 56 possible
1259 1386 325 29 consequences
1628 1374 47 40 of

7 1443 217 44 Amnesia
246 1445 220 53 Verbalis;
497 1445 99 51 and,
618 1459 46 28 as
687 1444 108 43 such
817 1443 214 43 Amnesia
1052 1443 215 57 probably
1290 1443 138 43 exists
1452 1443 48 42 in
1522 1443 151 43 Motor

8 1527 46 29 as
83 1515 97 42 well
214 1530 46 27 as
292 1515 47 42 in
372 1515 189 57 Sensory
583 1515 210 57 Aphasia,
815 1530 63 28 we
912 1514 112 44 need
1055 1519 79 38 not
1165 1514 54 43 be
1253 1515 225 56 surprised
1511 1519 45 39 to
1579 1516 93 42 find

8 1600 24 27 a
54 1586 135 56 slight
221 1586 154 43 degree
398 1587 48 41 of
474 1587 266 56 Paraphasia
773 1587 250 42 exhibiting
1054 1585 126 43 itself
1207 1586 48 42 in
1288 1585 249 44 connexion
1560 1591 110 38 with

6 1658 149 42 Motor
186 1658 209 56 Aphasia,
424 1658 141 48 when,
598 1658 58 57 by
679 1672 235 29 education
949 1657 44 43 of
1029 1657 75 43 the
1137 1657 199 57 opposite
1370 1662 300 49 convolution,

5 1730 73 43 the
101 1730 171 56 patient
293 1730 36 43 is
361 1730 48 42 in
431 1744 174 42 process
635 1731 47 42 of
709 1730 259 43 recovering
989 1730 70 43 his
1092 1744 170 42 powers
1295 1730 45 43 of
1373 1730 296 54 articulation,

2 1801 87 42 and
122 1816 80 28 can
232 1801 135 56 speak
393 1801 98 44 well
513 1802 173 43 enough
710 1807 43 38 to
777 1802 173 43 exhibit
971 1802 46 43 it.
1082 1801 330 44 Nevertheless,
1434 1802 39 43 it
1498 1803 38 43 is
1569 1807 100 40 true

1 1874 97 43 that
121 1888 25 28 a
169 1874 181 43 marked
375 1874 152 57 degree
560 1875 45 42 of
637 1874 269 44 Paraphasia
934 1875 37 43 is
1005 1875 239 56 especially
1268 1875 330 44 characteristic
1624 1877 48 42 of

1 1946 74 43 the
92 1947 199 56 Sensory,
309 1961 46 28 or
372 1946 225 58 Auditory
616 1947 172 43 variety
806 1947 45 43 of
867 1946 210 57 Aphasia.
1133 1947 111 43 Like
1264 1947 168 57 Simple
1450 1947 217 45 Amnesia

1 2018 213 53 Verbalis,
247 2019 266 56 Paraphasia
548 2019 38 43 is
624 2019 226 43 exhibited
888 2023 116 39 most
1037 2019 254 57 frequently
1330 2020 48 42 in
1416 2021 250 43 connexion

1 2091 108 42 with
128 2105 153 29 nouns,
299 2091 46 43 of
366 2092 143 42 which
528 2106 82 29 one
627 2092 38 43 is
684 2091 272 44 substituted
974 2092 65 42 for
1056 2091 210 56 another;
1298 2092 94 43 but,
1411 2092 48 43 in
1483 2094 183 43 marked

1 2177 130 38 cases,
154 2163 76 43 the
253 2163 123 43 other
399 2168 121 52 parts
543 2164 45 42 of
610 2164 159 43 speech
793 2164 134 43 suffer
948 2164 48 42 in
1020 2164 74 43 the
1119 2178 120 29 same
1263 2179 108 43 way.

58 2301 342 44 Auticulative
431 2301 476 45 Amnesia.—Instead
940 2303 47 43 of
1015 2318 26 28 a
1073 2303 112 43 total
1216 2303 313 57 forgetfulness
1562 2306 45 43 of
1638 2321 26 29 a

1 2373 127 53 word,
161 2374 108 43 such
307 2388 46 29 as
391 2389 25 28 a
453 2388 133 38 noun,
624 2374 76 43 the
738 2375 173 56 patient
949 2389 102 43 may
1089 2375 172 43 exhibit
1298 2376 106 57 only
1441 2392 26 28 a
1502 2379 163 56 partial

1 2446 306 56 forgetfulness
330 2447 47 42 of
395 2446 46 43 it.
506 2447 72 43 He
599 2445 80 45 has
701 2461 26 29 a
747 2447 177 57 general
947 2447 99 43 idea
1069 2448 44 42 of
1137 2447 74 44 the
1237 2448 130 54 word,
1390 2450 82 43 but
1493 2451 101 44 fails
1617 2455 45 40 to

1 2519 238 44 remember
273 2520 35 42 it
341 2519 46 42 in
411 2519 146 43 detail.
623 2519 56 43 In
714 2519 110 43 such
859 2520 355 53 circumstances,
1237 2520 54 45 he
1326 2536 276 43 pronounces
1637 2539 25 29 a

1 2591 136 43 sound
165 2591 96 43 that
294 2606 101 42 may
429 2606 48 29 or
508 2605 102 43 may
633 2596 79 39 not
744 2591 53 44 be
830 2592 269 57 sufficiently
1131 2593 91 44 like
1254 2594 77 44 the
1364 2595 120 43 word
1515 2597 148 44 aimed

1 2669 38 37 it
73 2670 42 37 to
148 2663 154 44 enable
335 2664 75 43 the
444 2664 182 44 listener
660 2670 44 38 to
736 2679 131 43 guess
901 2665 120 43 what
1054 2666 98 43 that
1195 2667 121 43 word
1349 2668 140 58 really
1521 2670 49 44 is.
1636 2672 22 42 I

0 2749 175 43 propose
193 2741 44 39 to
261 2751 76 29 use
361 2736 75 44 the
460 2741 112 39 term
595 2737 298 45 Articulative
916 2738 214 44 Amnesia
1153 2739 68 43 for
1240 2740 89 43 this
1350 2741 311 45 forgetfulness

1 2808 40 43 Df
61 2809 73 43 the
151 2809 156 43 details
325 2809 44 43 of
387 2809 291 44 articulation.
743 2811 46 42 It
807 2811 92 42 will
916 2812 253 44 sometimes
1187 2812 53 44 be
1260 2814 139 43 found
1417 2821 245 40 associated

1 2880 99 43 with
132 2881 125 43 other
301 2886 259 52 symptoms,
592 2882 108 43 such
739 2896 47 30 as
830 2883 183 44 marked
1045 2885 274 56 paraphasia,
1353 2887 147 44 which
1532 2895 130 51 point

0 2956 39 39 fco
82 2952 74 44 the
199 2953 223 44 existence
466 2954 47 42 of
551 2953 165 45 lesions
764 2955 47 42 in
853 2955 76 43 the
977 2956 207 59 auditory
1228 2963 160 40 centre.
1473 2961 107 44 This
1622 2963 39 43 is

1 3024 97 57 Dnly
133 3039 55 28 an
231 3025 268 44 illustration
537 3027 47 42 of
623 3027 75 44 the
742 3028 101 51 fact,
878 3028 98 43 that
1010 3029 142 44 words
1188 3045 72 29 are
1295 3034 284 55 represented
1613 3035 48 43 in

1 3095 52 44 ill
90 3097 114 43 their
246 3098 157 44 details
438 3099 48 43 in
523 3099 75 44 the
636 3114 181 30 sensory
856 3115 46 29 as
939 3101 103 44 well
1086 3117 46 29 as
1177 3103 75 44 the
1294 3110 144 39 motor
1481 3108 179 43 speech-

1 3173 152 40 centre.
