2018 2748
117 172 105 32 Alles
240 173 141 30 höhere
398 173 125 31 Leben
541 189 12 5 -
567 172 47 30 ob
631 172 84 30 Tier
732 172 90 30 oder

119 225 147 30 Pflanze
281 241 12 6 -
309 224 165 31 entsteht
493 233 66 22 aus
574 224 65 31 der
647 224 171 31 Vereini¬

119 285 100 31 gung
245 285 76 22 von
346 275 235 31 männlichen
605 275 74 31 und
705 275 114 30 weib¬

120 328 119 30 lichen
262 327 245 31 Keimzellen.
546 327 69 30 Die
647 326 171 30 tierische

119 379 235 31 Samenzelle
371 378 108 40 (links
491 378 111 39 oben)
620 377 198 40 entspricht

119 431 86 31 dem
219 430 221 31 Pollenkorn
457 446 12 6 -
484 438 86 22 man
584 429 98 30 sieht
695 429 123 31 solche

120 491 66 21 aus
202 482 84 31 dem
299 481 210 31 Staubblatt
524 482 64 30 der
602 480 106 31 Blüte
722 480 96 32 links

118 534 117 29 unten
288 533 203 30 austreten.
556 533 68 30 Die
679 532 139 31 Eizelle

122 583 128 39 (rechts
284 584 111 39 oben)
430 583 78 32 läßt
539 584 74 30 sich
645 584 92 30 noch
767 584 52 30 im

120 636 277 36 Fruchtknoten,
413 636 65 30 der
487 636 331 31 amunterenEnde

120 688 64 30 des
233 687 183 40 Stempels
462 688 51 30 im
558 687 261 31 Blütenboden

118 739 95 35 sitzt,
234 740 75 30 und
333 740 50 29 im
406 738 200 31 Keimfleck
634 739 65 30 des
717 739 101 30 Hüh¬

118 790 161 36 nereies,
308 790 65 31 der
399 789 63 31 auf
487 790 65 31 der
575 790 244 40 Dotterkugel

119 841 445 36 ruht,wiedererkennen.
582 843 238 31 Samen-und

117 893 138 31 Eizelle
288 894 83 31 sind
402 894 60 30 100
479 894 335 42 fach^vergrößert.

120 1073 200 41 kleinere
340 1073 272 42 Samenzelle
631 1075 81 39 mit
733 1074 100 41 dem
851 1075 216 51 winzigen
1088 1074 181 51 „Kopf"
1290 1074 92 41 und
1403 1074 101 41 dem
1525 1074 345 53 schlängelnden

121 1131 276 50 „Sdhwanz",
432 1132 75 41 das
541 1132 120 41 blieb
695 1133 109 40 noch
838 1132 129 52 lange
1002 1134 97 39 Zeit
1132 1132 254 52 ungeklärt.
1422 1133 104 40 Und
1558 1135 83 39 wie
1678 1149 77 36 gar
1792 1149 76 25 aus

122 1190 99 41 dem
248 1192 216 50 winzigen
495 1190 454 52 Schleimklümpchen
981 1191 122 49 „Ei",
1133 1194 81 38 mit
1247 1192 101 40 dem
1378 1192 88 41 sich
1496 1207 93 24 nun
1621 1192 107 41 auch
1758 1191 112 42 noch

121 1250 69 40 die
216 1250 273 40 Samenzelle
515 1249 261 41 verbunden
802 1250 91 48 hat,
920 1252 71 38 ein
1018 1250 387 52 ausgewachsenes
1432 1249 271 42 Lebewesen
1731 1260 138 31 erste¬

120 1307 86 41 hen
230 1307 134 49 kann,
388 1310 46 38 in
461 1308 98 41 dem
585 1309 85 40 sich
698 1308 75 41 das
798 1308 173 52 Erbgut
996 1309 212 40 entfaltet
1231 1334 58 4 —
1314 1309 75 41 das
1417 1309 147 41 schien
1591 1325 47 25 so
1663 1309 206 41 wunder¬

120 1366 94 49 bar,
238 1366 84 41 daß
346 1382 102 25 man
469 1369 181 47 meinte,
674 1383 44 25 es
741 1368 146 40 müsse
910 1367 119 41 wohl
1050 1368 75 40 für
1147 1369 159 39 immer
1331 1370 71 38 ein
1425 1367 266 42 unlösbares
1714 1367 156 41 Rätsel

120 1424 190 42 bleiben.
336 1424 102 41 Und
463 1425 106 42 doch
591 1450 58 4 —
669 1442 102 23 man
794 1426 121 40 kann
941 1425 83 41 den
1049 1426 340 41 Geheimnissen
1415 1426 75 41 des
1515 1426 196 52 Erbguts
1737 1426 132 41 schon

121 1484 140 40 näher
285 1483 221 41 kommen.

588 1760 139 42 Von
749 1759 647 46 Meerscliweinchen

358 1848 137 45 und
503 1848 395 44 schwarzen
921 1849 138 43 und
1082 1849 257 44 weißen
1361 1849 272 53 Kugeln

179 2102 148 49 Peter,
360 2103 80 41 der
472 2103 97 41 Bub
602 2105 168 40 meines
804 2103 249 51 Nachbarn,
1087 2107 57 40 ist
1178 2104 102 42 dem
1312 2106 214 41 Problem
1562 2107 78 40 auf
1674 2107 72 42 die
1783 2109 89 39 ein¬

125 2160 166 42 fachste
313 2160 145 42 Weise
481 2178 52 24 zu
554 2161 136 42 Leibe
714 2163 193 51 gerückt.
928 2162 226 50 Letzthin,
1178 2164 61 41 als
1264 2181 47 24 er
1332 2166 87 39 mir
1440 2165 113 41 über
1575 2165 87 42 den
1686 2165 186 42 Garten¬

122 2233 113 27 zaun
266 2220 174 52 hinweg
471 2222 71 38 ein
574 2236 108 36 paar
713 2221 135 40 frisch
881 2222 333 52 ausgegrabene
1245 2223 145 41 Käfer
1422 2239 80 25 zur
1532 2223 344 53 Begutachtung

123 2277 216 53 vorlegte,
369 2278 212 52 sprachen
609 2281 81 39 wir
721 2281 106 40 auch
859 2279 161 51 davon,
1048 2283 83 40 wie
1162 2282 87 40 sich
1278 2282 119 40 wohl
1429 2282 70 41 die
1529 2282 347 53 Eigenschaften

124 2338 91 40 und
235 2336 249 43 Merkmale
506 2354 88 25 von
618 2338 83 41 den
723 2338 254 41 Tiereltern
1001 2341 77 39 auf
1101 2340 70 41 die
1193 2339 272 42 Tierkinder
1487 2342 224 41 vererben
1733 2342 142 41 könn¬

124 2405 88 33 ten.
249 2396 72 42 Ich
358 2398 86 39 riet
479 2397 107 49 ihm,
621 2397 74 41 die
732 2400 107 38 zwei
876 2397 443 52 Meerschweindien,
1357 2400 72 41 die
1465 2416 50 25 er
1552 2416 71 25 am
1661 2400 214 43 Geburts¬

123 2464 74 44 tag
223 2471 101 25 zum
352 2454 231 42 Geschenk
612 2455 204 42 erhalten
843 2456 141 50 hatte,
1014 2458 77 40 auf
1121 2457 70 42 die
1218 2457 144 53 Frage
1393 2458 78 42 der
1499 2458 272 54 Vererbung
1799 2460 80 41 hin

124 2514 163 41 einmal
312 2531 143 36 genau
479 2531 53 25 zu
556 2514 289 44 beobachten.
872 2516 71 40 Sie
968 2517 205 41 schienen
1198 2519 84 39 mir
1307 2518 76 40 für
1409 2520 130 39 einen
1565 2511 178 49 solchen
1766 2519 111 41 Ver-

983 2635 25 41 5
