2113 3404
1167 333 145 34 INDkX.

426 316 80 37 4!U

514 439 66 44 23;
607 441 189 46 prognosis
822 442 50 46 in,
892 444 65 44 27;
984 457 78 24 rare
1084 447 74 35 and
1176 450 229 46 exceptional
1424 453 167 36 varieties
1609 453 46 45 of,
1674 455 66 35 27;
1768 455 38 34 in
1826 453 150 36 relation
1995 460 37 30 to

514 494 171 47 hysteria,
708 497 45 36 53
779 499 74 35 and
879 500 90 45 396;
997 504 204 35 contrasted
1230 504 91 38 with
1347 505 139 52 tolling,
1519 511 64 35 137
1609 511 73 35 and
1708 511 90 35 258;
1826 511 39 34 in
1890 510 144 36 normal

515 551 178 48 children,
717 558 65 33 119
800 568 8 30 ;
834 556 39 35 in
892 558 196 47 imbeciles,
1114 561 63 35 124
1193 562 73 36 and
1288 563 86 47 126;
1401 565 40 35 in
1458 570 119 32 motor
1593 566 159 45 aphasia,
1772 566 69 36 270
1858 566 74 36 and
1951 566 79 36 315.

420 607 116 45 Stein,
557 608 54 46 T.,
631 612 56 34 86.

419 664 169 46 Stewart,
608 665 159 50 Dugald,
790 671 82 34 149.

417 719 166 47 Stewart,
603 722 61 36 Sir
681 723 161 38 Thomas
861 726 188 48 Grainger,
1069 730 69 35 274
1156 730 73 35 and
1248 734 79 33 484.

418 776 175 48 Strieker,
613 780 82 35 236.

415 833 220 50 Stuttering,
653 836 48 36 its
718 836 158 37 relation
894 842 37 32 to
949 841 248 47 stammering,
1217 843 57 35 30.

416 889 204 45 Snlkiness,
640 894 210 46 expression
868 895 46 35 of,
933 896 41 34 in
993 896 179 46 children,
1192 899 56 34 94.

416 946 176 47 Superior
609 948 192 49 laryngeal
818 963 122 33 nerve,
960 952 180 47 paralysis
1158 953 47 44 of,
1226 955 80 34 431.

414 1003 267 47 Superstitious
699 1006 232 47 significance
948 1008 171 36 attached
1137 1013 37 31 to
1194 1010 118 35 words
1330 1010 49 48 by
1397 1011 62 36 the
1478 1013 137 46 insane,
1634 1017 78 32 208.

414 1060 309 48 Supra-pictorial
741 1063 172 47 auditory
931 1065 160 46 aphasia,
1111 1066 81 35 365.

475 1143 19 18 ,,
624 1144 20 17 „
743 1123 119 32 motor
879 1120 160 47 aphasia,
1059 1121 82 35 365.

412 1174 179 46 Surprise,
612 1176 209 46 expression
839 1175 46 36 of,
904 1176 40 35 in
962 1176 181 45 children,
1163 1180 57 33 94.

410 1230 401 49 Syllable-stumbling,
838 1233 41 34 in
903 1233 148 46 general
1077 1233 178 47 paralysis
1282 1234 39 36 of
1345 1235 62 36 the
1432 1236 138 45 insane,
1593 1237 89 43 224;
1709 1238 204 36 contrasted
1938 1243 89 33 with

503 1287 106 36 other
626 1287 112 36 faults
757 1288 39 35 of
809 1288 248 46 articulation,
1077 1290 69 35 258
1164 1290 73 36 and
1258 1292 67 35 427
1339 1304 7 31 ;
1373 1292 40 35 in
1430 1297 120 31 motor
1567 1293 159 48 aphasia,
1746 1294 81 36 270.

410 1395 127 35 Taine,
557 1397 57 33 88.

411 1451 141 36 Talma,
573 1454 54 33 76.

410 1508 148 47 Taylor,
578 1508 54 44 F.,
654 1509 80 35 129.

410 1565 121 35 Tears,
550 1565 41 35 in
609 1564 179 36 children,
809 1568 56 32 90.

408 1621 264 47 Terminology
691 1620 39 36 of
745 1621 159 47 aphasia,
923 1625 87 32 note
1028 1633 47 24 on
1093 1621 74 46 the,
1188 1624 80 35 374.

409 1677 140 36 Thesis,
568 1675 162 38 author's
748 1677 230 46 graduation,
998 1678 80 35 463.

410 1734 198 44 Thomson,
628 1734 48 35 J.,
696 1734 81 35 379.

409 1790 338 47 Thyro-arytenoid
764 1789 168 44 muscles,
952 1791 122 34 action
1094 1790 45 35 of,
1159 1791 81 34 482.

408 1847 76 45 Tic,
504 1847 216 46 spasmodic,
739 1845 163 36 troubles
921 1845 39 36 of
975 1846 131 47 speech
1125 1846 51 35 in,
1196 1847 81 34 402.

407 1903 365 45 Tobacco-smoking,
793 1914 39 24 as
849 1914 21 23 a
888 1915 106 23 cause
1012 1903 38 35 of
1065 1902 161 47 aphasia,
1247 1903 79 35 388.

408 1959 165 47 Tongue,
593 1958 209 47 congenital
820 1958 178 47 paralysis
1016 1958 46 35 of,
1085 1959 79 34 136.

407 2016 221 46 Tongue-tie
654 2015 202 47 (shortness
883 2014 38 35 of
948 2014 63 36 the
1036 2014 147 36 frenum
1210 2014 162 48 linguae),
1400 2027 69 23 one
1498 2014 40 36 of
1563 2015 64 35 the
1653 2013 156 49 possible
1839 2026 120 24 causes
1988 2016 40 35 of

505 2074 21 18 "
539 2071 184 48 burring,"
748 2071 77 36 135.

407 2128 197 36 Toxaemia,
623 2140 39 24 as
679 2140 21 23 a
718 2139 105 24 cause
843 2127 39 35 of
895 2126 161 48 aphasia,
1075 2128 81 34 388.

405 2185 259 36 Traumatism,
683 2196 39 24 as
738 2196 22 23 a
777 2195 106 24 cause
901 2183 40 35 of
955 2182 160 48 aphasia,
1136 2185 79 33 282.

407 2241 157 45 Trench,
583 2240 246 46 Archbishop,
848 2242 81 32 241.

406 2297 313 47 Trophic-realms
736 2297 41 34 in
795 2296 63 35 the
876 2299 119 31 motor
1012 2299 103 40 tract,
1134 2299 80 33 417.

406 2355 216 42 Trousseau,
642 2357 57 40 53,
718 2356 80 41 252,
818 2355 80 42 265,
919 2355 79 42 291,
1019 2355 80 42 299,
1119 2354 81 44 312,
1221 2355 79 42 315,
1320 2355 80 41 319,
1420 2355 79 33 390,
1519 2351 72 35 and
1609 2354 77 33 407.

406 2410 118 36 Tuke,
543 2410 35 36 J.
600 2411 120 45 Batty,
741 2412 79 33 313.

407 2466 164 35 Turkish
590 2466 190 47 language,
801 2468 80 33 163.

406 2522 126 48 Tylor,
552 2523 40 35 E.
613 2522 55 45 B.,
688 2524 79 42 141,
795 2522 73 43 142,
893 2524 75 41 154,
992 2524 77 42 159,
1092 2524 77 32 171,
1188 2520 73 36 and
1281 2523 76 33 174.

406 2628 252 43 Uchermann,
677 2627 59 35 V.,
757 2627 79 35 129.

405 2683 306 37 Understanding
729 2682 39 35 of
782 2693 140 36 spoken
940 2681 128 36 words,
1089 2682 39 34 in
1147 2680 176 36 children,
1346 2681 77 34 101.

404 2739 212 37 Unilateral
634 2738 257 36 imprintation
909 2737 39 35 of
963 2737 350 47 speech-memories,
1333 2736 82 35 243.

405 2796 176 37 Uraemia,
599 2806 39 24 as
655 2806 21 24 a
694 2806 105 23 cause
817 2793 40 36 of
871 2792 159 48 aphasia,
1052 2793 80 36 389.

404 2902 290 48 Verbigeration,
714 2901 40 35 in
771 2900 64 36 the
852 2900 137 36 insane,
1010 2900 80 35 207.

403 2959 135 37 Visual
555 2970 151 25 centres,
725 2957 99 36 their
840 2956 241 36 localisation,
1102 2956 82 35 334.

403 3015 134 38 Visual
555 3013 284 49 speech-centre,
859 3014 81 35 279.

401 3072 117 36 Vocal
537 3082 238 32 mechanism,
793 3067 295 38 developmental
1107 3066 135 37 defects
1261 3066 46 46 of,
1331 3069 78 33 137.

403 3129 126 36 Voice,
549 3128 39 35 in
607 3127 62 36 old
686 3140 76 34 age,
782 3126 81 36 219.
