2107 3450
198 320 189 30 MANNER
411 318 48 31 IN
482 314 153 33 WHICH
659 311 245 32 LANGUAGE
928 310 197 31 MIRRORS
1147 308 246 33 CONDITION
1419 309 55 32 OF
1498 308 127 31 MIND.
1661 294 83 48 187

87 454 110 29 case,
234 454 55 28 on
329 435 244 58 superficial
612 430 312 54 examination,
960 430 142 56 might
1142 430 54 42 be
1234 443 221 28 mistaken
1489 428 67 42 for
1588 441 82 29 one
1703 428 49 41 of

84 513 247 42 dementia;
373 513 21 17 "
413 510 79 41 but
530 507 73 42 the
641 519 153 42 glance
827 503 46 42 of
902 502 107 43 such
1043 516 25 28 a
1100 500 208 58 patient,"
1341 514 100 42 says
1477 499 271 51 Griesinger,

82 590 20 14 "
124 584 101 41 does
248 587 76 37 not
346 581 191 42 indicate
559 578 75 42 the
658 576 165 56 nullity
848 588 158 43 proper
1028 578 44 38 to
1106 573 250 53 dementia;
1388 573 36 41 it
1456 585 228 42 expresses
1717 584 25 30 a

86 654 170 57 painful
298 649 446 46 emotion—sadness,
781 662 48 28 or
861 647 194 55 anxiety,
1091 660 47 27 or
1173 643 314 45 concentrated
1522 642 218 43 astonish-

85 725 157 43 ment."
257 724 15 26 1
335 724 23 42 I
380 737 88 29 saw
491 721 149 57 lately,
661 719 47 44 in
741 719 75 43 the
848 718 143 57 Eoyal
1023 717 262 56 Edinburgh
1308 716 205 56 Asylum,
1536 729 24 28 a
1582 714 159 43 female

83 801 170 52 patient
275 795 211 44 suffering
509 795 111 40 from
645 792 89 43 this
750 794 173 40 variety
940 790 46 43 of
1007 789 305 44 melancholia.
1377 789 87 42 She
1483 800 89 30 was
1595 786 147 52 silent,

82 870 80 41 but
184 869 79 42 her
294 882 79 29 eye
396 881 88 27 was
517 870 78 37 not
615 868 162 39 vacant
803 864 45 42 of
880 862 265 44 expression.
1209 862 23 42 I
1267 876 88 28 was
1387 859 217 44 informed
1643 858 100 43 that

81 941 39 41 if
137 940 75 42 the
236 954 153 28 nurses
410 938 82 42 left
513 937 76 43 the
611 941 173 52 patient
806 936 66 42 for
894 950 25 28 a
941 940 198 38 moment
1162 935 77 42 she
1257 934 148 43 would
1437 931 305 56 immediately

83 1016 189 39 attempt
310 1015 45 39 to
392 1013 183 40 commit
611 1008 178 44 suicide.
867 1007 86 44 She
987 1007 84 42 had
1106 1021 135 42 many
1273 1006 131 43 times
1436 1006 112 42 been
1581 1009 163 51 caught

83 1084 50 42 in
164 1084 76 42 the
273 1088 71 37 act
375 1083 47 42 of
455 1081 183 43 making
670 1080 109 43 such
812 1084 222 39 attempts.
1114 1078 302 43 Melancholia
1449 1077 109 43 with
1591 1090 154 42 stupor

86 1171 103 42 may
227 1155 229 57 gradually
493 1168 101 43 pass
632 1154 96 41 into
766 1153 76 42 the
880 1152 226 43 condition
1140 1151 44 43 of
1223 1155 97 38 true
1359 1150 88 43 and
1483 1153 264 53 permanent

84 1228 248 43 Dementia.

145 1300 80 42 All
249 1313 159 29 classes
431 1298 49 43 of
497 1297 292 43 melancholia
811 1310 73 29 are
906 1294 246 58 peculiarly
1168 1299 76 52 apt
1267 1300 45 37 to
1333 1294 54 43 be
1411 1293 203 43 troubled
1638 1292 108 43 with

88 1371 160 43 speech
282 1368 353 44 hallucinations.
699 1368 123 55 They
858 1381 103 28 may
993 1366 105 43 hear
1132 1367 158 49 voices,
1324 1379 48 28 or
1407 1365 105 55 they
1534 1378 72 28 are
1645 1378 102 28 con-

87 1456 144 29 scious
264 1442 44 41 of
340 1441 132 54 being
502 1439 234 56 prompted
767 1438 241 56 internally
1040 1438 59 56 by
1125 1437 213 55 thoughts
1373 1436 145 43 which
1551 1449 118 29 seem
1702 1439 46 37 to

87 1513 123 42 them
246 1517 44 37 to
327 1512 53 42 be
414 1510 262 43 articulated
699 1509 159 42 within
893 1523 120 28 some
1046 1512 100 52 part
1178 1508 46 42 of
1254 1508 118 42 their
1409 1521 100 28 own
1532 1507 128 55 body.
1725 1506 22 41 I

88 1584 114 44 shall
224 1584 111 42 have
358 1581 250 44 something
626 1594 116 29 more
766 1585 45 38 to
834 1594 77 29 say
928 1580 137 42 about
1090 1580 123 42 those
1235 1579 347 43 hallucinations
1603 1578 48 42 in
1674 1577 76 43 the

87 1656 160 43 second
269 1659 100 52 part
390 1653 47 42 of
456 1653 89 42 this
567 1657 190 38 chapter.

146 1728 92 42 The
260 1726 148 43 Facial
430 1725 268 43 Expression
721 1725 47 41 in
791 1738 119 29 cases
949 1724 47 43 of
1024 1723 296 44 melancholia
1341 1737 142 29 varies
1515 1722 235 56 according

85 1805 46 37 to
166 1800 76 42 the
265 1798 171 43 variety
458 1798 48 41 of
535 1796 294 43 melancholia
867 1796 99 43 that
999 1796 37 43 is
1068 1796 248 56 presented,
1338 1796 83 43 but
1453 1796 37 42 it
1524 1796 38 43 is
1585 1809 166 42 always

87 1870 229 43 faithfully
354 1869 242 42 indicative
639 1870 47 41 of
724 1868 169 43 mental
935 1868 222 43 suffering.
1241 1869 56 41 In
1340 1873 128 38 acute
1511 1882 120 28 cases
1674 1867 77 42 the

88 1944 190 41 features
301 1956 72 28 are
395 1941 252 42 expressive
670 1940 44 42 of
749 1940 169 43 violent
953 1941 270 42 excitement
1256 1941 88 42 and
1379 1940 168 43 mental
1582 1954 169 41 agony;

89 2016 47 41 in
174 2013 292 44 melancholia
504 2013 107 41 with
645 2018 166 50 stupor,
852 2013 108 42 they
997 2013 158 42 denote
1194 2012 76 43 the
1308 2012 227 43 condition
1572 2013 45 41 of
1655 2011 96 42 dull

91 2087 184 42 despair.
338 2084 183 42 Darwin
543 2084 79 42 has
644 2084 171 42 treated
850 2084 114 43 fully
987 2084 48 42 of
1065 2083 132 44 facial
1232 2084 255 42 expression
1518 2084 49 41 in
1600 2083 150 42 condi-

91 2159 116 41 tions
245 2157 45 42 of
325 2156 115 56 grief
473 2155 87 43 and
597 2155 199 56 despair;
828 2156 81 42 but
945 2170 47 28 as
1031 2170 65 29 we
1133 2156 55 42 do
1226 2162 78 36 not
1346 2156 174 42 require
1558 2154 193 44 detailed

91 2228 291 44 descriptions
404 2228 47 41 in
474 2226 126 43 order
623 2232 44 37 to
690 2227 53 42 be
765 2227 98 42 able
902 2233 44 37 to
979 2228 222 42 recognise
1239 2228 109 42 such
1383 2228 276 42 expressions
1692 2241 58 28 on

91 2301 76 43 the
201 2300 167 42 human
405 2312 313 29 countenance,
750 2298 36 43 it
820 2298 93 43 will
948 2304 78 38 not
1060 2299 52 43 be
1147 2313 234 29 necessary
1404 2299 103 43 here
1541 2303 45 38 to
1624 2302 126 39 enter

91 2387 119 42 upon
234 2386 87 41 any
344 2371 267 42 description
634 2371 47 41 of
700 2369 132 44 them.
898 2371 22 41 I
956 2371 114 42 shall
1093 2371 105 43 only
1231 2371 129 42 make
1396 2386 25 27 a
1452 2385 103 29 note
1590 2371 48 43 of
1666 2385 83 28 one

90 2445 126 57 point
234 2445 47 41 of
298 2442 164 44 special
477 2443 195 42 interest.
728 2442 44 42 It
789 2443 37 41 is
846 2442 96 43 that
960 2443 233 42 according
1216 2448 43 37 to
1279 2443 69 43 Sir
1364 2443 154 43 James
1537 2443 211 43 Crichton

89 2518 199 42 Browne,
331 2515 97 43 who
471 2514 281 44 contributed
795 2528 119 30 some
957 2516 304 42 observations
1303 2530 56 28 on
1403 2516 76 43 the
1521 2516 129 56 point
1701 2519 46 38 to

90 2586 218 46 Darwin's
343 2586 121 43 work
506 2600 57 29 on
606 2586 75 42 the
723 2586 256 56 Expression
1017 2587 51 42 of
1107 2588 66 41 the
1215 2587 234 42 Emotions,
1488 2587 74 42 the
1601 2586 150 42 "grief

90 2659 224 45 muscles"
351 2673 71 29 are
460 2658 238 57 especially
731 2659 120 42 often
887 2673 103 28 seen
1024 2665 45 36 to
1102 2658 54 44 be
1187 2659 49 43 in
1268 2674 26 28 a
1325 2667 115 36 state
1470 2660 46 42 of
1548 2673 200 29 contrac-

89 2733 95 42 tion
226 2732 47 41 in
314 2736 193 51 patients
552 2730 107 43 with
702 2730 293 43 melancholia
1037 2731 98 43 who
1184 2732 112 42 have
1343 2731 405 57 hypochondriacal

90 2803 222 43 delusions
345 2809 135 36 about
512 2802 75 43 the
622 2802 228 43 condition
884 2802 45 43 of
965 2803 118 43 their
1117 2803 194 43 internal
1346 2803 198 44 viscera.2
1606 2804 140 43 These

91 2881 20 16 "
130 2875 110 56 grief
270 2873 221 44 muscles,"
514 2888 46 29 as
591 2874 183 43 Darwin
797 2874 80 43 has
900 2875 140 43 called
1062 2875 136 43 them,
1220 2890 73 28 are
1315 2875 76 44 the
1414 2881 271 38 corrugators
1704 2876 48 43 of

92 2947 75 41 the
202 2959 233 43 eyebrows,
467 2945 86 42 and
591 2945 115 43 their
743 2945 207 53 elevator,
984 2947 74 43 the
1096 2948 422 55 occipito-frontalis.
1598 2947 150 43 When

92 3019 123 42 these
245 3016 186 44 muscles
459 3024 70 36 act
556 3017 210 55 together,
790 3018 105 43 they
918 3019 110 42 form
1053 3033 25 28 a
1102 3019 253 43 horse-shoe
1382 3019 187 43 wrinkle
1592 3034 57 28 on
1672 3019 75 42 the

412 3116 9 21 1
443 3117 62 46 Op.
526 3117 71 45 tit.,
616 3129 35 35 p.
672 3119 82 34 247.

406 3176 14 22 2
437 3175 68 36 See
525 3176 165 45 Darwin,
710 3176 215 48 Expression
943 3178 41 47 of
996 3178 55 36 the
1069 3178 200 47 Emotions,
1287 3191 34 35 p.
1345 3182 80 33 193.
