1972 3202
447 290 92 40 11^

969 299 90 31 THE
1083 298 233 33 GUENONS.

445 425 192 61 sionally
660 424 181 54 riotous^
862 439 73 30 are
959 424 201 46 confined
1183 431 46 39 to
1253 424 199 61 displays
1470 424 50 47 of
1533 426 277 61 playfulness

445 502 90 44 and
569 502 218 53 mischief^
824 501 90 44 and
952 516 74 29 are
1066 501 193 61 entirely
1294 500 89 46 fi’ee
1421 501 112 46 from
1567 503 79 44 the
1683 503 127 47 fierce

444 580 90 44 and
556 579 251 45 malignant
836 584 195 54 tempers
1062 578 235 60 displayed
1326 578 46 44 in
1402 594 27 29 a
1456 595 172 45 greater
1657 596 47 29 or
1724 581 86 45 less

445 656 154 44 degree
615 670 162 46 among
794 655 60 44 all
871 655 78 44 the
967 655 207 45 baboons.
1209 655 155 45 When
1382 660 138 40 taken
1543 663 47 37 at
1614 671 58 30 an
1687 657 125 61 early

444 750 80 44 age
547 741 113 54 they
683 749 74 30 are
783 734 174 60 readily
981 740 169 48 tamed^
1186 733 91 45 and
1308 734 181 45 become
1522 734 176 60 playful
1721 737 91 44 and

444 811 224 53 familiar;
703 816 113 55 they
845 826 75 29 are
954 817 251 54 extremely
1229 810 129 62 agile,
1383 810 172 61 though
1582 813 229 59 generally

444 903 116 29 calm
600 887 91 45 and
731 887 289 44 circumspect
1058 887 48 44 in
1141 887 120 45 their
1298 893 209 47 motions,
1557 888 91 44 and
1687 888 124 45 learn

444 981 28 28 a
509 964 178 60 variety
711 962 50 47 of
785 963 152 54 tricks,
964 964 148 44 which
1148 970 113 54 they
1295 979 191 45 perforai
1526 965 114 45 with
1673 967 137 44 much

444 1041 196 61 cunning
674 1041 90 45 and
798 1041 192 44 address.
1059 1040 56 45 In
1139 1056 27 29 a
1190 1040 108 45 wild
1332 1047 117 39 state
1471 1048 113 54 they
1608 1058 74 29 are
1710 1059 99 44 gre-

443 1119 190 60 garious,
654 1118 103 53 and,
778 1118 228 52 bird-like,
1022 1116 176 46 inhabit
1212 1123 80 39 the
1308 1117 93 45 rich
1419 1116 156 47 forests
1599 1118 50 46 of
1656 1118 153 46 Afnca

445 1196 91 44 and
560 1195 126 45 Asia.

511 1273 97 45 The
641 1271 213 46 divisions
879 1270 148 45 which
1051 1270 203 45 Frederic
1279 1270 166 46 Cuvier
1473 1271 82 45 has
1579 1273 228 60 proposed,

446 1365 73 31 are
556 1348 191 46 entitled
784 1348 62 60 by
884 1347 98 45 him
1022 1346 394 60 Semnopitheques
1456 1348 90 45 and
1579 1347 228 47 Guenons.

448 1428 97 45 The
589 1425 161 46 former
793 1425 57 45 he
889 1424 147 61 places
1074 1430 113 39 next
1225 1429 46 40 to
1305 1424 79 45 the
1418 1424 216 54 Gibbons,
1660 1425 149 46 which

447 1520 119 29 some
606 1502 50 47 of
685 1509 78 39 the
800 1517 166 30 species
1003 1516 45 30 so
1087 1501 138 45 much
1262 1501 218 45 resemble
1519 1500 48 46 in
1603 1501 206 47 different

447 1588 120 54 parts
596 1579 50 47 of
673 1586 78 39 the
786 1579 216 53 skeleton,
1028 1593 48 29 as
1109 1584 47 39 to
1190 1579 54 44 be
1268 1577 114 46 with
1416 1578 225 60 difficulty
1662 1594 148 46 recog-

446 1658 141 53 nised,
613 1656 91 46 and
737 1656 250 45 designates
1020 1655 127 44 them
1180 1654 380 59 Semnopithecus,
1586 1653 111 47 fi’om
1730 1656 79 44 the

446 1750 133 47 grave
597 1733 91 45 and
705 1731 165 47 serious
888 1731 227 45 character
1133 1729 49 46 of
1196 1736 79 39 the
1293 1730 191 45 animals
1509 1730 237 45 contained
1760 1731 49 45 in

448 1815 50 44 it.
551 1814 91 44 But
665 1812 145 44 before
827 1808 261 62 proceeding
1105 1807 114 45 with
1236 1814 141 47 these,
1396 1822 71 30 we
1485 1806 116 46 shall
1617 1807 194 46 describe

448 1899 91 37 two
561 1889 235 59 monkeys,
823 1885 163 55 which,
1010 1884 172 61 though
1215 1884 229 62 generally
1467 1884 226 45 admitted
1716 1884 94 46 into

448 1970 79 43 the
556 1967 192 45 Guenon
786 1979 152 46 group,
963 1978 74 30 are
1073 1977 46 31 so
1152 1961 282 63 imperfectly
1470 1962 170 45 known
1680 1978 48 30 as
1763 1969 44 39 to

449 2045 159 45 render
631 2058 92 45 any
746 2040 325 53 classification,
1096 2039 209 45 however
1334 2054 110 30 near
1465 2054 70 31 we
1557 2055 109 46 may
1690 2055 122 31 come

454 2123 48 44 in
526 2136 80 30 our
638 2118 246 46 analogical
914 2116 269 61 reasonings,
1219 2122 47 40 to
1296 2117 54 45 be
1386 2114 250 48 uncertain.
1716 2117 95 45 The

449 2199 95 46 first
569 2196 50 46 of
632 2197 126 45 these
780 2194 53 53 is.
