1933 3302
174 77 51 39 60
291 77 177 39 Prognose
480 77 86 30 nach
581 77 61 31 der
654 77 102 31 Form
771 78 59 31 des
844 78 308 42 Hospitalbrandes
1165 80 70 31 und
1251 81 76 31 dem
1341 81 170 33 Zustande
1524 84 59 31 des
1599 85 188 34 Patienten.

174 198 41 26 es
244 198 77 26 von
351 197 155 38 grosser
537 184 235 52 Bedeutung
800 185 65 39 für
895 185 61 39 die
984 185 217 52 Prognose,
1243 189 48 37 ob
1329 189 60 37 die
1419 189 154 40 Wunde
1608 206 66 24 zur
1704 194 85 38 Zeit

174 240 68 37 der
270 238 194 38 Infection
493 238 123 38 frisch
645 240 92 37 oder
766 239 119 39 schon
916 240 157 50 längere
1095 239 86 38 Zeit
1208 243 250 47 granulirend
1478 258 91 24 war.
1613 245 81 39 Aus
1716 248 71 38 den

173 304 231 40 gegebenen
432 291 218 39 klinischen
679 292 345 51 Beschreibungen
1055 293 95 49 geht
1178 296 291 40 unzweifelhaft
1501 298 155 47 hervor,
1702 301 85 38 dass

173 346 62 38 bei
265 345 173 39 frischen
460 346 182 38 Wunden
673 347 61 37 die
754 346 496 50 Hospitalbrandinfection
1280 350 114 38 tiefer
1423 351 78 37 und
1531 352 155 38 diffuser
1708 355 79 37 ein-

174 401 164 49 dringen
368 399 122 46 kann,
524 401 88 37 dass
643 401 100 37 dann
776 400 60 38 die
867 400 220 38 Krankheit
1115 415 75 24 von
1218 403 230 39 vornherein
1478 405 75 38 alle
1583 405 206 40 Schichten

174 454 105 38 eines
297 452 155 40 Gliedes
470 454 257 38 durchsetzen
747 455 80 37 und
846 454 90 38 früh
958 458 71 34 mit
1046 454 198 40 schweren
1259 455 531 44 Allgemeinerscheinungen

172 521 202 25 verlaufen
403 507 118 39 kann.

302 561 78 38 Ein
400 565 177 35 weiteres
600 561 91 39 sehr
709 561 271 39 wesentliches
1000 561 177 40 Moment
1195 563 64 39 für
1278 565 60 38 die
1359 565 199 52 Prognose
1578 567 122 39 bildet
1720 568 70 38 die

172 615 134 39 Form
336 616 91 38 und
458 616 72 38 die
560 615 277 47 Intensität,
870 616 70 38 mit
968 616 167 38 welcher
1164 617 60 39 die
1244 618 221 40 Krankheit
1494 620 163 39 auftritt.
1703 621 87 39 Wie

173 669 63 39 bei
267 670 170 38 anderen
466 669 479 39 Infectionskrankheiten
979 670 52 37 ist
1066 670 59 38 oft
1155 672 67 37 der
1251 672 214 40 Charakter
1495 675 67 37 der
1589 674 201 39 Epidemie

173 737 50 25 an
253 724 83 38 sich
364 725 286 50 maassgebend
680 724 64 37 für
771 725 60 37 die
860 723 187 39 leichtere
1078 725 91 37 oder
1200 726 213 39 schwerere
1433 727 75 39 Art
1528 729 67 37 der
1614 729 175 38 Erkran-

172 778 174 50 kungen.
406 778 131 38 Wenn
566 778 70 38 wir
667 778 97 38 auch
794 791 99 37 ganz
922 778 73 37 mit
1022 778 127 38 Recht
1183 780 60 37 die
1282 781 169 38 schwere
1479 782 217 39 Mortalität
1725 784 66 38 der

172 832 152 38 älteren
344 832 234 50 Epidemien
597 832 290 38 zurückführen
908 832 70 38 auf
995 832 61 38 die
1077 833 153 46 directe,
1258 834 247 39 wiederholte
1525 837 77 37 und
1624 837 165 51 massige

172 886 308 51 Uebertragung
511 888 67 36 des
607 885 305 50 Impfmaterials
942 899 76 25 von
1049 886 125 38 einem
1194 887 184 39 Kranken
1411 890 69 36 auf
1506 890 72 38 den
1609 891 178 45 anderen,

174 954 43 25 so
247 940 158 39 bleiben
437 941 100 37 doch
555 940 339 50 Beobachtungen
924 953 133 38 genug
1086 941 198 47 bestehen,
1316 942 145 38 welche
1491 944 180 50 ergeben,
1703 945 87 37 dass

174 995 69 38 der
274 994 217 39 Charakter
519 995 66 38 bei
615 995 74 37 den
718 995 303 38 verschiedenen
1049 995 230 50 Epidemien
1310 997 58 37 ein
1399 997 292 39 verschiedener
1720 1011 69 37 ge-

172 1063 133 25 wesen
325 1050 67 37 sei.
442 1049 44 38 In
509 1049 223 38 demselben
753 1048 206 51 Hospitale
981 1049 118 38 sehen
1119 1050 70 38 wir
1208 1053 114 35 unter
1349 1050 231 50 Lygienisch
1601 1051 189 39 durchaus

172 1117 111 25 nicht
303 1103 227 39 wesentlich
550 1103 304 39 verschiedenen
874 1103 243 39 Umständen
1147 1117 98 37 ganz
1275 1104 154 51 gelinde
1449 1105 240 49 Epidemien,
1720 1106 69 38 be-

173 1158 166 38 stehend
370 1172 68 24 aus
470 1158 106 38 einer
605 1158 286 38 beschränkten
914 1156 152 39 Anzahl
1095 1158 176 50 gelinder
1291 1158 109 38 Fälle
1428 1159 72 37 mit
1525 1159 175 38 heftigen
1721 1173 69 24 an-

172 1212 215 39 haltenden
416 1212 234 38 Epidemien
680 1212 204 38 wechseln.

304 1266 61 38 Im
384 1267 287 38 Durchschnitt
701 1266 122 38 bietet
847 1280 82 23 nun
951 1266 60 38 die
1041 1265 212 39 ulceröse
1273 1265 132 39 Form
1436 1266 90 38 sehr
1544 1267 75 37 viel
1638 1267 154 38 bessere

171 1321 232 39 Prognosen
434 1321 56 38 als
521 1322 60 38 die
611 1326 174 45 pulpöse.
845 1320 46 38 In
921 1320 223 38 Fischer's
1173 1320 230 50 Epidemien
1432 1334 170 37 genasen
1631 1324 160 34 sämmt-

173 1376 102 38 liche
304 1376 209 38 Patienten
550 1376 72 37 mit
657 1378 167 35 ersterer
857 1374 134 47 Form,
1031 1374 184 38 während
1251 1375 62 37 bei
1349 1375 67 37 der
1453 1379 190 45 pulpösen
1676 1374 116 38 Form

173 1444 78 25 von
282 1431 51 37 32
363 1430 190 38 Kranken
585 1430 49 38 10
666 1430 158 38 starben
854 1427 81 51 (31,
958 1430 50 36 25
1025 1428 75 48 °/o).
1156 1429 73 37 Die
1258 1434 204 46 grösseren
1491 1428 300 47 Zerstörungen,

176 1485 62 38 die
258 1483 549 53 Allgemeinerscheinungen,
832 1484 60 37 die
915 1482 282 39 Complication
1218 1486 70 35 mit
1307 1483 235 50 Blutungen,
1571 1485 72 35 mit
1663 1482 128 50 Septi-

176 1539 141 47 cämie,
357 1539 164 38 Pyämie
552 1552 72 25 etc.
665 1543 174 46 gehören
868 1537 227 39 wesentlich
1132 1538 66 37 der
1226 1537 185 38 letzteren
1440 1536 116 38 Form
1587 1551 64 31 an;
1694 1537 98 37 doch

175 1593 102 39 auch
305 1594 206 37 innerhalb
544 1593 125 38 dieser
697 1593 135 37 Form,
875 1593 92 37 oder
1006 1591 221 38 abgesehen
1264 1605 75 24 von
1377 1590 105 39 einer
1510 1591 156 37 solchen
1694 1591 96 37 Ein-

173 1648 200 50 theilung,
410 1648 122 38 bietet
574 1647 60 38 die
677 1647 210 38 Intensität
928 1647 67 37 der
1040 1645 219 38 Krankheit
1292 1645 63 37 für
1399 1645 59 37 die
1487 1644 199 51 Prognose
1731 1645 60 37 die

175 1705 184 49 grössten
388 1702 296 39 Unterschiede.
743 1701 201 37 Während
982 1700 62 38 ein
1074 1699 120 39 Ulcus
1230 1699 82 38 sich
1347 1699 178 50 langsam
1555 1701 239 48 vergrössert

175 1758 82 37 und
293 1759 97 36 stets
426 1755 278 40 oberflächlich
739 1755 142 47 bleibt,
928 1755 132 37 dringt
1095 1755 62 37 ein
1193 1754 159 37 anderes
1387 1752 101 39 nach
1516 1753 154 38 rapider
1698 1752 93 38 Zer-

176 1816 166 34 störung
372 1812 67 37 der
468 1811 109 38 Haut
604 1811 42 37 in
676 1810 60 38 die
767 1809 122 38 Tiefe.

307 1865 152 39 Weiter
472 1879 117 24 spielt
603 1864 197 38 natürlich
813 1864 68 37 der
892 1863 64 38 Kr
964 1863 155 37 äftezu
1129 1865 41 35 st
1178 1862 86 37 and
1284 1861 89 38 und
1395 1862 76 37 das
1488 1860 306 39 Lebensalter

177 1921 67 37 des
265 1920 218 38 Patienten,
517 1919 117 38 sowie
665 1932 167 24 andere
862 1916 520 39 Krankheitszustände
1413 1915 202 38 desselben
1643 1914 63 37 für
1732 1914 60 37 die

177 1975 204 38 Prognose
413 1974 106 38 einer
538 1972 394 52 hospitalbraudigen
951 1971 267 38 Erkrankung
1249 1970 83 38 eine
1352 1982 133 38 grosse
1503 1968 123 45 Rolle,
1658 1967 135 38 sobald

178 2043 40 25 es
257 2043 68 24 zur
358 2028 251 50 Ausbildung
649 2026 286 39 ausgedehnter
972 2024 224 40 Ulceration
1239 2037 92 25 oder
1365 2023 157 37 tieferer
1557 2022 236 49 Zerstörung

179 2084 235 51 gekommen
445 2083 63 38 ist.
567 2082 46 38 In
643 2081 159 38 solchen
830 2080 135 38 Fällen
1000 2082 52 35 ist
1087 2092 40 25 es
1155 2092 69 24 vor
1253 2077 128 38 Allem
1418 2077 58 37 die
1505 2077 114 51 lange
1648 2076 144 44 Dauer,

176 2138 148 39 welche
345 2137 206 39 allmählig
572 2137 61 37 die
652 2135 142 39 Kräfte
816 2148 188 24 aufzehrt.
1049 2133 81 38 Der
1150 2145 97 25 stete
1269 2131 191 47 Schmerz,
1483 2131 60 38 die
1562 2129 232 51 psychische

176 2193 259 50 Depression,
482 2191 61 39 die
574 2189 341 51 Schlaflosigkeit,
957 2188 61 38 die
1055 2200 161 25 nervöse
1245 2185 227 51 Erregtheit
1508 2186 79 37 und
1624 2183 69 39 auf
1727 2184 67 37 der

178 2248 170 38 anderen
388 2247 105 38 Seite
533 2247 68 37 das
639 2245 158 38 Fieber,
845 2243 60 39 die
944 2241 244 52 gastrischen
1226 2240 248 51 Symptome,
1519 2252 114 25 unter
1671 2238 122 37 denen

176 2316 36 24 V.
243 2301 150 39 Pitha
423 2302 61 38 die
515 2300 148 39 Gefahr
691 2298 317 39 hinzutretender
1036 2295 231 39 Durchfälle
1302 2294 209 38 besonders
1546 2291 245 45 hervorhebt,

176 2357 159 38 werden
361 2357 40 49 je
431 2355 102 39 nach
562 2356 88 36 dem
671 2352 306 40 Kräftezustand
1007 2351 110 37 mehr
1147 2350 92 38 oder
1258 2348 171 51 weniger
1456 2348 115 49 lange
1601 2349 192 41 ertragen,

178 2411 235 39 erschöpfen
443 2424 94 24 aber
566 2410 40 37 in
634 2409 144 37 hohem
801 2407 125 38 Grade
956 2406 78 38 und
1067 2403 233 40 bewältigen
1321 2416 138 24 zuletzt
1480 2402 60 37 die
1560 2400 234 50 kräftigsten

177 2465 244 39 Individuen.
471 2463 74 39 Die
576 2476 135 38 grosse
741 2461 284 51 Abmagerung
1053 2459 79 38 und
1161 2457 242 39 Emaciation
1433 2456 67 37 der
1528 2454 184 38 Kranken
1741 2453 52 37 im

176 2520 189 39 Verlaufe
396 2520 66 38 des
492 2517 352 39 Hospitalbrandes
876 2515 96 38 wird
1007 2513 169 51 allseitig
1209 2510 317 51 hervorgehoben
1564 2509 77 37 und
1680 2508 114 48 spielt

177 2575 44 38 in
264 2575 71 37 den
375 2571 428 41 SectionsprotokoUen
845 2570 63 38 bei
945 2568 137 39 Fällen
1128 2567 124 38 dieser
1289 2564 74 38 Art
1408 2576 94 25 stets
1546 2562 83 38 eine
1669 2560 122 38 Rolle.

177 2629 151 38 Wurde
359 2629 69 38 der
456 2626 310 51 Hospitalbrand
796 2623 197 52 glücklich
1023 2621 272 39 überstanden,
1328 2632 40 23 so
1397 2616 181 51 unterlag
1606 2616 101 37 dann
1737 2615 57 36 oft

178 2683 103 39 noch
312 2683 68 39 der
412 2681 329 39 Reconvalescent
770 2679 88 37 dem
886 2677 172 39 Recidiv.
1115 2676 55 38 Es
1207 2675 50 37 ist
1293 2686 79 24 also
1411 2671 120 38 leicht
1560 2667 231 45 ersichtlich,

180 2737 72 39 wie
288 2738 91 38 seh]-
414 2751 39 24 es
491 2737 40 37 in
569 2747 126 27 einem
731 2733 158 38 solchen
924 2731 144 51 langen
1097 2727 169 41 Kampfe
1296 2725 68 38 auf
1390 2725 74 38 den
1494 2721 299 41 Kräftezustand

181 2792 67 38 des
268 2793 206 37 Patienten
495 2790 100 39 nach
617 2801 126 27 seiner
762 2785 328 52 ursprünglichen
1112 2780 249 42 Gesundheit,
1383 2792 127 25 seiner
1522 2775 269 44 Constitution,

181 2845 148 39 seinem
358 2845 114 39 Alter
503 2848 71 36 etc.
607 2855 210 27 ankommt.
