1933 3217
1927 0 5 26 I

778 293 86 41 183

539 897 113 37 THE
680 896 422 39 DOUROUCOULT.

477 1003 119 36 Aotes
615 1002 231 37 trivirgatus
916 1002 243 36 Humboldt.

669 1105 133 36 Plate
825 1105 156 37 XXIV.

149 1214 53 34 Le
223 1210 259 46 Douroucouli,
517 1210 115 36 Aotes
664 1210 216 46 trivirgatus,
914 1210 219 35 Humboldt
1162 1210 83 35 and
1270 1210 233 44 Bonpland^

204 1276 274 37 Observations
497 1275 45 36 de
568 1275 192 45 Zoologie^
782 1276 23 33 i.
836 1287 33 34 p.
903 1263 73 48 ^06
997 1289 10 29 \
1038 1274 198 48 Geoffroy^
1254 1275 182 35 Annales
1456 1275 54 35 du

201 1342 190 35 Museum
422 1340 220 36 d'Histoire
661 1340 228 44 Naturelle,
915 1352 76 24 xix.
1030 1353 33 34 p.
1109 1340 100 45 115;
1249 1341 263 35 Desmarest's

203 1407 294 44 Mammalogie,
524 1419 33 34 p.
585 1406 60 35 88.

217 1562 118 43 This
365 1561 173 44 curious
569 1559 182 54 animal,
787 1566 77 38 the
889 1560 107 60 only
1019 1566 109 54 type
1154 1566 80 54 yet
1259 1559 254 46 discovered

152 1637 51 45 of
238 1643 78 38 the
361 1636 421 46 above-mentioned
824 1651 154 45 genus,
1025 1651 93 29 was
1169 1635 138 45 found
1353 1636 160 60 during

154 1713 252 44 Humboldt
430 1713 89 44 and
544 1713 269 44 Bonpland’s
845 1712 191 46 arduous
1062 1712 192 61 journey
1286 1728 119 30 upon
1435 1713 79 44 the

154 1789 258 53 Oronooko;
449 1804 103 36 and,
588 1804 49 30 as
668 1789 118 44 their
814 1789 287 45 descriptions
1125 1804 128 30 alone
1285 1789 131 53 exist,
1444 1805 68 28 we

153 1866 115 43 have
286 1880 131 30 made
436 1881 78 29 use
533 1864 49 46 of
590 1872 78 38 the
685 1880 172 45 gi'eater
869 1872 99 53 part
987 1864 49 45 of
1046 1866 124 43 them
1186 1865 47 44 in
1251 1866 77 44 the
1343 1864 172 46 follow-

153 1941 77 60 ing
263 1941 167 53 article,
472 1942 89 43 and
592 1941 90 45 also
713 1940 49 45 of
789 1941 116 44 their
936 1940 219 45 beautiful
1185 1948 122 52 plate
1337 1941 66 45 for
1437 1942 78 44 the

156 2017 349 60 accompanying
537 2016 283 44 illustration.
890 2017 43 43 It
967 2032 109 44 may
1107 2018 54 44 be
1193 2023 322 39 characterised

156 2095 61 58 by
256 2093 78 43 the
378 2092 130 54 head,
554 2093 119 44 large
709 2093 90 43 and
838 2107 170 38 round;
1055 2108 177 30 muzzle
1272 2094 150 52 short;
1458 2109 57 29 no

157 2175 215 53 apparent
418 2169 200 44 external
664 2183 105 38 ear;
817 2175 77 37 the
939 2184 105 29 eyes
1089 2183 109 46 very
1243 2169 147 61 large;
1438 2171 77 44 the

157 2245 81 44 tail
261 2245 117 59 long,
402 2245 146 59 hairy,
572 2251 78 39 not
673 2245 276 60 prehensile;
986 2245 147 45 habits
1156 2247 248 43 nocturnal.

224 2320 96 44 The
366 2320 308 44 Douroucouli
719 2319 48 46 of
802 2321 78 43 the
926 2321 276 45 Maravitain
1248 2322 186 44 Indians
1475 2323 36 44 is

159 2396 182 45 covered
375 2396 112 44 with
522 2411 26 29 a
579 2395 84 46 soft
693 2397 344 60 grayish-white
1067 2396 84 55 fur,
1186 2398 167 60 having
1376 2413 27 30 a
1425 2399 91 44 line

159 2472 49 45 of
224 2473 150 44 brown
398 2472 130 60 along
551 2478 76 38 the
654 2487 147 30 centre
825 2472 49 45 of
899 2473 77 45 the
1004 2474 126 53 back,
1163 2472 111 46 from
1299 2475 77 43 the
1399 2475 117 44 head

158 2554 46 38 to
223 2554 77 38 the
317 2548 111 52 tail;
450 2548 77 44 the
550 2549 161 52 breast,
727 2549 136 59 belly,
885 2550 88 44 and
992 2549 126 45 inner
1135 2556 100 54 part
1254 2548 49 46 of
1313 2550 77 44 the
1407 2550 106 53 legs,

1301 2640 25 30 z
