2107 3450
409 301 219 32 ANATOMY
661 301 93 31 AND
788 301 281 32 PHYSIOLOGY
1104 302 54 30 OF
1189 302 88 31 THE
1312 303 150 31 MOTOR
1494 303 179 33 TRACTS.
1784 294 89 42 413

210 422 45 41 in
293 419 145 46 detail.
504 421 43 42 It
587 420 89 42 will
715 420 151 43 suffice
906 425 43 37 to
988 434 78 42 say
1102 420 99 43 that
1234 421 75 43 the
1343 422 179 42 method
1557 422 191 56 adopted
1783 439 86 28 was

207 499 43 36 to
296 493 125 42 make
463 507 25 27 a
531 492 242 42 horizontal
817 493 166 41 section
1029 493 46 41 of
1117 493 74 42 the
1237 492 278 43 hemisphere
1560 493 82 42 low
1693 496 173 42 enough

208 573 44 35 to
293 571 76 37 cut
407 564 187 43 through
639 564 73 43 the
755 564 161 42 middle
954 564 45 42 of
1037 563 75 43 the
1150 564 119 56 optic
1308 563 224 43 thalamus
1576 565 87 42 and
1712 581 157 28 corpus

205 636 217 44 striatum,
466 637 84 41 and
598 637 100 41 thus
742 641 76 37 cut
871 650 155 29 across,
1080 636 88 42 and
1221 649 162 42 expose
1440 640 45 38 to
1540 637 111 41 view
1705 637 46 43 in
1795 639 75 43 the

208 710 178 42 section,
431 709 72 42 the
560 708 191 43 internal
805 707 203 57 capsule;
1063 708 84 42 and
1205 707 108 44 then
1359 713 43 36 to
1430 707 228 43 stimulate
1693 709 73 42 the
1799 716 75 36 cut

209 796 106 27 ends
358 781 45 42 of
437 781 75 42 the
558 781 126 42 fibres
718 781 45 41 in
798 781 75 42 the
916 785 143 38 motor
1102 785 99 51 part
1244 781 48 40 of
1332 780 74 42 the
1451 780 190 42 internal
1685 782 190 42 capsule,

207 854 85 41 and
318 859 100 36 note
442 853 73 42 the
541 867 277 29 movements
843 853 159 43 caused
1026 854 59 41 by
1109 852 108 43 such
1241 852 290 43 stimulation.
1598 852 92 42 The
1707 853 167 43 follow-

207 927 73 53 ing
304 923 204 58 diagram,
537 925 142 41 which
706 925 20 41 I
751 939 110 41 copy
890 925 110 42 from
1025 925 225 42 Professor
1274 923 206 43 Ferrier's
1503 928 151 38 recent
1678 925 117 42 work
1819 941 56 28 on

210 996 194 43 Cerebral
428 996 303 52 Localisation,
755 997 283 43 summarises
1072 996 75 43 the
1180 996 121 43 chief
1329 995 160 44 results
1521 996 46 43 of
1600 996 74 44 the
1704 999 171 42 experi-

211 1084 151 28 ments.
431 1069 42 43 It
495 1075 251 51 represents
769 1084 25 28 a
817 1070 167 42 section
1009 1070 44 42 of
1078 1070 74 42 the
1174 1069 125 43 brain
1323 1069 44 42 of
1389 1083 25 28 a
1438 1082 210 43 macaque
1670 1071 206 53 monkey,

1252 1485 73 23 EYES
1351 1488 115 21 OPENED

1251 1525 70 20 EYES
1341 1526 115 20 TURNED

1252 1557 94 19 MOUTH
1371 1557 113 21 OPENEO

1249 1628 71 21 HEAD
1335 1628 118 21 TURNED

1248 1665 105 19 TONGUE

1248 1692 94 21 MOUTH
1368 1694 161 21 RETRACTED

1249 1723 132 22 SHOULDER

1250 1761 90 18 ELBOW

1249 1788 83 21 WRIST

1250 1824 112 22 FINGERS

1246 1859 98 18 THUMB

1247 1894 97 21 TRUNK

1249 1922 45 17 HIP

1247 1954 87 19 ANKLE

1248 1986 70 22 KNEE

1246 2022 97 21 HALLUX

1246 2059 63 20 TOES

247 2510 68 27 Fro.
338 2510 182 34 16.—(After
542 2513 246 35 Ferrier.)—The
811 2515 117 33 sketch,
952 2515 98 28 which
1075 2524 62 19 was
1159 2517 90 27 made
1273 2517 45 28 for
1337 2518 155 27 Professor
1512 2518 147 27 Ferrier's
1679 2518 78 26 work
1778 2517 40 27 by
1837 2517 44 26 Dr

316 2555 124 33 Beevor,
459 2556 98 26 shows
579 2557 53 27 the
651 2560 215 32 arrangement
885 2559 33 26 of
937 2559 52 28 the
1009 2561 99 26 motor
1128 2561 92 27 fibres
1238 2561 34 27 of
1292 2562 52 27 the
1366 2562 136 27 internal
1523 2562 129 34 capsule,
1672 2562 161 26 according
1852 2564 30 23 to

317 2598 114 27 Beevor
444 2600 58 26 and
516 2601 143 29 llorsley.

212 2670 126 44 made
360 2676 46 39 at
428 2672 75 44 the
525 2673 116 45 level
663 2675 139 44 above
826 2677 267 43 mentioned.
1159 2678 46 43 It
1227 2679 195 45 exhibits
1446 2678 101 44 well
1580 2679 74 43 the
1688 2683 191 51 position

213 2744 83 42 and
322 2744 209 45 relations
565 2748 47 41 of
642 2747 75 44 the
751 2749 192 42 internal
978 2751 178 55 capsule
1175 2766 8 38 ;
1216 2751 199 56 showing
1447 2751 98 42 how
1582 2751 73 42 the
1688 2764 191 29 anterior

214 2815 108 44 limb
346 2818 47 41 of
420 2818 73 43 the
526 2819 178 57 capsule
738 2820 80 43 lies
852 2821 199 44 between
1087 2822 75 43 the
1195 2822 239 43 lenticular
1467 2822 184 43 nucleus
1684 2821 86 42 and
1805 2821 73 43 the

216 2887 183 44 caudate
439 2890 183 44 nucleus
661 2892 47 42 of
745 2891 75 44 the
853 2907 159 42 corpus
1045 2894 220 42 striatum,
1297 2894 89 42 and.
1419 2893 74 43 the
1527 2893 211 56 posterior
1770 2893 110 41 limb

215 2959 196 45 between
435 2962 75 43 the
533 2962 237 43 lenticular
792 2965 185 43 nucleus
1000 2965 88 43 and
1114 2966 73 42 the
1221 2966 121 56 optic
1374 2966 248 42 thalamus;
1651 2965 88 42 and
1770 2965 111 51 how,

218 3033 175 58 uniting
417 3034 76 44 the
517 3041 86 37 two
626 3036 147 56 limbs,
797 3038 193 42 anterior
1012 3038 88 42 and
1124 3037 226 57 posterior,
1374 3037 123 43 there
1520 3037 38 42 is
1588 3037 74 42 the
1695 3042 22 16 "
1732 3037 113 43 knee
1860 3036 22 18 "

216 3118 47 29 or
285 3106 227 44 knee-like
535 3108 234 43 bend—an
793 3108 243 57 important
1063 3109 244 43 landmark.

286 3179 79 43 Let
390 3179 72 43 the
487 3181 148 43 reader
659 3187 114 36 note,
797 3181 44 42 in
868 3181 73 43 the
965 3182 212 56 diagram,
1202 3182 74 42 the
1300 3181 173 56 portion
1507 3180 46 43 of
1585 3180 74 43 the
1692 3181 191 42 internal
