2107 3450
1625 298 84 42 213

619 308 167 32 SPEECH
820 308 48 30 IN
903 307 247 32 DEMENTIA.

57 432 216 59 meaning,
316 447 79 28 can
439 432 51 42 be
539 429 215 44 detected.
837 429 177 56 Among
1062 429 88 42 this
1198 428 222 56 assembly
1464 429 46 41 of
1556 430 155 55 people

56 505 207 57 deprived
299 505 55 56 by
380 503 193 44 insanity
600 501 44 45 of
680 501 113 43 their
825 501 165 42 mental
1028 498 217 48 faculties,
1267 514 72 29 are
1376 500 176 56 usually
1579 516 25 26 a
1627 502 83 42 few

58 577 96 43 who
199 592 90 28 owe
336 577 72 42 the
451 574 279 44 deprivation
781 578 43 37 to
873 573 74 42 the
994 573 167 42 disease
1210 573 163 41 known
1421 586 48 30 as
1518 569 193 47 General

56 649 221 56 Paralysis
300 649 46 42 of
377 648 73 42 the
486 648 170 41 Insane.
722 645 55 42 In
811 645 122 42 these
970 659 133 39 cases,
1139 645 74 42 the
1251 644 175 44 terrible
1462 645 169 42 disease
1667 646 44 41 of

57 721 142 42 which
244 720 104 43 they
390 733 73 29 are
496 719 74 43 the
606 717 193 43 subjects
837 717 89 41 will
964 731 106 29 soon
1106 717 177 43 destroy
1327 717 76 43 life
1446 716 133 43 itself.
1657 717 56 42 In

57 792 87 43 this
180 792 227 42 day-room
445 791 74 42 the
559 790 165 42 wrecks
759 789 82 43 left
879 790 56 56 by
975 795 115 37 most
1126 789 45 43 of
1205 789 75 43 the
1324 789 176 43 various
1539 803 174 30 severer

54 863 133 44 forms
222 864 44 42 of
301 864 194 42 insanity
531 862 91 42 will
658 862 51 42 be
742 861 137 43 found
916 861 213 44 collected
1160 862 210 57 together.
1436 862 129 43 Some
1601 861 112 44 have

54 935 109 42 been
199 934 321 43 Melancholic;
558 948 25 28 a
616 933 142 57 larger
793 934 186 43 number
1012 934 112 43 have
1147 934 112 43 been
1281 933 250 44 Maniacal;
1565 933 148 44 others

54 1022 70 28 are
162 1007 247 56 Epileptic;
452 1006 147 43 others
637 1005 113 44 have
796 1006 108 43 been
947 1006 255 44 Alcoholic;
1246 1021 120 29 some
1401 1021 72 29 are
1511 1021 121 29 cases
1670 1007 48 42 of

55 1079 145 43 Senile
225 1079 264 43 Dementia;
521 1079 87 42 and
632 1079 146 43 others
801 1093 73 29 are
896 1079 75 43 the
994 1079 194 43 subjects
1212 1080 44 42 of
1275 1079 191 43 General
1490 1079 224 57 Paralysis

53 1152 47 42 of
116 1152 74 43 the
209 1151 175 44 Insane.
447 1152 91 42 The
557 1151 200 43 hopeless
773 1151 225 43 condition
1018 1152 46 42 of
1085 1151 250 57 Secondary
1353 1152 241 43 Dementia
1612 1166 101 42 may

55 1225 53 43 be
131 1225 74 43 the
228 1239 300 29 consequence
552 1225 44 42 of
618 1238 87 39 any
733 1238 81 29 one
838 1225 47 41 of
905 1224 74 43 the
1001 1239 155 42 graver
1178 1225 135 42 forms
1336 1225 47 42 of
1402 1225 208 43 insanity.

115 1297 44 42 It
190 1297 37 43 is
260 1312 158 27 among
441 1297 123 42 these
595 1296 194 56 patients
814 1296 107 42 with
946 1296 223 43 dementia
1202 1296 98 42 that
1331 1297 74 42 the
1438 1296 154 43 Keflex
1625 1296 88 42 and

53 1369 258 43 Automatic
330 1370 134 42 forms
482 1369 47 42 of
547 1368 159 56 speech
729 1368 178 43 already
927 1368 229 43 described
1178 1383 74 28 are
1274 1382 47 29 so
1340 1369 122 42 often
1487 1374 89 38 met
1595 1374 117 38 with.

52 1441 228 43 Echolalia
302 1442 37 42 is
362 1456 202 28 common
587 1454 157 42 among
770 1440 132 51 them,
919 1439 240 57 especially
1184 1440 129 43 when
1337 1440 227 43 dementia
1586 1441 38 42 is
1648 1441 67 42 far

52 1513 236 43 advanced.
354 1513 91 43 The
481 1513 132 43 reflex
657 1512 159 43 speech
852 1512 226 43 exhibited
1119 1512 47 42 in
1206 1512 75 43 the
1319 1512 153 57 giving
1511 1513 47 41 of
1600 1512 116 43 Con-

50 1585 227 44 ventional
300 1585 179 43 Eeplies
503 1590 44 37 to
571 1583 314 44 conventional
901 1584 229 56 questions
1154 1584 37 43 is
1215 1584 92 43 also
1331 1585 123 43 often
1477 1589 93 39 met
1593 1584 121 44 with.

50 1657 131 44 Their
227 1658 240 42 automatic
520 1671 293 41 maundering
860 1656 293 57 Monologues
1206 1657 113 43 have
1373 1657 181 57 already
1602 1658 112 43 been

50 1730 248 43 described:
331 1730 47 42 in
411 1744 118 28 some
553 1731 45 41 of
630 1729 74 43 the
728 1743 120 29 cases
882 1729 45 42 of
959 1729 229 44 advanced
1212 1729 224 44 dementia
1460 1735 44 38 to
1531 1730 53 44 be
1616 1745 98 43 pre-

49 1802 146 57 sently
218 1802 145 44 noted,
387 1802 122 43 these
545 1802 282 43 monologues
855 1802 92 42 will
980 1803 52 42 be
1056 1802 137 43 found
1228 1807 44 39 to
1306 1803 113 44 have
1452 1803 180 44 become
1666 1819 46 28 so

50 1875 258 43 degenerate
351 1890 46 28 as
441 1879 44 38 to
531 1875 111 43 have
679 1875 87 43 lost
804 1874 59 43 all
906 1875 300 43 resemblance
1251 1880 44 38 to
1336 1876 152 43 words,
1527 1877 88 42 and
1658 1878 54 42 be

51 1947 275 57 comparable
350 1947 105 43 only
479 1951 44 38 to
548 1948 74 42 the
646 1947 210 43 babbling
879 1947 47 43 of
944 1947 181 43 infants.

112 2018 123 41 Even
268 2016 46 42 in
337 2017 206 55 patients,
567 2016 213 51 however,
803 2016 46 41 in
874 2016 142 42 whom
1043 2017 74 43 the
1151 2017 286 57 monologues
1465 2018 112 44 have
1601 2020 110 43 been

52 2089 189 43 reduced
265 2094 43 36 to
332 2102 117 29 mere
472 2088 222 56 babbling,
716 2088 37 42 it
775 2089 37 42 is
838 2103 103 42 very
966 2089 192 43 striking
1182 2094 43 38 to
1250 2090 91 43 find
1366 2090 97 43 that
1484 2091 39 42 if
1543 2092 59 56 by
1625 2107 88 42 any

54 2175 150 29 means
229 2160 74 43 the
325 2160 220 43 attention
569 2174 81 28 can
673 2161 53 42 be
748 2160 170 52 roused,
941 2160 88 43 and
1056 2161 75 43 the
1155 2162 173 56 patient
1349 2167 75 52 got
1447 2168 45 38 to
1516 2164 127 56 reply
1670 2169 45 39 to

52 2248 24 28 a
98 2234 218 56 question,
338 2233 54 43 he
417 2233 91 42 will
531 2232 123 56 reply
680 2239 43 35 to
746 2233 35 41 it
805 2234 43 40 in
884 2234 138 43 words
1049 2234 144 44 whose
1217 2235 283 44 articulation
1524 2237 36 43 is
1592 2252 124 43 prac-

54 2305 150 56 tically
248 2305 177 56 perfect.
490 2305 23 42 I
552 2318 83 37 am,
673 2304 47 42 of
750 2319 164 38 course,
953 2306 215 56 speaking
1200 2321 99 29 now
1340 2309 46 41 of
1416 2322 120 30 cases
1571 2310 144 43 where

51 2377 75 44 the
161 2377 222 43 dementia
417 2378 37 41 is
491 2391 119 42 pure,
645 2376 87 43 and
769 2383 78 37 not
882 2378 293 56 complicated
1217 2379 58 57 by
1310 2385 142 38 motor
1488 2384 227 56 paralysis.

51 2451 90 43 The
180 2464 351 43 speech-centres
572 2449 102 43 thus
713 2450 228 57 evidently
983 2451 140 43 retain
1165 2451 116 44 their
1325 2457 115 39 store
1479 2455 45 42 of
1566 2456 149 43 verbal

51 2524 175 56 images,
244 2537 109 30 even
378 2523 64 42 for
465 2537 132 43 many
616 2536 126 43 years
766 2523 114 44 after
898 2523 75 43 the
997 2524 169 43 mental
1190 2525 204 44 faculties
1419 2526 111 45 have
1554 2534 162 38 almost

50 2596 152 43 ceased
227 2602 42 37 to
293 2595 175 57 employ
494 2595 132 44 them.

106 2742 50 41 A.
192 2742 143 42 Cases
370 2753 54 32 of
457 2742 166 43 Simple
650 2743 248 43 Dementia
933 2754 213 32 without
1180 2744 170 44 Motor
1384 2746 332 46 Paralysis.

56 2813 143 42 When
236 2815 201 56 treating,
471 2816 46 42 in
549 2815 77 43 the
661 2815 101 43 fifth
800 2816 192 56 chapter,
1029 2817 47 42 of
1112 2817 75 43 the
1223 2817 167 57 Speech
1427 2820 48 42 of
1504 2820 214 45 Imbecile

58 2884 220 55 Children,
315 2887 22 41 I
375 2902 121 42 gave,
534 2889 111 41 from
678 2894 126 37 notes
843 2889 135 43 taken
1016 2894 47 38 at
1097 2890 76 43 the
1218 2891 185 43 Larbert
1437 2892 282 54 Institution,

55 2969 24 27 a
114 2956 130 43 series
279 2957 43 42 of
357 2972 118 29 cases
516 2958 201 58 showing
755 2975 24 27 a
817 2960 183 56 gradual
1039 2967 151 37 ascent
1223 2962 47 42 in
1306 2962 284 59 intelligence
1627 2966 87 42 and

57 3027 337 56 speech-power,
418 3030 108 42 from
563 3031 165 42 mental
752 3047 96 28 zero
882 3047 60 41 up
966 3037 45 38 to
1044 3048 56 27 an
1134 3033 161 44 almost
1317 3035 173 42 normal
1522 3035 116 44 level
1671 3038 48 42 of

59 3097 291 57 intelligence.
414 3101 138 44 These
599 3117 110 29 were
752 3118 120 29 cases
915 3105 45 41 of
1003 3105 224 43 Amentia,
1265 3106 46 42 in
1357 3106 143 43 which
1548 3108 167 42 mental

57 3170 322 58 Development
404 3188 84 28 was
522 3189 118 29 more
663 3189 46 29 or
731 3175 87 44 less
849 3175 279 57 incomplete.
1194 3178 53 42 In
1273 3177 177 44 dealing
1484 3193 96 28 now
1607 3179 106 43 with
