2125 3612
1655 258 53 41 21

272 269 307 32 STAMMKKINtJ,
614 268 92 29 AND
740 267 87 31 TIIK
861 267 147 31 STUDY
1041 267 54 31 OF
1126 267 89 31 TUB
1248 267 245 33 ALPHABET.

54 405 190 41 namely,
267 390 73 42 the
363 403 201 28 valvular
586 387 147 43 action
756 388 45 42 of
828 387 74 43 the
926 387 154 56 Upper
1103 387 178 52 Glottis,
1304 388 244 43 consisting
1570 389 44 42 of
1638 389 73 43 the

54 463 107 41 false
185 476 121 28 cords
330 460 84 42 and
435 460 73 42 the
528 459 236 42 ventricles
782 459 48 41 of
848 458 244 56 Morgagni.
1145 458 178 56 During
1341 458 263 53 Phonation,
1622 460 89 43 this

53 541 98 49 part
173 534 47 41 of
249 533 73 43 the
355 532 156 42 larynx
536 531 191 42 remains
761 530 224 43 unclosed,
1008 530 132 42 while
1173 530 74 42 the
1283 536 97 36 true
1414 531 124 42 cords
1572 531 139 43 below

54 620 71 26 are
158 606 44 40 in
236 612 258 48 apposition.
558 603 139 41 What
721 602 144 42 would
899 602 175 56 happen
1108 602 45 52 if,
1176 602 160 56 during
1358 602 255 56 phonation,
1637 605 75 42 the

53 676 108 42 false
179 676 124 42 cords
327 674 144 44 closed
496 687 104 29 over
622 673 74 43 the
719 677 112 48 true,
855 673 99 51 and,
978 674 58 55 by
1062 673 115 42 their
1200 673 204 43 valvular
1426 674 159 52 action,
1607 681 107 37 shut

52 750 64 40 oft'
133 748 73 43 the
230 761 180 43 passage
433 747 45 42 of
508 746 64 42 air
588 748 16 41 ?
667 745 191 43 Exactly
881 745 118 42 what
1021 746 104 42 does
1149 745 176 55 happen
1354 745 45 42 in
1424 759 25 28 a
1471 752 243 37 somewhat

50 834 94 28 rare
168 819 168 42 variety
359 819 48 42 of
425 817 297 44 stammering.
786 817 92 43 The
901 817 208 56 patient's
1142 817 123 42 voice
1297 816 38 43 is
1358 821 46 38 at
1436 831 107 29 once
1576 818 135 43 inter-

51 891 157 56 rupted
226 908 9 35 ;
273 891 99 42 and,
411 890 108 42 with
553 904 114 28 open
705 889 156 43 mouth
894 889 88 42 and
1021 889 233 57 congested
1295 893 102 49 lace,
1435 889 56 44 he
1528 890 183 57 silently

51 962 229 56 struggles,
303 961 187 42 without
524 961 140 42 effect,
686 965 46 38 to
754 965 109 38 emit
896 960 74 43 the
992 960 270 57 imprisoned
1294 960 75 44 air.
1434 961 176 57 During
1642 961 70 43 his

51 1032 205 56 repeated
299 1037 213 37 attempts
555 1037 45 37 to
643 1032 150 56 speak,
833 1033 77 42 the
953 1037 94 37 seat
1089 1032 46 42 of
1176 1032 294 56 impediment
1513 1047 102 43 may
1657 1033 53 43 be

51 1102 249 58 diagnosed,
322 1103 36 42 if
380 1117 81 28 one
484 1103 204 43 observes
715 1103 76 43 the
813 1103 198 57 peculiar
1032 1103 142 43 sound
1200 1103 142 43 which
1366 1104 38 42 is
1435 1104 138 43 made,
1596 1105 114 42 from

52 1176 107 42 time
183 1180 44 37 to
250 1175 121 42 time,
394 1174 128 43 when
555 1174 76 44 the
653 1189 140 42 upper
824 1175 152 57 glottis
999 1175 38 43 is
1068 1175 103 42 thus
1205 1175 132 56 being
1369 1175 342 56 spasmodically

53 1246 146 43 closed
223 1261 103 27 over
359 1246 74 42 the
468 1246 145 42 lower.
677 1245 45 43 It
755 1246 38 42 is
816 1261 25 27 a
874 1246 143 42 sound
1051 1250 79 37 not
1154 1244 153 43 unlike
1343 1244 75 43 the
1440 1241 38 45 k
1500 1245 141 42 sound
1664 1245 48 42 in

52 1316 154 44 huck,
229 1318 79 41 but
330 1317 221 56 produced
569 1317 133 42 lower
718 1317 129 42 down
870 1317 47 42 in
941 1317 76 42 the
1039 1316 159 43 throat,
1215 1316 88 42 and
1325 1316 189 42 without
1536 1323 177 36 contact

50 1389 49 41 of
117 1389 74 42 the
216 1389 109 42 back
348 1390 46 40 of
414 1389 74 42 the
512 1394 162 37 tongue
705 1388 109 42 with
837 1388 75 43 the
945 1388 156 56 palate.
1166 1388 105 42 This
1304 1388 170 42 variety
1497 1388 46 41 of
1575 1394 135 36 stam-

50 1462 171 55 mering
259 1462 37 42 is
328 1462 228 42 described
580 1462 59 54 by
673 1461 246 42 Kussmaul
953 1461 140 42 under
1125 1460 76 43 the
1234 1475 129 28 name
1385 1461 46 42 of
1457 1463 21 20 "
1494 1461 216 42 Gutturo-

49 1533 218 42 Tetanic,"
290 1533 86 42 and
400 1533 75 42 the
498 1547 113 41 open
635 1532 154 42 mouth
813 1532 37 42 is
869 1531 253 43 mentioned
1144 1546 48 28 as
1214 1546 82 28 one
1318 1532 46 42 of
1385 1531 59 42 its
1467 1545 245 29 character-

50 1604 123 42 istics
191 1621 8 35 ;
233 1604 82 42 but
339 1604 59 42 its
432 1603 271 43 mechanism
738 1604 38 41 is
810 1608 78 37 not
917 1602 313 56 satisfactorily
1255 1601 235 57 explained
1523 1602 57 56 by
1604 1602 106 43 him.

49 1677 91 41 The
165 1677 87 41 fact
275 1676 50 42 is,
348 1676 98 41 that
469 1690 64 28 we
560 1675 113 43 have
696 1675 102 43 here
821 1676 48 42 in
900 1675 76 43 the
1008 1689 142 41 upper
1180 1680 100 50 part
1311 1675 47 41 of
1386 1674 76 43 the
1495 1674 160 56 larynx
1687 1689 26 28 a

49 1748 147 42 fourth
233 1747 313 57 stop-position
581 1747 146 43 which
761 1747 38 42 is
843 1752 77 37 not
953 1746 184 43 utilized
1172 1747 48 41 in
1262 1747 235 55 European
1540 1747 172 52 speech,

46 1819 211 57 although
289 1820 187 56 perhaps
510 1819 75 43 the
618 1824 98 38 true
748 1818 224 57 gutturals
1005 1819 46 42 of
1083 1819 75 42 the
1195 1818 164 42 Arabic
1392 1833 103 42 may
1528 1819 53 43 be
1613 1833 98 42 pro-

47 1891 140 43 duced
221 1893 57 55 by
310 1892 47 42 it.
421 1890 67 44 Its
527 1891 227 43 explosive
787 1891 37 42 is
857 1906 25 28 a
919 1891 154 56 cough,
1106 1891 87 42 and
1226 1891 60 42 its
1319 1891 155 42 voiced
1510 1892 203 42 fricative

46 1963 39 42 is
128 1977 25 28 a
184 1963 231 42 "clearing
449 1964 48 41 of
537 1963 74 42 the
650 1963 181 42 throat."
915 1963 24 42 I
982 1963 114 42 have
1140 1963 86 42 had
1264 1962 106 43 only
1408 1977 83 28 one
1530 1978 97 28 case
1665 1964 48 42 in

51 2035 143 42 which
231 2035 74 43 the
338 2035 402 43 Gutturo-Tetanic
771 2035 204 43 overflow
1007 2049 91 29 was
1131 2035 75 43 the
1239 2034 120 44 chief
1390 2035 321 55 phenomenon.

48 2108 167 40 Arnott
238 2107 126 42 made
387 2107 75 42 the
490 2112 122 51 great
643 2107 191 42 mistake
867 2107 45 42 of
944 2107 244 55 supposing
1220 2106 98 43 that
1350 2106 76 43 the
1458 2107 255 45 difficulties

49 2179 46 42 of
116 2184 279 37 stammerers
417 2178 226 56 generally
669 2193 112 28 were
803 2178 86 43 due
912 2183 45 38 to
980 2179 168 42 closure
1171 2179 45 42 of
1238 2178 76 44 the
1336 2193 164 42 glottis.

109 2323 92 43 The
223 2323 256 44 difficulties
511 2323 88 43 and
623 2322 196 44 troubles
852 2323 49 42 of
928 2337 25 29 a
986 2323 173 56 patient
1182 2323 98 43 who
1312 2328 234 39 stammers
1579 2324 135 58 badly

49 2410 102 42 may
176 2396 51 43 be
250 2396 201 43 realized,
478 2396 127 43 when
640 2410 83 29 one
755 2395 171 43 studies
958 2395 107 43 such
1098 2410 56 28 an
1177 2396 196 57 analysis
1396 2411 47 28 as
1466 2397 76 43 the
1564 2397 151 53 above,

49 2469 49 41 of
144 2468 74 42 the
271 2468 279 56 phenomena
602 2467 145 44 which
794 2468 139 43 result
980 2469 111 41 from
1138 2468 145 57 faulty
1329 2469 289 43 distribution
1670 2471 49 42 of

51 2554 161 41 energy
235 2540 45 42 in
315 2540 75 43 the
424 2540 174 43 various
632 2540 306 43 mechanisms.
1003 2541 244 42 Kussmaul
1280 2541 78 43 has
1390 2542 132 56 given
1546 2557 26 28 a
1602 2542 113 57 good

51 2621 171 47 picture
243 2612 48 42 of
309 2612 74 43 the
406 2613 174 56 painful
603 2613 205 57 struggle.
873 2613 225 57 Speaking
1120 2615 47 41 of
1186 2613 76 43 the
1280 2619 222 47 stutterer,
1525 2615 54 43 he
1602 2629 113 39 says,

51 2688 21 18 "
88 2684 70 43 He
194 2684 137 44 closes
366 2685 75 43 the
476 2685 91 43 oral
600 2685 126 43 canal
764 2691 46 37 at
845 2700 82 28 one
950 2700 49 27 or
1020 2685 127 43 other
1178 2686 48 42 of
1246 2686 74 43 the
1352 2686 170 57 closing
1554 2694 162 49 points,

51 2758 233 57 according
306 2765 44 36 to
373 2759 75 42 the
472 2764 155 38 nature
650 2759 47 43 of
723 2758 75 43 the
820 2757 132 44 letter
974 2762 44 38 to
1041 2759 53 42 be
1127 2759 277 43 articulated,
1426 2759 87 43 and
1537 2759 89 43 this
1659 2758 56 44 he

51 2829 103 43 does
178 2844 46 28 as
258 2830 98 43 well
388 2844 46 29 as
458 2845 24 28 a
506 2845 101 28 man
641 2830 98 43 who
771 2844 222 43 possesses
1026 2830 75 43 the
1134 2831 171 43 faculty
1327 2832 45 42 of
1404 2831 157 56 speech
1586 2829 130 44 could

53 2901 137 53 doit;
223 2903 183 52 instead,
430 2903 214 43 however,
667 2903 45 43 of
744 2903 209 42 allowing
984 2902 76 43 the
1092 2903 141 43 vowel
1267 2909 44 37 to
1344 2903 150 43 follow
1526 2908 191 37 without

54 2972 141 58 delay,
228 2973 53 43 he
304 2988 169 42 presses
506 2975 69 43 his
608 2975 98 57 lips,
729 2990 48 27 or
808 2975 70 43 his
912 2979 162 52 tongue
1107 2974 89 43 and
1228 2975 134 44 teeth,
1385 2990 49 28 or
1460 2975 69 43 his
1553 2981 162 49 tongue

55 3044 86 42 and
164 3045 157 56 palate,
343 3061 118 28 more
494 3047 145 56 firmly
662 3047 202 56 together
891 3046 107 43 than
1022 3047 37 42 is
1092 3061 230 42 necessary
1341 3062 8 38 ;
1381 3047 76 43 the
1490 3047 227 56 explosive

57 3129 153 43 escnpe
242 3118 46 41 of
318 3118 74 43 the
424 3119 65 42 air
521 3118 103 43 does
658 3125 78 36 not
769 3118 101 43 take
903 3117 139 57 place,
1078 3118 73 43 the
1185 3118 126 44 other
1343 3132 189 29 muscles
1565 3117 48 44 of
1642 3117 74 43 the
