1933 3302
1670 196 48 38 75

569 200 117 31 Heisse
710 199 264 40 Flüssigkeiten,
997 197 264 40 Salpetersäure.

116 309 122 39 Rust
265 308 78 38 und
373 310 131 36 später
533 319 75 26 von
637 307 127 37 Fock
795 306 62 38 bei
886 318 200 25 schweren
1115 304 168 37 Formen
1322 306 71 35 mit
1421 301 141 52 Erfolg
1597 315 122 37 ange-

117 362 131 38 wandt
276 363 77 36 und
382 363 38 36 in
451 360 172 51 gleicher
653 360 132 38 Weise
816 361 38 36 in
884 358 239 39 Frankreich
1155 371 73 24 von
1259 357 132 38 Roze.

247 415 69 38 Bei
355 415 177 38 Marmy
572 414 129 38 finden
738 416 68 36 wir
842 414 84 37 eine
962 425 142 25 andere
1142 412 74 36 Art
1251 411 68 38 der
1354 411 261 49 Anwendung
1653 409 67 37 des

119 469 246 39 Glüheisens,
397 469 60 37 die
493 466 330 47 „Cautherisation
852 468 238 49 ponctuee",
1128 463 147 40 welche
1312 463 203 40 Sedillot
1544 477 68 25 zur
1642 462 77 39 Be-

118 523 200 49 handlung
346 522 300 50 phlegmonöser
675 521 205 50 Erysipele
912 520 224 38 eingeführt
1165 518 120 38 hatte.
1346 519 102 36 1—2
1469 532 58 24 cm
1557 517 163 51 jenseits

118 578 66 37 des
214 589 305 37 erysipelatösen
549 575 171 45 Zirkels,
759 575 166 37 welcher
963 575 61 37 die
1059 573 228 39 Ulceration
1321 572 196 49 umgiebt,
1558 584 159 26 wurden

119 630 244 38 Punktionen
392 630 71 37 mit
492 630 86 37 dem
609 627 211 39 Glüheisen
848 631 182 47 gemacht
1049 627 78 38 und
1148 626 99 38 nach
1268 626 104 36 2—3
1395 625 136 50 Tagen
1554 638 165 25 wieder-

117 684 94 37 holt.
268 683 100 38 Half
393 684 103 36 diese
526 681 250 50 Application
805 682 118 38 nicht,
954 695 41 25 so
1025 681 132 38 wurde
1189 680 68 38 der
1291 692 123 38 ganze
1456 678 263 39 Wundboden

117 738 71 37 mit
217 738 86 37 dem
334 736 210 38 Glüheisen
574 740 175 33 zerstört.

247 790 189 37 Demme
465 790 52 37 ist
546 789 67 38 der
642 789 184 47 Ansicht,
866 790 86 37 dass
990 789 91 37 kein
1118 788 136 38 Agens
1282 790 72 34 mit
1382 786 152 38 solcher
1564 785 156 39 Sicher-

117 844 81 38 heit
227 856 84 25 eine
340 842 294 39 Umstimmung
664 844 67 36 der
762 842 232 39 Oberfläche
1022 842 284 38 hervorbringe
1328 840 56 38 als
1406 840 67 38 das
1495 838 225 48 Glüheisen,

117 896 165 39 welches
304 910 41 24 er
374 899 96 35 stets
500 897 55 38 als
584 897 179 37 ultimum
793 898 197 37 refugium
1010 898 215 36 anwandte.
1285 893 244 39 Sedillot's
1550 893 170 39 Cauthe-

117 951 162 38 risation
307 952 190 48 ponctuee
527 953 173 48 genügte
729 950 211 38 bisweilen.
1000 950 203 38 Genauere
1244 948 273 39 Vorschriften
1554 947 64 38 für
1655 948 67 37 das

120 1004 210 39 Glüheisen
360 1004 109 50 giebt
498 1004 261 38 Legouest:
817 1004 202 38 Nachdem
1050 1003 119 39 durch
1200 1002 266 39 ausgedehnte
1502 1000 220 39 Incisionen

118 1058 78 38 und
227 1056 245 39 Spaltungen
503 1058 74 37 alle
607 1057 254 51 Ablösungen
891 1059 78 37 und
992 1057 150 51 Gänge,
1170 1058 41 49 ja
1233 1057 60 37 die
1315 1068 228 38 geringsten
1564 1054 158 39 Höhlen

119 1112 67 37 der
214 1111 221 38 Krankheit
463 1111 212 50 freigelegt
704 1112 104 37 sind,
845 1112 157 37 werden
1037 1112 103 37 diese
1170 1111 71 37 mit
1271 1111 87 37 dem
1389 1108 211 39 Glüheisen
1631 1122 89 24 ver-

118 1165 120 50 folgt,
273 1165 79 37 und
381 1179 103 23 zwar
513 1165 71 38 soll
614 1165 67 38 das
712 1165 309 38 weissglühende
1052 1165 119 37 Eisen
1200 1178 42 24 so
1271 1164 115 38 lange
1418 1163 215 38 einwirken
1662 1163 59 37 bis

120 1219 62 38 ein
211 1232 175 33 sonorer,
416 1219 301 50 gelb-brauner,
749 1218 133 38 harter
911 1218 143 39 Schorf
1079 1218 181 38 entsteht.
1319 1217 238 38 Legouest
1586 1219 136 36 scheut

119 1272 82 39 sich
229 1273 97 37 auch
356 1272 116 38 nicht,
504 1273 39 37 in
573 1273 60 37 die
663 1271 113 39 Nähe
807 1286 155 36 grosser
993 1272 162 38 Gefässe
1185 1272 71 37 mit
1286 1272 88 37 dem
1395 1270 214 38 Glüheisen
1629 1284 91 24 vor-

119 1327 212 37 zudringen
361 1327 78 37 und
468 1327 54 37 sie
554 1326 194 38 eventuell
777 1340 47 23 zu
852 1327 272 37 unterbinden.
1181 1325 87 39 Nur
1299 1326 60 37 die
1380 1324 340 47 Nervenstämme,

119 1380 272 50 Eingeweide,
431 1381 59 37 die
529 1386 156 32 serösen
723 1379 157 38 Höhlen
909 1381 79 36 und
1028 1379 296 39 Gelenkhöhlen
1359 1381 150 35 setzten
1539 1378 68 37 der
1637 1379 83 37 An-

120 1435 195 36 wendung
336 1434 64 37 des
421 1433 148 38 Mittels
591 1435 84 37 eine
698 1432 162 39 Grenze.
900 1433 46 38 In
963 1434 132 37 diesen
1111 1433 134 38 Fällen
1264 1432 203 50 applicirte
1484 1432 238 50 Legouest

123 1487 185 38 2—3mal
341 1487 149 50 täglich
524 1487 280 38 Eisenchlorid.
863 1487 204 38 Fischer
1105 1488 109 49 giebt
1252 1500 63 24 zu,
1352 1487 87 36 dass
1474 1499 91 24 man
1602 1486 120 37 über-

120 1540 213 38 raschende
363 1540 162 51 Erfolge
554 1542 72 36 mit
654 1542 87 36 dem
772 1540 210 38 Glüheisen
1016 1541 127 37 haben
1178 1541 147 37 könne,
1361 1540 85 37 hält
1488 1552 93 25 aber
1625 1539 96 38 doch

122 1595 67 36 das
218 1594 145 38 Mittel,
394 1594 64 38 bei
485 1595 221 45 unebenen,
736 1594 225 51 buchtigen,
991 1595 201 37 fistulösen
1220 1593 184 38 Wunden
1434 1593 63 37 für
1528 1592 192 38 durchaus

119 1647 190 38 unsicher,
340 1647 89 37 weil
448 1647 165 39 Recesse
635 1662 47 23 zu
700 1647 119 38 leicht
837 1648 108 37 nicht
964 1648 309 50 berücksichtigt
1293 1647 167 38 werden,
1493 1647 66 37 das
1581 1645 141 39 Sekret

120 1703 113 35 unter
263 1701 87 37 dem
379 1701 267 38 Brandschorf
670 1701 122 38 bleibt
821 1702 76 37 und
928 1702 67 37 der
1025 1701 308 38 Hospitalbrand
1363 1701 81 37 sich
1474 1713 115 25 unter
1611 1701 108 37 dem-

121 1754 133 38 selben
283 1755 222 38 ausbreitet.
563 1755 114 38 Auch
705 1754 269 39 Nussbaum
1005 1755 96 51 grifi"
1128 1757 102 37 1872
1260 1755 64 37 bei
1353 1754 201 38 schweren
1583 1753 138 39 Fällen

121 1821 87 24 zum
238 1807 222 41 Glüheisen.

249 1861 71 38 Als
348 1861 268 38 Ersatzmittel
643 1861 63 38 für
736 1862 66 37 das
833 1861 222 39 Glüheisen,
1086 1862 63 37 für
1179 1861 216 51 ängstliche
1415 1861 207 39 Patienten
1642 1863 78 37 und

121 1915 155 37 Aerzte,
307 1916 131 36 wurde
468 1929 76 24 von
572 1915 225 38 Pouteau
827 1916 69 37 auf
921 1916 152 37 heisse
1104 1915 372 50 Flüssigkeiten,
1517 1916 202 37 siedendes

125 1968 83 38 Oel,
238 1968 146 38 heisses
406 1968 160 39 Wasser
588 1971 71 35 etc.
682 1969 263 38 aufmerksam
967 1969 200 50 gemacht;
1200 1969 97 38 doch
1317 1969 401 38 begreiflicherweise

121 2021 127 38 haben
277 2022 79 37 sich
384 2023 103 37 diese
508 2022 130 38 Mittel
657 2022 107 38 nicht
783 2023 177 37 bewährt
980 2024 78 36 und
1077 2023 101 38 noch
1199 2023 172 37 weniger
1393 2023 66 37 das
1480 2022 241 38 Abbrennen

123 2088 75 24 von
228 2078 302 47 eingestreutem
560 2075 305 50 Schiesspulver,
897 2077 71 37 wie
1000 2090 39 24 es
1069 2076 289 38 Eisenmann
1389 2076 181 49 empfahl.

252 2128 355 50 Salpetersäure
645 2130 51 37 ist
732 2130 63 37 bei
826 2130 170 38 Weitem
1036 2144 62 24 am
1136 2130 223 37 häufigsten
1395 2130 56 37 als
1490 2130 229 37 Aetzmittel

123 2182 213 49 gebraucht
364 2184 168 36 worden.
590 2182 90 38 Wir
708 2183 240 49 besprachen
979 2184 100 37 oben
1110 2184 59 37 die
1192 2183 249 50 Application
1471 2184 68 36 der
1569 2182 150 39 Säuren

124 2236 38 36 in
183 2236 234 37 verdünnter
436 2236 129 38 Form.
623 2236 74 38 Die
719 2238 256 36 concentrirte
997 2236 121 38 Säure
1139 2238 183 36 benutzte
1344 2237 197 37 Thomas
1562 2236 156 39 Moore

126 2286 138 42 (1845)
294 2289 69 37 auf
389 2290 59 36 die
478 2289 154 38 Weise,
670 2291 86 36 dass
794 2304 41 23 er
871 2291 61 36 ein
967 2290 167 38 sechstel
1172 2290 84 37 Zoll
1281 2290 161 49 jenseits
1474 2290 66 37 der
1574 2290 146 38 lividen

124 2341 372 50 Begrenzungslinie
526 2343 67 37 des
623 2342 254 38 Geschwüres
907 2343 71 37 auf
1004 2344 67 37 der
1102 2346 259 35 entzündeten
1390 2343 93 38 aber
1513 2346 107 35 sonst
1647 2357 71 37 ge-

126 2395 146 37 sunden
300 2395 108 37 Haut
437 2396 111 37 einen
577 2395 103 38 Ring
708 2410 64 23 um
803 2397 60 36 die
893 2409 121 37 ganze
1045 2396 156 38 Wunde
1230 2397 75 37 tief
1331 2397 184 37 einätzte,
1546 2410 172 24 welchen

127 2461 40 24 er
197 2447 149 39 Cordon
376 2450 192 36 sanataire
597 2452 154 34 nannte.
801 2450 136 37 Dieser
960 2449 150 38 Cordon
1140 2450 72 37 soll
1232 2450 122 38 selten
1377 2463 71 25 von
1472 2451 67 36 der
1559 2450 159 37 Krank-

127 2501 81 37 heit
226 2501 286 39 überschritten
532 2503 157 36 worden
710 2502 80 38 sein
811 2503 79 37 und
909 2503 62 37 nie
993 2503 79 37 will
1091 2503 163 38 Moore
1277 2504 59 37 die
1357 2503 362 51 Ueberschreitung

129 2554 121 46 eines,
289 2555 182 49 peripher
507 2569 65 24 um
611 2555 74 37 den
722 2558 128 35 ersten
879 2569 244 36 gezogenen,
1155 2560 162 35 zweiten
1346 2556 171 39 Cordons
1547 2557 171 50 gesehen

127 2607 136 37 haben.
321 2607 57 38 Vi
390 2609 73 37 dal
491 2609 156 37 tränkte
678 2607 385 50 Charpie-Tampons
1097 2610 71 37 mit
1207 2612 277 36 concentrirter
1520 2610 197 50 Salpeter-

127 2664 111 34 säure
267 2662 79 36 und
373 2661 105 51 legte
507 2663 55 36 sie
592 2675 66 23 zur
688 2661 180 50 Aetzung
898 2663 70 37 auf
994 2664 59 36 die
1087 2663 152 38 Wunde
1271 2664 76 37 und
1376 2664 40 36 in
1446 2664 60 37 die
1536 2663 181 38 Recesse.

127 2713 112 38 Auch
278 2713 144 47 Groh,
467 2715 195 38 Holmes
704 2716 78 36 und
829 2715 208 39 besonders
1081 2717 59 37 die
1188 2717 260 37 Amerikaner
1492 2716 224 48 Pittinos,

129 2766 167 46 Grane,
329 2767 233 39 Thomson
597 2768 118 37 sahen
751 2768 59 37 die
848 2768 136 38 besten
1019 2769 161 51 Erfolge
1216 2783 74 24 von
1329 2771 67 36 der
1434 2773 285 35 concentrirten

129 2818 289 51 Salpetersäure
448 2823 76 36 und
554 2822 139 37 kamen
724 2834 72 24 von
819 2822 167 37 anderen
1006 2822 154 38 Mitteln
1181 2823 69 38 auf
1267 2823 102 37 diese
1391 2823 156 37 zurück.
1606 2824 112 38 Auch

130 2872 224 38 Fischer's
382 2873 176 38 ultimum
589 2874 194 38 refugium
814 2888 79 23 war
924 2875 59 38 die
1020 2877 218 37 rauchende
1269 2875 305 50 Salpetersäure,
1605 2891 114 24 wenn

131 2926 65 37 das
236 2926 91 37 Kali
364 2925 304 50 hyperraangan.
704 2927 53 37 im
797 2926 129 39 Stiche
964 2928 101 38 Hess.
1125 2928 45 39 In
1207 2930 67 37 der
1309 2929 410 40 Chloroformnarkose

130 2979 130 37 wurde
292 2979 59 37 die
382 2972 153 46 Wunde
567 2980 119 38 durch
715 2980 198 38 Abreiben
949 2984 71 35 mit
1054 2981 313 52 Charpiekugeln
1402 2983 79 37 und
1516 2982 203 40 Abtragen
