2107 3450
288 173 245 32 LANGUAGE
566 172 53 31 OF
652 170 159 32 FACIAL
846 169 271 31 EXPRESSION
1156 169 93 30 AND
1283 167 213 32 GESTURE.

1668 153 54 46 93

334 403 228 57 Language
595 412 43 31 of
670 401 152 42 Facial
855 398 255 44 Expression
1142 396 91 43 and
1267 396 182 42 Gesture.

124 551 52 45 A.
240 553 170 42 Facial
442 550 297 45 Expression.

125 642 73 54 (a.)
225 640 499 56 Frowning.—Darwin,
740 638 215 56 carefully
971 637 234 43 observing
1221 636 68 43 his
1307 650 98 28 own
1424 636 168 42 infants
1612 635 111 42 from

62 713 141 42 under
226 713 72 42 the
322 727 76 42 age
422 714 47 41 of
495 726 80 28 one
600 712 121 42 week
754 716 44 38 to
832 711 98 42 that
953 711 44 41 of
1030 715 86 38 two
1149 723 49 29 or
1230 708 123 43 three
1371 708 191 51 months,
1586 708 137 42 found

63 787 94 40 that
180 789 20 19 "
219 786 125 42 when
366 800 24 27 a
417 784 244 43 screaming
692 785 51 41 fit
775 797 121 29 came
919 797 56 28 on
1007 796 245 43 gradually,
1275 781 75 43 the
1384 781 94 42 first
1500 781 98 56 sign
1631 795 91 28 was

60 857 74 42 the
158 857 271 42 contraction
453 858 47 41 of
519 856 74 43 the
626 862 283 50 corrugators,
933 855 145 42 which
1110 853 221 58 produced
1354 868 25 28 a
1401 853 136 57 slight
1570 853 153 51 frown,

59 930 182 56 quickly
266 929 203 43 followed
492 930 58 42 by
569 929 73 42 the
666 928 273 43 contraction
962 927 45 43 of
1030 927 75 43 the
1127 927 125 43 other
1273 940 191 29 muscles
1486 925 141 43 round
1646 925 76 43 the

60 1002 136 43 eyes."
262 1001 71 44 He
356 1007 135 38 states
514 1006 108 38 that,
646 1001 128 42 when
797 1015 56 28 an
875 1000 148 42 infant
1044 999 37 43 is
1105 998 347 44 uncomfortable
1475 1013 47 27 or
1543 998 180 52 unwell,

60 1075 118 42 little
202 1075 161 42 frowns
387 1089 102 42 may
521 1074 53 43 be
598 1088 102 29 seen
733 1079 44 37 to
810 1087 100 42 pass
935 1072 89 42 like
1048 1072 200 42 shadows
1281 1085 103 28 over
1407 1071 74 42 the
1504 1071 107 51 face,
1634 1071 87 42 and

62 1147 97 42 that
191 1147 121 42 these
347 1161 72 28 are
454 1147 249 42 sometimes
738 1144 203 43 followed
972 1144 60 56 by
1064 1158 26 28 a
1121 1144 155 56 crying
1308 1143 60 42 fit.
1433 1143 73 42 He
1538 1147 126 38 notes
1698 1157 25 28 a

62 1219 155 41 steady
238 1218 116 42 little
378 1218 135 42 frown
547 1233 56 27 on
636 1218 75 41 the
734 1217 91 41 face
859 1216 44 42 of
925 1230 55 27 an
1013 1215 147 42 infant
1192 1229 134 28 seven
1353 1228 47 28 or
1422 1214 121 56 eight
1576 1215 147 42 weeks

62 1290 73 42 old
169 1290 96 42 who
299 1304 87 28 was
419 1290 186 42 sucking
642 1303 119 28 some
796 1287 111 42 milk
943 1286 144 43 which
1122 1300 88 28 was
1245 1286 98 42 cold
1381 1287 89 41 and
1504 1288 217 41 therefore

63 1361 265 55 displeasing
352 1367 43 35 to
418 1361 104 41 him.

124 1433 66 55 (b.)
216 1432 373 43 Rage.—Darwin
607 1446 100 28 says
726 1435 98 38 that
840 1430 47 42 in
906 1444 82 28 one
1005 1430 45 42 of
1072 1429 69 43 his
1160 1443 98 29 own
1281 1429 169 43 infants
1467 1429 143 43 under
1628 1431 97 42 four

60 1504 176 42 months
270 1504 72 42 old
375 1503 54 43 he
464 1503 254 56 repeatedly
742 1502 211 42 observed
989 1506 98 38 that
1110 1501 75 43 the
1220 1502 97 42 first
1343 1508 225 50 symptom
1591 1503 49 41 of
1668 1516 57 28 an

59 1577 295 55 approaching
376 1576 175 55 passion
582 1589 87 28 was
694 1575 73 42 the
800 1574 184 43 rushing
1016 1575 46 42 of
1083 1574 130 42 blood
1236 1575 94 41 into
1365 1573 76 43 the
1465 1574 102 43 bare
1591 1575 132 56 scalp.

58 1650 71 42 He
164 1663 99 29 says
296 1648 98 42 that
426 1651 166 53 "every
625 1661 83 29 one
743 1647 97 42 who
869 1647 79 42 has
982 1647 87 42 had
1101 1646 134 43 much
1270 1651 44 38 to
1347 1646 55 43 do
1437 1647 108 42 with
1576 1661 151 43 young

57 1722 199 42 children
289 1725 119 38 must
439 1720 111 43 have
583 1734 103 29 seen
717 1719 99 43 how
849 1719 225 56 naturally
1097 1719 106 43 they
1237 1720 102 42 take
1362 1724 45 38 to
1430 1720 144 56 biting
1598 1720 129 43 when

55 1795 49 41 in
146 1808 24 27 a
212 1795 187 54 passion.
484 1790 46 44 It
572 1806 139 28 seems
754 1806 46 28 as
838 1792 260 42 instinctive
1143 1797 43 37 to
1230 1791 122 43 them
1396 1807 47 27 as
1485 1793 49 41 in
1575 1807 152 42 young

57 1865 249 43 crocodiles,
329 1864 97 43 who
450 1879 109 28 snap
583 1865 115 41 their
723 1863 117 44 little
859 1864 112 56 jaws
994 1877 47 29 as
1073 1877 107 29 soon
1203 1878 46 28 as
1284 1864 108 57 they
1415 1879 172 41 emerge
1610 1865 114 42 from

60 1939 75 42 the
158 1937 115 57 egg."
338 1938 174 55 Preyer,
533 1936 213 43 referring
769 1940 45 38 to
837 1936 200 43 children
1060 1936 136 42 about
1218 1936 76 43 the
1317 1951 77 42 age
1418 1937 47 42 of
1483 1942 240 38 seventeen

58 2010 192 43 months,
273 2023 202 29 observes
499 2013 97 38 that
630 2008 126 43 when
778 2022 57 29 no
867 2022 207 29 response
1099 2008 39 43 is
1160 2008 128 43 made
1310 2012 46 39 to
1389 2024 25 27 a
1436 2014 289 53 persistently

60 2082 233 44 expressed
316 2081 140 43 desire
475 2081 104 56 they
598 2095 103 42 may
717 2081 53 42 be
788 2080 143 43 seized
952 2080 106 42 with
1076 2095 25 27 a
1118 2080 174 57 regular
1313 2081 51 42 fit
1381 2082 47 42 of
1446 2096 114 42 rage,
1583 2082 142 43 throw

58 2153 266 44 themselves
347 2167 57 28 on
427 2153 75 42 the
524 2152 115 53 floor,
662 2153 138 42 strike
823 2157 78 38 out
923 2152 130 43 when
1081 2152 134 44 taken
1238 2153 105 43 hold
1366 2155 56 41 of,
1445 2155 89 41 and
1556 2169 167 29 scream

58 2225 218 44 furiously
299 2226 86 42 and
418 2230 115 38 most
555 2225 198 56 angrily;
785 2225 82 42 but
889 2225 54 43 he
967 2229 124 39 notes
1119 2225 98 43 that
1239 2226 36 42 it
1308 2240 103 43 may
1433 2226 92 43 also
1548 2227 177 57 happen

58 2303 97 38 that
203 2298 398 56 disappointments
656 2297 45 42 of
759 2297 88 43 this
897 2302 91 38 sort
1040 2297 191 57 produce
1287 2303 115 39 tears
1461 2300 45 42 of
1564 2314 163 29 sorrow

58 2370 173 43 instead
269 2371 48 41 of
355 2370 72 42 fits
463 2370 47 42 of
544 2384 111 41 rage.
722 2370 249 56 Frowning,
1006 2370 207 56 flushing,
1251 2371 87 41 and
1373 2372 247 57 screaming
1653 2387 73 29 are

60 2443 133 42 noted
216 2457 46 28 as
285 2456 158 41 among
465 2442 75 42 the
564 2456 202 28 common
788 2442 267 43 indications
1079 2443 44 41 of
1145 2456 134 43 anger
1300 2443 46 42 in
1371 2445 211 43 children.

120 2515 66 55 (c.)
219 2514 436 55 Disgust.—Darwin
688 2514 58 56 (p.
783 2514 104 58 273)
923 2529 100 42 says
1058 2515 97 43 that
1187 2516 56 43 he
1276 2531 134 28 never
1441 2532 91 28 saw
1554 2518 174 44 disgust

59 2601 118 28 more
208 2586 169 56 plainly
401 2586 233 56 expressed
668 2586 109 43 than
810 2601 56 28 on
900 2586 75 44 the
1008 2588 94 42 face
1134 2589 48 41 of
1210 2603 83 29 one
1320 2589 45 42 of
1397 2589 69 43 his
1489 2590 169 44 infants
1680 2596 47 38 at

59 2659 75 42 the
167 2673 77 43 age
277 2658 44 42 of
354 2658 84 43 five
471 2658 191 52 months,
695 2658 142 52 when,
859 2673 57 28 on
949 2673 82 29 one
1064 2661 214 52 occasion,
1301 2675 119 29 some
1454 2662 98 43 cold
1580 2669 146 46 water,

59 2731 86 42 and
178 2746 55 27 on
279 2745 24 28 a
347 2730 270 56 subsequent
653 2731 213 51 occasion,
898 2745 24 28 a
954 2731 123 56 piece
1112 2732 45 42 of
1193 2733 94 56 ripe
1325 2733 165 57 cherry,
1526 2749 87 29 was
1647 2742 82 49 put

60 2803 94 42 into
186 2802 68 43 his
289 2802 166 42 month.
519 2802 105 43 This
656 2817 88 28 was
777 2803 154 43 shown
965 2803 59 57 by
1058 2804 75 43 the
1165 2804 86 57 lips
1275 2805 87 43 and
1396 2806 142 43 whole
1572 2809 154 41 mouth

61 2875 224 56 assuming
327 2889 24 28 a
394 2874 136 56 shape
573 2875 145 42 which
761 2875 186 43 allowed
991 2876 75 43 the
1110 2881 205 39 contents
1355 2883 44 37 to
1437 2893 84 28 run
1559 2893 49 28 or
1650 2880 78 42 fall

62 2946 180 56 quickly
287 2952 101 48 out;
429 2946 76 43 the
528 2951 162 52 tongue
714 2948 131 56 being
874 2952 46 38 at
953 2948 75 43 the
1061 2963 120 28 same
1205 2949 109 43 time
1337 2950 251 55 protruded.
1654 2952 71 43 He

62 3019 192 42 remarks
277 3019 96 42 that
396 3019 73 43 the
493 3019 252 55 protrusion
770 3020 44 42 of
839 3019 74 44 the
938 3024 163 39 tongue
1124 3020 47 42 in
1194 3020 163 43 letting
1379 3035 25 28 a
1428 3026 130 52 nasty
1582 3023 145 42 object
