2240 3972
1076 200 31 50 9

119 334 178 72 people
336 338 111 50 that
486 333 210 55 believes
722 333 55 54 in
802 333 87 54 the
917 333 158 54 direct
1101 333 329 55 interference
1455 334 56 54 of
1545 334 169 72 spirits
1751 353 56 36 or
1833 335 57 54 of
1923 334 145 73 gods,

117 411 104 51 still
249 409 179 53 adopts
455 409 124 53 such
604 428 172 34 means
808 409 55 53 of
904 409 405 52 self-protection
1335 428 52 33 as
1416 429 28 33 a
1470 410 178 70 simple
1686 429 293 50 experience
2019 411 56 53 of

117 489 180 47 nature
322 483 216 54 teaches.
616 484 127 52 Man
782 482 117 53 does
944 488 92 47 not
1078 482 318 71 consciously
1429 483 269 53 determine
1744 484 78 53 his
1862 484 210 53 method

117 557 98 52 and
239 563 123 47 then
389 576 137 34 enter
551 576 140 34 upon
717 557 75 65 it;
834 556 62 53 he
923 575 162 34 enters
1112 556 193 71 blindly
1335 576 140 33 upon
1500 558 57 64 it,
1586 557 101 54 and
1724 563 51 47 at
1814 578 29 33 a
1883 559 190 53 certain

118 636 140 48 stage
300 631 194 52 awakes
534 635 55 49 to
637 630 392 54 consciousness.
1108 631 66 52 In
1212 637 88 46 the
1336 631 202 53 onward
1563 632 205 70 flowing
1795 638 185 46 stream
2019 632 56 53 of

116 710 224 47 nature’s
387 705 206 52 organic
637 705 368 70 development,
1044 704 86 52 life
1168 704 109 52 first
1317 703 230 55 becomes
1594 705 378 53 self-conscious
2017 706 55 52 in

117 798 147 34 man:
306 778 54 52 in
386 783 87 48 the
500 778 314 72 slumbering
852 778 188 53 mental
1080 778 350 71 development
1456 779 55 52 of
1545 779 245 53 mankind
1827 779 41 53 it
1905 779 43 52 is
1983 780 89 52 the

118 872 178 51 genius
323 872 112 33 who
464 858 51 47 at
547 852 97 53 due
668 858 123 47 time
828 853 196 52 awakes
1050 857 54 48 to
1131 857 161 48 active
1329 853 378 52 consciousness
1735 859 85 47 the
1848 872 225 52 sleeping

118 931 228 48 century.
426 926 52 52 It
504 926 167 53 would
701 926 178 53 indeed
910 946 65 51 go
1014 926 126 53 hard
1166 926 124 52 with
1315 926 247 53 mankind
1586 927 42 52 if
1668 932 122 66 they
1814 932 140 48 must
1993 932 80 48 act

118 1005 251 66 wittingly
395 999 168 54 before
589 1005 121 67 they
738 1000 143 53 acted
908 1005 52 48 at
987 1000 82 53 all.

190 1074 119 52 Two
335 1074 128 52 facts
492 1094 141 33 come
659 1079 93 48 out
786 1093 119 52 very
933 1073 260 71 distinctly
1219 1073 131 54 from
1381 1093 28 34 a
1436 1073 181 54 candid
1656 1073 323 54 observation
2018 1074 57 53 of

117 1152 87 48 the
231 1153 127 48 state
385 1148 54 52 of
461 1148 223 53 thought
710 1153 51 48 at
786 1153 87 47 the
909 1153 203 66 present
1152 1148 112 71 day.
1344 1147 111 54 One
1481 1148 55 53 of
1566 1148 143 53 these
1747 1149 43 51 is
1830 1148 85 53 the
1940 1148 133 54 little

117 1222 178 52 favour
319 1222 51 51 in
403 1222 162 52 which
603 1222 335 71 metaphysics
964 1222 42 53 is
1031 1222 121 52 held
1178 1222 99 52 and
1302 1227 87 48 the
1415 1241 117 51 very
1558 1222 201 71 general
1785 1228 286 48 conviction

117 1301 113 47 that
256 1296 140 52 there
422 1296 41 52 is
489 1315 67 33 no
576 1297 151 70 profit
753 1297 56 51 in
842 1296 71 66 it;
954 1302 88 47 the
1080 1315 343 51 consequence
1451 1296 55 52 of
1542 1296 166 52 which
1746 1296 166 71 firmly
1938 1297 132 53 fixed

118 1368 155 55 belief
293 1370 59 64 is,
381 1369 113 53 that
519 1370 40 53 it
584 1370 43 52 is
654 1369 275 54 cultivated
955 1390 53 33 as
1041 1390 29 33 a
1097 1388 193 35 science
1316 1370 120 70 only
1461 1369 68 70 by
1555 1375 145 48 those
1726 1389 166 34 whose
1916 1371 156 69 parti-

120 1444 137 52 cular
283 1443 234 53 business
542 1444 44 53 it
611 1444 42 52 is
681 1448 53 48 to
764 1444 64 53 do
857 1464 71 45 so,
950 1444 112 53 who
1091 1463 81 34 are
1198 1444 228 71 engaged
1445 1449 92 47 not
1563 1444 55 52 in
1645 1449 185 61 action,
1852 1463 220 35 wherein

118 1517 88 53 the
231 1523 113 47 true
363 1517 207 54 balance
590 1518 54 53 of
665 1518 86 52 life
769 1518 43 53 is
838 1517 327 66 maintained,
1186 1517 94 53 but
1306 1518 54 52 in
1388 1517 261 72 dreaming
1673 1518 54 52 in
1753 1519 321 70 professorial

121 1592 194 66 chairs;
358 1611 56 34 or
463 1592 43 53 if
553 1591 68 71 by
672 1611 97 53 any
819 1592 187 65 others,
1051 1592 69 71 by
1161 1597 87 47 the
1289 1591 271 54 ambitious
1600 1592 164 71 youth
1801 1612 113 33 who
1953 1612 119 51 goes

120 1665 224 53 through
373 1685 63 33 an
463 1665 169 54 attack
660 1666 56 53 of
737 1666 334 71 metaphysics
1114 1685 52 33 as
1194 1685 29 34 a
1249 1665 137 53 child
1411 1685 119 51 goes
1556 1666 228 52 through
1811 1685 64 33 an
1902 1666 171 54 attack

122 1740 54 52 of
210 1759 227 47 measles,
475 1740 197 71 getting
708 1739 153 72 haply
889 1759 63 34 an
991 1739 271 71 immunity
1286 1740 132 52 from
1454 1760 28 33 a
1514 1739 187 53 similar
1727 1740 230 53 affection
1996 1741 78 53 for

120 1819 89 48 the
225 1819 102 48 rest
345 1815 54 52 of
420 1814 80 53 his
517 1814 113 65 life;
673 1833 56 34 or
748 1814 164 70 lastly,
930 1814 67 71 by
1017 1819 88 48 the
1125 1813 269 53 untrained
1411 1812 99 54 and
1535 1814 266 52 immature
1820 1814 250 53 intellects

123 1888 56 52 of
213 1895 146 46 those
403 1888 361 70 metaphysical
809 1887 231 54 dabblers
1080 1907 111 33 who
1232 1893 237 47 continue
1508 1888 186 70 youths
1733 1888 79 52 for
1845 1888 101 53 life.
2023 1890 51 51 A

123 1962 181 53 second
330 1963 118 64 fact,
475 1962 163 52 which
664 1963 90 51 has
782 1981 213 51 scarcely
1020 1967 84 66 yet
1142 1961 127 54 been
1308 1961 299 71 sufficiently
1635 1962 241 70 weighed,
1902 1963 43 52 is
1983 1962 90 54 the

124 2041 218 48 extreme
368 2036 177 53 favour
571 2036 54 52 in
650 2036 166 52 which
842 2036 282 71 biography
1149 2035 43 53 is
1230 2036 117 52 held
1374 2041 52 47 at
1451 2041 88 48 the
1564 2042 204 65 present
1800 2041 138 61 time,
1968 2037 102 53 and

126 2111 87 52 the
239 2110 138 53 large
405 2110 352 54 development
782 2110 166 52 which
972 2110 41 52 it
1038 2110 42 52 is
1107 2110 271 70 receiving.

196 2185 98 52 Let
321 2204 60 33 us
406 2184 120 53 look
552 2186 108 51 first
687 2189 52 48 at
765 2184 87 52 the
878 2184 190 71 import
1095 2184 53 53 of
1171 2183 296 71 biography.
1544 2183 75 54 As
1645 2183 86 53 the
1756 2183 230 54 business
2022 2184 57 53 of

127 2277 27 33 a
178 2277 118 33 man
321 2259 53 52 in
398 2263 88 48 the
509 2258 160 53 world
705 2258 41 53 is
786 2262 169 49 action
983 2258 55 52 of
1075 2277 137 33 some
1256 2258 145 65 kind,
1429 2257 99 53 and
1566 2277 53 33 as
1658 2258 78 52 his
1775 2264 166 47 action
1978 2278 96 33 un-

129 2332 276 71 doubtedly
432 2333 183 52 results
641 2333 131 51 from
799 2337 88 47 the
911 2338 236 46 relations
1174 2331 224 53 between
1422 2331 109 53 him
1559 2331 98 53 and
1683 2332 80 52 his
1791 2333 285 52 surround-

126 2406 129 71 ings,
283 2407 40 52 it
348 2407 42 51 is
416 2407 139 70 plain
578 2407 113 52 that
718 2406 298 70 biography,
1042 2406 162 52 which
1239 2410 252 48 estimates
1526 2405 129 53 both
1680 2406 88 52 the
1793 2406 278 53 individual

129 2480 96 52 and
250 2481 78 52 his
357 2480 398 65 circumstances,
784 2480 99 52 and
928 2480 220 53 displays
1186 2479 134 53 their
1356 2484 264 60 reactions,
1649 2498 92 34 can
1780 2480 143 53 alone
1963 2499 114 51 give

130 2573 64 33 an
221 2554 243 53 adequate
491 2559 214 48 account
733 2554 54 52 of
820 2559 89 47 the
943 2573 133 34 man.
1154 2553 161 53 What
1340 2573 100 33 was
1467 2559 86 47 the
1584 2553 226 53 mortal’s
1849 2554 136 52 force
2025 2554 56 53 of

131 2627 267 66 character,
437 2628 136 52 what
610 2647 100 33 was
755 2627 87 53 the
878 2627 135 53 force
1040 2628 55 51 of
1136 2626 402 66 circumstances,
1565 2627 114 52 how
1713 2627 63 52 he
1815 2627 263 70 struggled

130 2701 120 52 with
275 2707 155 60 them,
460 2702 99 53 and
598 2701 113 53 how
745 2701 64 52 he
841 2721 101 33 was
982 2700 206 53 affected
1234 2701 64 70 by
1324 2702 370 51 them,—what
1719 2720 100 33 was
1853 2702 88 52 the
1964 2702 111 52 life-

131 2776 215 69 product
372 2776 161 52 under
557 2782 87 46 the
669 2775 271 71 particular
966 2775 284 52 conditions
1278 2775 54 52 of
1365 2775 66 52 its
1459 2774 259 53 evolution
1740 2780 231 48 :—these
1996 2794 82 34 are

132 2854 85 47 the
244 2855 255 64 questions
519 2850 166 52 which
711 2869 28 32 a
766 2849 135 71 good
921 2849 278 70 biography
1219 2848 189 53 aspires
1433 2853 54 47 to
1515 2867 204 34 answer.
1797 2849 54 52 It
1870 2850 206 52 regards

133 2941 115 34 man
275 2943 52 32 as
355 2943 29 33 a
409 2942 228 35 concrete
663 2923 167 70 being,
860 2922 376 53 acknowledges
1274 2922 87 52 the
1402 2921 283 54 differences
1714 2921 221 54 between
1960 2942 118 34 men

133 2994 55 53 in
231 2997 277 53 characters
555 2997 100 54 and
696 2996 325 72 capabilities,
1060 2996 281 53 recognises
1396 2996 87 52 the
1522 2995 194 53 helpful
1767 3015 56 33 or
1872 2995 206 55 baneful

134 3068 241 55 influence
402 3072 54 52 of
494 3071 384 69 surroundings,
907 3070 99 53 and
1046 3070 246 71 patiently
1319 3070 205 52 unfolds
1559 3075 86 47 the
1675 3076 201 47 texture
1903 3071 55 52 of
1991 3071 86 52 life

137 3161 51 33 as
213 3144 87 52 the
324 3145 271 52 inevitable
620 3144 159 53 result
806 3144 54 52 of
897 3151 86 46 the
1009 3144 239 53 elements
1281 3149 91 47 out
1399 3144 55 52 of
1484 3143 180 65 which,
1694 3143 101 53 and
1832 3148 87 49 the
1958 3164 118 33 con-

138 3215 183 54 ditions
362 3237 161 34 under
547 3218 180 64 which,
755 3218 41 52 it
822 3218 89 52 has
938 3218 125 53 been
1088 3217 218 54 worked.
1384 3217 54 54 It
1475 3218 58 63 is,
1570 3217 53 52 in
1660 3218 117 64 fact,
1806 3222 86 48 the
1919 3218 158 71 appli-

139 3295 163 47 cation
326 3292 55 52 of
402 3292 212 70 positive
634 3292 189 52 science
843 3296 54 48 to
914 3292 190 52 human
1118 3292 100 64 life,
1243 3291 97 53 and
1356 3297 86 48 the
1457 3310 257 51 necessary
1735 3310 342 51 consequence

139 3363 54 51 of
212 3369 86 47 the
323 3384 230 50 progress
582 3366 54 52 of
657 3366 88 52 the
769 3365 259 53 inductive
1065 3365 318 71 philosophy.
1459 3365 86 52 No
1571 3365 201 64 marvel,
1799 3370 140 59 then,
1965 3365 113 52 that

138 3433 277 75 biography
439 3439 155 52 forms
622 3458 54 34 so
702 3439 138 52 large
866 3459 28 32 a
918 3445 113 64 part
1057 3440 55 52 of
1133 3440 88 52 the
1246 3440 258 51 literature
1521 3438 55 53 of
1597 3439 87 51 the
1711 3438 109 70 day,
1851 3437 97 53 and
1965 3443 112 48 that

139 3510 189 65 novels,
355 3511 65 53 its
462 3531 135 33 more
636 3532 55 33 or
728 3513 100 52 less
869 3513 205 52 faithful
1114 3513 221 63 mirrors,
1374 3531 81 34 are
1493 3512 52 52 in
1584 3531 54 34 so
1677 3516 142 65 great
1856 3517 218 47 request.

141 3581 105 53 The
284 3583 230 54 instincts
555 3587 54 51 of
641 3586 244 52 mankind
930 3605 81 33 are
1050 3586 133 65 here,
1226 3606 53 33 as
1330 3586 297 63 heretofore,
1666 3585 53 52 in
1763 3584 217 53 advance
2024 3585 56 53 of

145 3658 279 67 systematic
449 3658 295 73 knowledge
770 3679 55 33 or
851 3659 222 53 method.
