1933 3302
260 183 170 31 Versuche
454 192 42 21 an
520 182 156 31 Thieren.
721 179 240 34 Entwicklung
984 178 58 31 des
1065 177 495 41 Hospitalbrandcontagiums.
1658 177 49 38 95

118 291 94 37 dern
234 290 107 49 Tage
363 292 125 35 zeigte
510 288 79 37 sich
620 288 61 36 ein
710 300 268 35 missfarbiger
998 284 135 50 Belag,
1165 284 167 38 welcher
1361 284 80 38 sich
1462 297 93 25 aber
1575 283 39 37 in
1636 283 72 37 den

117 344 208 48 folgenden
357 343 133 38 Tagen
523 342 142 37 wieder
695 341 137 37 verlor.

246 397 80 38 Das
367 396 191 38 Interesse
599 395 124 37 dieser
753 393 199 39 Versuche
992 393 52 36 ist
1081 392 61 37 ein
1181 391 214 49 doppeltes.
1454 391 156 39 Einmal
1640 391 67 37 be-

119 452 143 37 weisen
291 451 55 37 sie
377 451 59 37 die
458 448 380 39 Uebertragbarkeit
868 447 67 37 der
956 445 231 39 Krankheit,
1221 445 101 37 dann
1353 446 92 36 aber
1475 446 138 50 zeigen
1640 458 66 34 sie,

119 505 85 38 dass
235 505 60 37 die
325 503 189 38 Infection
545 501 107 37 nicht
671 501 122 37 sofort
821 501 75 37 und
927 513 113 25 unter
1061 499 101 37 allen
1183 498 242 38 Umständen
1447 499 137 46 haftet,
1616 512 90 24 son-

119 559 93 37 dern
252 558 87 37 dass
377 559 107 35 nicht
520 555 83 37 blos
641 557 57 35 oft
737 554 195 38 dauernde
967 553 236 38 Berührung
1240 552 72 37 mit
1352 553 84 37 dem
1476 552 230 39 Infections-

117 611 177 38 material
330 611 39 37 in
408 608 228 39 reichlicher
666 607 160 52 Menge,
869 620 166 25 sondern
1076 606 97 39 auch
1216 618 142 25 andere
1395 605 312 53 begünstigende

117 664 214 38 Momente,
371 664 72 36 wie
485 676 31 23 z.
547 661 43 38 B.
624 660 427 51 Gewebsquetschung,
1091 660 256 38 Blutergüsse
1386 659 96 37 dazu
1521 666 184 43 gehören,

118 718 120 38 damit
276 718 60 36 die
365 715 190 39 Infection
586 715 136 37 haftet.
782 715 53 37 Es
874 716 181 36 stimmen
1095 714 119 37 damit
1250 713 120 50 völlig
1404 714 90 48 jene
1534 714 61 38 bei
1634 715 73 37 den

117 771 215 38 klinischen
371 768 332 39 Beobachtungen
743 771 226 35 erwähnten
1001 767 247 38 Thatsachen
1286 767 179 45 überein,
1506 767 86 38 dass
1631 781 74 25 von

118 825 94 37 zwei
243 823 104 38 dicht
384 823 314 37 nebeneinander
734 822 205 51 liegenden
971 820 522 39 Granulationsoberflächen
1525 821 60 37 die
1622 822 83 37 eine

118 877 199 39 erkrankt,
350 877 59 37 die
440 877 142 37 andere
613 876 171 37 dauernd
813 875 74 38 frei
917 875 138 38 bleibt,
1087 875 86 38 dass
1202 875 62 37 bei
1296 887 125 25 einem
1452 873 255 40 Schusscanal

116 932 60 37 die
200 930 244 50 Oeffnungen
466 930 231 38 erkranken,
730 930 66 37 der
818 929 117 38 Canal
955 929 197 37 freibleibt
1172 931 70 35 etc.
1280 927 130 51 (Siehe
1432 927 37 38 S.
1493 929 49 37 27
1564 942 36 24 u.
1624 928 80 49 28.)

244 983 232 38 Versuche
506 997 54 24 an
591 983 213 38 Thieren.
853 982 127 39 Schon
1008 983 53 37 im
1081 981 160 39 Anfang
1271 982 125 38 dieses
1417 981 287 39 Jahrhunderts

115 1038 67 38 hat
210 1052 89 23 man
330 1038 72 37 den
425 1037 104 50 Weg
559 1037 66 38 des
654 1037 296 49 Experimentes
979 1036 191 46 betreten,
1201 1050 65 23 um
1296 1035 79 38 sich
1407 1036 95 37 über
1533 1037 60 37 die
1621 1037 83 36 An-

115 1091 407 50 steckungsfähigkeit
539 1091 65 37 des
618 1090 349 38 Hospitalbrandes
981 1090 179 37 Klarheit
1172 1104 47 23 zu
1232 1089 252 38 verschaffen.
1509 1090 195 38 Thomas

114 1145 159 38 brachte
295 1145 62 37 bei
378 1146 22 36 3
422 1144 227 38 Kaninchen
679 1144 69 37 auf
772 1144 124 37 offene
923 1144 77 36 und
1022 1146 171 35 eiternde
1214 1143 185 38 Wunden
1419 1143 283 50 plumasseaux,

117 1199 143 38 welche
281 1201 70 35 mit
370 1197 445 50 Hospitalbrandjauche
835 1197 186 50 getränkt
1041 1210 143 34 waren,
1214 1197 77 37 und
1313 1197 89 38 liess
1423 1198 55 37 sie
1499 1198 70 37 mit
1586 1199 117 49 jenen

117 1254 35 43 6,
180 1254 57 36 12,
259 1253 50 36 24
326 1251 173 39 Stunden
518 1252 40 37 in
578 1251 234 38 Berührung
835 1272 48 4 —
905 1250 99 38 ohne
1024 1250 150 51 Erfolg.
1207 1250 146 51 Percy
1374 1254 150 47 sperrte
1546 1251 155 46 Hunde,

117 1307 123 37 denen
270 1319 40 25 er
340 1306 181 37 Wunden
561 1305 255 51 beigebracht
852 1304 125 46 hatte,
1016 1305 39 36 in
1084 1304 289 38 Krankensäle,
1411 1305 40 37 in
1481 1306 124 37 denen
1636 1306 67 37 der

116 1359 305 39 Hospitalbrand
448 1359 201 37 herrschte
671 1381 48 3 —
741 1371 99 25 ohne
861 1357 188 39 Resultat.
1098 1358 174 49 Marmy
1302 1358 90 38 liess
1414 1372 73 24 von
1518 1360 73 37 den
1621 1360 81 37 sein

116 1413 192 38 Lazareth
336 1413 304 37 umstreifenden
669 1413 227 36 türkischen
924 1411 168 38 Hunden
1125 1413 21 36 5
1174 1413 120 49 junge
1323 1412 141 38 Thiere
1495 1413 207 38 einfangen

115 1468 78 36 und
222 1467 158 37 brachte
409 1467 117 36 ihnen
554 1467 40 36 in
624 1465 266 38 Hauttaschen
918 1468 72 34 mit
1015 1464 447 51 Hospitalbrandjauche
1491 1469 209 47 getränkte

118 1519 356 39 Schwammstücke
505 1520 92 37 oder
627 1519 164 38 Charpie
820 1519 63 37 bei
912 1519 77 37 imd
1019 1519 216 37 verschloss
1265 1519 54 38 sie
1350 1520 121 37 durch
1501 1520 60 38 die
1581 1520 119 38 Naht.

116 1574 111 37 Auch
250 1587 40 24 er
310 1574 107 37 hatte
438 1574 91 36 kein
549 1575 184 47 positives
752 1572 191 38 Resultat.
974 1572 113 38 Auch
1107 1587 35 23 v.
1165 1572 134 38 Pitha
1320 1573 231 38 unternahm
1574 1575 126 49 einige

115 1626 211 39 Versuche,
369 1628 73 36 den
471 1626 305 38 Hospitalbrand
807 1625 69 37 auf
901 1625 229 38 Kaninchen
1168 1640 46 23 zu
1252 1626 237 38 übertragen
1521 1649 46 3 —
1601 1628 98 37 ohne

115 1681 150 37 Erfolg.
323 1680 205 38 Fischer
558 1679 314 38 experimentirte
903 1681 130 35 zuerst
1062 1679 70 37 mit
1161 1679 150 38 Erfolg.
1370 1680 55 37 Er
1455 1681 153 37 machte
1638 1681 62 38 bei

117 1737 20 34 5
159 1733 228 38 Kaninchen
407 1733 287 38 Hautschnitte,
728 1732 119 38 strich
876 1733 39 36 in
945 1733 104 37 diese
1080 1733 60 37 die
1162 1733 446 51 Hospitalbrandjauche
1639 1735 62 37 ein

116 1788 76 37 und
228 1787 144 38 schloss
402 1788 54 37 sie
488 1787 118 37 durch
637 1787 59 37 die
727 1786 120 38 Naht.
905 1786 70 37 Bei
1005 1786 101 38 allen
1138 1786 169 39 Thieren
1347 1788 230 38 entstanden
1607 1788 91 38 cha-

116 1841 289 38 rakteristische
434 1841 358 49 hospitalbrandige
824 1839 235 38 Geschwüre
1077 1870 7 16 ,
1123 1840 168 38 bedeckt
1319 1841 71 37 mit
1418 1841 281 39 braungelbem

115 1894 140 51 Belag,
296 1895 192 37 umgeben
517 1907 75 24 von
622 1894 107 37 stark
759 1893 296 50 geschwellten,
1087 1894 252 49 gerötheten,
1370 1895 213 38 theilweise
1614 1910 84 23 zer-

115 1948 219 37 fressenen,
379 1948 309 37 schmerzhaften
731 1947 315 37 Wundrändern.
1105 1947 98 38 Zum
1247 1948 114 38 Theil
1403 1949 171 38 bildeten
1618 1950 80 37 sich

116 2002 118 36 dann,
265 2001 59 37 bis
355 2001 60 37 die
447 2001 141 37 Thiere
619 2001 173 37 starben,
834 2014 131 24 enorm
996 2013 134 37 grosse
1169 2001 212 38 subcutane
1409 2002 287 47 Brandhöhlen,

115 2055 208 49 durchweg
353 2054 269 38 ausgekleidet
650 2055 71 36 mit
751 2055 73 36 den
854 2054 258 50 schmierigen
1142 2055 266 49 gelbbraunen
1430 2056 265 38 Membranen.

113 2108 154 37 Einmal
297 2109 213 37 erstreckte
540 2107 81 38 sich
651 2108 83 37 eine
771 2107 129 38 solche
931 2107 128 38 Höhle
1095 2108 96 38 über
1222 2109 73 37 den
1324 2122 150 37 ganzen
1505 2109 193 39 Schenkel

114 2161 58 37 bis
202 2162 68 36 auf
296 2162 73 37 den
398 2161 160 38 Rücken
588 2162 78 36 und
703 2162 96 36 über
839 2162 72 36 den
950 2174 151 37 ganzen
1131 2161 96 38 Leib
1258 2161 57 38 bis
1346 2176 46 23 an
1424 2163 73 37 den
1528 2163 167 38 Thorax.

117 2214 110 37 Auch
255 2215 63 37 bei
355 2215 123 37 einem
509 2214 312 38 Wachtelhunde
862 2215 178 37 entstand
1076 2215 388 38 charakteristischer
1494 2216 202 50 Hospital-

115 2268 133 37 brand,
270 2267 184 38 während
469 2268 64 37 bei
549 2268 122 37 einem
689 2267 124 38 Pudel
829 2268 49 36 10
895 2267 234 51 Impfungen
1146 2268 282 51 fehlschlugen.
1467 2269 45 38 0.
1532 2270 164 38 Weber

114 2321 77 37 und
221 2320 170 38 Heine
420 2321 161 49 impften
614 2322 22 36 3
666 2320 153 38 Hunde.
878 2320 89 38 Ihre
997 2321 219 46 Resultate,
1257 2322 145 38 welche
1432 2322 171 38 Heine
1634 2324 62 37 für

114 2377 164 46 positive
308 2374 93 45 hält,
434 2374 81 37 sind
544 2374 107 37 nicht
679 2387 291 24 unanfechtbar.
1021 2373 111 39 Nach
1161 2374 38 38 N
1209 2389 24 23 u
1245 2389 16 24 s
1274 2389 16 24 s
1300 2376 23 37 b
1335 2390 22 23 a
1367 2390 22 23 u
1403 2377 69 37 m's
1504 2376 191 39 Angaben

116 2427 149 38 machte
316 2428 101 36 1873
466 2427 259 50 Bollinger
773 2427 513 50 Uebertragungsversuche
1327 2429 70 37 auf
1434 2429 142 39 Thiere
1618 2432 77 37 und

115 2483 180 35 erzeugte
325 2480 189 38 hässliche
548 2480 394 37 milzbrandähnliche
974 2480 251 47 Geschwüre,
1265 2483 146 37 welche
1447 2484 93 36 aber
1576 2483 119 39 leicht

116 2533 141 37 wieder
295 2534 155 37 heilten.
516 2533 129 38 Wenn
685 2533 96 37 auch
823 2534 130 37 diesen
994 2533 225 39 Versuchen
1259 2535 97 38 noch
1399 2536 59 37 die
1506 2536 186 39 heutigen

115 2586 208 38 Methoden
344 2601 66 23 zur
433 2587 182 37 weiteren
634 2587 268 49 Erforschung
924 2587 66 37 der
1010 2586 493 50 Hospitalbrandinfection
1532 2590 160 47 fehlten,

115 2652 41 25 .so
195 2639 94 50 geht
328 2641 232 48 wenigstens
591 2653 67 24 aus
687 2639 223 38 Fischer's
939 2639 224 39 Versuchen
1193 2645 71 34 mit
1293 2641 217 39 Sicherheit
1538 2643 152 48 hervor,

115 2693 87 37 dass
231 2692 80 38 sich
340 2693 67 37 der
436 2693 302 49 Hospitalbrand
767 2693 183 37 wirksam
980 2693 69 37 auf
1075 2693 142 39 Thiere
1247 2696 236 50 übertragen
1513 2696 105 38 lässt.

298 2806 126 39 Lieber
454 2807 61 39 die
548 2807 268 49 Entwicklung
849 2808 71 38 des
953 2807 564 42 Hospitalbrandcontagiums

115 2904 124 37 haben
260 2903 98 38 viele
389 2905 66 36 der
484 2905 102 37 alten
608 2905 215 50 Chirurgen
853 2918 97 36 ganz
970 2905 220 38 bestimmte
1214 2907 213 37 Ansichten
1453 2911 236 35 aufgestellt,

116 2956 290 51 Dussaussoy
435 2957 115 38 nahm
580 2971 64 33 an,
677 2958 84 37 dass
791 2958 59 37 die
881 2958 219 38 Krankheit
1128 2959 110 38 mehr
1267 2960 52 37 im
1349 2959 175 40 Sommer
1553 2961 55 39 als
1638 2963 53 37 im
