2107 3450
790 279 230 32 AUDITORY
1054 279 207 32 APHASIA.

1764 267 84 41 295

202 434 108 55 Wliy
331 433 220 56 Auditory
573 431 202 43 Aphasia
795 446 88 28 was
902 446 42 28 so
965 432 127 42 much
1113 433 109 41 later
1252 432 51 42 in
1334 431 121 56 being
1476 430 237 43 recognised
1745 430 107 42 than

629 504 141 43 Motor
790 504 212 55 Aphasia.
1067 503 66 43 Its
1158 503 256 56 Curability.

249 618 45 41 It
315 617 37 43 is
369 616 263 44 interesting
655 621 43 38 to
716 616 202 42 consider
935 616 75 43 the
1028 616 203 56 question
1253 616 102 43 why
1374 616 75 42 the
1466 616 95 42 first
1578 622 271 48 recognition

188 689 45 43 of
254 688 206 56 auditory
482 688 179 43 aphasia
685 702 86 28 was
795 701 46 29 so
867 687 131 44 much
1021 688 112 43 later
1155 688 110 43 than
1288 688 98 43 that
1409 689 47 42 of
1485 701 145 29 motor
1657 700 192 42 aphasia.

188 761 137 43 There
349 775 117 29 seem
488 765 45 38 to
555 760 53 43 be
633 760 122 43 three
778 774 187 30 reasons.

249 832 34 43 1.
318 833 112 42 That
454 833 166 42 disease
644 847 46 28 or
713 832 295 44 disablement
1030 834 46 42 of
1097 833 73 43 the
1193 834 82 42 left
1293 834 94 42 first
1404 832 217 45 temporal
1640 831 208 44 convolu-

184 904 91 43 tion
302 905 37 56 ("
355 903 275 45 "Wernicke's
654 905 284 43 convolution
955 905 41 57 ")
1023 906 37 42 is
1093 912 79 37 not
1204 921 46 28 so
1283 921 203 28 common
1520 920 46 29 as
1600 905 166 43 disease
1800 919 47 27 or

187 977 291 43 disablement
501 977 47 43 of
566 977 173 43 Broca's
763 983 297 39 convolution.

248 1050 36 42 2.
318 1050 114 42 That
453 1050 66 42 for
541 1064 25 28 a
587 1049 104 57 long
712 1049 120 43 time,
849 1063 56 29 no
924 1049 149 54 doubt,
1089 1065 134 41 many
1242 1064 119 29 cases
1379 1050 47 42 of
1445 1050 205 55 auditory
1668 1047 182 57 aphasia

188 1136 111 29 were
321 1122 221 43 mistaken
566 1122 65 43 for
653 1136 119 29 cases
795 1122 45 42 of
872 1122 167 42 mental
1061 1122 324 57 derangement.
1451 1122 150 42 When
1633 1135 25 28 a
1689 1134 160 42 person

187 1194 98 43 who
308 1195 231 42 obviously
563 1194 129 43 could
714 1195 117 42 hear,
856 1209 86 27 was
965 1199 76 51 yet
1063 1195 162 42 unable
1248 1200 44 37 to
1316 1194 273 43 understand
1616 1193 120 42 what
1759 1206 88 28 was

188 1268 93 42 said
306 1273 43 36 to
372 1267 107 42 him,
495 1267 87 42 and
599 1267 165 43 replied
789 1271 44 38 to
857 1267 227 56 questions
1102 1268 47 40 in
1172 1282 24 27 a
1215 1267 157 42 totally
1395 1267 239 42 irrelevant
1652 1278 197 37 manner,

185 1339 37 42 it
244 1354 88 28 was
362 1354 107 28 very
490 1339 177 43 natural
700 1343 45 38 to
778 1353 188 42 suppose
1000 1339 97 42 that
1119 1339 55 43 he
1199 1354 88 28 was
1311 1339 210 43 suffering
1544 1339 111 41 from
1678 1336 170 44 mental

185 1412 323 49 derangement.
592 1412 92 41 The
726 1411 226 42 condition
995 1426 89 28 was
1127 1416 78 38 not
1259 1412 100 42 well
1410 1410 270 43 understood
1729 1409 119 42 until

184 1483 250 42 Wernicke,
456 1483 46 41 in
529 1482 128 51 1874,
680 1482 161 43 clearly
865 1482 172 43 defined
1060 1483 46 50 it,
1130 1483 87 42 and
1241 1482 229 43 described
1492 1483 58 41 its
1574 1494 258 42 symptoms.

243 1556 37 42 3.
316 1555 124 52 That,
479 1555 145 42 owing
661 1559 45 37 to
744 1554 165 43 speedy
946 1554 235 43 education
1216 1555 47 42 of
1298 1556 76 41 the
1415 1553 278 44 uneducated
1727 1552 120 57 right

182 1626 204 54 auditory
409 1631 159 37 centre,
592 1625 76 43 the
690 1625 150 43 effects
863 1640 121 41 upon
1006 1626 159 42 speech
1184 1627 44 41 of
1250 1641 25 27 a
1297 1626 139 43 lesion
1460 1626 48 41 in
1531 1625 75 42 the
1630 1623 215 44 educated

180 1695 81 43 left
283 1695 204 42 auditory
510 1700 149 37 centre
681 1709 101 42 pass
806 1695 68 42 off,
898 1695 48 41 in
978 1709 25 28 a
1035 1695 118 57 large
1185 1696 259 56 proportion
1477 1695 46 42 of
1555 1707 133 30 cases,
1710 1692 135 42 much

180 1782 118 29 more
322 1767 183 57 quickly
527 1768 108 42 than
659 1768 75 42 the
768 1768 149 43 effects
951 1768 44 42 of
1033 1782 25 28 a
1089 1768 141 43 lesion
1263 1770 48 41 of
1344 1769 76 42 the
1453 1767 216 44 educated
1701 1773 145 35 motor

181 1845 159 39 centre.
405 1841 239 42 Wernicke
682 1855 100 28 says
815 1841 99 42 that
948 1841 74 43 the
1056 1841 344 44 word-deafness
1433 1841 123 43 often
1589 1853 149 44 passes
1771 1838 72 57 off,

180 1913 87 42 and
289 1913 159 56 speech
467 1913 37 43 is
523 1912 205 43 restored,
746 1913 47 41 in
810 1913 77 43 the
906 1927 150 29 course
1075 1914 46 42 of
1141 1914 68 42 six
1228 1929 47 27 or
1299 1928 121 29 eight
1439 1927 155 29 weeks.
1651 1912 56 42 In
1725 1925 119 29 some

181 1999 130 39 cases,
333 1985 217 43 however,
577 1984 76 43 the
686 1989 246 52 symptoms
965 1999 72 29 are
1070 1990 273 52 permanent,
1366 2001 48 28 or
1446 2000 100 42 pass
1580 1999 124 42 away
1738 1998 103 42 only

182 2073 104 41 very
313 2058 165 55 slowly.
543 2058 46 43 It
621 2059 36 41 is
691 2059 243 55 important
965 2062 46 38 to
1043 2064 104 38 note
1179 2059 110 53 that,
1313 2060 130 43 when
1474 2073 210 29 recovery
1716 2058 128 42 takes

178 2130 138 55 place,
338 2130 75 42 the
436 2129 376 43 Word-Deafness
836 2130 226 58 generally
1085 2145 148 42 passes
1259 2132 65 42 off
1349 2132 148 43 before
1519 2131 76 43 the
1628 2130 215 44 Amnesia

180 2202 200 43 Verbalis
404 2202 87 42 and
514 2201 275 57 Paraphasia.

240 2272 196 58 Perhaps
458 2274 91 43 this
570 2278 171 53 greater
763 2274 239 44 curability
1025 2276 44 42 of
1102 2276 205 57 auditory
1330 2277 182 56 aphasia
1543 2291 105 29 may
1669 2277 54 43 be
1756 2276 87 42 due

178 2350 44 39 to
245 2346 75 43 the
343 2346 90 42 fact
455 2345 98 44 that
575 2346 75 43 the
672 2346 207 57 auditory
900 2352 150 38 centre
1071 2348 38 42 is
1131 2348 76 44 the
1230 2349 95 43 first
1347 2353 46 39 to
1415 2349 168 44 receive
1607 2354 236 38 education

176 2418 45 42 in
245 2418 173 58 speech,
440 2418 87 42 and
551 2417 97 44 that
669 2419 211 56 possibly,
897 2419 47 42 in
967 2421 248 42 connexion
1239 2421 109 43 with
1370 2421 59 44 its
1452 2421 247 44 education,
1716 2421 125 43 there

176 2490 37 43 is
238 2505 119 29 more
380 2495 21 17 "
417 2490 203 43 overflow
636 2490 20 16 "
680 2496 45 37 to
748 2491 76 43 the
846 2491 126 44 other
993 2492 95 44 side
1110 2493 108 43 than
1242 2494 37 43 is
1302 2494 77 43 the
1402 2508 98 29 case
1522 2494 45 43 in
1593 2508 249 30 connexion

178 2563 106 43 with
323 2563 75 43 the
436 2563 232 43 education
707 2563 45 43 of
790 2563 74 44 the
902 2568 144 40 motor
1083 2571 161 38 centre.
1309 2566 221 44 However
1568 2568 37 42 it
1644 2582 103 28 may
1788 2567 54 43 be

176 2635 248 57 explained,
448 2636 76 43 the
557 2636 90 44 fact
678 2637 204 53 remains,
904 2637 98 43 that
1024 2638 47 42 in
1095 2652 119 30 cases
1248 2640 48 42 of
1324 2640 206 58 auditory
1552 2641 182 57 aphasia
1756 2641 86 43 due

176 2712 45 37 to
254 2707 271 44 destruction
558 2710 47 41 of
633 2708 75 43 the
742 2714 150 39 centre
923 2709 44 43 A
1002 2710 76 44 the
1110 2711 227 44 "Further
1369 2712 286 44 Education."
1688 2715 45 41 of
1766 2714 75 43 the

176 2779 204 57 auditory
403 2785 146 38 centre
572 2781 46 42 of
639 2781 74 43 the
737 2782 200 56 opposite
960 2782 92 44 side
1076 2783 36 43 is
1136 2782 138 45 easier
1301 2785 87 42 and
1415 2786 133 43 faster
1580 2786 107 42 than
1721 2786 50 42 is,
1795 2787 45 40 in

178 2856 140 38 motor
360 2852 193 56 aphasia,
586 2853 74 43 the
698 2854 170 43 further
907 2855 235 43 education
1182 2857 44 42 of
1269 2857 76 44 the
1382 2859 280 43 uneducated
1701 2864 141 38 motor

176 2937 158 29 centre.
398 2924 91 43 The
513 2924 226 58 following
762 2927 35 42 is
821 2941 56 28 an
900 2927 263 59 interesting
1195 2943 98 30 case
1315 2930 146 44 which
1483 2930 245 44 illustrates
1752 2932 88 42 this

177 2996 137 56 point,
351 2996 86 42 and
481 2995 144 46 which
668 2998 155 54 shows,
862 3000 182 44 further,
1085 3001 98 43 that
1219 3003 160 56 speech
1419 3018 103 42 may
1560 3005 53 42 be
1651 3007 189 56 entirely

177 3068 230 42 recovered
441 3082 110 29 even
589 3069 111 43 after
737 3071 111 42 total
885 3072 273 43 destruction
1200 3074 45 42 of
1281 3074 108 43 both
1428 3076 47 42 of
1510 3075 75 43 the
1625 3083 213 38 educated

175 3143 182 50 centres,
380 3139 204 44 auditory
607 3141 87 42 and
720 3146 152 40 motor.
