1933 3302
730 170 122 33 Fieber
874 171 91 34 beim
990 174 277 33 Hospitalbrand.

190 164 54 38 44

401 324 48 42 G.
495 325 588 57 Allgemeiuersclieinuiigeii
1113 335 112 39 beim
1255 338 347 40 Hospitalbraiid.

325 433 210 50 Delpech
566 435 110 51 giebt
705 451 65 32 an,
809 439 88 37 dass
928 439 103 39 diese
1060 441 109 39 nicht
1197 443 139 48 sofort,
1373 447 164 38 sondern
1566 462 61 24 am
1658 452 142 46 5.—0.,

192 487 119 38 meist
340 490 79 35 erst
450 502 61 24 am
546 490 184 38 12.-15.
754 491 107 50 Tage
892 493 206 39 auftreten.
1147 495 112 39 Auch
1280 498 184 40 Demme
1494 505 98 47 sagt,
1624 503 86 38 dass
1737 505 67 38 der

193 540 313 51 Hospitalbrand
551 544 179 37 ziemlich
777 545 91 37 weit
913 546 271 41 fortschreiten
1222 551 144 48 könne,
1416 553 99 39 ohne
1553 555 130 40 seinen
1721 558 82 38 rein

193 594 152 39 localen
375 594 216 41 Charakter
620 611 46 24 zu
695 598 201 39 verlieren.
942 600 87 39 Von
1052 602 76 37 200
1149 602 330 55 Beobachtungen
1498 621 80 25 war
1605 609 61 38 bei
1696 611 108 38 mehr

194 648 57 39 als
292 649 67 38 der
394 649 137 40 Hälfte
568 651 67 38 der
669 652 107 38 Fälle
810 653 92 38 kein
941 654 211 40 deutliches
1187 657 349 53 Allgemeinleiden
1570 665 231 37 vorhanden.

194 702 74 39 Bei
300 704 48 37 67
371 703 138 39 Fällen
538 707 129 36 traten
696 705 141 39 leichte
867 707 137 39 febrile
1034 710 77 37 und
1141 712 213 49 gastrische
1384 714 327 53 Erscheinungen,
1743 718 61 38 bei

195 757 51 38 33
282 756 139 40 Fällen
460 761 172 36 ernstere
663 758 221 53 Störungen
923 762 76 37 auf.
1059 763 87 38 Wir
1179 771 156 34 müssen
1364 768 177 39 indessen
1570 770 101 39 diese
1700 770 102 39 Aus-

196 811 166 50 sprüche
401 812 54 37 im
486 811 118 39 Sinne
643 814 68 37 der
749 818 224 46 genannten
1002 816 243 40 Beobachter
1283 821 212 47 auffassen,
1532 824 173 38 welchen
1743 825 61 38 die

194 879 172 25 neueren
386 866 245 47 Hilfsmittel,
666 867 60 38 die
748 868 308 40 Thermometrie
1078 874 70 37 etc.
1176 872 147 39 fehlten
1343 875 78 38 und
1449 876 143 39 welche
1621 891 73 24 nur
1710 879 93 37 den-

191 920 162 50 jenigen
389 921 63 36 für
482 920 210 50 allgemein
711 921 154 39 leidend
896 923 181 46 ansahen,
1111 926 66 37 der
1198 926 116 38 schon
1345 928 60 38 ein
1427 930 280 49 ausgebildetes
1729 931 74 38 Ge-

194 987 123 37 präge
359 974 253 51 allgemeiner
655 974 268 54 Erkrankung
963 991 66 24 zur
1068 978 127 39 Schau
1234 983 101 49 trug.
1385 981 235 40 Betrachten
1649 985 70 37 wir
1752 985 54 37 im

193 1027 230 51 Folgenden
454 1028 60 37 die
534 1027 535 55 Allgemeinerscheinungen
1097 1033 104 38 beim
1219 1033 305 52 Hospitalbrand
1554 1037 146 39 einzeln
1728 1039 77 37 und

195 1096 103 24 zwar
327 1084 189 36 zunächst

855 1193 31 39 1.
917 1192 68 39 das
1015 1193 145 40 Fieber.

330 1296 55 39 Es
415 1311 81 23 war
525 1296 107 39 nicht
662 1297 63 38 bei
755 1298 101 38 allen
885 1298 136 39 Fällen
1050 1300 223 39 vorhanden
1310 1302 77 37 und
1415 1302 51 37 ist
1495 1301 173 40 offenbar
1694 1303 113 39 keine

198 1365 43 25 so
283 1351 151 39 sichere
478 1352 80 37 und
597 1353 97 36 stete
724 1351 415 54 Begleiterscheinung
1174 1355 123 38 dieser
1326 1355 234 47 Krankheit,
1599 1357 70 37 wie
1698 1371 30 23 z.
1759 1357 45 38 B.

197 1407 67 38 des
302 1405 214 50 Erysipels.
584 1405 394 40 Selbstverständlich
1014 1408 128 38 lassen
1180 1409 81 38 sich
1298 1423 73 24 nur
1408 1409 60 38 die
1505 1409 191 52 Angaben
1741 1412 67 37 der

196 1474 129 25 neuen
346 1459 283 40 Schriftsteller
649 1462 241 46 verwenden,
923 1461 144 39 welche
1089 1462 120 38 schon
1229 1464 66 37 der
1314 1463 85 38 Zeit
1428 1464 67 37 der
1518 1465 288 38 methodischen

198 1515 498 50 Temperaturmessungen
716 1515 234 51 angehören.
996 1515 193 39 Fischer
1209 1517 109 50 giebt
1338 1531 59 24 an,
1421 1517 86 38 dass
1527 1518 64 37 bei
1610 1518 197 39 schweren

195 1569 169 39 Formen
395 1582 76 25 von
500 1568 309 51 Hospitalbrand
838 1584 74 24 nur
941 1570 323 39 ausnahmsweise
1293 1571 90 38 kein
1407 1571 138 38 Fieber
1572 1573 235 45 vorhanden,

197 1623 192 40 vielmehr
428 1623 60 38 die
527 1623 163 50 pulpöse
720 1624 117 38 Form
874 1624 79 38 fast
981 1625 255 50 regelmässig
1264 1639 75 24 von
1375 1625 110 38 mehr
1519 1626 91 37 oder
1639 1639 168 37 weniger

197 1678 145 38 hohem
380 1677 141 38 Fieber
558 1678 188 50 begleitet
783 1678 66 38 sei.
908 1678 114 38 Auch
1060 1679 60 37 die
1157 1679 334 50 ulcerös-pulpöse
1520 1679 116 38 Form
1672 1679 140 38 verlief

199 1735 73 36 mit
301 1731 154 47 Fieber,
487 1732 178 50 dagegen
695 1732 60 37 die
786 1732 173 38 ulceröse
988 1733 113 37 meist
1131 1733 99 38 ohne
1260 1733 174 38 dasselbe
1473 1733 91 37 oder
1601 1733 70 37 mit
1708 1746 98 37 ganz

199 1787 191 51 geringen
419 1786 421 50 Fieberbewegungen.
898 1785 114 39 Auch
1040 1786 173 51 König
1243 1787 240 38 constatirte,
1521 1787 86 37 dass
1638 1787 170 38 einzelne

198 1841 142 38 leichte
370 1840 108 38 Fälle
509 1840 100 38 ohne
645 1840 75 38 alle
751 1841 459 50 Temperaturerhöhung
1246 1840 202 39 verliefen,
1488 1841 78 37 und
1602 1840 206 51 Heiberg

199 1896 111 51 giebt
340 1909 61 24 an,
441 1895 88 37 dass
560 1894 244 38 sämmtliche
834 1895 179 38 fieberlos
1043 1895 277 38 verlaufenden
1347 1894 118 38 Fälle,
1496 1894 143 38 welche
1670 1907 40 25 er
1737 1895 69 36 be-

201 1963 223 26 obachtete,
468 1948 140 39 leichte
646 1949 80 38 und
764 1949 297 38 oberflächliche
1091 1962 146 25 waren,
1277 1949 99 38 ohne
1412 1948 71 38 alle
1519 1948 176 38 Taschen
1729 1948 78 37 und

198 2004 397 50 Unterminirungen;
632 2016 40 25 er
702 2003 85 38 hält
814 2004 242 37 demgemäss
1084 2003 66 38 das
1181 2002 138 38 Fieber
1357 2002 63 38 für
1446 2002 61 38 ein
1538 2001 268 50 Resorptions-

199 2059 133 38 fieber.
379 2057 185 38 Indessen
586 2057 69 37 sah
677 2070 39 25 er
737 2058 295 37 oberflächliche
1053 2056 275 40 Ulcerationen
1347 2056 183 38 zuweilen
1551 2055 98 38 auch
1667 2055 139 38 fieber-

199 2113 88 38 haft
323 2112 215 39 verlaufen.
601 2111 77 38 Ein
720 2111 242 38 bestimmter
999 2111 131 50 Typus
1170 2111 66 37 der
1273 2110 357 49 Fieberbewegung
1664 2110 144 37 konnte

199 2170 111 36 nicht
346 2166 242 39 festgestellt
616 2166 166 38 werden.
841 2165 96 39 Was
976 2166 74 37 den
1079 2165 151 37 Beginn
1270 2165 64 37 des
1363 2163 158 38 Fiebers
1563 2163 159 45 betrifft,
1766 2175 43 25 so

199 2235 134 26 wurde
363 2221 136 38 früher
538 2220 165 38 darüber
732 2219 224 52 gestritten,
994 2220 47 37 ob
1078 2232 39 24 es
1151 2232 107 24 nicht
1287 2217 119 39 schon
1441 2217 56 37 als
1527 2217 184 37 Prodrom
1742 2217 67 36 der

200 2276 225 39 Krankheit
455 2277 181 36 auftrete,
667 2273 236 39 namentlich
934 2287 46 24 zu
1011 2274 66 37 der
1097 2272 94 38 Zeit,
1223 2273 39 37 in
1282 2272 166 38 welcher
1479 2271 135 38 ethche
1634 2269 175 39 Autoren

202 2331 74 38 den
295 2329 312 40 Hospitalbrand
634 2328 56 38 als
712 2328 84 38 eine
817 2327 224 51 speciflsche
1061 2325 406 40 AUgenieininfection
1489 2325 212 37 auffassten
1730 2323 78 38 und

203 2385 61 38 die
304 2384 190 39 örtlichen
523 2383 325 39 Erscheinungen
886 2396 49 24 an
971 2382 66 37 der
1067 2381 154 37 Wunde
1255 2394 73 23 nur
1365 2380 56 37 als
1451 2378 197 51 Symptom
1678 2380 130 47 gelten

200 2439 157 39 Hessen.
415 2438 114 38 Nach
559 2438 75 37 den
662 2437 246 38 zahlreichen
936 2435 350 50 Beobachtungen,
1332 2434 60 37 die
1426 2432 213 50 vorliegen,
1680 2431 50 38 ist
1768 2443 40 25 es

201 2492 306 40 unzweifelhaft,
540 2492 88 37 dass
659 2492 67 37 das
746 2491 150 38 Fieber,
929 2504 41 24 so
990 2489 91 38 weit
1111 2502 39 25 es
1179 2502 88 25 vom
1287 2486 305 51 Hospitalbrand
1612 2484 198 50 abhängig

201 2549 69 38 ist,
315 2550 80 36 erst
429 2546 72 39 mit
537 2546 67 37 der
634 2546 187 37 örtlichen
850 2544 182 38 Invasion
1069 2544 66 37 der
1162 2541 219 40 Krankheit
1415 2540 171 50 beginnt.
1643 2538 69 38 Ich
1740 2537 70 38 sah

201 2603 64 39 bei
305 2614 201 27 einzelnen
542 2599 170 38 leichten
742 2599 135 38 Fällen
917 2599 66 37 das
1013 2597 138 39 Fieber
1187 2595 175 39 zugleich
1399 2594 70 38 mit
1508 2594 86 37 dem
1630 2592 179 39 Schmerz

202 2660 116 36 unter
340 2657 74 37 den
435 2657 129 36 ersten
586 2653 252 50 Symptomen
859 2653 67 38 der
946 2651 218 39 Krankheit
1185 2651 209 37 auftreten;
1426 2661 39 25 es
1491 2646 118 51 steigt
1627 2647 181 36 rneistens

204 2710 204 41 allmählig
436 2710 42 38 in
505 2709 105 37 2—3
632 2707 136 51 Tagen
798 2721 59 24 an,
889 2720 73 25 nur
992 2708 123 36 selten
1145 2717 91 26 aber
1264 2703 162 50 beginnt
1456 2714 38 25 es
1515 2699 204 40 stürmisch
1738 2701 72 34 mit

204 2766 128 39 einem
363 2763 289 40 Schüttelfrost.
711 2761 166 38 König
905 2760 254 39 beobachtete
1187 2758 40 37 in
1257 2769 194 26 schweren
1479 2754 150 45 Fällen,
1665 2765 144 25 welche

203 2820 129 52 gleich
348 2819 182 49 Anfangs
551 2816 135 50 Belag,
708 2814 298 50 Hämorrhagie,
1037 2813 118 38 tiefen
1176 2811 153 45 Zerfall,
1351 2809 187 50 Röthung
1557 2807 77 38 und
1655 2818 153 26 enorme

204 2871 397 43 Schmerzhaftigkeit
636 2870 42 37 in
716 2870 67 37 der
819 2868 224 39 Peripherie
1081 2868 68 37 der
1177 2864 153 39 Wunde
1368 2876 170 37 zeigten,
1577 2862 52 37 im
1657 2859 151 50 Beginn

203 2928 293 39 Frostschauer,
528 2924 185 39 zuweilen
736 2922 286 46 Schüttelfrost,
1049 2922 41 49 ja
1117 2921 109 37 nicht
1253 2920 122 36 selten
1402 2917 157 38 leiteten
1587 2912 221 39 mehrfache

206 2982 301 40 Schüttelfröste
534 2980 39 37 in
594 2977 328 52 beängstigender
950 2975 133 39 Weise
1105 2974 59 39 die
1185 2971 217 39 Krankheit
1432 2970 76 46 ein,
1540 2967 179 39 wäln-end
1749 2965 60 38 die
