2107 3450
334 300 207 41 APHASIA,
576 299 103 31 ETC.,
711 298 50 31 IN
794 296 227 33 RELATION
1054 296 54 32 TO
1142 295 285 33 FUNCTIONAL
1459 295 264 32 DISORDERS.
1774 284 86 45 377

807 877 286 44 CHAPTER
1125 876 127 44 XIV.

194 1013 209 45 Aphasia
441 1028 93 31 and
573 1017 159 43 Other
770 1017 353 43 Disturbances
1156 1028 55 30 of
1244 1016 175 42 Speech
1452 1026 47 31 in
1534 1016 236 42 Relation
1801 1023 56 32 to

254 1088 304 44 Evanescent
591 1090 209 43 Organic
831 1090 287 43 Affections
1146 1101 93 31 and
1272 1089 298 42 Functional
1590 1088 268 42 Disorders

257 1172 54 31 of
341 1172 90 32 the
464 1162 240 44 Cerebral
736 1163 194 43 Cortex.

258 1282 51 42 It
330 1282 79 43 has
433 1284 120 43 often
576 1285 110 42 been
708 1284 162 57 argued
902 1283 98 43 that
1033 1283 123 42 there
1189 1297 79 28 can
1302 1282 55 43 be
1389 1296 57 28 no
1480 1281 108 44 such
1611 1280 129 57 thing
1762 1294 47 29 as
1831 1294 26 28 a

194 1353 158 55 purely
387 1354 247 43 functional
671 1355 201 43 affection
894 1370 10 38 ;
947 1355 187 42 because
1174 1354 202 42 function
1413 1353 88 42 and
1544 1356 221 39 structure
1802 1365 54 43 go

194 1425 208 55 together,
425 1426 87 42 and
546 1426 123 43 there
703 1441 80 28 can
824 1427 49 42 be
908 1441 57 28 no
1001 1440 166 29 change
1203 1425 47 42 in
1286 1425 76 43 the
1395 1439 83 28 one
1501 1424 192 42 without
1714 1437 142 29 corre-

192 1497 218 56 sponding
433 1498 165 56 change
622 1499 46 41 in
692 1499 76 42 the
790 1498 136 43 other.
981 1497 104 52 But,
1109 1497 170 43 though
1302 1511 65 29 we
1389 1501 131 52 grant
1546 1496 76 43 the
1645 1495 212 44 essential

191 1569 243 43 soundness
458 1570 47 41 of
523 1570 89 42 this
634 1570 206 56 position,
862 1570 88 43 and
977 1570 142 42 admit
1151 1569 76 43 the
1261 1570 89 41 fact
1383 1568 98 43 that
1513 1583 58 28 an
1603 1567 251 57 advancing

191 1640 237 58 pathology
460 1642 38 42 is
537 1642 252 57 constantly
834 1647 278 38 subtracting
1160 1642 113 42 from
1309 1641 75 43 the
1420 1640 77 44 list
1530 1641 48 42 of
1607 1640 249 43 functional

190 1714 227 43 affections
440 1715 86 42 and
549 1715 165 43 adding
735 1720 44 38 to
814 1715 98 43 that
944 1715 47 43 of
1020 1714 240 44 structural
1289 1714 204 43 diseases,
1517 1728 64 29 we
1613 1718 77 52 yet
1722 1713 134 43 know

191 1784 96 44 how
310 1786 276 52 convenient,
607 1787 272 56 practically,
901 1787 37 42 is
962 1787 76 42 the
1072 1786 262 43 distinction
1367 1786 202 43 between
1603 1785 253 43 functional

190 1857 216 44 disorders
440 1859 87 42 and
562 1859 176 57 organic
773 1859 203 44 diseases.
1042 1861 21 40 I
1098 1859 132 42 think
1262 1859 37 42 it
1321 1859 95 42 will
1450 1859 54 43 be
1526 1858 103 43 well
1663 1864 45 37 to
1740 1858 114 43 have

189 1931 151 55 regard
365 1935 43 38 to
432 1931 75 44 the
530 1931 262 44 distinction
824 1933 47 41 in
905 1933 193 42 treating
1131 1932 45 42 of
1208 1931 158 57 speech
1403 1931 47 43 in
1474 1931 76 43 the
1575 1930 210 45 relations
1809 1935 45 39 to

190 2003 52 42 be
265 2003 225 43 discussed
512 2004 47 42 in
584 2004 74 43 the
680 2009 179 53 present
881 2009 190 52 chapter.

249 2075 54 42 In
336 2076 90 42 this
460 2076 192 57 chapter,
686 2076 22 42 I
742 2091 183 42 propose
948 2081 45 38 to
1015 2080 115 39 treat
1152 2076 47 43 of
1228 2075 160 57 speech
1420 2076 45 42 in
1493 2075 59 44 its
1574 2075 212 44 relations
1810 2081 45 38 to

189 2147 265 43 Functional
475 2148 233 42 Disorders
731 2149 48 41 of
807 2149 76 42 the
905 2148 193 43 cerebral
1122 2162 160 29 cortex.
1347 2148 92 42 But
1461 2148 24 42 I
1507 2147 113 43 wish
1652 2148 37 42 it
1722 2152 44 38 to
1799 2148 54 43 be

189 2219 266 43 understood
477 2219 99 43 that
598 2220 22 42 I
644 2234 129 29 mean
797 2226 44 37 to
864 2235 78 29 use
963 2221 76 43 the
1062 2225 111 38 term
1205 2225 23 17 "
1246 2220 285 43 functional"
1555 2221 47 42 in
1625 2220 75 43 the
1724 2221 129 42 usual

188 2291 117 44 loose
323 2307 110 42 way,
447 2307 47 29 so
516 2307 47 29 as
581 2297 44 38 to
648 2293 178 43 include
851 2294 139 42 under
1007 2294 37 42 it
1061 2293 175 44 various
1259 2293 229 44 affections
1513 2293 145 43 which
1681 2308 26 28 a
1723 2293 130 43 strict

188 2364 237 56 pathology
464 2365 159 52 would,
655 2381 57 28 no
750 2367 150 52 doubt,
932 2366 192 44 relegate
1162 2370 45 40 to
1240 2366 76 44 the
1348 2370 203 53 category
1591 2366 45 42 of
1674 2366 178 57 organic

186 2435 199 46 diseases.

246 2509 54 42 In
323 2511 272 55 recognition
621 2511 44 43 of
698 2511 75 44 the
805 2512 90 43 fact
931 2512 97 43 that
1054 2527 63 28 we
1150 2516 165 39 cannot
1346 2512 120 43 draw
1488 2527 88 42 any
1600 2512 126 44 strict
1758 2512 92 44 line

186 2581 44 41 of
251 2581 297 44 demarcation
572 2584 199 43 between
794 2584 176 57 organic
1001 2585 193 43 diseases
1227 2585 88 43 and
1348 2585 248 43 functional
1619 2585 231 53 disorders,

187 2653 21 42 I
231 2653 113 43 shall
367 2655 130 57 begin
522 2656 57 57 by
602 2657 182 57 making
806 2658 115 43 brief
952 2662 127 39 notes
1102 2658 45 43 of
1178 2657 76 45 the
1287 2658 213 43 relations
1533 2658 45 43 of
1610 2658 160 57 speech
1804 2662 46 40 to

186 2727 165 42 certain
374 2728 227 44 affections
617 2729 144 44 which
784 2744 72 30 are
878 2730 279 58 confessedly
1174 2731 178 43 organic
1375 2731 46 43 in
1445 2731 405 57 nature,—though

186 2798 102 57 they
313 2814 70 29 are
406 2801 166 43 related
595 2806 45 39 to
670 2803 249 43 functional
951 2804 220 43 disorders
1204 2804 47 43 in
1285 2804 115 44 their
1432 2819 296 29 evanescence
1761 2804 89 43 and

185 2872 246 44 curability.

245 2944 89 42 But
357 2944 22 42 I
406 2945 159 44 should
596 2946 91 45 like
719 2948 97 43 first
840 2952 43 39 to
917 2949 142 43 direct
1091 2949 221 43 attention
1335 2953 46 39 to
1404 2963 82 29 one
1510 2964 48 28 or
1579 2953 88 39 two
1697 2950 47 42 of
1774 2949 76 44 the

186 3016 173 55 general
393 3017 351 47 characteristics
781 3022 237 56 presented
1057 3023 58 55 by
1153 3022 184 43 aphasia
1375 3022 86 43 due
1501 3027 44 38 to
1583 3027 269 39 evanescent

184 3089 176 56 organic
383 3090 240 55 affections,
640 3107 48 29 or
710 3097 45 39 to
780 3093 248 44 functional
1050 3094 233 44 disorders,
1304 3095 48 42 of
1371 3094 75 44 the
1469 3095 195 43 cerebral
1687 3099 161 39 cortex.

246 3162 54 43 In
340 3169 115 39 most
493 3166 44 42 of
569 3166 76 43 the
685 3167 250 43 conditions
968 3172 46 38 to
1047 3168 53 42 be
1134 3167 219 44 reviewed
1376 3168 46 42 in
1446 3169 89 42 this
1559 3167 193 56 chapter,
1776 3168 75 42 the

1593 3229 24 41 3
1642 3238 26 32 B
