2107 3450
610 293 153 32 ORIGIN
798 292 54 32 OF
886 289 203 35 WIUTTEN
1125 292 255 32 LANGUAGE.
1743 283 82 42 173

172 418 123 40 make
333 417 86 41 this
458 430 124 28 clear,
607 428 126 27 when
769 412 141 56 ripple
933 412 37 42 is
992 411 236 52 indicated,
1252 410 76 43 the
1360 411 96 56 sign
1492 412 64 41 for
1588 412 170 44 water
1790 415 36 41 is

170 488 139 43 added
332 494 44 36 to
399 492 96 38 that
519 487 63 41 for
603 483 128 45 ship.
796 485 56 41 In
874 484 91 42 like
989 497 193 38 manner,
1205 497 47 29 as
1275 483 76 43 the
1373 484 141 41 sound
1548 482 154 44 chow
1725 499 103 42 may

169 572 126 28 mean
327 556 285 55 loquacity,
637 559 75 40 the
747 556 96 42 sign
879 556 67 41 for
978 552 191 45 speech
1203 554 38 42 is
1263 554 142 42 added
1428 558 45 38 to
1497 554 98 43 that
1622 555 66 42 for
1710 555 118 55 ship

169 630 125 42 when
327 627 272 45 loquacity
630 629 77 42 has
732 633 43 38 to
799 628 52 42 be
874 626 232 43 indicated.
1171 626 120 42 Thus
1324 626 112 43 "the
1471 632 122 50 great
1631 641 115 29 mass
1784 628 48 43 of

167 702 246 42 characters
435 706 46 37 at
503 706 177 50 present
701 701 46 41 in
765 713 79 29 use
866 712 72 29 are
961 697 174 52 double,
1153 698 243 57 consisting
1419 699 47 42 of
1485 702 87 39 two
1595 699 132 57 signs,
1745 714 83 29 one

167 773 67 42 for
255 772 140 43 sound
417 772 86 43 and
527 773 74 43 the
624 773 126 42 other
772 772 68 42 for
862 770 192 43 sense."1

227 848 21 18 "
263 844 222 57 Egyptian
503 843 321 58 Hieroglyphic
842 842 294 57 Inscriptions
1154 843 166 43 consist
1337 843 44 43 of
1404 843 158 43 figures
1581 844 48 42 of
1648 845 180 43 objects,

167 916 192 42 animate
397 916 87 42 and
518 916 256 42 inanimate,
813 929 101 29 men
958 915 87 43 and
1080 915 199 43 animals,
1317 916 88 42 and
1447 920 122 53 parts
1605 916 45 42 of
1692 917 137 51 them,

165 1002 158 41 plants,
347 988 87 42 and
465 988 218 57 heavenly
706 988 162 43 bodies,
891 987 88 43 and
1011 1001 56 29 an
1090 988 215 43 immense
1334 989 188 42 number
1544 988 47 43 of
1621 989 208 43 different

167 1075 214 42 weapons,
404 1061 124 43 tools,
549 1061 88 43 and
672 1061 176 43 articles
882 1060 45 43 of
961 1060 75 42 the
1072 1065 114 38 most
1220 1061 336 43 miscellaneous
1590 1066 237 39 character.

166 1133 139 43 These
328 1134 157 55 figures
509 1148 70 28 are
603 1133 209 43 arranged
836 1133 46 41 in
904 1132 184 43 upright
1109 1132 201 43 columns
1334 1147 47 28 or
1403 1133 246 42 horizontal
1676 1134 154 52 bands,

166 1205 88 43 and
277 1219 71 28 are
371 1210 45 37 to
438 1205 53 43 be
515 1205 106 43 used
654 1205 46 42 in
723 1204 261 44 succession,
1006 1204 82 42 but
1120 1204 107 43 they
1249 1218 73 29 are
1344 1209 78 38 not
1454 1204 61 42 all
1537 1204 213 43 intended
1784 1210 44 37 to

167 1282 71 38 act
260 1291 117 28 upon
401 1277 76 42 the
500 1277 124 42 mind
656 1277 46 42 in
726 1277 75 41 the
835 1290 118 28 same
977 1290 107 41 way.
1147 1275 148 43 When
1328 1290 57 28 an
1412 1276 207 56 ordinary
1641 1276 188 56 inscrip-

168 1349 95 42 tion
291 1349 36 42 is
360 1349 136 42 taken
529 1353 45 38 to
605 1349 157 56 pieces,
784 1348 37 42 it
852 1348 38 42 is
912 1347 140 43 found
1083 1347 98 43 that
1212 1348 75 42 the
1312 1349 159 55 figures
1505 1349 256 55 composing
1793 1349 37 42 it

170 1420 79 42 fall
271 1420 94 42 into
389 1426 85 37 two
496 1425 121 51 great
640 1420 169 43 classes.
875 1420 105 41 Part
1004 1419 45 42 of
1070 1419 118 43 them
1209 1434 72 28 are
1300 1424 44 38 to
1367 1420 54 43 be
1444 1420 103 43 read
1565 1421 87 42 and
1670 1435 160 28 under-

169 1494 125 43 stood
325 1507 48 29 as
409 1493 205 56 pictures,
638 1506 23 28 a
695 1492 197 42 drawing
924 1491 48 42 of
1005 1505 24 28 a
1061 1491 127 42 horse
1220 1491 68 42 for
1310 1491 176 43 'horse,'
1519 1505 25 28 a
1576 1491 166 43 branch
1765 1491 67 43 for

168 1570 8 19 •
198 1565 145 51 wood,'
376 1569 92 46 etc.,
503 1578 117 41 upon
653 1564 74 41 the
761 1577 119 28 same
911 1561 218 57 principle
1162 1576 46 29 as
1240 1562 48 42 in
1320 1576 89 42 any
1442 1577 157 42 savage
1637 1567 194 52 picture-

169 1637 185 55 writing.
418 1636 91 41 The
542 1634 125 43 other
698 1639 99 51 part
829 1634 48 41 of
906 1633 75 43 the
1014 1633 158 56 figures
1206 1647 72 29 are
1311 1633 221 57 phonetic.
1596 1634 132 52 Thus,
1755 1634 77 43 the

168 1711 134 39 figure
325 1707 44 43 of
390 1721 26 28 a
437 1720 132 42 strap,
592 1705 75 43 the
689 1719 130 29 name
844 1705 48 42 of
911 1704 145 43 which
1079 1704 37 43 is
1138 1715 55 31 m
1213 1727 57 6 —
1289 1715 27 33 s
1351 1705 201 43 becomes
1574 1720 25 28 a
1621 1710 213 52 phonetic

166 1781 98 41 sign
297 1785 44 37 to
366 1783 123 38 write
523 1778 74 42 the
630 1777 142 43 sound
803 1788 54 30 m
878 1801 55 4 —
954 1787 26 32 s
1003 1776 119 43 with.
1189 1776 111 57 (The
1333 1803 60 5 —
1424 1777 154 43 stands
1612 1779 66 42 for
1710 1793 119 29 some

167 1851 154 43 vowel,
343 1850 145 42 which
510 1850 38 42 is
570 1848 283 57 represented
874 1848 58 56 by
956 1859 70 32 ou
1048 1849 45 41 in
1118 1847 76 44 the
1219 1848 156 44 Coptic
1400 1849 113 42 form
1537 1849 47 42 of
1598 1849 75 43 the
1699 1850 133 54 word,

168 1924 185 41 mous.)
369 1921 51 26 "2
467 1921 119 43 Here
609 1921 108 42 then
734 1935 66 28 we
822 1920 112 42 have
957 1919 284 57 represented
1260 1919 74 44 the
1352 1925 20 16 "
1388 1920 132 43 rebus
1535 1919 21 17 "
1579 1935 48 28 or
1643 1921 189 43 syllabic

168 2009 122 29 stage
313 1995 47 41 of
387 1998 208 52 phonetic
621 1992 187 56 writing,
831 2007 47 27 as
910 1992 36 42 it
979 1992 37 42 is
1041 1996 90 39 met
1154 1992 108 42 with
1295 1992 48 42 in
1365 1992 140 43 Aztec
1527 1993 87 42 and
1639 1993 190 44 Chinese

170 2066 187 42 writing.
420 2065 92 42 But
544 2064 75 43 the
656 2063 328 57 hieroglyphics
1018 2069 117 38 went
1167 2064 171 42 further
1375 2064 110 43 than
1519 2065 100 44 this.
1682 2066 151 57 Along

168 2138 111 42 with
302 2138 74 41 the
399 2142 87 37 two
519 2150 88 29 sets
640 2135 44 43 of
716 2135 246 43 characters
995 2136 137 42 above
1165 2136 236 53 indicated,
1426 2137 122 43 there
1581 2138 38 42 is
1652 2152 26 28 a
1711 2138 120 42 third

168 2216 80 45 set,
271 2209 156 53 which,
453 2208 60 55 by
537 2212 114 38 most
683 2207 275 51 authorities,
990 2207 39 43 is
1062 2207 103 43 held
1197 2211 45 39 to
1275 2215 229 48 represent
1536 2210 159 55 simple
1728 2225 102 28 con-

167 2286 159 39 sonant
348 2280 164 44 sounds
535 2287 190 35 without
747 2279 204 42 attached
974 2279 173 43 vowels.
1211 2280 121 42 Thus
1359 2280 36 42 it
1427 2295 184 42 appears
1635 2282 97 43 that
1756 2283 75 43 the

168 2355 136 43 figure
327 2353 45 43 of
403 2367 25 28 a
459 2350 191 45 mouth
681 2351 37 43 is
742 2351 121 43 often
886 2351 108 43 used
1020 2356 108 37 with
1162 2351 76 43 the
1271 2352 159 56 simple
1463 2353 296 57 signification
1787 2356 45 42 of

166 2429 75 42 the
265 2427 130 42 letter
426 2425 164 43 r—the
613 2424 224 57 Egyptian
862 2423 117 43 word
1004 2424 67 42 for
1093 2423 158 43 mouth
1283 2424 132 57 being
1445 2427 239 51 ro;—and
1706 2427 125 44 there

166 2516 70 28 are
259 2514 134 28 many
408 2498 124 44 other
554 2511 119 29 signs
689 2497 144 42 which
852 2495 264 57 apparently
1132 2495 130 43 stand
1281 2496 66 43 for
1369 2497 159 56 simple
1551 2504 279 39 consonants.

166 2575 55 42 In
255 2573 75 44 the
363 2586 119 29 same
514 2569 274 57 inscription,
821 2569 60 42 all
920 2569 123 42 three
1067 2573 143 52 stages
1248 2569 49 42 in
1329 2570 76 42 the
1438 2570 316 58 development
1787 2574 49 42 of

167 2652 177 36 written
367 2644 247 43 characters
636 2656 102 42 may
762 2641 104 43 thus
889 2641 53 43 be
966 2641 138 43 found
1127 2646 45 37 to
1196 2642 52 42 be
1270 2643 308 55 represented:
1614 2644 76 57 (1.)
1717 2645 114 44 Pure

168 2719 395 54 picture-writing;
597 2713 76 56 (2.)
697 2713 92 43 The
813 2713 204 43 "rebus"
1040 2717 122 53 stage
1186 2713 45 42 of
1263 2714 188 57 syllable
1473 2715 209 56 phonetic
1711 2723 119 38 writ-

168 2788 75 56 ing
259 2804 9 37 ;
299 2786 87 43 and
411 2786 72 57 (3.)
510 2784 314 58 Alphabetical
848 2785 210 56 phonetic
1081 2790 189 38 writing.

232 2860 52 40 In
308 2863 175 38 ancient
505 2858 235 55 Egyptian,
763 2871 46 29 as
832 2857 46 42 in
903 2857 204 51 Chinese,
1129 2857 75 43 the
1229 2862 187 52 poverty
1439 2859 46 42 of
1517 2859 74 44 the
1614 2860 218 45 language

172 2930 227 56 displayed
422 2930 120 42 itself
565 2930 44 41 in
634 2930 75 42 the
732 2929 304 57 employment
1058 2929 45 42 of
1136 2929 74 43 the
1234 2944 121 29 same
1381 2931 169 56 spoken
1578 2934 116 42 word
1726 2934 46 42 in
1806 2949 25 28 a

171 3006 120 53 great
323 3001 167 55 variety
513 3001 45 42 of
595 3015 158 28 senses.
818 3001 60 42 To
917 3000 193 44 indicate
1143 3000 75 44 the
1251 3002 176 56 specific
1460 3005 208 55 meaning
1701 3010 44 38 to
1779 3006 52 43 be

171 3071 203 44 attached
398 3077 43 37 to
465 3072 73 42 the
561 3071 130 51 word,
710 3072 75 43 the
808 3086 118 29 same
951 3072 151 43 device
1126 3086 88 29 was
1238 3073 234 57 employed
1499 3075 46 41 in
1569 3075 76 43 the
1673 3077 158 44 Hiero-

316 3157 11 22 1
358 3155 40 36 E.
420 3155 42 37 B.
482 3154 126 49 Tylor,
628 3168 52 35 op.
701 3156 71 47 cit.,
791 3168 36 36 p.
847 3159 82 34 400.
1400 3158 14 23 2
1569 3171 34 36 p>
1624 3162 57 35 98>
