1933 3302
817 165 94 42 Pard,
935 167 179 32 Ilildanus.

166 160 74 38 106

161 266 122 39 Mund
313 267 130 51 gleich
473 282 151 34 waren,
666 271 86 39 dass
782 273 50 37 ist
862 274 67 38 der
959 275 60 37 die
1063 277 164 38 wunden
1262 279 102 39 hatt,
1405 282 86 36 dem
1528 284 140 38 sacken
1710 288 54 37 sie

160 321 130 49 gleich
320 321 88 37 dem
438 322 68 38 der
537 323 60 37 die
627 324 156 39 Brenne
813 328 71 36 auf
910 328 67 38 der
1008 328 135 51 Zunge
1173 331 123 48 hatt",
1328 335 78 37 und
1427 336 153 38 weiter:
1617 353 60 30 ,es
1699 340 67 38 hat

160 375 82 37 sich
272 374 99 38 auch
401 375 169 39 offtmals
602 378 196 51 begeben,
839 381 86 38 dass
963 382 60 37 die
1055 382 184 40 Wunden
1275 386 128 40 haben
1440 390 245 51 angefangen
1719 407 46 24 zu

160 429 146 45 bluten,
339 429 87 37 dass
456 430 100 38 noch
584 432 108 38 nicht
711 434 111 37 recht
841 434 85 38 blut
957 449 90 33 war,
1081 437 164 40 welches
1275 441 70 38 mit
1365 442 199 50 keinerley
1586 444 179 40 Artztnei

160 482 130 38 mocht
330 483 147 49 gestelt
517 487 158 37 werden
714 488 79 36 und
832 488 153 38 dieweil
1023 490 94 37 aber
1153 492 60 38 die
1251 497 130 35 rotrur
1420 496 176 38 dazumal
1634 498 131 39 Land-

158 536 138 50 leuffig
328 551 79 23 war
449 539 79 37 und
569 540 198 38 dieselben
802 540 223 54 Stuhlgang
1062 544 143 39 diesem
1240 546 93 40 Blut
1371 562 68 24 aus
1474 550 73 37 den
1584 551 183 40 Wunden

158 590 276 50 gleichförmig
465 596 115 35 war."
643 593 68 39 Ich
741 594 155 50 glaube,
928 610 89 24 man
1047 611 105 25 muss
1173 600 120 39 selbst
1319 603 104 37 diese
1444 602 120 40 Stelle
1592 606 71 37 mit
1691 607 76 37 viel

158 644 110 38 mehr
283 644 134 39 Kritik
438 647 248 48 aufnehmen,
709 648 55 38 als
780 648 150 40 Heine
946 664 40 24 es
1006 651 99 39 thut.
1136 653 73 38 Die
1230 654 221 41 Phantasie,
1473 657 60 38 die
1554 657 213 40 Dogmatik

155 698 170 50 spielten
354 700 39 37 in
420 702 113 49 jener
565 701 86 39 Zeit
681 703 85 37 eine
797 703 78 38 viel
902 710 180 44 grössere
1112 706 111 40 Rolle
1262 709 56 39 als
1360 711 59 37 die
1458 711 191 50 objective
1688 713 76 38 Be-

155 753 237 52 obachtung.
452 754 50 39 So
532 756 51 37 ist
612 756 101 38 denn
744 757 99 37 auch
873 758 68 38 der
970 759 40 37 in
1039 759 128 51 Frage
1198 762 186 40 stehende
1414 764 142 39 Passus
1595 779 72 25 nur
1704 767 61 38 ein

158 806 116 39 Theil
304 808 107 38 einer
441 808 280 53 Ausführung,
763 811 86 38 dass
888 826 47 24 an
966 813 74 37 den
1070 813 184 40 Wunden
1284 817 82 38 sich
1394 819 141 38 örtUch
1564 820 59 38 die
1653 825 112 33 näm-

154 861 130 39 lichen
302 863 274 39 Krankheiten
596 864 202 50 abspielen
819 866 168 47 können,
1010 868 146 38 welche
1174 883 89 24 man
1278 870 64 39 bei
1358 872 106 38 nicht
1479 872 287 41 Verwundeten

154 915 57 39 als
255 920 243 48 sogenannte
542 918 136 38 innere
720 919 274 39 Krankheiten
1032 921 245 40 beobachtet.
1347 925 301 40 Paracelsus
1687 929 79 37 will

154 971 155 50 zeigen,
342 972 88 38 dass
461 972 61 38 die
552 972 170 48 Bräune,
753 973 131 39 ferner
915 975 60 37 die
1005 975 110 39 rothe
1136 976 109 38 ßuhr
1275 978 82 38 sich
1386 979 69 38 auf
1480 980 74 38 den
1584 981 182 39 Wunden

154 1025 139 50 zeigen
323 1026 149 46 könne,
511 1027 79 37 und
624 1041 114 24 wenn
775 1042 91 24 man
903 1029 136 38 weiter
1073 1029 106 48 liest,
1211 1045 40 24 so
1281 1032 121 38 findet
1435 1047 91 24 man
1561 1035 202 47 berichtet,

153 1079 87 38 dass
271 1080 99 37 auch
400 1081 61 37 die
491 1080 196 39 Pestilenz
717 1082 40 37 in
779 1083 72 37 den
874 1082 182 39 Wunden
1079 1084 117 38 allein
1217 1086 226 39 erschienen
1463 1088 66 38 sei,
1561 1089 86 37 dass
1667 1089 99 38 auch

153 1133 61 39 die
244 1133 204 39 Fallsucht
478 1135 117 38 allein
623 1135 41 38 in
694 1136 73 38 den
798 1136 185 39 Wunden
1013 1138 248 51 aufgetreten
1290 1141 67 47 sei,
1388 1155 42 24 so
1457 1142 86 38 dass
1572 1156 62 24 am
1656 1142 108 39 Tage

151 1188 24 37 3
214 1188 60 38 bis
304 1188 107 38 4mal
448 1189 61 37 die
540 1189 158 39 Wunde
730 1191 236 38 erschüttert
1002 1193 79 37 und
1120 1193 137 38 erbebt
1285 1195 56 37 sei
1370 1195 77 37 und
1469 1196 61 36 ein
1549 1199 216 35 mächtiger

150 1241 174 51 Krampf
350 1243 114 38 dabei
494 1244 67 38 das
584 1243 114 39 Glied
727 1245 66 37 hin
824 1246 77 37 und
932 1246 70 38 her
1030 1260 176 37 gezogen
1235 1247 113 47 habe,
1380 1249 185 38 während
1594 1249 81 38 sich
1705 1251 60 37 die

153 1295 157 40 Wunde
349 1300 72 35 mit
456 1296 170 40 Schaum
664 1299 192 38 bedeckte
894 1300 84 38 eine
1015 1300 294 40 Viertelstunde
1348 1302 103 51 lang.
1511 1303 87 38 Den
1636 1306 130 36 ersten

149 1351 180 38 sicheren
359 1350 155 52 Spuren
544 1353 69 37 der
643 1353 224 39 Krankheit
897 1354 208 50 begegnen
1133 1356 71 37 wir
1234 1356 39 37 in
1303 1355 264 39 Ambroise
1606 1356 159 40 Pare's

151 1405 196 47 Werken;
377 1407 54 37 im
458 1405 90 48 ,XI.
572 1407 110 38 Buch
703 1408 66 38 des
790 1408 142 50 Playes
963 1409 298 50 d'arquebuses"
1297 1411 109 49 giebt
1435 1410 122 38 Pare
1587 1424 76 25 von
1692 1412 74 37 den

150 1458 334 50 Schusswunden,
507 1461 147 39 welche
678 1476 41 24 er
739 1463 64 37 bei
825 1463 68 37 der
913 1463 253 51 Belagerung
1186 1478 77 24 von
1282 1464 137 38 Ronen
1440 1465 120 37 durch
1580 1465 97 37 Karl
1697 1464 66 39 IX.

153 1515 102 37 1562
278 1515 269 47 beobachtete,
580 1530 66 24 an:
679 1530 42 24 ce
752 1530 74 37 que
857 1517 91 38 bien
977 1531 234 37 remarquay
1233 1520 22 35 ä
1274 1532 142 36 propos
1448 1519 65 37 des
1542 1519 122 49 plaies
1694 1533 70 35 par

149 1570 233 49 arquebuse,
423 1570 36 37 le
496 1571 107 50 siege
643 1573 108 35 etant
781 1572 142 37 devant
962 1571 155 39 Rouen,
1159 1574 94 36 c'est
1290 1586 74 36 que
1402 1573 37 37 le
1478 1573 83 37 vice
1597 1573 45 38 de
1676 1573 88 38 l'air

148 1624 158 38 alteroit
336 1627 39 35 et
405 1625 236 50 corrompait
668 1625 204 38 tellement
900 1626 37 38 le
957 1639 98 25 sang
1076 1629 39 35 et
1134 1626 56 38 les
1211 1626 185 38 humeurs
1417 1641 70 35 par
1506 1627 257 50 l'inspiration

148 1680 40 36 et
216 1680 282 49 transpiration
528 1693 74 36 que
633 1680 56 38 les
719 1680 137 49 playes
887 1680 92 38 chez
1010 1681 203 37 seigneurs
1256 1683 39 35 et
1332 1681 143 37 soldats
1512 1694 47 24 en
1598 1681 164 37 estoient

147 1733 168 38 rendües
346 1734 31 38 si
408 1735 177 48 pourries
616 1736 39 36 et
684 1734 32 38 si
746 1737 184 47 puantes,
971 1735 96 49 qu'il
1107 1748 48 24 en
1190 1735 139 37 sortoit
1365 1748 75 24 une
1478 1735 127 37 feteur
1645 1735 115 37 cada-

148 1790 200 36 vereuse."
412 1788 55 38 Er
497 1791 89 35 sagt
614 1788 132 38 ferner
776 1789 40 37 in
845 1789 128 38 seiner
1008 1788 185 51 „Voyage
1225 1789 45 37 de
1300 1788 181 38 Ronen":
1527 1788 48 47 „il
1603 1803 25 35 y
1659 1791 105 35 avait

147 1856 53 24 un
230 1843 57 37 air
317 1843 32 37 si
369 1843 120 37 maliu
510 1856 75 37 que
606 1843 196 49 plusieurs
822 1843 221 38 mouroient
1063 1843 106 38 voire
1191 1843 46 37 de
1257 1843 91 37 bien
1368 1843 141 49 petites
1531 1843 230 46 blesseures,

148 1897 46 38 de
224 1896 117 52 fa^on
370 1899 214 48 qu'aucuns
616 1898 221 37 estimoient
866 1897 115 50 qu'ils
1011 1897 156 38 avaient
1197 1897 249 38 empoisonne
1474 1897 105 37 leurs
1615 1896 141 38 bales."

147 1950 213 40 Fodere's
381 1951 104 39 Citat
505 1966 68 23 aus
595 1951 149 38 Pare's
765 1951 167 38 livresX
950 1950 106 39 etXI
1072 1952 67 37 des
1154 1951 143 50 Playes
1320 1951 276 37 d'arquebuses
1617 1950 143 38 lautet:

147 2005 144 51 qu'elle
322 2005 53 50 (la
405 2005 240 51 pourriture)
677 2006 227 38 s'attaquait
934 2020 75 23 aux
1039 2019 174 36 princes,
1252 2019 75 24 aux
1357 2005 222 50 seigneurs,
1612 2017 148 24 comme

147 2074 76 24 aux
253 2074 169 36 pauvres
452 2060 165 45 soldats;
658 2074 76 36 que
763 2060 57 38 les
852 2060 243 38 chirurgiens
1132 2073 48 25 ne
1222 2059 208 50 pouvaient
1459 2059 108 37 venir
1609 2060 21 35 ä
1666 2058 96 37 bout

147 2116 46 38 de
223 2115 57 38 les
310 2115 146 51 guerir,
488 2117 22 35 ä
540 2128 114 25 cause
685 2115 67 37 des
772 2115 255 49 pourritures,
1059 2127 220 37 gangrenes
1301 2115 38 36 et
1359 2112 304 46 mortifications,
1695 2112 67 49 qui

146 2170 254 38 survenaient
416 2183 75 24 aux
508 2169 135 50 plaies,
665 2171 87 35 tont
767 2168 268 38 fussent-elles
1052 2168 141 49 petites
1211 2170 38 35 et
1266 2168 44 37 de
1327 2180 77 36 peu
1422 2167 45 37 de
1485 2179 274 33 consequence,

145 2238 129 24 meme
306 2238 40 24 es
384 2225 147 49 parties
566 2237 78 24 non
678 2223 135 38 nobles
853 2225 38 36 et
927 2222 256 50 principales;
1221 2222 45 38 de
1306 2223 103 36 sorte
1448 2234 75 36 que
1562 2233 96 25 ceux
1695 2220 66 50 qui

147 2279 147 38 etaient
333 2279 146 38 dedans
519 2278 39 38 la
596 2278 109 46 ville,
737 2279 148 37 voyant
913 2277 92 38 teile
1036 2277 114 37 chose
1182 2278 38 36 et
1248 2289 75 37 que
1352 2275 105 38 leurs
1486 2274 195 38 blessures
1711 2287 49 23 ne

146 2347 41 25 se
218 2333 214 51 pouvaient
461 2333 153 51 guerir,
648 2333 165 37 disaient
842 2346 74 36 que
947 2345 98 25 ceux
1074 2331 46 38 de
1156 2330 140 38 dehors
1326 2342 154 26 avaient
1515 2328 246 49 empoisonne

145 2387 106 39 leurs
281 2388 135 38 balles,
449 2391 39 34 et
508 2401 97 24 ceux
627 2388 45 37 de
696 2387 139 38 dehors
866 2400 47 24 en
944 2385 165 39 disaient
1138 2398 137 24 autant
1304 2384 46 37 de
1381 2396 96 24 ceux
1507 2383 46 37 de
1575 2383 178 37 dedans."

147 2442 129 38 Pare
306 2442 224 38 beschreibt
560 2442 60 38 die
651 2441 197 38 Alfection
887 2440 380 50 folgendermassen:
1332 2451 94 33 „Car
1464 2436 175 50 lorsqu'il
1678 2449 25 36 y
1739 2449 22 24 a

146 2497 225 51 pourriture
404 2499 38 35 et
471 2510 75 36 que
586 2496 150 38 d'icelle
775 2498 82 35 sort
894 2508 147 25 vapeur
1079 2493 120 38 fetide
1238 2495 39 35 et
1312 2492 257 38 cadaväreuse
1606 2502 153 26 accom-

146 2565 152 37 pagnee
331 2552 46 38 de
408 2551 171 38 sorditie,
612 2551 94 37 c'est
736 2563 110 25 signe
878 2550 88 37 d'un
987 2561 130 25 ulcere
1137 2547 191 51 putride."
1391 2544 126 39 Unter
1553 2543 200 47 „sorditie"

147 2606 178 38 versteht
355 2619 41 25 er
432 2619 74 32 „un
536 2607 223 35 excrement
788 2617 91 37 gros
910 2606 39 35 et
978 2603 105 49 e'pais
1114 2602 66 50 qui
1209 2603 182 36 s'amasse
1429 2611 76 25 aux
1542 2597 149 39 ulceres
1722 2599 38 35 et

147 2661 67 50 qui
242 2663 86 36 ..."
392 2660 55 38 Er
478 2662 89 36 sagt
604 2672 76 25 von
720 2659 88 37 dem
844 2671 151 33 „ulcere
1025 2656 192 38 sordide",
1250 2668 40 24 es
1320 2653 57 38 sei
1411 2652 149 46 „pleine
1591 2653 46 36 de
1667 2664 91 37 gros

147 2716 243 38 excrements
420 2715 203 49 visqueux,
654 2725 286 37 accompagnee
962 2711 46 38 de
1031 2709 169 39 certaine
1226 2707 189 39 humidite
1436 2709 39 35 et
1494 2706 105 38 sanie
1621 2718 136 36 super-

146 2770 110 47 üues,
288 2770 67 50 qui
385 2772 87 34 sont
502 2781 148 25 comme
680 2780 176 25 rempars
888 2768 38 36 et
953 2765 208 38 boulevars
1191 2776 64 25 sur
1284 2762 56 37 les
1369 2760 145 50 parties
1549 2773 204 25 ulce're'es."

278 2823 91 39 Viel
399 2823 173 38 weniger
603 2823 105 36 kann
734 2835 92 23 man
846 2821 60 37 die
927 2819 296 38 Beschreibung
1245 2817 67 37 der
1333 2814 144 39 Ulcera
1497 2812 261 52 putrescentia

148 2879 64 37 bei
239 2877 248 39 Fabricius
518 2876 233 38 Hildanus
784 2874 51 50 (1.
867 2873 137 39 Hälfte
1035 2873 66 38 des
1144 2872 61 38 17.
1243 2867 302 50 Jahrhunderts)
1582 2867 55 38 als
1673 2865 84 38 eine

148 2931 262 51 Schilderung
438 2930 386 51 hospitalbrandiger
856 2927 237 39 Geschwüre
1123 2924 207 40 auffassen.

279 2987 54 37 Es
363 2986 170 38 scheint,
575 2986 86 38 dass
693 2985 67 37 der
791 2981 310 40 Hospitalbrand
1131 2993 74 25 von
1236 2979 66 37 der
1333 2978 163 36 zweiten
1525 2973 135 39 Hälfte
1691 2973 66 37 des
