1933 3302
315 160 227 32 Behandlung
567 158 59 32 der
649 157 195 31 Blutungen
868 156 91 31 beim
983 153 280 41 Hospitalbrand,
1288 151 273 41 Unterbindung.
1691 151 48 39 79

134 352 86 55 VI.
272 349 344 58 Behandlung
660 349 91 55 der
790 347 303 55 Blutungen
1133 342 136 58 beim
1309 343 429 71 Hospitalbrand.

265 490 74 38 Die
352 488 257 39 Blutstillung
625 488 177 38 inmitten
820 483 593 54 hospitalbrandig-zerfallener
1428 482 169 40 Gewebe
1617 483 124 38 bietet

135 544 128 51 gleich
292 543 208 39 schlechte,
531 541 197 38 vielleicht
756 541 98 38 noch
885 540 240 39 schlechtere
1156 537 270 39 Verhältnisse
1456 537 56 38 als
1543 538 60 37 die
1625 537 113 37 Blut-

136 598 162 38 stillung
326 597 40 37 in
396 595 376 39 eitrig-zerfallenen
804 594 207 39 Geweben.
1069 593 54 37 Es
1152 593 52 37 ist
1243 591 107 38 nicht
1379 604 46 24 zu
1466 592 271 46 verwundern,

136 665 110 24 wenu
290 649 235 39 namentlich
564 648 59 37 die
666 648 217 38 Chirurgen
925 647 179 38 früherer
1148 646 136 38 Zeiten
1327 644 214 38 Bedenken
1581 647 156 45 trugen,

135 706 161 37 örtliche
343 702 353 40 Unterbindungen
743 706 113 34 unter
904 701 158 39 solchen
1109 699 297 39 Verhältnissen
1463 705 274 32 auszuführen,

136 757 240 39 Werneck
406 755 54 49 (S.
494 756 76 37 103
603 755 204 49 Anmerk.)
838 758 106 47 sagt:
1008 768 74 32 „Es
1113 754 95 38 wird
1241 752 102 40 wohl
1377 752 155 38 keinem
1564 752 97 38 Arzt
1691 766 47 25 zu

135 811 116 38 Sinne
281 810 182 37 kommen
491 809 103 37 beim
624 809 131 38 Brand
797 810 39 37 in
875 810 67 37 der
979 807 261 39 Achselhöhle
1277 807 92 38 oder
1408 806 329 51 Leistengegend,

136 878 135 24 wegen
302 863 217 38 drohender
548 863 175 38 Blutung
754 864 67 37 der
850 863 158 38 Arteria
1029 862 103 38 axill.
1155 862 78 37 und
1253 860 160 38 Arteria
1433 860 187 51 inguinal,
1653 861 86 38 eine

132 918 149 49 blutige
315 916 213 50 Operation
559 919 322 36 vorzunehmen."
945 915 223 51 Delpech
1197 917 110 48 giebt
1326 914 129 38 indess
1488 912 56 50 (S.
1577 913 67 49 22)
1676 928 61 34 an,

135 973 85 37 dass
251 984 41 25 er
323 970 140 38 einmal
494 983 137 38 wegen
663 970 383 50 hospitalbrandiger
1084 969 240 38 Zerstörung
1366 968 68 38 der
1474 967 263 39 Wandungen

135 1026 67 37 der
230 1024 215 38 Brachialis
486 1038 62 23 am
585 1025 145 37 oberen
768 1024 115 38 Theil
921 1025 66 36 des
1018 1023 198 38 Humerus
1255 1035 244 38 gezwungen
1541 1036 97 33 war,
1677 1023 60 37 die

134 1079 165 37 Ligatur
329 1079 67 36 der
427 1077 203 38 Axillaris,
668 1078 61 37 ein
759 1091 161 25 anderes
949 1077 81 38 Mal
1060 1078 62 36 bei
1152 1077 125 37 einem
1307 1075 181 52 gleichen
1509 1075 227 39 Ereignisse

133 1135 72 35 mit
240 1131 311 52 gleichzeitiger,
591 1131 287 50 ausgedehnter
915 1131 240 38 Zerstörung
1193 1131 66 37 des
1301 1143 150 37 ganzen
1481 1129 162 39 Armes,
1677 1130 60 38 die

134 1186 312 38 Exartikulation
477 1186 68 37 der
574 1184 179 39 Schulter
783 1199 47 23 zu
858 1185 174 37 machen.
1091 1184 208 38 Hennen
1327 1184 239 45 unterband,
1599 1185 47 37 da
1676 1184 60 38 die

136 1241 161 37 örtliche
327 1239 165 50 Ligatur
521 1244 219 45 grösserer,
776 1239 211 38 arrodirter
1025 1238 305 38 Gefässstämme
1366 1252 46 23 zu
1443 1237 124 38 selten
1596 1238 141 51 Erfolg

134 1294 126 37 hatte,
303 1293 59 38 die
407 1293 183 37 Arterien
630 1292 222 38 wesentlich
897 1293 112 37 mehr
1051 1292 147 38 central
1235 1292 78 37 und
1354 1305 102 24 zwar
1496 1292 142 37 einmal
1676 1293 59 37 die

137 1347 226 38 Feraoralis,
387 1346 174 38 zweimal
582 1347 59 37 die
662 1345 197 39 Axillaris.
901 1347 160 37 Erstere
1081 1346 149 37 blutete
1252 1360 61 23 am
1336 1345 154 38 dritten,
1514 1346 60 37 die
1595 1346 142 38 beiden

135 1401 195 38 Axillares
345 1415 61 23 am
421 1403 163 35 zweiten
597 1400 108 50 Tage
718 1400 110 38 nach.
851 1400 194 38 Hennen
1063 1399 201 50 empfiehlt
1279 1412 129 38 gegen
1419 1399 317 39 Hämorrhagien

137 1454 188 39 örtlichen
351 1454 134 38 Druck
515 1454 145 37 mittels
691 1455 104 36 eines
825 1457 72 34 mit
917 1453 256 50 Terpentinöl
1201 1455 237 47 getränkten
1458 1451 276 41 Schwammes.

137 1508 131 37 Wenn
285 1508 83 37 eine
385 1521 134 37 grosse
530 1506 155 39 Arterie
700 1508 166 37 arrodirt
879 1507 61 38 ist,
953 1521 41 24 so
1009 1507 52 38 ist
1075 1507 98 37 nach
1184 1507 194 37 Hennen
1395 1507 60 37 die
1465 1507 268 38 Amputation,

136 1575 42 25 so
206 1561 100 38 hoch
336 1562 55 37 als
415 1561 181 49 möglich,
629 1562 66 36 das
717 1561 150 50 einzige
888 1561 140 38 Mittel.
1087 1560 183 50 Marmy
1291 1559 200 39 bespricht
1511 1561 61 37 die
1592 1560 141 39 Frage,

136 1616 48 36 ob
213 1629 89 23 man
330 1615 64 37 bei
424 1615 106 36 einer
558 1614 176 38 Blutung
762 1614 139 38 örtlich
930 1615 39 37 in
999 1616 86 36 dem
1117 1613 213 39 Geschwür
1368 1614 93 38 oder
1499 1627 236 25 wenigstens

136 1668 99 38 nahe
257 1669 67 36 der
344 1668 309 37 Blutungsstelle
674 1669 94 36 oder
790 1668 171 38 entfernt
980 1682 75 23 von
1077 1669 67 36 der
1164 1667 158 38 Wunde
1343 1668 40 37 in
1405 1668 68 37 der
1494 1667 242 40 Continuität

136 1722 257 38 unterbinden
423 1721 106 38 solle.
587 1721 55 37 Er
670 1722 52 37 ist
751 1722 249 37 entschieden
1029 1722 63 37 für
1124 1722 59 37 die
1223 1722 162 37 örtliche
1415 1720 318 49 Unterbindung,

137 1776 76 37 und
241 1775 108 38 hatte
379 1775 103 37 2mal
512 1775 61 37 ein
604 1775 241 50 glückliches
874 1775 188 38 Resultat.
1108 1775 72 38 Bei
1210 1776 106 37 einer
1346 1775 389 51 hospitalbrandigen

138 1828 369 39 Schussverletzung
536 1829 94 37 über
660 1829 73 37 den
762 1829 209 38 Malleolen
1000 1831 79 36 trat
1108 1843 62 24 am
1200 1830 92 37 9ten
1314 1829 108 50 Tage
1452 1829 176 51 Blutung
1659 1831 73 37 ein.

137 1882 267 38 Compression
434 1883 66 37 der
531 1882 181 38 Cruralis.
770 1883 74 37 Die
874 1883 174 37 Blutung
1077 1884 91 36 kam
1206 1897 67 24 aus
1312 1883 68 37 der
1408 1883 88 37 Art.
1534 1884 69 37 tib.
1640 1886 92 44 ant.,

138 1936 142 38 welche
323 1936 51 37 im
418 1948 150 37 ganzen
604 1935 168 38 Verlauf
809 1937 120 37 durch
967 1937 60 37 die
1070 1937 155 37 Wunde
1262 1939 166 35 zerstört
1464 1951 91 23 war.
1614 1937 119 39 Diese

136 1990 155 37 Arterie
321 1990 131 37 wurde
492 1992 72 34 mit
603 1989 287 39 Weichtheilen
927 1991 213 49 umgeben,
1181 1992 22 36 3
1243 2003 59 25 cm
1342 1990 93 38 über
1471 1991 68 37 der
1576 1991 157 38 Wunde

137 2044 280 37 unterbunden.
476 2042 184 51 Heilung.
719 2043 71 38 Bei
820 2044 105 37 einer
956 2045 103 37 2—3
1091 2057 59 25 cm
1169 2044 94 50 lang
1284 2044 120 38 durch
1425 2044 308 39 Hospitalbrand

137 2102 214 32 zerstörten
385 2097 77 37 und
491 2096 213 38 blutenden
737 2096 159 39 Arteria
931 2098 177 37 cubitalis
1143 2098 219 37 unterband
1399 2098 181 49 Marmy
1619 2099 112 38 beide

138 2150 146 37 Enden.
315 2149 185 50 Heilung.
534 2149 197 39 Guthrie
753 2151 67 37 sah
843 2151 59 38 die
917 2151 354 38 Unterbindungen
1291 2151 99 38 nahe
1408 2152 92 37 oder
1521 2152 39 37 in
1582 2153 150 37 einiger

138 2203 247 49 Entfernung
406 2217 74 23 von
502 2204 86 36 dem
607 2203 212 39 Geschwür
839 2204 279 50 fehlschlagen,
1142 2206 48 36 da
1211 2205 60 37 die
1292 2204 327 38 Incisionswunde
1641 2206 90 38 bald

139 2269 74 25 von
234 2257 67 36 der
321 2256 218 38 Krankheit
560 2257 184 50 ergriffen
766 2259 142 37 wurde.
949 2258 224 38 Hawkins
1196 2257 134 49 (1847,
1353 2257 153 51 George
1530 2258 198 39 Hospital)

139 2309 253 38 beobachtete
413 2310 37 36 in
474 2310 105 37 einer
599 2309 398 40 Nekrotomiewunde
1019 2326 61 23 am
1094 2311 313 39 Unterschenkel
1424 2312 307 38 Hospitalbrand

138 2363 78 37 und
233 2363 91 49 jähe
339 2362 173 50 Blutung
532 2364 70 35 mit
623 2377 40 24 so
679 2364 190 50 heftigem
883 2364 142 38 Strahl,
1044 2366 86 36 dass
1147 2366 67 36 der
1229 2365 122 37 sofort
1364 2365 364 48 hinzukommende,

139 2416 175 37 nebenan
348 2416 230 37 befindliche
613 2417 98 37 Arzt
745 2431 48 23 an
830 2418 83 37 eine
948 2418 175 50 Blutung
1158 2432 68 24 aus
1263 2419 66 37 der
1364 2419 179 49 Poplitea
1579 2421 149 37 dachte.

140 2468 229 39 Hawkins
399 2470 215 36 unterband
647 2470 58 37 die
726 2470 225 45 Femoralis,
985 2472 59 37 die
1074 2472 174 37 Blutung
1269 2473 112 36 stand
1402 2473 77 36 und
1500 2473 89 37 bald
1610 2473 119 39 heilte

140 2522 97 37 auch
267 2524 65 36 der
363 2523 316 48 Hospitalbrand.
737 2523 140 51 Einige
909 2524 173 38 Wochen
1114 2528 131 35 später
1265 2525 161 38 Recidiv
1447 2527 77 37 und
1548 2527 180 38 Wieder-

140 2575 97 37 kehr
266 2576 66 37 der
361 2576 184 50 Blutung.
603 2575 183 39 Ablation
821 2578 71 37 mit
924 2578 259 50 glücklichem
1219 2579 149 38 Erfolg.
1426 2579 53 38 Es
1514 2579 92 39 fand
1635 2581 93 47 sich,

140 2629 86 37 dass
257 2629 58 36 die
345 2629 174 50 Blutung
556 2629 97 38 doch
685 2630 107 37 nicht
826 2644 67 24 aus
932 2631 124 38 einem
1093 2645 98 36 ganz
1229 2645 162 37 grossen
1428 2632 161 39 Gefässe
1624 2634 103 40 kam.

140 2681 159 50 König
328 2683 215 37 unterband
574 2683 60 37 bei
671 2683 105 37 einer
814 2684 121 38 durch
970 2684 357 51 hospitalbrandige
1366 2686 237 51 Zerstörung
1642 2690 85 36 ent-

139 2735 211 37 standenen
371 2735 173 50 Blutung
565 2736 58 37 die
646 2736 154 38 Arteria
821 2736 206 40 femoralis.
1076 2738 160 39 Alsbald
1258 2739 290 50 Nachblutung.
1581 2740 146 39 Unter-

140 2788 174 48 bindung
351 2789 66 37 der
445 2787 117 40 Iliaca
600 2792 169 35 externa.
829 2789 184 52 Gangrän
1049 2792 65 38 des
1148 2792 151 39 Fusses.
1359 2793 95 39 Tod.
1513 2793 216 52 Heiberg

141 2841 216 38 unterband
385 2841 62 37 bei
469 2842 104 38 einer
594 2842 384 51 hospitalbrandigen
1001 2844 567 40 Oberschenkelschusswunde
1589 2861 139 25 aussen

142 2908 72 23 von
245 2896 66 36 der
341 2894 166 38 Cruralis
538 2896 103 37 dicht
669 2900 113 34 unter
823 2897 86 37 dem
945 2898 302 50 Poupart'schen
1278 2899 132 38 Bande
1449 2913 136 37 wegen
1623 2902 105 38 einer

142 2947 104 38 nicht
275 2947 243 38 erheblichen
548 2948 174 51 Blutung
751 2949 124 38 dieser
905 2950 165 39 Arterie.
1129 2952 74 38 Am
1235 2953 141 37 dritten
1408 2953 108 50 Tage
1554 2968 78 24 war
1667 2956 60 37 die
