<?xml version="1.0" encoding="UTF-8"?>
<alto xmlns="http://www.loc.gov/standards/alto/ns-v2#" xmlns:xsi="http://www.w3.org/2001/XMLSchema-instance" xsi:schemaLocation="http://www.loc.gov/standards/alto/ns-v2# http://www.loc.gov/standards/alto/alto.xsd">
  <Description>
    <MeasurementUnit>pixel</MeasurementUnit>
    <sourceImageInformation>
      <fileName>b21273911_abbyy.xml</fileName>
    </sourceImageInformation>
    <OCRProcessing ID="OCR_1">
      <preProcessingStep>
        <processingDateTime>2014-10-24T02:15:27</processingDateTime>
        <processingAgency>intranda GmbH, www.intranda.com</processingAgency>
        <processingSoftware>
          <softwareCreator>intranda GmbH, Germany</softwareCreator>
          <softwareName>intranda OCR Module for TaskManager</softwareName>
          <softwareVersion>1.0r42</softwareVersion>
        </processingSoftware>
      </preProcessingStep>
      <ocrProcessingStep>
        <processingSoftware>
          <softwareCreator>ABBYY (BIT Software), Russia</softwareCreator>
          <softwareName>FineReader Engine</softwareName>
          <softwareVersion>10</softwareVersion>
        </processingSoftware>
      </ocrProcessingStep>
    </OCRProcessing>
  </Description>
  <Layout>
    <Page PHYSICAL_IMG_NR="328" ID="PAGE_328" WIDTH="2113" HEIGHT="3404">
      <TopMargin ID="TopMargin_1" HPOS="337" VPOS="188" WIDTH="1152" HEIGHT="58">
        <TextBlock ID="TextBlock_1027" HPOS="337" VPOS="188" WIDTH="1152" HEIGHT="58">
          <TextLine ID="TextLine_12345" HPOS="337" VPOS="188" WIDTH="84" HEIGHT="44">
            <String ID="Word_125110" HPOS="337" VPOS="188" WIDTH="84" HEIGHT="44" CONTENT="312" />
          </TextLine>
          <TextLine ID="TextLine_12346" HPOS="838" VPOS="208" WIDTH="651" HEIGHT="38">
            <String ID="Word_125111" HPOS="838" VPOS="208" WIDTH="86" HEIGHT="30" CONTENT="THE" />
            <SP ID="SP_112771" HPOS="924" VPOS="208" WIDTH="32" HEIGHT="0" />
            <String ID="Word_125112" HPOS="956" VPOS="210" WIDTH="242" HEIGHT="32" CONTENT="DISORDERS" />
            <SP ID="SP_112772" HPOS="1198" VPOS="210" WIDTH="33" HEIGHT="0" />
            <String ID="Word_125113" HPOS="1231" VPOS="212" WIDTH="53" HEIGHT="30" CONTENT="OF" />
            <SP ID="SP_112773" HPOS="1284" VPOS="212" WIDTH="31" HEIGHT="0" />
            <String ID="Word_125114" HPOS="1315" VPOS="213" WIDTH="174" HEIGHT="33" CONTENT="SPEECH." />
          </TextLine>
        </TextBlock>
      </TopMargin>
      <PrintSpace ID="PrintSpace_329" HPOS="321" VPOS="315" WIDTH="1638" HEIGHT="2749">
        <TextBlock ID="TextBlock_1026" HPOS="321" VPOS="315" WIDTH="1638" HEIGHT="2749">
          <TextLine ID="TextLine_12347" HPOS="396" VPOS="321" WIDTH="1556" HEIGHT="68">
            <String ID="Word_125115" HPOS="396" VPOS="321" WIDTH="206" HEIGHT="45" CONTENT="Amnesia" />
            <SP ID="SP_112774" HPOS="602" VPOS="321" WIDTH="47" HEIGHT="0" />
            <String ID="Word_125116" HPOS="649" VPOS="324" WIDTH="189" HEIGHT="43" CONTENT="Verbalis" />
            <SP ID="SP_112775" HPOS="838" VPOS="324" WIDTH="34" HEIGHT="0" />
            <String ID="Word_125117" HPOS="872" VPOS="327" WIDTH="50" HEIGHT="41" CONTENT="in" />
            <SP ID="SP_112776" HPOS="922" VPOS="327" WIDTH="33" HEIGHT="0" />
            <String ID="Word_125118" HPOS="955" VPOS="327" WIDTH="135" HEIGHT="43" CONTENT="Motor" />
            <SP ID="SP_112777" HPOS="1090" VPOS="327" WIDTH="30" HEIGHT="0" />
            <String ID="Word_125119" HPOS="1120" VPOS="330" WIDTH="351" HEIGHT="54" CONTENT="Aphasia.—We" />
            <SP ID="SP_112778" HPOS="1471" VPOS="331" WIDTH="38" HEIGHT="0" />
            <String ID="Word_125120" HPOS="1509" VPOS="332" WIDTH="108" HEIGHT="43" CONTENT="have" />
            <SP ID="SP_112779" HPOS="1617" VPOS="332" WIDTH="31" HEIGHT="0" />
            <String ID="Word_125121" HPOS="1648" VPOS="333" WIDTH="172" HEIGHT="56" CONTENT="already" />
            <SP ID="SP_112780" HPOS="1820" VPOS="333" WIDTH="34" HEIGHT="0" />
            <String ID="Word_125122" HPOS="1854" VPOS="348" WIDTH="98" HEIGHT="29" CONTENT="seen" />
          </TextLine>
          <TextLine ID="TextLine_12348" HPOS="338" VPOS="391" WIDTH="1614" HEIGHT="69">
            <String ID="Word_125123" HPOS="338" VPOS="391" WIDTH="97" HEIGHT="42" CONTENT="how" />
            <SP ID="SP_112781" HPOS="435" VPOS="391" WIDTH="34" HEIGHT="0" />
            <String ID="Word_125124" HPOS="469" VPOS="394" WIDTH="248" HEIGHT="54" CONTENT="prominent" />
            <SP ID="SP_112782" HPOS="717" VPOS="394" WIDTH="41" HEIGHT="0" />
            <String ID="Word_125125" HPOS="758" VPOS="410" WIDTH="25" HEIGHT="27" CONTENT="a" />
            <SP ID="SP_112783" HPOS="783" VPOS="403" WIDTH="41" HEIGHT="0" />
            <String ID="Word_125126" HPOS="824" VPOS="403" WIDTH="216" HEIGHT="48" CONTENT="symptom" />
            <SP ID="SP_112784" HPOS="1040" VPOS="399" WIDTH="43" HEIGHT="0" />
            <String ID="Word_125127" HPOS="1083" VPOS="399" WIDTH="210" HEIGHT="43" CONTENT="Amnesia" />
            <SP ID="SP_112785" HPOS="1293" VPOS="399" WIDTH="40" HEIGHT="0" />
            <String ID="Word_125128" HPOS="1333" VPOS="401" WIDTH="199" HEIGHT="43" CONTENT="Verbalis" />
            <SP ID="SP_112786" HPOS="1532" VPOS="401" WIDTH="42" HEIGHT="0" />
            <String ID="Word_125129" HPOS="1574" VPOS="404" WIDTH="35" HEIGHT="41" CONTENT="is" />
            <SP ID="SP_112787" HPOS="1609" VPOS="403" WIDTH="42" HEIGHT="0" />
            <String ID="Word_125130" HPOS="1651" VPOS="403" WIDTH="45" HEIGHT="44" CONTENT="in" />
            <SP ID="SP_112788" HPOS="1696" VPOS="403" WIDTH="41" HEIGHT="0" />
            <String ID="Word_125131" HPOS="1737" VPOS="404" WIDTH="215" HEIGHT="56" CONTENT="Auditory" />
          </TextLine>
          <TextLine ID="TextLine_12349" HPOS="335" VPOS="461" WIDTH="1617" HEIGHT="59">
            <String ID="Word_125132" HPOS="335" VPOS="461" WIDTH="221" HEIGHT="57" CONTENT="Aphasia;" />
            <SP ID="SP_112789" HPOS="556" VPOS="461" WIDTH="32" HEIGHT="0" />
            <String ID="Word_125133" HPOS="588" VPOS="465" WIDTH="84" HEIGHT="41" CONTENT="and" />
            <SP ID="SP_112790" HPOS="672" VPOS="465" WIDTH="23" HEIGHT="0" />
            <String ID="Word_125134" HPOS="695" VPOS="465" WIDTH="108" HEIGHT="52" CONTENT="how," />
            <SP ID="SP_112791" HPOS="803" VPOS="465" WIDTH="23" HEIGHT="0" />
            <String ID="Word_125135" HPOS="826" VPOS="467" WIDTH="45" HEIGHT="41" CONTENT="in" />
            <SP ID="SP_112792" HPOS="871" VPOS="467" WIDTH="22" HEIGHT="0" />
            <String ID="Word_125136" HPOS="893" VPOS="467" WIDTH="96" HEIGHT="41" CONTENT="that" />
            <SP ID="SP_112793" HPOS="989" VPOS="467" WIDTH="21" HEIGHT="0" />
            <String ID="Word_125137" HPOS="1010" VPOS="469" WIDTH="232" HEIGHT="51" CONTENT="condition," />
            <SP ID="SP_112794" HPOS="1242" VPOS="469" WIDTH="23" HEIGHT="0" />
            <String ID="Word_125138" HPOS="1265" VPOS="472" WIDTH="35" HEIGHT="40" CONTENT="it" />
            <SP ID="SP_112795" HPOS="1300" VPOS="471" WIDTH="22" HEIGHT="0" />
            <String ID="Word_125139" HPOS="1322" VPOS="471" WIDTH="35" HEIGHT="41" CONTENT="is" />
            <SP ID="SP_112796" HPOS="1357" VPOS="471" WIDTH="22" HEIGHT="0" />
            <String ID="Word_125140" HPOS="1379" VPOS="473" WIDTH="234" HEIGHT="42" CONTENT="associated" />
            <SP ID="SP_112797" HPOS="1613" VPOS="473" WIDTH="23" HEIGHT="0" />
            <String ID="Word_125141" HPOS="1636" VPOS="473" WIDTH="106" HEIGHT="42" CONTENT="with" />
            <SP ID="SP_112798" HPOS="1742" VPOS="473" WIDTH="22" HEIGHT="0" />
            <String ID="Word_125142" HPOS="1764" VPOS="474" WIDTH="55" HEIGHT="42" CONTENT="its" />
            <SP ID="SP_112799" HPOS="1819" VPOS="474" WIDTH="21" HEIGHT="0" />
            <String ID="Word_125143" HPOS="1840" VPOS="489" WIDTH="112" HEIGHT="27" CONTENT="com-" />
          </TextLine>
          <TextLine ID="TextLine_12350" HPOS="335" VPOS="534" WIDTH="1616" HEIGHT="64">
            <String ID="Word_125144" HPOS="335" VPOS="534" WIDTH="161" HEIGHT="54" CONTENT="panion" />
            <SP ID="SP_112800" HPOS="496" VPOS="534" WIDTH="42" HEIGHT="0" />
            <String ID="Word_125145" HPOS="538" VPOS="540" WIDTH="253" HEIGHT="50" CONTENT="symptoms," />
            <SP ID="SP_112801" HPOS="791" VPOS="536" WIDTH="40" HEIGHT="0" />
            <String ID="Word_125146" HPOS="831" VPOS="536" WIDTH="291" HEIGHT="45" CONTENT="Articulative" />
            <SP ID="SP_112802" HPOS="1122" VPOS="536" WIDTH="40" HEIGHT="0" />
            <String ID="Word_125147" HPOS="1162" VPOS="539" WIDTH="209" HEIGHT="44" CONTENT="Amnesia" />
            <SP ID="SP_112803" HPOS="1371" VPOS="539" WIDTH="41" HEIGHT="0" />
            <String ID="Word_125148" HPOS="1412" VPOS="542" WIDTH="85" HEIGHT="42" CONTENT="and" />
            <SP ID="SP_112804" HPOS="1497" VPOS="542" WIDTH="51" HEIGHT="0" />
            <String ID="Word_125149" HPOS="1548" VPOS="543" WIDTH="268" HEIGHT="55" CONTENT="Paraphasia." />
            <SP ID="SP_112805" HPOS="1816" VPOS="543" WIDTH="83" HEIGHT="0" />
            <String ID="Word_125150" HPOS="1899" VPOS="545" WIDTH="52" HEIGHT="41" CONTENT="In" />
          </TextLine>
          <TextLine ID="TextLine_12351" HPOS="337" VPOS="601" WIDTH="1616" HEIGHT="69">
            <String ID="Word_125151" HPOS="337" VPOS="601" WIDTH="144" HEIGHT="45" CONTENT="Motor" />
            <SP ID="SP_112806" HPOS="481" VPOS="601" WIDTH="21" HEIGHT="0" />
            <String ID="Word_125152" HPOS="502" VPOS="604" WIDTH="206" HEIGHT="56" CONTENT="Aphasia," />
            <SP ID="SP_112807" HPOS="708" VPOS="604" WIDTH="22" HEIGHT="0" />
            <String ID="Word_125153" HPOS="730" VPOS="606" WIDTH="73" HEIGHT="42" CONTENT="the" />
            <SP ID="SP_112808" HPOS="803" VPOS="606" WIDTH="32" HEIGHT="0" />
            <String ID="Word_125154" HPOS="835" VPOS="607" WIDTH="181" HEIGHT="43" CONTENT="absence" />
            <SP ID="SP_112809" HPOS="1016" VPOS="607" WIDTH="32" HEIGHT="0" />
            <String ID="Word_125155" HPOS="1048" VPOS="608" WIDTH="44" HEIGHT="42" CONTENT="of" />
            <SP ID="SP_112810" HPOS="1092" VPOS="608" WIDTH="23" HEIGHT="0" />
            <String ID="Word_125156" HPOS="1115" VPOS="610" WIDTH="343" HEIGHT="44" CONTENT="word-deafness," />
            <SP ID="SP_112811" HPOS="1458" VPOS="610" WIDTH="22" HEIGHT="0" />
            <String ID="Word_125157" HPOS="1480" VPOS="613" WIDTH="85" HEIGHT="41" CONTENT="and" />
            <SP ID="SP_112812" HPOS="1565" VPOS="613" WIDTH="33" HEIGHT="0" />
            <String ID="Word_125158" HPOS="1598" VPOS="614" WIDTH="71" HEIGHT="42" CONTENT="the" />
            <SP ID="SP_112813" HPOS="1669" VPOS="614" WIDTH="23" HEIGHT="0" />
            <String ID="Word_125159" HPOS="1692" VPOS="625" WIDTH="261" HEIGHT="45" CONTENT="consequent" />
          </TextLine>
          <TextLine ID="TextLine_12352" HPOS="335" VPOS="675" WIDTH="1618" HEIGHT="60">
            <String ID="Word_125160" HPOS="335" VPOS="688" WIDTH="95" HEIGHT="28" CONTENT="ease" />
            <SP ID="SP_112814" HPOS="430" VPOS="675" WIDTH="26" HEIGHT="0" />
            <String ID="Word_125161" HPOS="456" VPOS="675" WIDTH="104" HEIGHT="42" CONTENT="with" />
            <SP ID="SP_112815" HPOS="560" VPOS="675" WIDTH="23" HEIGHT="0" />
            <String ID="Word_125162" HPOS="583" VPOS="677" WIDTH="140" HEIGHT="41" CONTENT="which" />
            <SP ID="SP_112816" HPOS="723" VPOS="677" WIDTH="24" HEIGHT="0" />
            <String ID="Word_125163" HPOS="747" VPOS="677" WIDTH="73" HEIGHT="42" CONTENT="the" />
            <SP ID="SP_112817" HPOS="820" VPOS="677" WIDTH="21" HEIGHT="0" />
            <String ID="Word_125164" HPOS="841" VPOS="678" WIDTH="169" HEIGHT="55" CONTENT="patient" />
            <SP ID="SP_112818" HPOS="1010" VPOS="678" WIDTH="21" HEIGHT="0" />
            <String ID="Word_125165" HPOS="1031" VPOS="679" WIDTH="233" HEIGHT="56" CONTENT="interprets" />
            <SP ID="SP_112819" HPOS="1264" VPOS="679" WIDTH="25" HEIGHT="0" />
            <String ID="Word_125166" HPOS="1289" VPOS="682" WIDTH="114" HEIGHT="42" CONTENT="what" />
            <SP ID="SP_112820" HPOS="1403" VPOS="682" WIDTH="22" HEIGHT="0" />
            <String ID="Word_125167" HPOS="1425" VPOS="683" WIDTH="35" HEIGHT="42" CONTENT="is" />
            <SP ID="SP_112821" HPOS="1460" VPOS="683" WIDTH="22" HEIGHT="0" />
            <String ID="Word_125168" HPOS="1482" VPOS="684" WIDTH="92" HEIGHT="42" CONTENT="said" />
            <SP ID="SP_112822" HPOS="1574" VPOS="684" WIDTH="22" HEIGHT="0" />
            <String ID="Word_125169" HPOS="1596" VPOS="689" WIDTH="43" HEIGHT="37" CONTENT="to" />
            <SP ID="SP_112823" HPOS="1639" VPOS="684" WIDTH="21" HEIGHT="0" />
            <String ID="Word_125170" HPOS="1660" VPOS="684" WIDTH="103" HEIGHT="51" CONTENT="him," />
            <SP ID="SP_112824" HPOS="1763" VPOS="684" WIDTH="22" HEIGHT="0" />
            <String ID="Word_125171" HPOS="1785" VPOS="684" WIDTH="77" HEIGHT="43" CONTENT="has" />
            <SP ID="SP_112825" HPOS="1862" VPOS="684" WIDTH="21" HEIGHT="0" />
            <String ID="Word_125172" HPOS="1883" VPOS="685" WIDTH="70" HEIGHT="42" CONTENT="led" />
          </TextLine>
          <TextLine ID="TextLine_12353" HPOS="339" VPOS="746" WIDTH="1612" HEIGHT="54">
            <String ID="Word_125173" HPOS="339" VPOS="758" WIDTH="128" HEIGHT="42" CONTENT="many" />
            <SP ID="SP_112826" HPOS="467" VPOS="750" WIDTH="27" HEIGHT="0" />
            <String ID="Word_125174" HPOS="494" VPOS="750" WIDTH="44" HEIGHT="37" CONTENT="to" />
            <SP ID="SP_112827" HPOS="538" VPOS="746" WIDTH="36" HEIGHT="0" />
            <String ID="Word_125175" HPOS="574" VPOS="746" WIDTH="128" HEIGHT="42" CONTENT="think" />
            <SP ID="SP_112828" HPOS="702" VPOS="746" WIDTH="37" HEIGHT="0" />
            <String ID="Word_125176" HPOS="739" VPOS="747" WIDTH="96" HEIGHT="42" CONTENT="that" />
            <SP ID="SP_112829" HPOS="835" VPOS="747" WIDTH="36" HEIGHT="0" />
            <String ID="Word_125177" HPOS="871" VPOS="747" WIDTH="122" HEIGHT="43" CONTENT="there" />
            <SP ID="SP_112830" HPOS="993" VPOS="747" WIDTH="34" HEIGHT="0" />
            <String ID="Word_125178" HPOS="1027" VPOS="762" WIDTH="79" HEIGHT="29" CONTENT="can" />
            <SP ID="SP_112831" HPOS="1106" VPOS="750" WIDTH="36" HEIGHT="0" />
            <String ID="Word_125179" HPOS="1142" VPOS="750" WIDTH="52" HEIGHT="42" CONTENT="be" />
            <SP ID="SP_112832" HPOS="1194" VPOS="750" WIDTH="31" HEIGHT="0" />
            <String ID="Word_125180" HPOS="1225" VPOS="751" WIDTH="115" HEIGHT="42" CONTENT="little" />
            <SP ID="SP_112833" HPOS="1340" VPOS="751" WIDTH="32" HEIGHT="0" />
            <String ID="Word_125181" HPOS="1372" VPOS="766" WIDTH="46" HEIGHT="27" CONTENT="or" />
            <SP ID="SP_112834" HPOS="1418" VPOS="765" WIDTH="33" HEIGHT="0" />
            <String ID="Word_125182" HPOS="1451" VPOS="767" WIDTH="53" HEIGHT="27" CONTENT="no" />
            <SP ID="SP_112835" HPOS="1504" VPOS="754" WIDTH="31" HEIGHT="0" />
            <String ID="Word_125183" HPOS="1535" VPOS="754" WIDTH="192" HEIGHT="42" CONTENT="amnesia" />
            <SP ID="SP_112836" HPOS="1727" VPOS="754" WIDTH="34" HEIGHT="0" />
            <String ID="Word_125184" HPOS="1761" VPOS="755" WIDTH="190" HEIGHT="42" CONTENT="verbalis." />
          </TextLine>
          <TextLine ID="TextLine_12354" HPOS="337" VPOS="815" WIDTH="1615" HEIGHT="64">
            <String ID="Word_125185" HPOS="337" VPOS="815" WIDTH="89" HEIGHT="41" CONTENT="But" />
            <SP ID="SP_112837" HPOS="426" VPOS="815" WIDTH="33" HEIGHT="0" />
            <String ID="Word_125186" HPOS="459" VPOS="816" WIDTH="87" HEIGHT="42" CONTENT="this" />
            <SP ID="SP_112838" HPOS="546" VPOS="816" WIDTH="36" HEIGHT="0" />
            <String ID="Word_125187" HPOS="582" VPOS="817" WIDTH="37" HEIGHT="41" CONTENT="is" />
            <SP ID="SP_112839" HPOS="619" VPOS="817" WIDTH="33" HEIGHT="0" />
            <String ID="Word_125188" HPOS="652" VPOS="829" WIDTH="23" HEIGHT="30" CONTENT="a" />
            <SP ID="SP_112840" HPOS="675" VPOS="817" WIDTH="33" HEIGHT="0" />
            <String ID="Word_125189" HPOS="708" VPOS="817" WIDTH="195" HEIGHT="42" CONTENT="mistake." />
            <SP ID="SP_112841" HPOS="903" VPOS="817" WIDTH="63" HEIGHT="0" />
            <String ID="Word_125190" HPOS="966" VPOS="818" WIDTH="145" HEIGHT="42" CONTENT="When" />
            <SP ID="SP_112842" HPOS="1111" VPOS="818" WIDTH="32" HEIGHT="0" />
            <String ID="Word_125191" HPOS="1143" VPOS="820" WIDTH="186" HEIGHT="56" CONTENT="thought" />
            <SP ID="SP_112843" HPOS="1329" VPOS="820" WIDTH="31" HEIGHT="0" />
            <String ID="Word_125192" HPOS="1360" VPOS="822" WIDTH="35" HEIGHT="41" CONTENT="is" />
            <SP ID="SP_112844" HPOS="1395" VPOS="822" WIDTH="33" HEIGHT="0" />
            <String ID="Word_125193" HPOS="1428" VPOS="823" WIDTH="176" HEIGHT="55" CONTENT="seeking" />
            <SP ID="SP_112845" HPOS="1604" VPOS="823" WIDTH="32" HEIGHT="0" />
            <String ID="Word_125194" HPOS="1636" VPOS="824" WIDTH="259" HEIGHT="54" CONTENT="expression," />
            <SP ID="SP_112846" HPOS="1895" VPOS="824" WIDTH="24" HEIGHT="0" />
            <String ID="Word_125195" HPOS="1919" VPOS="826" WIDTH="33" HEIGHT="40" CONTENT="it" />
          </TextLine>
          <TextLine ID="TextLine_12355" HPOS="336" VPOS="885" WIDTH="1617" HEIGHT="62">
            <String ID="Word_125196" HPOS="336" VPOS="885" WIDTH="119" HEIGHT="43" CONTENT="leans" />
            <SP ID="SP_112847" HPOS="455" VPOS="885" WIDTH="33" HEIGHT="0" />
            <String ID="Word_125197" HPOS="488" VPOS="886" WIDTH="184" HEIGHT="42" CONTENT="towards" />
            <SP ID="SP_112848" HPOS="672" VPOS="886" WIDTH="32" HEIGHT="0" />
            <String ID="Word_125198" HPOS="704" VPOS="887" WIDTH="74" HEIGHT="42" CONTENT="the" />
            <SP ID="SP_112849" HPOS="778" VPOS="887" WIDTH="31" HEIGHT="0" />
            <String ID="Word_125199" HPOS="809" VPOS="892" WIDTH="142" HEIGHT="37" CONTENT="motor" />
            <SP ID="SP_112850" HPOS="951" VPOS="889" WIDTH="31" HEIGHT="0" />
            <String ID="Word_125200" HPOS="982" VPOS="889" WIDTH="186" HEIGHT="54" CONTENT="images;" />
            <SP ID="SP_112851" HPOS="1168" VPOS="889" WIDTH="31" HEIGHT="0" />
            <String ID="Word_125201" HPOS="1199" VPOS="890" WIDTH="94" HEIGHT="41" CONTENT="and," />
            <SP ID="SP_112852" HPOS="1293" VPOS="890" WIDTH="28" HEIGHT="0" />
            <String ID="Word_125202" HPOS="1321" VPOS="891" WIDTH="36" HEIGHT="40" CONTENT="if" />
            <SP ID="SP_112853" HPOS="1357" VPOS="891" WIDTH="28" HEIGHT="0" />
            <String ID="Word_125203" HPOS="1385" VPOS="891" WIDTH="119" HEIGHT="42" CONTENT="these" />
            <SP ID="SP_112854" HPOS="1504" VPOS="891" WIDTH="37" HEIGHT="0" />
            <String ID="Word_125204" HPOS="1541" VPOS="906" WIDTH="68" HEIGHT="28" CONTENT="are" />
            <SP ID="SP_112855" HPOS="1609" VPOS="893" WIDTH="37" HEIGHT="0" />
            <String ID="Word_125205" HPOS="1646" VPOS="893" WIDTH="237" HEIGHT="54" CONTENT="destroyed," />
            <SP ID="SP_112856" HPOS="1883" VPOS="893" WIDTH="35" HEIGHT="0" />
            <String ID="Word_125206" HPOS="1918" VPOS="895" WIDTH="35" HEIGHT="39" CONTENT="it" />
          </TextLine>
          <TextLine ID="TextLine_12356" HPOS="336" VPOS="957" WIDTH="1614" HEIGHT="60">
            <String ID="Word_125207" HPOS="336" VPOS="960" WIDTH="159" HEIGHT="38" CONTENT="cannot" />
            <SP ID="SP_112857" HPOS="495" VPOS="957" WIDTH="22" HEIGHT="0" />
            <String ID="Word_125208" HPOS="517" VPOS="957" WIDTH="134" HEIGHT="55" CONTENT="easily" />
            <SP ID="SP_112858" HPOS="651" VPOS="957" WIDTH="25" HEIGHT="0" />
            <String ID="Word_125209" HPOS="676" VPOS="957" WIDTH="89" HEIGHT="41" CONTENT="find" />
            <SP ID="SP_112859" HPOS="765" VPOS="957" WIDTH="23" HEIGHT="0" />
            <String ID="Word_125210" HPOS="788" VPOS="958" WIDTH="73" HEIGHT="41" CONTENT="the" />
            <SP ID="SP_112860" HPOS="861" VPOS="958" WIDTH="24" HEIGHT="0" />
            <String ID="Word_125211" HPOS="885" VPOS="959" WIDTH="137" HEIGHT="40" CONTENT="words" />
            <SP ID="SP_112861" HPOS="1022" VPOS="959" WIDTH="22" HEIGHT="0" />
            <String ID="Word_125212" HPOS="1044" VPOS="959" WIDTH="36" HEIGHT="41" CONTENT="it" />
            <SP ID="SP_112862" HPOS="1080" VPOS="959" WIDTH="23" HEIGHT="0" />
            <String ID="Word_125213" HPOS="1103" VPOS="966" WIDTH="146" HEIGHT="37" CONTENT="wants." />
            <SP ID="SP_112863" HPOS="1249" VPOS="961" WIDTH="63" HEIGHT="0" />
            <String ID="Word_125214" HPOS="1312" VPOS="961" WIDTH="198" HEIGHT="55" CONTENT="Possibly" />
            <SP ID="SP_112864" HPOS="1510" VPOS="961" WIDTH="22" HEIGHT="0" />
            <String ID="Word_125215" HPOS="1532" VPOS="963" WIDTH="36" HEIGHT="41" CONTENT="it" />
            <SP ID="SP_112865" HPOS="1568" VPOS="963" WIDTH="25" HEIGHT="0" />
            <String ID="Word_125216" HPOS="1593" VPOS="977" WIDTH="98" HEIGHT="27" CONTENT="may" />
            <SP ID="SP_112866" HPOS="1691" VPOS="964" WIDTH="25" HEIGHT="0" />
            <String ID="Word_125217" HPOS="1716" VPOS="969" WIDTH="101" HEIGHT="35" CONTENT="with" />
            <SP ID="SP_112867" HPOS="1817" VPOS="963" WIDTH="26" HEIGHT="0" />
            <String ID="Word_125218" HPOS="1843" VPOS="963" WIDTH="107" HEIGHT="43" CONTENT="diffi-" />
          </TextLine>
          <TextLine ID="TextLine_12357" HPOS="335" VPOS="1022" WIDTH="1616" HEIGHT="65">
            <String ID="Word_125219" HPOS="335" VPOS="1022" WIDTH="122" HEIGHT="60" CONTENT="culty" />
            <SP ID="SP_112868" HPOS="457" VPOS="1022" WIDTH="38" HEIGHT="0" />
            <String ID="Word_125220" HPOS="495" VPOS="1028" WIDTH="90" HEIGHT="41" CONTENT="find" />
            <SP ID="SP_112869" HPOS="585" VPOS="1028" WIDTH="37" HEIGHT="0" />
            <String ID="Word_125221" HPOS="622" VPOS="1042" WIDTH="116" HEIGHT="27" CONTENT="some" />
            <SP ID="SP_112870" HPOS="738" VPOS="1029" WIDTH="38" HEIGHT="0" />
            <String ID="Word_125222" HPOS="776" VPOS="1029" WIDTH="45" HEIGHT="41" CONTENT="of" />
            <SP ID="SP_112871" HPOS="821" VPOS="1029" WIDTH="33" HEIGHT="0" />
            <String ID="Word_125223" HPOS="854" VPOS="1029" WIDTH="132" HEIGHT="51" CONTENT="them," />
            <SP ID="SP_112872" HPOS="986" VPOS="1029" WIDTH="38" HEIGHT="0" />
            <String ID="Word_125224" HPOS="1024" VPOS="1029" WIDTH="55" HEIGHT="55" CONTENT="by" />
            <SP ID="SP_112873" HPOS="1079" VPOS="1029" WIDTH="39" HEIGHT="0" />
            <String ID="Word_125225" HPOS="1118" VPOS="1031" WIDTH="196" HEIGHT="55" CONTENT="reviving" />
            <SP ID="SP_112874" HPOS="1314" VPOS="1031" WIDTH="33" HEIGHT="0" />
            <String ID="Word_125226" HPOS="1347" VPOS="1031" WIDTH="71" HEIGHT="41" CONTENT="the" />
            <SP ID="SP_112875" HPOS="1418" VPOS="1031" WIDTH="34" HEIGHT="0" />
            <String ID="Word_125227" HPOS="1452" VPOS="1031" WIDTH="199" HEIGHT="56" CONTENT="auditory" />
            <SP ID="SP_112876" HPOS="1651" VPOS="1031" WIDTH="32" HEIGHT="0" />
            <String ID="Word_125228" HPOS="1683" VPOS="1033" WIDTH="184" HEIGHT="54" CONTENT="images;" />
            <SP ID="SP_112877" HPOS="1867" VPOS="1034" WIDTH="40" HEIGHT="0" />
            <String ID="Word_125229" HPOS="1907" VPOS="1034" WIDTH="44" HEIGHT="39" CONTENT="in" />
          </TextLine>
          <TextLine ID="TextLine_12358" HPOS="337" VPOS="1098" WIDTH="1615" HEIGHT="58">
            <String ID="Word_125230" HPOS="337" VPOS="1098" WIDTH="141" HEIGHT="42" CONTENT="which" />
            <SP ID="SP_112878" HPOS="478" VPOS="1098" WIDTH="22" HEIGHT="0" />
            <String ID="Word_125231" HPOS="500" VPOS="1112" WIDTH="95" HEIGHT="28" CONTENT="case" />
            <SP ID="SP_112879" HPOS="595" VPOS="1099" WIDTH="32" HEIGHT="0" />
            <String ID="Word_125232" HPOS="627" VPOS="1099" WIDTH="209" HEIGHT="41" CONTENT="Amnesia" />
            <SP ID="SP_112880" HPOS="836" VPOS="1099" WIDTH="20" HEIGHT="0" />
            <String ID="Word_125233" HPOS="856" VPOS="1099" WIDTH="202" HEIGHT="42" CONTENT="Verbalis" />
            <SP ID="SP_112881" HPOS="1058" VPOS="1099" WIDTH="33" HEIGHT="0" />
            <String ID="Word_125234" HPOS="1091" VPOS="1100" WIDTH="87" HEIGHT="41" CONTENT="will" />
            <SP ID="SP_112882" HPOS="1178" VPOS="1100" WIDTH="26" HEIGHT="0" />
            <String ID="Word_125235" HPOS="1204" VPOS="1107" WIDTH="74" HEIGHT="34" CONTENT="not" />
            <SP ID="SP_112883" HPOS="1278" VPOS="1101" WIDTH="33" HEIGHT="0" />
            <String ID="Word_125236" HPOS="1311" VPOS="1101" WIDTH="50" HEIGHT="41" CONTENT="be" />
            <SP ID="SP_112884" HPOS="1361" VPOS="1101" WIDTH="22" HEIGHT="0" />
            <String ID="Word_125237" HPOS="1383" VPOS="1101" WIDTH="220" HEIGHT="55" CONTENT="complete." />
            <SP ID="SP_112885" HPOS="1603" VPOS="1101" WIDTH="62" HEIGHT="0" />
            <String ID="Word_125238" HPOS="1665" VPOS="1101" WIDTH="88" HEIGHT="42" CONTENT="But" />
            <SP ID="SP_112886" HPOS="1753" VPOS="1101" WIDTH="22" HEIGHT="0" />
            <String ID="Word_125239" HPOS="1775" VPOS="1101" WIDTH="118" HEIGHT="43" CONTENT="there" />
            <SP ID="SP_112887" HPOS="1893" VPOS="1101" WIDTH="23" HEIGHT="0" />
            <String ID="Word_125240" HPOS="1916" VPOS="1103" WIDTH="36" HEIGHT="41" CONTENT="is" />
          </TextLine>
          <TextLine ID="TextLine_12359" HPOS="335" VPOS="1169" WIDTH="1617" HEIGHT="57">
            <String ID="Word_125241" HPOS="335" VPOS="1183" WIDTH="150" HEIGHT="28" CONTENT="reason" />
            <SP ID="SP_112888" HPOS="485" VPOS="1175" WIDTH="25" HEIGHT="0" />
            <String ID="Word_125242" HPOS="510" VPOS="1175" WIDTH="42" HEIGHT="35" CONTENT="to" />
            <SP ID="SP_112889" HPOS="552" VPOS="1169" WIDTH="35" HEIGHT="0" />
            <String ID="Word_125243" HPOS="587" VPOS="1169" WIDTH="164" HEIGHT="42" CONTENT="believe" />
            <SP ID="SP_112890" HPOS="751" VPOS="1169" WIDTH="32" HEIGHT="0" />
            <String ID="Word_125244" HPOS="783" VPOS="1169" WIDTH="97" HEIGHT="41" CONTENT="that" />
            <SP ID="SP_112891" HPOS="880" VPOS="1169" WIDTH="30" HEIGHT="0" />
            <String ID="Word_125245" HPOS="910" VPOS="1169" WIDTH="46" HEIGHT="41" CONTENT="in" />
            <SP ID="SP_112892" HPOS="956" VPOS="1169" WIDTH="32" HEIGHT="0" />
            <String ID="Word_125246" HPOS="988" VPOS="1184" WIDTH="128" HEIGHT="28" CONTENT="every" />
            <SP ID="SP_112893" HPOS="1116" VPOS="1184" WIDTH="23" HEIGHT="0" />
            <String ID="Word_125247" HPOS="1139" VPOS="1184" WIDTH="94" HEIGHT="28" CONTENT="case" />
            <SP ID="SP_112894" HPOS="1233" VPOS="1171" WIDTH="23" HEIGHT="0" />
            <String ID="Word_125248" HPOS="1256" VPOS="1171" WIDTH="43" HEIGHT="41" CONTENT="of" />
            <SP ID="SP_112895" HPOS="1299" VPOS="1171" WIDTH="31" HEIGHT="0" />
            <String ID="Word_125249" HPOS="1330" VPOS="1184" WIDTH="144" HEIGHT="28" CONTENT="severe" />
            <SP ID="SP_112896" HPOS="1474" VPOS="1177" WIDTH="29" HEIGHT="0" />
            <String ID="Word_125250" HPOS="1503" VPOS="1177" WIDTH="137" HEIGHT="35" CONTENT="motor" />
            <SP ID="SP_112897" HPOS="1640" VPOS="1172" WIDTH="20" HEIGHT="0" />
            <String ID="Word_125251" HPOS="1660" VPOS="1172" WIDTH="176" HEIGHT="54" CONTENT="aphasia" />
            <SP ID="SP_112898" HPOS="1836" VPOS="1172" WIDTH="21" HEIGHT="0" />
            <String ID="Word_125252" HPOS="1857" VPOS="1173" WIDTH="95" HEIGHT="40" CONTENT="that" />
          </TextLine>
          <TextLine ID="TextLine_12360" HPOS="334" VPOS="1239" WIDTH="1618" HEIGHT="56">
            <String ID="Word_125253" HPOS="334" VPOS="1240" WIDTH="38" HEIGHT="42" CONTENT="is" />
            <SP ID="SP_112899" HPOS="372" VPOS="1240" WIDTH="37" HEIGHT="0" />
            <String ID="Word_125254" HPOS="409" VPOS="1240" WIDTH="82" HEIGHT="41" CONTENT="due" />
            <SP ID="SP_112900" HPOS="491" VPOS="1240" WIDTH="33" HEIGHT="0" />
            <String ID="Word_125255" HPOS="524" VPOS="1244" WIDTH="44" HEIGHT="37" CONTENT="to" />
            <SP ID="SP_112901" HPOS="568" VPOS="1239" WIDTH="32" HEIGHT="0" />
            <String ID="Word_125256" HPOS="600" VPOS="1239" WIDTH="266" HEIGHT="42" CONTENT="destruction" />
            <SP ID="SP_112902" HPOS="866" VPOS="1239" WIDTH="33" HEIGHT="0" />
            <String ID="Word_125257" HPOS="899" VPOS="1240" WIDTH="46" HEIGHT="41" CONTENT="of" />
            <SP ID="SP_112903" HPOS="945" VPOS="1240" WIDTH="29" HEIGHT="0" />
            <String ID="Word_125258" HPOS="974" VPOS="1240" WIDTH="72" HEIGHT="42" CONTENT="the" />
            <SP ID="SP_112904" HPOS="1046" VPOS="1240" WIDTH="33" HEIGHT="0" />
            <String ID="Word_125259" HPOS="1079" VPOS="1245" WIDTH="140" HEIGHT="37" CONTENT="motor" />
            <SP ID="SP_112905" HPOS="1219" VPOS="1241" WIDTH="31" HEIGHT="0" />
            <String ID="Word_125260" HPOS="1250" VPOS="1241" WIDTH="171" HEIGHT="54" CONTENT="images," />
            <SP ID="SP_112906" HPOS="1421" VPOS="1241" WIDTH="31" HEIGHT="0" />
            <String ID="Word_125261" HPOS="1452" VPOS="1241" WIDTH="207" HEIGHT="42" CONTENT="Amnesia" />
            <SP ID="SP_112907" HPOS="1659" VPOS="1241" WIDTH="28" HEIGHT="0" />
            <String ID="Word_125262" HPOS="1687" VPOS="1242" WIDTH="197" HEIGHT="42" CONTENT="Verbalis" />
            <SP ID="SP_112908" HPOS="1884" VPOS="1242" WIDTH="31" HEIGHT="0" />
            <String ID="Word_125263" HPOS="1915" VPOS="1242" WIDTH="37" HEIGHT="42" CONTENT="is" />
          </TextLine>
          <TextLine ID="TextLine_12361" HPOS="335" VPOS="1310" WIDTH="1617" HEIGHT="56">
            <String ID="Word_125264" HPOS="335" VPOS="1310" WIDTH="238" HEIGHT="42" CONTENT="extremely" />
            <SP ID="SP_112909" HPOS="573" VPOS="1310" WIDTH="19" HEIGHT="0" />
            <String ID="Word_125265" HPOS="592" VPOS="1310" WIDTH="99" HEIGHT="42" CONTENT="well" />
            <SP ID="SP_112910" HPOS="691" VPOS="1310" WIDTH="17" HEIGHT="0" />
            <String ID="Word_125266" HPOS="708" VPOS="1310" WIDTH="359" HEIGHT="50" CONTENT="marked,—even" />
            <SP ID="SP_112911" HPOS="1067" VPOS="1324" WIDTH="30" HEIGHT="0" />
            <String ID="Word_125267" HPOS="1097" VPOS="1325" WIDTH="113" HEIGHT="28" CONTENT="more" />
            <SP ID="SP_112912" HPOS="1210" VPOS="1325" WIDTH="23" HEIGHT="0" />
            <String ID="Word_125268" HPOS="1233" VPOS="1325" WIDTH="57" HEIGHT="37" CONTENT="so," />
            <SP ID="SP_112913" HPOS="1290" VPOS="1311" WIDTH="23" HEIGHT="0" />
            <String ID="Word_125269" HPOS="1313" VPOS="1311" WIDTH="196" HEIGHT="55" CONTENT="perhaps," />
            <SP ID="SP_112914" HPOS="1509" VPOS="1311" WIDTH="25" HEIGHT="0" />
            <String ID="Word_125270" HPOS="1534" VPOS="1311" WIDTH="103" HEIGHT="41" CONTENT="than" />
            <SP ID="SP_112915" HPOS="1637" VPOS="1311" WIDTH="16" HEIGHT="0" />
            <String ID="Word_125271" HPOS="1653" VPOS="1311" WIDTH="36" HEIGHT="42" CONTENT="it" />
            <SP ID="SP_112916" HPOS="1689" VPOS="1311" WIDTH="23" HEIGHT="0" />
            <String ID="Word_125272" HPOS="1712" VPOS="1313" WIDTH="34" HEIGHT="41" CONTENT="is" />
            <SP ID="SP_112917" HPOS="1746" VPOS="1312" WIDTH="22" HEIGHT="0" />
            <String ID="Word_125273" HPOS="1768" VPOS="1312" WIDTH="46" HEIGHT="41" CONTENT="in" />
            <SP ID="SP_112918" HPOS="1814" VPOS="1312" WIDTH="22" HEIGHT="0" />
            <String ID="Word_125274" HPOS="1836" VPOS="1326" WIDTH="116" HEIGHT="28" CONTENT="cases" />
          </TextLine>
          <TextLine ID="TextLine_12362" HPOS="335" VPOS="1379" WIDTH="1614" HEIGHT="57">
            <String ID="Word_125275" HPOS="335" VPOS="1382" WIDTH="43" HEIGHT="40" CONTENT="of" />
            <SP ID="SP_112919" HPOS="378" VPOS="1382" WIDTH="32" HEIGHT="0" />
            <String ID="Word_125276" HPOS="410" VPOS="1395" WIDTH="145" HEIGHT="27" CONTENT="severe" />
            <SP ID="SP_112920" HPOS="555" VPOS="1381" WIDTH="38" HEIGHT="0" />
            <String ID="Word_125277" HPOS="593" VPOS="1382" WIDTH="199" HEIGHT="53" CONTENT="auditory" />
            <SP ID="SP_112921" HPOS="792" VPOS="1380" WIDTH="33" HEIGHT="0" />
            <String ID="Word_125278" HPOS="825" VPOS="1381" WIDTH="186" HEIGHT="54" CONTENT="aphasia." />
            <SP ID="SP_112922" HPOS="1011" VPOS="1379" WIDTH="64" HEIGHT="0" />
            <String ID="Word_125279" HPOS="1075" VPOS="1379" WIDTH="244" HEIGHT="44" CONTENT="Trousseau" />
            <SP ID="SP_112923" HPOS="1319" VPOS="1379" WIDTH="31" HEIGHT="0" />
            <String ID="Word_125280" HPOS="1350" VPOS="1382" WIDTH="37" HEIGHT="40" CONTENT="is" />
            <SP ID="SP_112924" HPOS="1387" VPOS="1382" WIDTH="32" HEIGHT="0" />
            <String ID="Word_125281" HPOS="1419" VPOS="1382" WIDTH="222" HEIGHT="54" CONTENT="evidently" />
            <SP ID="SP_112925" HPOS="1641" VPOS="1382" WIDTH="34" HEIGHT="0" />
            <String ID="Word_125282" HPOS="1675" VPOS="1382" WIDTH="114" HEIGHT="54" CONTENT="right" />
            <SP ID="SP_112926" HPOS="1789" VPOS="1382" WIDTH="39" HEIGHT="0" />
            <String ID="Word_125283" HPOS="1828" VPOS="1383" WIDTH="121" HEIGHT="41" CONTENT="when" />
          </TextLine>
          <TextLine ID="TextLine_12363" HPOS="333" VPOS="1449" WIDTH="1618" HEIGHT="57">
            <String ID="Word_125284" HPOS="333" VPOS="1452" WIDTH="58" HEIGHT="54" CONTENT="(p." />
            <SP ID="SP_112927" HPOS="391" VPOS="1449" WIDTH="26" HEIGHT="0" />
            <String ID="Word_125285" HPOS="417" VPOS="1449" WIDTH="105" HEIGHT="46" CONTENT="721)" />
            <SP ID="SP_112928" HPOS="522" VPOS="1449" WIDTH="32" HEIGHT="0" />
            <String ID="Word_125286" HPOS="554" VPOS="1450" WIDTH="52" HEIGHT="42" CONTENT="he" />
            <SP ID="SP_112929" HPOS="606" VPOS="1450" WIDTH="33" HEIGHT="0" />
            <String ID="Word_125287" HPOS="639" VPOS="1464" WIDTH="109" HEIGHT="41" CONTENT="says," />
            <SP ID="SP_112930" HPOS="748" VPOS="1451" WIDTH="23" HEIGHT="0" />
            <String ID="Word_125288" HPOS="771" VPOS="1451" WIDTH="172" HEIGHT="41" CONTENT="&quot;There" />
            <SP ID="SP_112931" HPOS="943" VPOS="1451" WIDTH="32" HEIGHT="0" />
            <String ID="Word_125289" HPOS="975" VPOS="1451" WIDTH="36" HEIGHT="41" CONTENT="is" />
            <SP ID="SP_112932" HPOS="1011" VPOS="1451" WIDTH="36" HEIGHT="0" />
            <String ID="Word_125290" HPOS="1047" VPOS="1456" WIDTH="73" HEIGHT="36" CONTENT="not" />
            <SP ID="SP_112933" HPOS="1120" VPOS="1451" WIDTH="31" HEIGHT="0" />
            <String ID="Word_125291" HPOS="1151" VPOS="1451" WIDTH="103" HEIGHT="55" CONTENT="only" />
            <SP ID="SP_112934" HPOS="1254" VPOS="1451" WIDTH="31" HEIGHT="0" />
            <String ID="Word_125292" HPOS="1285" VPOS="1452" WIDTH="236" HEIGHT="54" CONTENT="asynergia," />
            <SP ID="SP_112935" HPOS="1521" VPOS="1451" WIDTH="24" HEIGHT="0" />
            <String ID="Word_125293" HPOS="1545" VPOS="1451" WIDTH="118" HEIGHT="42" CONTENT="there" />
            <SP ID="SP_112936" HPOS="1663" VPOS="1451" WIDTH="31" HEIGHT="0" />
            <String ID="Word_125294" HPOS="1694" VPOS="1452" WIDTH="36" HEIGHT="41" CONTENT="is" />
            <SP ID="SP_112937" HPOS="1730" VPOS="1452" WIDTH="32" HEIGHT="0" />
            <String ID="Word_125295" HPOS="1762" VPOS="1452" WIDTH="189" HEIGHT="42" CONTENT="amnesia" />
          </TextLine>
          <TextLine ID="TextLine_12364" HPOS="334" VPOS="1521" WIDTH="1617" HEIGHT="55">
            <String ID="Word_125296" HPOS="334" VPOS="1521" WIDTH="197" HEIGHT="42" CONTENT="verbalis." />
            <SP ID="SP_112938" HPOS="531" VPOS="1521" WIDTH="64" HEIGHT="0" />
            <String ID="Word_125297" HPOS="595" VPOS="1521" WIDTH="88" HEIGHT="41" CONTENT="The" />
            <SP ID="SP_112939" HPOS="683" VPOS="1521" WIDTH="37" HEIGHT="0" />
            <String ID="Word_125298" HPOS="720" VPOS="1521" WIDTH="189" HEIGHT="55" CONTENT="patients" />
            <SP ID="SP_112940" HPOS="909" VPOS="1521" WIDTH="38" HEIGHT="0" />
            <String ID="Word_125299" HPOS="947" VPOS="1521" WIDTH="109" HEIGHT="42" CONTENT="have" />
            <SP ID="SP_112941" HPOS="1056" VPOS="1521" WIDTH="37" HEIGHT="0" />
            <String ID="Word_125300" HPOS="1093" VPOS="1522" WIDTH="213" HEIGHT="54" CONTENT="forgotten" />
            <SP ID="SP_112942" HPOS="1306" VPOS="1521" WIDTH="39" HEIGHT="0" />
            <String ID="Word_125301" HPOS="1345" VPOS="1521" WIDTH="73" HEIGHT="42" CONTENT="the" />
            <SP ID="SP_112943" HPOS="1418" VPOS="1521" WIDTH="37" HEIGHT="0" />
            <String ID="Word_125302" HPOS="1455" VPOS="1521" WIDTH="172" HEIGHT="42" CONTENT="words.&quot;" />
            <SP ID="SP_112944" HPOS="1627" VPOS="1521" WIDTH="62" HEIGHT="0" />
            <String ID="Word_125303" HPOS="1689" VPOS="1522" WIDTH="68" HEIGHT="41" CONTENT="He" />
            <SP ID="SP_112945" HPOS="1757" VPOS="1522" WIDTH="32" HEIGHT="0" />
            <String ID="Word_125304" HPOS="1789" VPOS="1522" WIDTH="37" HEIGHT="41" CONTENT="is" />
            <SP ID="SP_112946" HPOS="1826" VPOS="1521" WIDTH="36" HEIGHT="0" />
            <String ID="Word_125305" HPOS="1862" VPOS="1521" WIDTH="89" HEIGHT="42" CONTENT="also" />
          </TextLine>
          <TextLine ID="TextLine_12365" HPOS="334" VPOS="1591" WIDTH="1616" HEIGHT="55">
            <String ID="Word_125306" HPOS="334" VPOS="1592" WIDTH="224" HEIGHT="54" CONTENT="evidently" />
            <SP ID="SP_112947" HPOS="558" VPOS="1591" WIDTH="21" HEIGHT="0" />
            <String ID="Word_125307" HPOS="579" VPOS="1591" WIDTH="117" HEIGHT="42" CONTENT="right" />
            <SP ID="SP_112948" HPOS="696" VPOS="1591" WIDTH="37" HEIGHT="0" />
            <String ID="Word_125308" HPOS="733" VPOS="1591" WIDTH="125" HEIGHT="42" CONTENT="when" />
            <SP ID="SP_112949" HPOS="858" VPOS="1591" WIDTH="32" HEIGHT="0" />
            <String ID="Word_125309" HPOS="890" VPOS="1592" WIDTH="52" HEIGHT="41" CONTENT="he" />
            <SP ID="SP_112950" HPOS="942" VPOS="1591" WIDTH="33" HEIGHT="0" />
            <String ID="Word_125310" HPOS="975" VPOS="1591" WIDTH="229" HEIGHT="42" CONTENT="attributes" />
            <SP ID="SP_112951" HPOS="1204" VPOS="1591" WIDTH="35" HEIGHT="0" />
            <String ID="Word_125311" HPOS="1239" VPOS="1598" WIDTH="41" HEIGHT="34" CONTENT="to" />
            <SP ID="SP_112952" HPOS="1280" VPOS="1592" WIDTH="34" HEIGHT="0" />
            <String ID="Word_125312" HPOS="1314" VPOS="1592" WIDTH="87" HEIGHT="41" CONTENT="this" />
            <SP ID="SP_112953" HPOS="1401" VPOS="1592" WIDTH="35" HEIGHT="0" />
            <String ID="Word_125313" HPOS="1436" VPOS="1592" WIDTH="192" HEIGHT="41" CONTENT="amnesia" />
            <SP ID="SP_112954" HPOS="1628" VPOS="1592" WIDTH="35" HEIGHT="0" />
            <String ID="Word_125314" HPOS="1663" VPOS="1592" WIDTH="182" HEIGHT="41" CONTENT="verbalis" />
            <SP ID="SP_112955" HPOS="1845" VPOS="1592" WIDTH="32" HEIGHT="0" />
            <String ID="Word_125315" HPOS="1877" VPOS="1592" WIDTH="73" HEIGHT="41" CONTENT="the" />
          </TextLine>
          <TextLine ID="TextLine_12366" HPOS="333" VPOS="1662" WIDTH="1617" HEIGHT="56">
            <String ID="Word_125316" HPOS="333" VPOS="1663" WIDTH="187" HEIGHT="42" CONTENT="striking" />
            <SP ID="SP_112956" HPOS="520" VPOS="1662" WIDTH="22" HEIGHT="0" />
            <String ID="Word_125317" HPOS="542" VPOS="1662" WIDTH="287" HEIGHT="42" CONTENT="disablement" />
            <SP ID="SP_112957" HPOS="829" VPOS="1662" WIDTH="22" HEIGHT="0" />
            <String ID="Word_125318" HPOS="851" VPOS="1662" WIDTH="45" HEIGHT="41" CONTENT="of" />
            <SP ID="SP_112958" HPOS="896" VPOS="1662" WIDTH="19" HEIGHT="0" />
            <String ID="Word_125319" HPOS="915" VPOS="1662" WIDTH="73" HEIGHT="42" CONTENT="the" />
            <SP ID="SP_112959" HPOS="988" VPOS="1662" WIDTH="23" HEIGHT="0" />
            <String ID="Word_125320" HPOS="1011" VPOS="1676" WIDTH="141" HEIGHT="40" CONTENT="power" />
            <SP ID="SP_112960" HPOS="1152" VPOS="1662" WIDTH="17" HEIGHT="0" />
            <String ID="Word_125321" HPOS="1169" VPOS="1662" WIDTH="46" HEIGHT="41" CONTENT="of" />
            <SP ID="SP_112961" HPOS="1215" VPOS="1662" WIDTH="19" HEIGHT="0" />
            <String ID="Word_125322" HPOS="1234" VPOS="1662" WIDTH="249" HEIGHT="54" CONTENT="expressing" />
            <SP ID="SP_112962" HPOS="1483" VPOS="1662" WIDTH="22" HEIGHT="0" />
            <String ID="Word_125323" HPOS="1505" VPOS="1662" WIDTH="183" HEIGHT="41" CONTENT="thought" />
            <SP ID="SP_112963" HPOS="1688" VPOS="1662" WIDTH="20" HEIGHT="0" />
            <String ID="Word_125324" HPOS="1708" VPOS="1662" WIDTH="50" HEIGHT="41" CONTENT="in" />
            <SP ID="SP_112964" HPOS="1758" VPOS="1662" WIDTH="20" HEIGHT="0" />
            <String ID="Word_125325" HPOS="1778" VPOS="1667" WIDTH="172" HEIGHT="48" CONTENT="writing" />
          </TextLine>
          <TextLine ID="TextLine_12367" HPOS="335" VPOS="1732" WIDTH="1045" HEIGHT="55">
            <String ID="Word_125326" HPOS="335" VPOS="1734" WIDTH="95" HEIGHT="41" CONTENT="that" />
            <SP ID="SP_112965" HPOS="430" VPOS="1734" WIDTH="23" HEIGHT="0" />
            <String ID="Word_125327" HPOS="453" VPOS="1734" WIDTH="35" HEIGHT="41" CONTENT="is" />
            <SP ID="SP_112966" HPOS="488" VPOS="1733" WIDTH="23" HEIGHT="0" />
            <String ID="Word_125328" HPOS="511" VPOS="1733" WIDTH="223" HEIGHT="42" CONTENT="exhibited" />
            <SP ID="SP_112967" HPOS="734" VPOS="1733" WIDTH="22" HEIGHT="0" />
            <String ID="Word_125329" HPOS="756" VPOS="1733" WIDTH="57" HEIGHT="41" CONTENT="by" />
            <SP ID="SP_112968" HPOS="813" VPOS="1733" WIDTH="24" HEIGHT="0" />
            <String ID="Word_125330" HPOS="837" VPOS="1737" WIDTH="111" HEIGHT="37" CONTENT="most" />
            <SP ID="SP_112969" HPOS="948" VPOS="1734" WIDTH="24" HEIGHT="0" />
            <String ID="Word_125331" HPOS="972" VPOS="1734" WIDTH="45" HEIGHT="39" CONTENT="of" />
            <SP ID="SP_112970" HPOS="1017" VPOS="1732" WIDTH="18" HEIGHT="0" />
            <String ID="Word_125332" HPOS="1035" VPOS="1732" WIDTH="121" HEIGHT="41" CONTENT="these" />
            <SP ID="SP_112971" HPOS="1156" VPOS="1732" WIDTH="24" HEIGHT="0" />
            <String ID="Word_125333" HPOS="1180" VPOS="1732" WIDTH="200" HEIGHT="54" CONTENT="patients." />
          </TextLine>
          <TextLine ID="TextLine_12368" HPOS="391" VPOS="1802" WIDTH="1560" HEIGHT="55">
            <String ID="Word_125334" HPOS="391" VPOS="1805" WIDTH="146" HEIGHT="42" CONTENT="When" />
            <SP ID="SP_112972" HPOS="537" VPOS="1805" WIDTH="22" HEIGHT="0" />
            <String ID="Word_125335" HPOS="559" VPOS="1818" WIDTH="140" HEIGHT="27" CONTENT="motor" />
            <SP ID="SP_112973" HPOS="699" VPOS="1803" WIDTH="22" HEIGHT="0" />
            <String ID="Word_125336" HPOS="721" VPOS="1803" WIDTH="176" HEIGHT="41" CONTENT="aphasia" />
            <SP ID="SP_112974" HPOS="897" VPOS="1803" WIDTH="22" HEIGHT="0" />
            <String ID="Word_125337" HPOS="919" VPOS="1803" WIDTH="35" HEIGHT="41" CONTENT="is" />
            <SP ID="SP_112975" HPOS="954" VPOS="1803" WIDTH="33" HEIGHT="0" />
            <String ID="Word_125338" HPOS="987" VPOS="1816" WIDTH="155" HEIGHT="28" CONTENT="severe," />
            <SP ID="SP_112976" HPOS="1142" VPOS="1803" WIDTH="23" HEIGHT="0" />
            <String ID="Word_125339" HPOS="1165" VPOS="1803" WIDTH="35" HEIGHT="40" CONTENT="it" />
            <SP ID="SP_112977" HPOS="1200" VPOS="1803" WIDTH="26" HEIGHT="0" />
            <String ID="Word_125340" HPOS="1226" VPOS="1803" WIDTH="35" HEIGHT="41" CONTENT="is" />
            <SP ID="SP_112978" HPOS="1261" VPOS="1802" WIDTH="23" HEIGHT="0" />
            <String ID="Word_125341" HPOS="1284" VPOS="1802" WIDTH="117" HEIGHT="41" CONTENT="often" />
            <SP ID="SP_112979" HPOS="1401" VPOS="1802" WIDTH="23" HEIGHT="0" />
            <String ID="Word_125342" HPOS="1424" VPOS="1817" WIDTH="104" HEIGHT="40" CONTENT="very" />
            <SP ID="SP_112980" HPOS="1528" VPOS="1802" WIDTH="25" HEIGHT="0" />
            <String ID="Word_125343" HPOS="1553" VPOS="1802" WIDTH="182" HEIGHT="42" CONTENT="difficult" />
            <SP ID="SP_112981" HPOS="1735" VPOS="1802" WIDTH="21" HEIGHT="0" />
            <String ID="Word_125344" HPOS="1756" VPOS="1807" WIDTH="43" HEIGHT="37" CONTENT="to" />
            <SP ID="SP_112982" HPOS="1799" VPOS="1807" WIDTH="23" HEIGHT="0" />
            <String ID="Word_125345" HPOS="1822" VPOS="1816" WIDTH="129" HEIGHT="41" CONTENT="prove" />
          </TextLine>
          <TextLine ID="TextLine_12369" HPOS="335" VPOS="1872" WIDTH="1617" HEIGHT="57">
            <String ID="Word_125346" HPOS="335" VPOS="1876" WIDTH="93" HEIGHT="42" CONTENT="that" />
            <SP ID="SP_112983" HPOS="428" VPOS="1876" WIDTH="22" HEIGHT="0" />
            <String ID="Word_125347" HPOS="450" VPOS="1876" WIDTH="74" HEIGHT="41" CONTENT="the" />
            <SP ID="SP_112984" HPOS="524" VPOS="1875" WIDTH="23" HEIGHT="0" />
            <String ID="Word_125348" HPOS="547" VPOS="1875" WIDTH="170" HEIGHT="54" CONTENT="patient" />
            <SP ID="SP_112985" HPOS="717" VPOS="1874" WIDTH="31" HEIGHT="0" />
            <String ID="Word_125349" HPOS="748" VPOS="1874" WIDTH="76" HEIGHT="41" CONTENT="has" />
            <SP ID="SP_112986" HPOS="824" VPOS="1874" WIDTH="31" HEIGHT="0" />
            <String ID="Word_125350" HPOS="855" VPOS="1887" WIDTH="146" HEIGHT="28" CONTENT="severe" />
            <SP ID="SP_112987" HPOS="1001" VPOS="1873" WIDTH="22" HEIGHT="0" />
            <String ID="Word_125351" HPOS="1023" VPOS="1873" WIDTH="191" HEIGHT="41" CONTENT="amnesia" />
            <SP ID="SP_112988" HPOS="1214" VPOS="1872" WIDTH="23" HEIGHT="0" />
            <String ID="Word_125352" HPOS="1237" VPOS="1872" WIDTH="194" HEIGHT="51" CONTENT="verbalis," />
            <SP ID="SP_112989" HPOS="1431" VPOS="1872" WIDTH="24" HEIGHT="0" />
            <String ID="Word_125353" HPOS="1455" VPOS="1873" WIDTH="179" HEIGHT="41" CONTENT="because" />
            <SP ID="SP_112990" HPOS="1634" VPOS="1873" WIDTH="21" HEIGHT="0" />
            <String ID="Word_125354" HPOS="1655" VPOS="1873" WIDTH="36" HEIGHT="41" CONTENT="it" />
            <SP ID="SP_112991" HPOS="1691" VPOS="1873" WIDTH="20" HEIGHT="0" />
            <String ID="Word_125355" HPOS="1711" VPOS="1873" WIDTH="36" HEIGHT="41" CONTENT="is" />
            <SP ID="SP_112992" HPOS="1747" VPOS="1873" WIDTH="23" HEIGHT="0" />
            <String ID="Word_125356" HPOS="1770" VPOS="1873" WIDTH="182" HEIGHT="42" CONTENT="difficult" />
          </TextLine>
          <TextLine ID="TextLine_12370" HPOS="332" VPOS="1943" WIDTH="1618" HEIGHT="58">
            <String ID="Word_125357" HPOS="332" VPOS="1953" WIDTH="44" HEIGHT="36" CONTENT="to" />
            <SP ID="SP_112993" HPOS="376" VPOS="1951" WIDTH="31" HEIGHT="0" />
            <String ID="Word_125358" HPOS="407" VPOS="1951" WIDTH="72" HEIGHT="50" CONTENT="get" />
            <SP ID="SP_112994" HPOS="479" VPOS="1945" WIDTH="33" HEIGHT="0" />
            <String ID="Word_125359" HPOS="512" VPOS="1945" WIDTH="160" HEIGHT="42" CONTENT="behind" />
            <SP ID="SP_112995" HPOS="672" VPOS="1945" WIDTH="34" HEIGHT="0" />
            <String ID="Word_125360" HPOS="706" VPOS="1945" WIDTH="72" HEIGHT="41" CONTENT="the" />
            <SP ID="SP_112996" HPOS="778" VPOS="1944" WIDTH="33" HEIGHT="0" />
            <String ID="Word_125361" HPOS="811" VPOS="1944" WIDTH="179" HEIGHT="41" CONTENT="obvious" />
            <SP ID="SP_112997" HPOS="990" VPOS="1943" WIDTH="23" HEIGHT="0" />
            <String ID="Word_125362" HPOS="1013" VPOS="1943" WIDTH="85" HEIGHT="41" CONTENT="and" />
            <SP ID="SP_112998" HPOS="1098" VPOS="1943" WIDTH="27" HEIGHT="0" />
            <String ID="Word_125363" HPOS="1125" VPOS="1943" WIDTH="247" HEIGHT="54" CONTENT="prominent" />
            <SP ID="SP_112999" HPOS="1372" VPOS="1943" WIDTH="23" HEIGHT="0" />
            <String ID="Word_125364" HPOS="1395" VPOS="1943" WIDTH="223" HEIGHT="55" CONTENT="asynergia" />
            <SP ID="SP_113000" HPOS="1618" VPOS="1943" WIDTH="21" HEIGHT="0" />
            <String ID="Word_125365" HPOS="1639" VPOS="1943" WIDTH="195" HEIGHT="42" CONTENT="verbalis." />
            <SP ID="SP_113001" HPOS="1834" VPOS="1943" WIDTH="64" HEIGHT="0" />
            <String ID="Word_125366" HPOS="1898" VPOS="1943" WIDTH="52" HEIGHT="40" CONTENT="In" />
          </TextLine>
          <TextLine ID="TextLine_12371" HPOS="331" VPOS="2012" WIDTH="1618" HEIGHT="56">
            <String ID="Word_125367" HPOS="331" VPOS="2017" WIDTH="108" HEIGHT="43" CONTENT="such" />
            <SP ID="SP_113002" HPOS="439" VPOS="2017" WIDTH="29" HEIGHT="0" />
            <String ID="Word_125368" HPOS="468" VPOS="2031" WIDTH="129" HEIGHT="28" CONTENT="cases," />
            <SP ID="SP_113003" HPOS="597" VPOS="2016" WIDTH="25" HEIGHT="0" />
            <String ID="Word_125369" HPOS="622" VPOS="2016" WIDTH="73" HEIGHT="41" CONTENT="the" />
            <SP ID="SP_113004" HPOS="695" VPOS="2015" WIDTH="37" HEIGHT="0" />
            <String ID="Word_125370" HPOS="732" VPOS="2015" WIDTH="216" HEIGHT="41" CONTENT="retention" />
            <SP ID="SP_113005" HPOS="948" VPOS="2015" WIDTH="33" HEIGHT="0" />
            <String ID="Word_125371" HPOS="981" VPOS="2015" WIDTH="46" HEIGHT="40" CONTENT="of" />
            <SP ID="SP_113006" HPOS="1027" VPOS="2014" WIDTH="31" HEIGHT="0" />
            <String ID="Word_125372" HPOS="1058" VPOS="2014" WIDTH="70" HEIGHT="41" CONTENT="the" />
            <SP ID="SP_113007" HPOS="1128" VPOS="2014" WIDTH="34" HEIGHT="0" />
            <String ID="Word_125373" HPOS="1162" VPOS="2027" WIDTH="140" HEIGHT="41" CONTENT="power" />
            <SP ID="SP_113008" HPOS="1302" VPOS="2013" WIDTH="32" HEIGHT="0" />
            <String ID="Word_125374" HPOS="1334" VPOS="2013" WIDTH="44" HEIGHT="41" CONTENT="of" />
            <SP ID="SP_113009" HPOS="1378" VPOS="2013" WIDTH="30" HEIGHT="0" />
            <String ID="Word_125375" HPOS="1408" VPOS="2013" WIDTH="251" HEIGHT="54" CONTENT="expressing" />
            <SP ID="SP_113010" HPOS="1659" VPOS="2012" WIDTH="31" HEIGHT="0" />
            <String ID="Word_125376" HPOS="1690" VPOS="2012" WIDTH="184" HEIGHT="55" CONTENT="thought" />
            <SP ID="SP_113011" HPOS="1874" VPOS="2012" WIDTH="30" HEIGHT="0" />
            <String ID="Word_125377" HPOS="1904" VPOS="2013" WIDTH="45" HEIGHT="40" CONTENT="in" />
          </TextLine>
          <TextLine ID="TextLine_12372" HPOS="332" VPOS="2083" WIDTH="1620" HEIGHT="60">
            <String ID="Word_125378" HPOS="332" VPOS="2093" WIDTH="175" HEIGHT="38" CONTENT="writing" />
            <SP ID="SP_113012" HPOS="507" VPOS="2086" WIDTH="22" HEIGHT="0" />
            <String ID="Word_125379" HPOS="529" VPOS="2086" WIDTH="143" HEIGHT="42" CONTENT="would" />
            <SP ID="SP_113013" HPOS="672" VPOS="2086" WIDTH="23" HEIGHT="0" />
            <String ID="Word_125380" HPOS="695" VPOS="2100" WIDTH="131" HEIGHT="41" CONTENT="prove" />
            <SP ID="SP_113014" HPOS="826" VPOS="2086" WIDTH="34" HEIGHT="0" />
            <String ID="Word_125381" HPOS="860" VPOS="2086" WIDTH="73" HEIGHT="40" CONTENT="the" />
            <SP ID="SP_113015" HPOS="933" VPOS="2085" WIDTH="23" HEIGHT="0" />
            <String ID="Word_125382" HPOS="956" VPOS="2098" WIDTH="180" HEIGHT="28" CONTENT="absence" />
            <SP ID="SP_113016" HPOS="1136" VPOS="2084" WIDTH="24" HEIGHT="0" />
            <String ID="Word_125383" HPOS="1160" VPOS="2084" WIDTH="43" HEIGHT="41" CONTENT="of" />
            <SP ID="SP_113017" HPOS="1203" VPOS="2083" WIDTH="26" HEIGHT="0" />
            <String ID="Word_125384" HPOS="1229" VPOS="2083" WIDTH="201" HEIGHT="51" CONTENT="amnesia," />
            <SP ID="SP_113018" HPOS="1430" VPOS="2083" WIDTH="22" HEIGHT="0" />
            <String ID="Word_125385" HPOS="1452" VPOS="2083" WIDTH="46" HEIGHT="41" CONTENT="in" />
            <SP ID="SP_113019" HPOS="1498" VPOS="2083" WIDTH="23" HEIGHT="0" />
            <String ID="Word_125386" HPOS="1521" VPOS="2083" WIDTH="245" HEIGHT="54" CONTENT="proportion" />
            <SP ID="SP_113020" HPOS="1766" VPOS="2083" WIDTH="24" HEIGHT="0" />
            <String ID="Word_125387" HPOS="1790" VPOS="2096" WIDTH="45" HEIGHT="28" CONTENT="as" />
            <SP ID="SP_113021" HPOS="1835" VPOS="2083" WIDTH="24" HEIGHT="0" />
            <String ID="Word_125388" HPOS="1859" VPOS="2086" WIDTH="93" HEIGHT="37" CONTENT="that" />
          </TextLine>
          <TextLine ID="TextLine_12373" HPOS="331" VPOS="2153" WIDTH="1620" HEIGHT="63">
            <String ID="Word_125389" HPOS="331" VPOS="2173" WIDTH="144" HEIGHT="43" CONTENT="power" />
            <SP ID="SP_113022" HPOS="475" VPOS="2159" WIDTH="31" HEIGHT="0" />
            <String ID="Word_125390" HPOS="506" VPOS="2159" WIDTH="36" HEIGHT="41" CONTENT="is" />
            <SP ID="SP_113023" HPOS="542" VPOS="2156" WIDTH="32" HEIGHT="0" />
            <String ID="Word_125391" HPOS="574" VPOS="2156" WIDTH="207" HEIGHT="43" CONTENT="retained." />
            <SP ID="SP_113024" HPOS="781" VPOS="2156" WIDTH="62" HEIGHT="0" />
            <String ID="Word_125392" HPOS="843" VPOS="2156" WIDTH="89" HEIGHT="41" CONTENT="But" />
            <SP ID="SP_113025" HPOS="932" VPOS="2155" WIDTH="30" HEIGHT="0" />
            <String ID="Word_125393" HPOS="962" VPOS="2155" WIDTH="74" HEIGHT="41" CONTENT="the" />
            <SP ID="SP_113026" HPOS="1036" VPOS="2154" WIDTH="32" HEIGHT="0" />
            <String ID="Word_125394" HPOS="1068" VPOS="2154" WIDTH="182" HEIGHT="42" CONTENT="absence" />
            <SP ID="SP_113027" HPOS="1250" VPOS="2154" WIDTH="31" HEIGHT="0" />
            <String ID="Word_125395" HPOS="1281" VPOS="2154" WIDTH="46" HEIGHT="40" CONTENT="of" />
            <SP ID="SP_113028" HPOS="1327" VPOS="2154" WIDTH="30" HEIGHT="0" />
            <String ID="Word_125396" HPOS="1357" VPOS="2154" WIDTH="71" HEIGHT="41" CONTENT="the" />
            <SP ID="SP_113029" HPOS="1428" VPOS="2154" WIDTH="34" HEIGHT="0" />
            <String ID="Word_125397" HPOS="1462" VPOS="2167" WIDTH="141" HEIGHT="41" CONTENT="power" />
            <SP ID="SP_113030" HPOS="1603" VPOS="2153" WIDTH="28" HEIGHT="0" />
            <String ID="Word_125398" HPOS="1631" VPOS="2153" WIDTH="45" HEIGHT="41" CONTENT="of" />
            <SP ID="SP_113031" HPOS="1676" VPOS="2153" WIDTH="28" HEIGHT="0" />
            <String ID="Word_125399" HPOS="1704" VPOS="2153" WIDTH="247" HEIGHT="55" CONTENT="expressing" />
          </TextLine>
          <TextLine ID="TextLine_12374" HPOS="332" VPOS="2223" WIDTH="1619" HEIGHT="62">
            <String ID="Word_125400" HPOS="332" VPOS="2231" WIDTH="187" HEIGHT="42" CONTENT="thought" />
            <SP ID="SP_113032" HPOS="519" VPOS="2230" WIDTH="37" HEIGHT="0" />
            <String ID="Word_125401" HPOS="556" VPOS="2230" WIDTH="43" HEIGHT="39" CONTENT="in" />
            <SP ID="SP_113033" HPOS="599" VPOS="2228" WIDTH="41" HEIGHT="0" />
            <String ID="Word_125402" HPOS="640" VPOS="2233" WIDTH="172" HEIGHT="35" CONTENT="writing" />
            <SP ID="SP_113034" HPOS="812" VPOS="2226" WIDTH="37" HEIGHT="0" />
            <String ID="Word_125403" HPOS="849" VPOS="2226" WIDTH="100" HEIGHT="42" CONTENT="does" />
            <SP ID="SP_113035" HPOS="949" VPOS="2226" WIDTH="37" HEIGHT="0" />
            <String ID="Word_125404" HPOS="986" VPOS="2230" WIDTH="77" HEIGHT="37" CONTENT="not" />
            <SP ID="SP_113036" HPOS="1063" VPOS="2224" WIDTH="37" HEIGHT="0" />
            <String ID="Word_125405" HPOS="1100" VPOS="2224" WIDTH="255" HEIGHT="54" CONTENT="necessarily" />
            <SP ID="SP_113037" HPOS="1355" VPOS="2224" WIDTH="41" HEIGHT="0" />
            <String ID="Word_125406" HPOS="1396" VPOS="2238" WIDTH="128" HEIGHT="40" CONTENT="prove" />
            <SP ID="SP_113038" HPOS="1524" VPOS="2224" WIDTH="38" HEIGHT="0" />
            <String ID="Word_125407" HPOS="1562" VPOS="2224" WIDTH="71" HEIGHT="41" CONTENT="the" />
            <SP ID="SP_113039" HPOS="1633" VPOS="2224" WIDTH="37" HEIGHT="0" />
            <String ID="Word_125408" HPOS="1670" VPOS="2237" WIDTH="201" HEIGHT="40" CONTENT="presence" />
            <SP ID="SP_113040" HPOS="1871" VPOS="2223" WIDTH="37" HEIGHT="0" />
            <String ID="Word_125409" HPOS="1908" VPOS="2223" WIDTH="43" HEIGHT="41" CONTENT="of" />
          </TextLine>
          <TextLine ID="TextLine_12375" HPOS="332" VPOS="2291" WIDTH="1618" HEIGHT="58">
            <String ID="Word_125410" HPOS="332" VPOS="2313" WIDTH="192" HEIGHT="31" CONTENT="amnesia" />
            <SP ID="SP_113041" HPOS="524" VPOS="2297" WIDTH="22" HEIGHT="0" />
            <String ID="Word_125411" HPOS="546" VPOS="2297" WIDTH="197" HEIGHT="43" CONTENT="verbalis," />
            <SP ID="SP_113042" HPOS="743" VPOS="2297" WIDTH="26" HEIGHT="0" />
            <String ID="Word_125412" HPOS="769" VPOS="2297" WIDTH="177" HEIGHT="40" CONTENT="because" />
            <SP ID="SP_113043" HPOS="946" VPOS="2295" WIDTH="33" HEIGHT="0" />
            <String ID="Word_125413" HPOS="979" VPOS="2295" WIDTH="73" HEIGHT="41" CONTENT="the" />
            <SP ID="SP_113044" HPOS="1052" VPOS="2295" WIDTH="31" HEIGHT="0" />
            <String ID="Word_125414" HPOS="1083" VPOS="2308" WIDTH="143" HEIGHT="41" CONTENT="power" />
            <SP ID="SP_113045" HPOS="1226" VPOS="2294" WIDTH="30" HEIGHT="0" />
            <String ID="Word_125415" HPOS="1256" VPOS="2294" WIDTH="46" HEIGHT="41" CONTENT="of" />
            <SP ID="SP_113046" HPOS="1302" VPOS="2293" WIDTH="31" HEIGHT="0" />
            <String ID="Word_125416" HPOS="1333" VPOS="2293" WIDTH="170" HEIGHT="55" CONTENT="writing" />
            <SP ID="SP_113047" HPOS="1503" VPOS="2293" WIDTH="22" HEIGHT="0" />
            <String ID="Word_125417" HPOS="1525" VPOS="2307" WIDTH="98" HEIGHT="41" CONTENT="may" />
            <SP ID="SP_113048" HPOS="1623" VPOS="2293" WIDTH="22" HEIGHT="0" />
            <String ID="Word_125418" HPOS="1645" VPOS="2293" WIDTH="52" HEIGHT="41" CONTENT="be" />
            <SP ID="SP_113049" HPOS="1697" VPOS="2291" WIDTH="28" HEIGHT="0" />
            <String ID="Word_125419" HPOS="1725" VPOS="2291" WIDTH="225" HEIGHT="55" CONTENT="destroyed" />
          </TextLine>
          <TextLine ID="TextLine_12376" HPOS="331" VPOS="2361" WIDTH="1619" HEIGHT="66">
            <String ID="Word_125420" HPOS="331" VPOS="2373" WIDTH="60" HEIGHT="42" CONTENT="by" />
            <SP ID="SP_113050" HPOS="391" VPOS="2370" WIDTH="31" HEIGHT="0" />
            <String ID="Word_125421" HPOS="422" VPOS="2370" WIDTH="136" HEIGHT="42" CONTENT="lesion" />
            <SP ID="SP_113051" HPOS="558" VPOS="2368" WIDTH="35" HEIGHT="0" />
            <String ID="Word_125422" HPOS="593" VPOS="2368" WIDTH="45" HEIGHT="41" CONTENT="in" />
            <SP ID="SP_113052" HPOS="638" VPOS="2367" WIDTH="34" HEIGHT="0" />
            <String ID="Word_125423" HPOS="672" VPOS="2367" WIDTH="74" HEIGHT="41" CONTENT="the" />
            <SP ID="SP_113053" HPOS="746" VPOS="2366" WIDTH="32" HEIGHT="0" />
            <String ID="Word_125424" HPOS="778" VPOS="2366" WIDTH="140" HEIGHT="42" CONTENT="visual" />
            <SP ID="SP_113054" HPOS="918" VPOS="2366" WIDTH="33" HEIGHT="0" />
            <String ID="Word_125425" HPOS="951" VPOS="2379" WIDTH="45" HEIGHT="27" CONTENT="or" />
            <SP ID="SP_113055" HPOS="996" VPOS="2369" WIDTH="35" HEIGHT="0" />
            <String ID="Word_125426" HPOS="1031" VPOS="2378" WIDTH="137" HEIGHT="28" CONTENT="motor" />
            <SP ID="SP_113056" HPOS="1168" VPOS="2367" WIDTH="22" HEIGHT="0" />
            <String ID="Word_125427" HPOS="1190" VPOS="2377" WIDTH="166" HEIGHT="28" CONTENT="centres" />
            <SP ID="SP_113057" HPOS="1356" VPOS="2364" WIDTH="24" HEIGHT="0" />
            <String ID="Word_125428" HPOS="1380" VPOS="2364" WIDTH="62" HEIGHT="40" CONTENT="for" />
            <SP ID="SP_113058" HPOS="1442" VPOS="2363" WIDTH="24" HEIGHT="0" />
            <String ID="Word_125429" HPOS="1466" VPOS="2367" WIDTH="178" HEIGHT="50" CONTENT="writing." />
            <SP ID="SP_113059" HPOS="1644" VPOS="2361" WIDTH="64" HEIGHT="0" />
            <String ID="Word_125430" HPOS="1708" VPOS="2361" WIDTH="242" HEIGHT="50" CONTENT="Therefore," />
          </TextLine>
          <TextLine ID="TextLine_12377" HPOS="332" VPOS="2431" WIDTH="1616" HEIGHT="59">
            <String ID="Word_125431" HPOS="332" VPOS="2445" WIDTH="43" HEIGHT="40" CONTENT="in" />
            <SP ID="SP_113060" HPOS="375" VPOS="2441" WIDTH="25" HEIGHT="0" />
            <String ID="Word_125432" HPOS="400" VPOS="2441" WIDTH="106" HEIGHT="43" CONTENT="such" />
            <SP ID="SP_113061" HPOS="506" VPOS="2441" WIDTH="23" HEIGHT="0" />
            <String ID="Word_125433" HPOS="529" VPOS="2452" WIDTH="129" HEIGHT="29" CONTENT="cases," />
            <SP ID="SP_113062" HPOS="658" VPOS="2449" WIDTH="33" HEIGHT="0" />
            <String ID="Word_125434" HPOS="691" VPOS="2451" WIDTH="81" HEIGHT="27" CONTENT="one" />
            <SP ID="SP_113063" HPOS="772" VPOS="2437" WIDTH="22" HEIGHT="0" />
            <String ID="Word_125435" HPOS="794" VPOS="2437" WIDTH="36" HEIGHT="41" CONTENT="is" />
            <SP ID="SP_113064" HPOS="830" VPOS="2435" WIDTH="22" HEIGHT="0" />
            <String ID="Word_125436" HPOS="852" VPOS="2435" WIDTH="170" HEIGHT="43" CONTENT="obliged" />
            <SP ID="SP_113065" HPOS="1022" VPOS="2435" WIDTH="23" HEIGHT="0" />
            <String ID="Word_125437" HPOS="1045" VPOS="2440" WIDTH="42" HEIGHT="36" CONTENT="to" />
            <SP ID="SP_113066" HPOS="1087" VPOS="2434" WIDTH="34" HEIGHT="0" />
            <String ID="Word_125438" HPOS="1121" VPOS="2434" WIDTH="108" HEIGHT="41" CONTENT="have" />
            <SP ID="SP_113067" HPOS="1229" VPOS="2434" WIDTH="31" HEIGHT="0" />
            <String ID="Word_125439" HPOS="1260" VPOS="2446" WIDTH="191" HEIGHT="28" CONTENT="recourse" />
            <SP ID="SP_113068" HPOS="1451" VPOS="2437" WIDTH="23" HEIGHT="0" />
            <String ID="Word_125440" HPOS="1474" VPOS="2437" WIDTH="41" HEIGHT="37" CONTENT="to" />
            <SP ID="SP_113069" HPOS="1515" VPOS="2431" WIDTH="30" HEIGHT="0" />
            <String ID="Word_125441" HPOS="1545" VPOS="2431" WIDTH="280" HEIGHT="42" CONTENT="Lichtheim's" />
            <SP ID="SP_113070" HPOS="1825" VPOS="2431" WIDTH="23" HEIGHT="0" />
            <String ID="Word_125442" HPOS="1848" VPOS="2432" WIDTH="100" HEIGHT="54" CONTENT="plan" />
          </TextLine>
          <TextLine ID="TextLine_12378" HPOS="331" VPOS="2502" WIDTH="1617" HEIGHT="65">
            <String ID="Word_125443" HPOS="331" VPOS="2513" WIDTH="46" HEIGHT="43" CONTENT="of" />
            <SP ID="SP_113071" HPOS="377" VPOS="2511" WIDTH="31" HEIGHT="0" />
            <String ID="Word_125444" HPOS="408" VPOS="2511" WIDTH="146" HEIGHT="56" CONTENT="trying" />
            <SP ID="SP_113072" HPOS="554" VPOS="2511" WIDTH="35" HEIGHT="0" />
            <String ID="Word_125445" HPOS="589" VPOS="2514" WIDTH="43" HEIGHT="37" CONTENT="to" />
            <SP ID="SP_113073" HPOS="632" VPOS="2507" WIDTH="26" HEIGHT="0" />
            <String ID="Word_125446" HPOS="658" VPOS="2507" WIDTH="211" HEIGHT="43" CONTENT="ascertain" />
            <SP ID="SP_113074" HPOS="869" VPOS="2505" WIDTH="30" HEIGHT="0" />
            <String ID="Word_125447" HPOS="899" VPOS="2505" WIDTH="193" HEIGHT="42" CONTENT="whether" />
            <SP ID="SP_113075" HPOS="1092" VPOS="2505" WIDTH="28" HEIGHT="0" />
            <String ID="Word_125448" HPOS="1120" VPOS="2505" WIDTH="72" HEIGHT="41" CONTENT="the" />
            <SP ID="SP_113076" HPOS="1192" VPOS="2504" WIDTH="29" HEIGHT="0" />
            <String ID="Word_125449" HPOS="1221" VPOS="2504" WIDTH="168" HEIGHT="55" CONTENT="patient" />
            <SP ID="SP_113077" HPOS="1389" VPOS="2504" WIDTH="31" HEIGHT="0" />
            <String ID="Word_125450" HPOS="1420" VPOS="2517" WIDTH="78" HEIGHT="28" CONTENT="can" />
            <SP ID="SP_113078" HPOS="1498" VPOS="2503" WIDTH="32" HEIGHT="0" />
            <String ID="Word_125451" HPOS="1530" VPOS="2503" WIDTH="81" HEIGHT="42" CONTENT="call" />
            <SP ID="SP_113079" HPOS="1611" VPOS="2503" WIDTH="34" HEIGHT="0" />
            <String ID="Word_125452" HPOS="1645" VPOS="2517" WIDTH="56" HEIGHT="40" CONTENT="up" />
            <SP ID="SP_113080" HPOS="1701" VPOS="2502" WIDTH="34" HEIGHT="0" />
            <String ID="Word_125453" HPOS="1735" VPOS="2502" WIDTH="135" HEIGHT="41" CONTENT="words" />
            <SP ID="SP_113081" HPOS="1870" VPOS="2502" WIDTH="35" HEIGHT="0" />
            <String ID="Word_125454" HPOS="1905" VPOS="2503" WIDTH="43" HEIGHT="40" CONTENT="in" />
          </TextLine>
          <TextLine ID="TextLine_12379" HPOS="331" VPOS="2572" WIDTH="1619" HEIGHT="58">
            <String ID="Word_125455" HPOS="331" VPOS="2583" WIDTH="68" HEIGHT="42" CONTENT="his" />
            <SP ID="SP_113082" HPOS="399" VPOS="2580" WIDTH="29" HEIGHT="0" />
            <String ID="Word_125456" HPOS="428" VPOS="2580" WIDTH="132" HEIGHT="43" CONTENT="mind." />
            <SP ID="SP_113083" HPOS="560" VPOS="2578" WIDTH="62" HEIGHT="0" />
            <String ID="Word_125457" HPOS="622" VPOS="2578" WIDTH="71" HEIGHT="42" CONTENT="He" />
            <SP ID="SP_113084" HPOS="693" VPOS="2577" WIDTH="30" HEIGHT="0" />
            <String ID="Word_125458" HPOS="723" VPOS="2577" WIDTH="98" HEIGHT="42" CONTENT="asks" />
            <SP ID="SP_113085" HPOS="821" VPOS="2576" WIDTH="34" HEIGHT="0" />
            <String ID="Word_125459" HPOS="855" VPOS="2576" WIDTH="73" HEIGHT="42" CONTENT="the" />
            <SP ID="SP_113086" HPOS="928" VPOS="2575" WIDTH="33" HEIGHT="0" />
            <String ID="Word_125460" HPOS="961" VPOS="2575" WIDTH="167" HEIGHT="55" CONTENT="patient" />
            <SP ID="SP_113087" HPOS="1128" VPOS="2575" WIDTH="33" HEIGHT="0" />
            <String ID="Word_125461" HPOS="1161" VPOS="2579" WIDTH="42" HEIGHT="36" CONTENT="to" />
            <SP ID="SP_113088" HPOS="1203" VPOS="2573" WIDTH="33" HEIGHT="0" />
            <String ID="Word_125462" HPOS="1236" VPOS="2573" WIDTH="188" HEIGHT="42" CONTENT="indicate" />
            <SP ID="SP_113089" HPOS="1424" VPOS="2573" WIDTH="34" HEIGHT="0" />
            <String ID="Word_125463" HPOS="1458" VPOS="2579" WIDTH="101" HEIGHT="35" CONTENT="with" />
            <SP ID="SP_113090" HPOS="1559" VPOS="2572" WIDTH="33" HEIGHT="0" />
            <String ID="Word_125464" HPOS="1592" VPOS="2572" WIDTH="68" HEIGHT="42" CONTENT="his" />
            <SP ID="SP_113091" HPOS="1660" VPOS="2572" WIDTH="33" HEIGHT="0" />
            <String ID="Word_125465" HPOS="1693" VPOS="2572" WIDTH="152" HEIGHT="55" CONTENT="fingers" />
            <SP ID="SP_113092" HPOS="1845" VPOS="2572" WIDTH="33" HEIGHT="0" />
            <String ID="Word_125466" HPOS="1878" VPOS="2572" WIDTH="72" HEIGHT="42" CONTENT="the" />
          </TextLine>
          <TextLine ID="TextLine_12380" HPOS="331" VPOS="2643" WIDTH="1618" HEIGHT="61">
            <String ID="Word_125467" HPOS="331" VPOS="2665" WIDTH="185" HEIGHT="31" CONTENT="number" />
            <SP ID="SP_113093" HPOS="516" VPOS="2650" WIDTH="31" HEIGHT="0" />
            <String ID="Word_125468" HPOS="547" VPOS="2650" WIDTH="44" HEIGHT="42" CONTENT="of" />
            <SP ID="SP_113094" HPOS="591" VPOS="2647" WIDTH="30" HEIGHT="0" />
            <String ID="Word_125469" HPOS="621" VPOS="2647" WIDTH="204" HEIGHT="44" CONTENT="syllables" />
            <SP ID="SP_113095" HPOS="825" VPOS="2647" WIDTH="35" HEIGHT="0" />
            <String ID="Word_125470" HPOS="860" VPOS="2647" WIDTH="45" HEIGHT="40" CONTENT="in" />
            <SP ID="SP_113096" HPOS="905" VPOS="2646" WIDTH="34" HEIGHT="0" />
            <String ID="Word_125471" HPOS="939" VPOS="2646" WIDTH="73" HEIGHT="41" CONTENT="the" />
            <SP ID="SP_113097" HPOS="1012" VPOS="2646" WIDTH="37" HEIGHT="0" />
            <String ID="Word_125472" HPOS="1049" VPOS="2658" WIDTH="146" HEIGHT="28" CONTENT="names" />
            <SP ID="SP_113098" HPOS="1195" VPOS="2644" WIDTH="34" HEIGHT="0" />
            <String ID="Word_125473" HPOS="1229" VPOS="2644" WIDTH="46" HEIGHT="41" CONTENT="of" />
            <SP ID="SP_113099" HPOS="1275" VPOS="2644" WIDTH="31" HEIGHT="0" />
            <String ID="Word_125474" HPOS="1306" VPOS="2644" WIDTH="185" HEIGHT="41" CONTENT="familiar" />
            <SP ID="SP_113100" HPOS="1491" VPOS="2643" WIDTH="33" HEIGHT="0" />
            <String ID="Word_125475" HPOS="1524" VPOS="2643" WIDTH="162" HEIGHT="54" CONTENT="objects" />
            <SP ID="SP_113101" HPOS="1686" VPOS="2643" WIDTH="34" HEIGHT="0" />
            <String ID="Word_125476" HPOS="1720" VPOS="2643" WIDTH="148" HEIGHT="41" CONTENT="shown" />
            <SP ID="SP_113102" HPOS="1868" VPOS="2643" WIDTH="38" HEIGHT="0" />
            <String ID="Word_125477" HPOS="1906" VPOS="2647" WIDTH="43" HEIGHT="36" CONTENT="to" />
          </TextLine>
          <TextLine ID="TextLine_12381" HPOS="331" VPOS="2725" WIDTH="102" HEIGHT="41">
            <String ID="Word_125478" HPOS="331" VPOS="2725" WIDTH="102" HEIGHT="41" CONTENT="him." />
          </TextLine>
          <TextLine ID="TextLine_12382" HPOS="392" VPOS="2783" WIDTH="1559" HEIGHT="62">
            <String ID="Word_125479" HPOS="392" VPOS="2795" WIDTH="43" HEIGHT="41" CONTENT="It" />
            <SP ID="SP_113103" HPOS="435" VPOS="2793" WIDTH="22" HEIGHT="0" />
            <String ID="Word_125480" HPOS="457" VPOS="2793" WIDTH="48" HEIGHT="42" CONTENT="is," />
            <SP ID="SP_113104" HPOS="505" VPOS="2793" WIDTH="24" HEIGHT="0" />
            <String ID="Word_125481" HPOS="529" VPOS="2805" WIDTH="45" HEIGHT="28" CONTENT="as" />
            <SP ID="SP_113105" HPOS="574" VPOS="2800" WIDTH="23" HEIGHT="0" />
            <String ID="Word_125482" HPOS="597" VPOS="2805" WIDTH="23" HEIGHT="27" CONTENT="a" />
            <SP ID="SP_113106" HPOS="620" VPOS="2789" WIDTH="22" HEIGHT="0" />
            <String ID="Word_125483" HPOS="642" VPOS="2789" WIDTH="106" HEIGHT="49" CONTENT="rule," />
            <SP ID="SP_113107" HPOS="748" VPOS="2787" WIDTH="17" HEIGHT="0" />
            <String ID="Word_125484" HPOS="765" VPOS="2801" WIDTH="102" HEIGHT="28" CONTENT="only" />
            <SP ID="SP_113108" HPOS="867" VPOS="2786" WIDTH="21" HEIGHT="0" />
            <String ID="Word_125485" HPOS="888" VPOS="2786" WIDTH="122" HEIGHT="42" CONTENT="when" />
            <SP ID="SP_113109" HPOS="1010" VPOS="2786" WIDTH="24" HEIGHT="0" />
            <String ID="Word_125486" HPOS="1034" VPOS="2800" WIDTH="24" HEIGHT="27" CONTENT="a" />
            <SP ID="SP_113110" HPOS="1058" VPOS="2785" WIDTH="22" HEIGHT="0" />
            <String ID="Word_125487" HPOS="1080" VPOS="2788" WIDTH="168" HEIGHT="52" CONTENT="patient" />
            <SP ID="SP_113111" HPOS="1248" VPOS="2784" WIDTH="23" HEIGHT="0" />
            <String ID="Word_125488" HPOS="1271" VPOS="2784" WIDTH="34" HEIGHT="42" CONTENT="is" />
            <SP ID="SP_113112" HPOS="1305" VPOS="2784" WIDTH="18" HEIGHT="0" />
            <String ID="Word_125489" HPOS="1323" VPOS="2784" WIDTH="249" HEIGHT="55" CONTENT="recovering" />
            <SP ID="SP_113113" HPOS="1572" VPOS="2783" WIDTH="18" HEIGHT="0" />
            <String ID="Word_125490" HPOS="1590" VPOS="2783" WIDTH="110" HEIGHT="42" CONTENT="from" />
            <SP ID="SP_113114" HPOS="1700" VPOS="2783" WIDTH="21" HEIGHT="0" />
            <String ID="Word_125491" HPOS="1721" VPOS="2783" WIDTH="67" HEIGHT="41" CONTENT="his" />
            <SP ID="SP_113115" HPOS="1788" VPOS="2783" WIDTH="25" HEIGHT="0" />
            <String ID="Word_125492" HPOS="1813" VPOS="2787" WIDTH="138" HEIGHT="37" CONTENT="motor" />
          </TextLine>
          <TextLine ID="TextLine_12383" HPOS="331" VPOS="2852" WIDTH="1617" HEIGHT="69">
            <String ID="Word_125493" HPOS="331" VPOS="2877" WIDTH="225" HEIGHT="44" CONTENT="asynergia" />
            <SP ID="SP_113116" HPOS="556" VPOS="2862" WIDTH="35" HEIGHT="0" />
            <String ID="Word_125494" HPOS="591" VPOS="2862" WIDTH="97" HEIGHT="41" CONTENT="that" />
            <SP ID="SP_113117" HPOS="688" VPOS="2859" WIDTH="32" HEIGHT="0" />
            <String ID="Word_125495" HPOS="720" VPOS="2859" WIDTH="73" HEIGHT="42" CONTENT="the" />
            <SP ID="SP_113118" HPOS="793" VPOS="2856" WIDTH="32" HEIGHT="0" />
            <String ID="Word_125496" HPOS="825" VPOS="2870" WIDTH="191" HEIGHT="30" CONTENT="amnesia" />
            <SP ID="SP_113119" HPOS="1016" VPOS="2854" WIDTH="34" HEIGHT="0" />
            <String ID="Word_125497" HPOS="1050" VPOS="2854" WIDTH="181" HEIGHT="43" CONTENT="verbalis" />
            <SP ID="SP_113120" HPOS="1231" VPOS="2854" WIDTH="33" HEIGHT="0" />
            <String ID="Word_125498" HPOS="1264" VPOS="2869" WIDTH="79" HEIGHT="27" CONTENT="can" />
            <SP ID="SP_113121" HPOS="1343" VPOS="2856" WIDTH="34" HEIGHT="0" />
            <String ID="Word_125499" HPOS="1377" VPOS="2856" WIDTH="49" HEIGHT="40" CONTENT="be" />
            <SP ID="SP_113122" HPOS="1426" VPOS="2854" WIDTH="32" HEIGHT="0" />
            <String ID="Word_125500" HPOS="1458" VPOS="2854" WIDTH="134" HEIGHT="54" CONTENT="easily" />
            <SP ID="SP_113123" HPOS="1592" VPOS="2852" WIDTH="28" HEIGHT="0" />
            <String ID="Word_125501" HPOS="1620" VPOS="2852" WIDTH="328" HEIGHT="43" CONTENT="demonstrated." />
          </TextLine>
          <TextLine ID="TextLine_12384" HPOS="331" VPOS="2923" WIDTH="1617" HEIGHT="61">
            <String ID="Word_125502" HPOS="331" VPOS="2936" WIDTH="71" HEIGHT="43" CONTENT="He" />
            <SP ID="SP_113124" HPOS="402" VPOS="2934" WIDTH="39" HEIGHT="0" />
            <String ID="Word_125503" HPOS="441" VPOS="2934" WIDTH="36" HEIGHT="42" CONTENT="is" />
            <SP ID="SP_113125" HPOS="477" VPOS="2932" WIDTH="37" HEIGHT="0" />
            <String ID="Word_125504" HPOS="514" VPOS="2932" WIDTH="104" HEIGHT="42" CONTENT="then" />
            <SP ID="SP_113126" HPOS="618" VPOS="2928" WIDTH="38" HEIGHT="0" />
            <String ID="Word_125505" HPOS="656" VPOS="2928" WIDTH="223" HEIGHT="56" CONTENT="regaining" />
            <SP ID="SP_113127" HPOS="879" VPOS="2927" WIDTH="36" HEIGHT="0" />
            <String ID="Word_125506" HPOS="915" VPOS="2927" WIDTH="73" HEIGHT="41" CONTENT="the" />
            <SP ID="SP_113128" HPOS="988" VPOS="2927" WIDTH="39" HEIGHT="0" />
            <String ID="Word_125507" HPOS="1027" VPOS="2938" WIDTH="143" HEIGHT="42" CONTENT="power" />
            <SP ID="SP_113129" HPOS="1170" VPOS="2924" WIDTH="32" HEIGHT="0" />
            <String ID="Word_125508" HPOS="1202" VPOS="2924" WIDTH="43" HEIGHT="41" CONTENT="of" />
            <SP ID="SP_113130" HPOS="1245" VPOS="2924" WIDTH="31" HEIGHT="0" />
            <String ID="Word_125509" HPOS="1276" VPOS="2924" WIDTH="193" HEIGHT="55" CONTENT="uttering" />
            <SP ID="SP_113131" HPOS="1469" VPOS="2923" WIDTH="32" HEIGHT="0" />
            <String ID="Word_125510" HPOS="1501" VPOS="2923" WIDTH="72" HEIGHT="42" CONTENT="the" />
            <SP ID="SP_113132" HPOS="1573" VPOS="2923" WIDTH="34" HEIGHT="0" />
            <String ID="Word_125511" HPOS="1607" VPOS="2937" WIDTH="114" HEIGHT="27" CONTENT="more" />
            <SP ID="SP_113133" HPOS="1721" VPOS="2935" WIDTH="34" HEIGHT="0" />
            <String ID="Word_125512" HPOS="1755" VPOS="2935" WIDTH="193" HEIGHT="29" CONTENT="common" />
          </TextLine>
          <TextLine ID="TextLine_12385" HPOS="332" VPOS="2991" WIDTH="1618" HEIGHT="66">
            <String ID="Word_125513" HPOS="332" VPOS="3019" WIDTH="139" HEIGHT="29" CONTENT="words" />
            <SP ID="SP_113134" HPOS="471" VPOS="3002" WIDTH="33" HEIGHT="0" />
            <String ID="Word_125514" HPOS="504" VPOS="3002" WIDTH="85" HEIGHT="44" CONTENT="and" />
            <SP ID="SP_113135" HPOS="589" VPOS="3001" WIDTH="33" HEIGHT="0" />
            <String ID="Word_125515" HPOS="622" VPOS="3014" WIDTH="189" HEIGHT="43" CONTENT="phrases," />
            <SP ID="SP_113136" HPOS="811" VPOS="2999" WIDTH="24" HEIGHT="0" />
            <String ID="Word_125516" HPOS="835" VPOS="2999" WIDTH="88" HEIGHT="41" CONTENT="but," />
            <SP ID="SP_113137" HPOS="923" VPOS="2997" WIDTH="24" HEIGHT="0" />
            <String ID="Word_125517" HPOS="947" VPOS="2997" WIDTH="44" HEIGHT="41" CONTENT="in" />
            <SP ID="SP_113138" HPOS="991" VPOS="2995" WIDTH="34" HEIGHT="0" />
            <String ID="Word_125518" HPOS="1025" VPOS="3009" WIDTH="258" HEIGHT="29" CONTENT="accordance" />
            <SP ID="SP_113139" HPOS="1283" VPOS="2994" WIDTH="33" HEIGHT="0" />
            <String ID="Word_125519" HPOS="1316" VPOS="2994" WIDTH="103" HEIGHT="43" CONTENT="with" />
            <SP ID="SP_113140" HPOS="1419" VPOS="2994" WIDTH="35" HEIGHT="0" />
            <String ID="Word_125520" HPOS="1454" VPOS="2994" WIDTH="104" HEIGHT="42" CONTENT="laws" />
            <SP ID="SP_113141" HPOS="1558" VPOS="2992" WIDTH="33" HEIGHT="0" />
            <String ID="Word_125521" HPOS="1591" VPOS="2992" WIDTH="137" HEIGHT="43" CONTENT="which" />
            <SP ID="SP_113142" HPOS="1728" VPOS="2992" WIDTH="31" HEIGHT="0" />
            <String ID="Word_125522" HPOS="1759" VPOS="3006" WIDTH="61" HEIGHT="28" CONTENT="we" />
            <SP ID="SP_113143" HPOS="1820" VPOS="2991" WIDTH="22" HEIGHT="0" />
            <String ID="Word_125523" HPOS="1842" VPOS="2991" WIDTH="108" HEIGHT="42" CONTENT="have" />
          </TextLine>
        </TextBlock>
      </PrintSpace>
    </Page>
  </Layout>
</alto>
