1933 3217
811 287 214 33 SYNOPSIS
1049 287 52 32 OF
1126 287 91 31 THE
1241 287 227 31 SIMIADiE.

449 272 96 47 216

610 416 253 49 Cynocephale
883 419 100 45 drill,
1005 419 134 36 Desm.
1160 420 168 35 Mamm.
1348 431 33 35 p.
1405 416 60 40 71.
1495 416 130 37 Above
1641 418 179 47 greenish-

609 485 124 35 brown
762 485 122 35 tinged
915 485 88 35 \vith
1028 498 99 34 gray,
1146 485 157 36 beneath
1331 485 122 35 white.
1511 483 93 36 Face
1634 485 39 34 of
1694 496 126 32 males,

609 551 163 44 females,
791 551 71 35 and
882 564 134 34 young,
1035 552 160 35 uniform
1215 550 80 36 dull
1315 550 118 36 black.
1502 549 131 36 Under
1665 549 50 48 lip
1745 550 73 35 red.

609 615 63 37 No
692 617 149 36 furrows
861 630 46 23 on
927 623 62 30 the
1009 616 153 37 muzzle.
1220 616 168 37 Inhabits
1406 615 137 37 Africa.

642 677 65 31 We
721 678 83 30 have
818 679 152 30 deviated
990 679 86 30 from
1097 679 57 31 the
1175 682 74 28 text
1269 678 37 31 of
1323 683 57 26 the
1402 679 130 29 volume
1552 679 34 29 in
1604 678 143 38 dividing
1766 677 54 31 the

680 731 229 30 Cynocephali.
950 731 136 29 Though
1101 739 77 29 very
1197 730 123 38 closely
1334 730 109 36 allied,
1457 730 66 30 and
1537 731 42 37 by
1590 733 88 26 most
1696 732 125 26 writers

677 780 116 30 united
812 781 106 29 either
940 781 106 30 under
1073 783 249 29 Cynucephalus
1340 791 38 21 or
1399 783 117 36 Papio,
1535 784 78 34 they
1631 789 55 21 are
1701 780 121 37 always

677 831 132 30 divided
822 831 70 30 into
907 835 152 33 sections,
1075 832 66 30 and
1157 841 47 20 we
1217 832 165 39 generally
1395 841 110 30 prefer
1519 841 42 21 an
1575 835 104 27 entire
1694 840 129 30 separa-

677 885 68 27 tion
760 885 34 27 to
809 883 154 29 divisions
977 883 38 30 of
1024 883 73 30 that
1110 883 91 30 kind.

640 933 70 30 One
735 942 37 21 or
795 937 64 26 two
884 934 148 30 baboons
1054 943 56 21 are
1132 934 192 30 mentioned
1347 935 41 38 by
1411 934 152 30 Pennant
1575 943 90 29 upon
1681 933 141 31 dubious

678 984 177 39 authority,
872 985 107 29 which
992 985 26 30 it
1030 985 28 30 is
1072 988 59 27 not
1140 994 173 30 necessary
1324 988 34 28 to
1366 985 172 30 introduce
1552 985 91 34 here,
1655 994 36 21 as
1702 993 120 31 proper

678 1035 189 31 characters
879 1036 101 30 could
993 1039 59 28 not
1064 1037 42 30 be
1118 1037 104 39 given.

690 1128 57 38 II.
804 1128 344 39 SUB-FAMILY
1182 1129 412 38 PLATYRRHINI.

990 1222 286 38 HOWLERS.

752 1316 139 37 Genus
912 1315 390 49 XVII.—Mycetes^
1321 1316 181 37 Illiger.

507 1408 123 36 Facial
645 1421 105 35 angle
769 1410 112 36 about
901 1410 75 36 30®
993 1423 11 30 ;
1032 1411 128 35 canine
1176 1410 100 36 teeth
1295 1415 148 42 strong;
1471 1409 63 37 tail
1554 1409 99 48 long,
1671 1409 151 48 prehen-

452 1476 79 44 sile,
551 1475 120 35 naked
690 1481 38 30 at
747 1481 61 31 the
830 1481 197 42 extremity
1046 1489 47 23 on
1113 1482 63 30 the
1208 1489 118 23 under
1340 1477 74 35 side
1432 1489 11 31 ;
1472 1489 37 23 os
1528 1475 149 48 hyoides
1689 1477 133 34 ventri-

453 1553 93 33 cose,
564 1548 172 40 apparent
755 1554 45 23 on
827 1548 62 29 the
909 1543 139 34 outside
1066 1555 11 31 ;
1107 1554 203 34 gregarious
1326 1554 11 32 ;
1365 1541 161 48 howling
1544 1542 131 46 during
1692 1541 131 44 night;

453 1606 132 36 largest
598 1608 71 34 and
687 1608 141 35 fiercest
846 1609 41 34 of
901 1607 61 36 the
984 1606 116 38 South
1123 1607 198 36 American
1340 1620 124 35 group.

563 1671 32 37 1.
625 1671 58 37 M.
717 1685 229 33 SENicoLus,
975 1673 62 36 the
1068 1673 117 35 Mono
1215 1672 192 46 Colorado,
1437 1686 39 23 or
1505 1672 81 36 Red
1607 1672 153 37 Howler

613 1736 114 38 Simia
745 1739 194 44 seniculus,
955 1739 122 35 Linn.
1119 1738 148 37 Stentor
1278 1738 195 46 seniculus,
1494 1737 126 51 Geoff.
1639 1740 110 35 Ann.
1770 1739 54 35 du

613 1804 114 36 Mus.
748 1817 76 23 xix.
849 1817 33 35 p.
903 1803 84 37 107.
1045 1803 117 37 Mono
1181 1803 180 47 Colorado,
1379 1804 150 36 Humb.
1552 1805 89 37 Obs.
1662 1805 107 36 Zool.
1788 1818 34 34 p.

615 1869 87 38 354.
758 1868 163 38 Alouate
938 1882 106 33 roux,
1062 1871 135 35 Desm.
1218 1870 168 36 Mamm.
1405 1883 34 34 p.
1461 1868 62 41 77.
1572 1870 76 36 Fur
1665 1872 158 35 reddish-

613 1938 138 43 brown,
777 1937 179 47 biightest
979 1949 47 23 on
1048 1942 63 30 the
1137 1935 65 37 tail
1227 1937 71 35 and
1317 1937 223 35 extremities
1557 1949 12 32 ;
1596 1949 117 24 under
1730 1944 96 40 parts

615 2002 126 48 nearly
758 2003 151 35 hairless
924 2015 12 32 ;
962 2003 78 35 face
1067 2002 121 36 naked
1215 2002 72 36 and
1318 2001 120 37 black.
1494 2002 167 37 Inhabits
1682 2002 142 36 French

615 2068 158 45 Guiana,
789 2069 115 35 banks
924 2069 40 35 of
978 2075 63 29 the
1059 2069 112 35 rivers
1191 2067 212 37 Madeleine
1421 2068 71 36 and
1513 2067 147 37 Darien.

457 2134 134 38 Plate
622 2133 211 38 XIX—2.
863 2134 57 37 M.
940 2147 186 34 ursinus,
1157 2134 62 37 the
1243 2133 187 37 Araguato
1499 2132 149 39 Stentor
1666 2136 154 42 ursiuus,

616 2199 125 52 Geoff.
756 2201 111 37 Ann.
889 2201 54 36 du
956 2202 115 35 Mus.
1088 2202 76 35 xix.
1184 2214 33 34 p.
1242 2199 86 38 108.
1374 2199 187 37 Araguato
1580 2201 45 35 de
1644 2199 180 46 Caraccas,

614 2267 152 37 Humb.
795 2267 89 37 Obs.
919 2267 108 36 Zool.
1053 2279 58 35 pp.
1141 2266 74 37 329
1244 2267 71 35 and
1346 2266 88 37 355.
1489 2266 163 36 Alouate
1681 2278 144 32 ourson,

615 2334 134 36 Desm.
762 2333 169 36 Mamm.
946 2346 33 35 p.
997 2332 61 39 78.
1102 2332 168 48 Entirely
1284 2333 297 43 reddish-brown,
1597 2333 71 35 and
1679 2338 146 30 clothed

616 2406 90 30 •with
724 2400 89 48 long
832 2399 80 37 hair
931 2413 46 23 on
997 2412 109 35 every
1119 2405 80 42 part
1222 2413 11 32 ;
1263 2400 155 35 bearded
1434 2412 12 31 ;
1472 2400 77 34 face
1567 2398 257 36 bluish-black.

619 2465 168 38 Inhabits
794 2465 224 47 Venezuela,
1029 2465 98 37 New
1138 2465 213 45 Barcelona,
1360 2466 116 35 banks
1488 2465 41 35 of
1537 2464 61 36 the
1611 2462 209 39 Oronooko.

649 2543 118 30 Differs
779 2543 83 31 from
878 2547 56 27 the
944 2543 175 39 preceding
1127 2543 34 29 in
1171 2543 57 30 the
1240 2542 71 30 hair
1318 2542 96 38 being
1426 2549 75 31 very
1510 2540 87 40 long,
1610 2540 65 31 and
1686 2539 32 31 in
1728 2540 97 38 being

688 2599 134 32 clothed
833 2608 41 22 on
891 2602 54 27 the
960 2599 99 29 undei
1079 2598 101 34 parts.
