1895 3217
1427 245 60 46 73

347 249 91 31 THE
463 250 88 30 RED
575 249 58 32 OR
656 249 184 31 ASIATIC
865 250 388 33 ORANG-OUTANG.

118 392 81 30 can
223 385 106 39 thus
352 391 101 45 pass
481 374 112 46 from
624 390 82 30 one
732 374 122 46 fixed
877 376 143 45 object
1043 383 47 39 to
1113 383 202 48 another^
1341 385 48 38 at
1411 379 80 46 the

116 454 199 44 distance
333 451 50 47 of
397 453 69 44 his
485 467 110 30 span
613 451 112 46 from
744 453 108 44 each
875 459 140 47 other^
1036 453 91 45 and
1150 468 82 30 can
1256 454 233 62 obviously

115 545 103 46 pass
241 527 113 48 from
378 544 82 31 one
482 529 169 45 branch
684 527 50 46 of
760 544 27 30 a
809 535 94 38 tree
935 535 48 39 to
1014 536 202 47 another^
1241 530 194 61 through
1463 548 28 28 a

116 606 136 45 much
274 621 172 46 greater
459 605 208 46 interval.
720 605 55 45 In
794 605 158 61 sitting
966 621 57 30 on
1038 621 27 29 a
1088 606 80 45 flat
1193 605 185 56 surface^
1398 609 93 44 this

117 683 170 45 animal
320 689 130 38 turns
484 682 70 45 his
587 682 93 45 legs
713 682 143 45 under
889 682 111 45 him.
1070 682 54 45 In
1150 682 159 62 sitting
1331 698 57 30 on
1411 685 79 44 the

117 760 168 44 branch
309 758 50 46 of
384 775 27 29 a
433 765 109 47 tree,
575 774 48 30 or
650 774 56 30 on
730 774 28 29 a
779 774 118 45 rope,
934 759 57 44 he
1022 774 113 30 rests
1167 775 56 29 on
1257 760 71 45 his
1350 760 139 55 heels,

119 835 70 45 his
223 835 121 60 body
378 834 181 61 leaning
597 833 191 47 forward
828 834 175 61 against
1043 834 71 45 his
1145 835 164 61 thighs.
1380 836 111 45 This

118 912 171 45 animal
327 927 102 29 uses
469 911 69 45 his
577 911 146 45 hands
767 910 92 46 like
905 917 148 39 others
1090 910 50 46 of
1175 918 80 39 the
1293 913 198 60 monkey

118 990 131 43 tribe.

235 1065 97 45 The
356 1080 340 46 orang-outang,
717 1080 58 30 on
796 1065 72 45 his
886 1065 164 45 arrival
1067 1065 45 45 in
1132 1066 120 45 Java
1269 1065 112 46 from
1401 1068 89 43 Ba-

119 1148 139 46 tavia,
276 1157 94 29 was
389 1141 189 45 allowed
593 1148 45 38 to
656 1143 55 44 be
725 1141 193 61 entirely
936 1147 47 39 at
1001 1142 163 60 liberty
1190 1142 70 45 till
1280 1142 160 45 within
1464 1159 28 28 a

121 1218 91 60 day
236 1233 47 30 or
316 1224 92 38 two
443 1216 48 46 of
519 1218 131 60 being
684 1224 85 53 put
803 1233 56 30 on
891 1217 138 45 board
1058 1218 80 44 the
1172 1218 164 53 Caesar,
1362 1225 46 38 to
1436 1220 54 44 be

121 1294 229 44 conveyed
383 1299 45 39 to
463 1294 243 60 England;
741 1293 92 45 and
861 1293 155 45 whilst
1045 1299 47 39 at
1114 1293 134 61 large,
1273 1309 132 29 made
1433 1310 56 29 no

121 1375 196 39 attempt
341 1375 45 39 to
411 1384 168 45 escape,
605 1371 83 43 but
721 1370 183 44 became
933 1369 168 46 violent
1126 1385 133 29 when
1287 1376 83 54 put
1394 1370 95 45 into

121 1459 28 30 a
185 1445 119 45 large
339 1445 140 45 railed
502 1446 189 45 bamboo
720 1460 103 47 cage
856 1445 65 45 for
949 1452 78 38 the
1060 1461 190 45 purpose
1282 1445 50 46 of
1357 1446 127 62 being

121 1521 229 45 conveyed
372 1520 111 46 from
506 1523 79 44 the
608 1521 160 46 island.
836 1521 68 46 As
928 1537 105 29 soon
1056 1537 48 29 as
1127 1522 56 44 he
1207 1520 80 46 felt
1310 1521 187 46 himself

120 1595 48 45 in
191 1595 314 56 confinement,
531 1598 57 44 he
621 1598 106 45 took
760 1604 79 39 the
872 1597 105 46 rails
1001 1596 50 47 of
1065 1604 79 38 the
1168 1612 103 30 cage
1295 1597 95 46 into
1417 1597 71 45 his

119 1672 160 54 hands,
318 1673 91 45 and
448 1673 191 61 shaking
670 1681 128 38 them
833 1673 236 61 violently,
1100 1673 312 45 endeavoured
1441 1680 46 38 to

120 1748 137 45 break
286 1749 128 45 them
445 1749 47 45 in
519 1749 174 61 pieces;
729 1752 83 43 but
845 1749 173 61 finding
1047 1750 103 45 that
1173 1750 113 59 they
1310 1749 77 45 did
1408 1756 79 38 not

120 1823 123 61 yield
265 1826 243 60 generally,
533 1827 57 43 he
613 1826 118 44 tried
755 1833 125 37 them
909 1832 267 54 separately,
1202 1825 90 45 and
1320 1825 169 61 having

121 1900 255 46 discovered
415 1917 82 29 one
534 1902 178 44 weaker
747 1908 114 37 than
895 1908 79 38 the
1012 1917 106 37 rest,
1157 1901 181 44 worked
1373 1908 47 37 at
1451 1901 36 45 it

122 1983 257 53 constantly
403 1976 69 44 till
497 1977 56 43 he
576 1977 91 43 had
690 1978 166 43 broken
879 1976 52 54 it,
956 1977 90 44 and
1068 1976 132 45 made
1222 1977 70 43 his
1317 1992 168 30 escape.

122 2051 72 45 On
218 2052 137 44 board
387 2052 115 60 ship,
529 2068 58 28 an
612 2059 194 38 attempt
830 2053 132 61 being
990 2053 133 44 made
1146 2058 45 39 to
1216 2068 150 29 secure
1388 2053 96 45 him

120 2128 62 59 by
205 2143 27 29 a
264 2129 132 44 chain
429 2128 94 45 tied
554 2135 45 39 to
634 2144 27 30 a
695 2135 150 54 strong
879 2129 157 60 staple,
1061 2129 58 44 he
1149 2128 224 62 instantly
1397 2145 87 29 un-

119 2202 202 47 fastened
344 2205 50 53 it,
421 2205 91 45 and
541 2220 81 30 ran
656 2204 66 46 off
750 2204 113 45 with
892 2211 79 39 the
998 2205 131 45 chain
1164 2205 212 61 dragging
1405 2207 79 44 be-

118 2280 112 45 hind
247 2297 15 37 ;
298 2282 82 44 but
406 2280 173 62 finding
600 2280 188 47 himself
806 2282 307 45 embarrassed
1136 2283 62 59 by
1221 2282 58 44 its
1309 2282 171 54 length,

117 2355 58 45 he
190 2356 139 46 coiled
346 2357 36 45 it
401 2372 105 30 once
530 2373 46 29 or
598 2364 147 48 twice,
766 2358 91 45 and
879 2358 148 45 threw
1049 2357 37 45 it
1111 2372 103 30 over
1236 2358 70 44 his
1329 2373 155 30 shoul-

119 2432 91 46 der.
279 2433 110 45 This
412 2433 90 45 feat
525 2434 56 45 he
605 2432 121 48 often
748 2440 225 55 repeated,
999 2434 91 46 and
1112 2433 134 47 when
1263 2433 57 47 he
1343 2431 139 49 found
