1933 3302
1647 181 51 37 83

503 185 122 31 Innere
649 182 227 32 Behandlung
900 180 57 31 des
980 179 314 32 Hospitalbrandes.

104 310 127 37 gegen
261 296 73 38 den
364 293 303 39 Hospitalbrand
706 290 180 38 wirksam
925 288 85 37 sind
1047 286 118 38 sehen
1202 288 68 36 wir
1305 301 37 24 \i.
1382 288 47 37 A.
1468 301 68 24 aus
1573 287 124 37 einem

104 350 104 38 Fall,
251 350 38 37 in
333 348 185 38 welchem
560 345 118 38 schon
719 344 100 37 1870
865 342 59 38 die
963 341 256 49 Amputation
1258 342 98 37 nach
1395 341 303 50 antiseptischen

104 404 221 38 Principien
355 415 73 25 von
458 399 154 39 Lücke
642 401 71 34 mit
743 396 125 39 Glück
899 394 231 51 ausgeführt
1159 394 143 37 wurde.

231 477 47 32 Er
300 480 180 28 amputirte
503 477 46 29 im
573 474 109 31 Spital
706 473 59 31 der
791 472 257 32 barmherzigen
1072 469 213 32 Schwestern
1311 480 41 20 zu
1375 469 200 31 Darmstadt
1599 477 99 22 einen

105 523 173 30 Kranken,
303 521 52 30 bei
373 519 160 31 welchem
560 517 60 30 der
637 514 264 33 Hospitalbrand
926 516 36 28 in
986 514 55 30 die
1057 513 360 40 Fusswurzelgelenke
1441 512 257 40 eingedrungen

106 575 77 21 war.
221 565 60 30 Die
300 563 131 30 Wunde
454 560 116 32 wurde
595 564 61 26 mit
680 559 131 30 starker
835 557 257 40 Phenyllösung
1114 556 170 40 getränkt,
1308 556 90 30 dann
1423 556 35 29 in
1475 555 135 40 Lappen
1637 557 62 28 mit

106 608 256 39 Phenyllösung
395 604 188 32 befeuchtet
621 602 93 30 diciit
746 600 236 32 eingewickelt
1014 599 69 31 und
1120 599 147 30 darüber
1296 598 244 40 Impermeabel
1575 607 123 31 gelegt.

105 650 68 31 Das
198 651 82 30 Bein
305 649 116 29 wurde
445 650 62 28 mit
531 655 257 31 phenylisirtem
816 644 133 30 Wasser
973 642 199 41 gewaschen
1198 642 70 30 und
1294 642 90 30 dann
1411 642 171 38 amputirt.
1629 640 70 30 Der

104 693 138 31 Stumpf
262 693 117 30 wurde
403 693 34 28 in
462 690 222 40 phenylisirte
709 686 221 41 Conipressen
955 688 149 38 gehüllt,
1136 685 133 30 Patient
1300 684 85 31 total
1410 684 201 38 entkleidet,
1643 693 55 31 ge-

104 736 156 30 waschen
285 735 68 31 und
378 743 83 31 ganz
486 742 64 20 neu
568 731 172 41 gekleidet
755 733 34 28 in
808 732 54 28 ein
879 731 34 29 in
932 730 110 29 einem
1061 728 147 30 anderen
1225 728 113 30 Hause
1355 736 179 32 gelegenes
1552 727 148 30 Zimmer

107 782 173 37 gebracht.
326 777 154 39 Anfangs
504 776 175 39 langsame
703 774 158 30 Heilung.
907 772 92 31 Nach
1030 772 188 31 Eröffnung
1251 772 93 29 einer
1375 771 136 30 kleinen
1536 769 163 41 Senkung

105 822 114 30 rasche
244 820 158 40 Heilung.

189 1074 133 55 Vni.
381 1074 184 54 Innere
605 1071 344 56 Behandlung
990 1071 88 55 des
1117 1069 489 72 Hospitalbrandes.

229 1202 101 38 Dass
359 1215 70 24 wir
456 1201 133 37 innere
609 1200 142 38 Mittel,
781 1199 146 38 welche
947 1199 214 50 irgendwie
1183 1198 202 39 specifisch
1407 1198 184 37 wirksam
1612 1198 86 37 sind

104 1269 126 38 gegen
263 1257 102 37 diese
387 1254 231 39 Krankheit,
648 1253 108 38 nicht
780 1253 184 38 besitzen,
995 1254 79 37 und
1095 1254 86 36 dass
1203 1253 60 37 die
1284 1253 133 37 innere
1438 1251 261 51 Behandlung

103 1324 72 23 nur
196 1323 84 24 eine
300 1310 84 37 rein
404 1308 343 51 symptomatische
769 1308 82 37 sein
871 1307 141 38 könne,
1034 1308 96 36 wird
1151 1320 76 24 von
1248 1306 101 38 allen
1369 1307 329 49 urtheilsfähigen

104 1363 171 38 Aerzten
303 1363 177 37 früherer
510 1363 78 37 und
619 1364 173 36 späterer
823 1361 87 38 Zeit
936 1361 334 38 hervorgehoben.
1329 1360 74 38 Die
1439 1360 260 50 Behandlung

105 1417 119 38 diirch
254 1416 347 50 Blutentziehung,
640 1415 274 46 Brechmittel,
956 1414 232 38 Purganzen
1218 1417 72 35 etc.
1328 1416 122 36 nennt
1487 1428 34 23 v.
1553 1413 146 38 Pitha

105 1484 112 25 einen
246 1471 199 37 traurigen
477 1469 215 38 Auswuchs
723 1470 66 36 des
818 1469 222 37 obstinaten
1061 1469 303 49 Dogmatismus,
1396 1468 96 37 über
1513 1468 74 38 den
1607 1481 91 24 man

106 1524 82 38 sich
215 1538 74 23 nur
318 1524 186 37 wundern
534 1524 138 37 könne.
730 1522 168 38 Freilich
928 1523 132 37 wurde
1089 1523 53 37 im
1172 1522 182 38 Anfange
1389 1535 159 24 unseres
1578 1521 119 38 Jahr-

103 1578 187 37 hunderts
310 1578 78 36 und
409 1591 61 23 am
489 1577 109 37 Ende
621 1577 65 37 des
708 1577 162 37 vorigen
891 1577 102 37 diese
1015 1581 289 41 schwächende,
1337 1574 360 52 antiphlogistische

103 1631 257 37 Behandlung
388 1631 39 36 in
456 1643 220 38 grösserem
706 1631 92 36 oder
826 1630 249 50 geringerem
1104 1629 152 38 Maasse
1287 1629 176 37 ziemlich
1490 1629 209 50 allgemein

104 1688 241 34 angewandt.
403 1683 146 38 Ponte
561 1698 52 23 au
643 1684 76 49 gab
749 1684 52 36 im
830 1683 159 38 Anfang
1019 1684 68 37 der
1107 1683 221 37 Krankheit
1348 1696 97 24 stets
1467 1683 61 37 ein
1549 1682 148 38 Brech-

103 1738 125 37 mittel
247 1738 78 37 und
346 1738 100 37 dann
467 1738 83 37 eine
573 1737 246 50 Abführung,
843 1737 177 50 dagegen
1036 1737 172 38 verwarf
1220 1751 40 24 er
1278 1737 59 37 die
1354 1736 342 50 Blutentziehung.

104 1791 54 38 Er
177 1794 120 34 nennt
316 1791 53 37 sie
391 1791 83 37 eine
499 1791 139 50 „faible
658 1793 238 36 ressource",
918 1791 147 37 welche
1085 1791 61 37 bei
1164 1790 300 51 sanguinischen
1482 1790 215 50 Tempera-

105 1848 154 34 menten
288 1845 194 37 vielleicht
512 1845 140 37 einmal
681 1845 151 37 erlaubt
861 1845 72 37 sei;
964 1858 112 24 wenn
1108 1845 227 37 wiederholt
1364 1845 93 37 aber
1483 1858 73 24 nur
1578 1844 121 38 durch

106 1899 59 37 die
194 1898 266 49 Entkräftung
488 1898 151 38 schade.
698 1898 142 38 Trott
851 1911 45 25 er
927 1899 178 50 dagegen
1143 1898 171 49 empfahl
1350 1899 230 37 allgemeine
1618 1898 79 38 und

105 1953 160 36 örtliche
287 1951 327 38 Blutentziehung
635 1952 63 37 bei
718 1953 213 48 knappster
952 1952 104 37 Diät.
1105 1952 86 38 Nur
1213 1952 119 46 Thee,
1355 1952 173 38 Wasser,
1551 1952 145 37 Hafer-

97 2008 142 36 .grütze
278 2018 158 24 wurden
472 2005 194 50 gereicht,
707 2006 174 37 daneben
918 2005 190 39 Calomel,
1146 2005 232 39 Sennainfus
1416 2006 198 50 gegeben,
1655 2019 41 24 so

106 2061 85 36 dass
222 2059 21 37 6
273 2059 59 37 bis
371 2059 22 36 8
431 2058 297 38 Ausleerungen
768 2060 39 36 in
846 2059 50 37 24
937 2058 174 39 Stunden
1150 2060 205 37 erfolgten.
1413 2059 135 38 Damit
1584 2059 112 38 sollte

104 2112 266 50 fortgefahren
399 2113 165 37 werden,
595 2113 58 37 bis
683 2113 66 37 das
779 2112 139 38 Fieber
947 2114 78 36 und
1056 2114 60 37 die
1151 2114 189 38 örtlichen
1375 2113 322 50 Erscheinungen

108 2166 247 37 nachliessen.
412 2166 158 37 Diesem
598 2166 190 38 Regimen
817 2166 195 38 schlössen
1042 2168 98 37 sich,
1180 2181 111 24 wenn
1321 2167 97 38 auch
1446 2167 40 37 in
1515 2167 182 37 milderer

106 2219 133 38 Form,
275 2219 87 37 sehr
392 2219 98 38 viele
519 2219 142 38 Aerzte
691 2235 59 23 an.
809 2220 254 38 Brechmittel
1103 2221 128 50 gaben
1270 2221 53 37 im
1362 2220 181 38 Anfange
1579 2220 117 38 Dus-

107 2285 210 37 saussoy,
361 2273 60 37 die
465 2272 203 39 Gebrüder
705 2274 197 37 Wenzel
947 2275 76 36 und
1064 2275 60 37 die
1168 2274 224 38 englischen
1435 2274 261 37 Marineärzte

108 2326 276 49 Thompson,
415 2326 168 50 Briggs
614 2340 38 24 u.
673 2327 47 37 A.
760 2327 113 37 Auch
902 2327 196 38 Hennen
1128 2328 68 37 sah
1217 2331 94 47 gute
1333 2328 249 37 Wirkungen
1609 2340 87 24 vom

107 2379 196 38 Aderlass,
322 2392 75 24 von
413 2379 146 37 Brech-
573 2380 77 37 und
663 2380 320 38 Abführmitteln.
1016 2380 175 39 Gerson
1213 2383 77 36 und
1306 2381 224 38 Werneck
1551 2381 145 50 gelang

109 2446 55 32 es,
195 2432 78 38 sich
304 2446 74 24 von
408 2433 144 37 diesem
581 2433 154 38 Dogma
764 2448 46 23 zu
841 2435 277 49 emancipiren,
1150 2435 164 38 welches
1344 2435 71 37 wir
1445 2435 100 37 dann
1572 2434 123 37 leider

109 2486 140 37 wieder
277 2486 62 37 bei
368 2485 182 47 Moore,
581 2486 185 38 Marmy
795 2488 41 36 in
866 2487 157 38 vollster
1052 2488 142 38 Blüthe
1224 2489 130 37 sehen.
1413 2488 116 38 Diese
1550 2486 144 38 Aerzte

108 2539 178 37 machten
315 2539 250 38 wiederholte
596 2540 207 38 Aderlässe
837 2541 59 37 bis
926 2555 46 23 zu
1003 2542 124 37 einem
1157 2541 147 47 Pfund,
1344 2542 127 50 gaben
1509 2541 186 37 reichlich

108 2592 145 37 Brech-
285 2593 72 36 und
388 2593 284 38 Abführmittel
700 2594 62 37 bei
792 2597 134 48 streng
956 2595 272 38 entziehender
1248 2595 105 38 Diät.
1403 2594 86 38 Nur
1517 2595 62 36 bei
1610 2595 83 36 ein-

107 2646 203 36 tretenden
331 2645 422 40 Schwächezuständen
783 2648 200 38 erlaubten
1012 2649 53 37 sie
1097 2650 99 36 denn
1227 2649 96 37 doch
1352 2647 204 38 nahrhafte
1582 2647 111 47 Kost,

109 2698 97 37 auch
227 2697 127 47 Wein,
385 2699 120 38 China
535 2713 71 25 etc.
665 2700 139 50 Später
835 2702 129 37 wurde
996 2703 102 37 diese
1129 2706 277 33 schwächende
1435 2700 259 50 Behandlung

108 2752 136 37 immer
273 2751 249 50 allgemeiner
552 2755 242 37 verurtheilt.

237 2804 220 38 Reizmittel
482 2807 156 37 wurden
659 2808 101 37 wohl
780 2821 74 24 von
875 2808 101 38 allen
995 2808 171 38 Aerzten
1185 2809 64 37 bei
1269 2807 426 39 Schwächezuständen

110 2858 249 49 angewandt,
389 2871 75 24 von
493 2861 167 37 anderen
691 2861 92 38 aber
812 2861 98 38 auch
939 2861 128 50 gleich
1095 2862 52 36 im
1177 2861 158 38 Anfang
1364 2861 67 37 der
1460 2861 232 37 Krankheit.

237 2911 81 37 Der
347 2910 197 50 Kampher
573 2926 79 24 war
683 2914 59 37 ein
773 2915 88 36 sehr
897 2915 187 37 beliebtes
1119 2914 144 38 Mittel,
1303 2915 76 36 und
1419 2927 131 24 wurde
1587 2917 108 35 nicht

110 2963 112 38 allein
244 2964 55 37 als
319 2963 228 48 Reizmittel,
578 2967 162 37 sondern
766 2968 96 37 nach
883 2968 190 37 Analogie
1094 2967 124 38 seiner
1239 2972 182 34 äusseren
1443 2967 251 50 Applikation
