2411 3372
87 168 323 62 generation
444 166 139 64 (F-2)
617 166 331 50 bekommen
979 169 97 47 wir
1109 167 311 65 reinerbige
1453 167 99 49 AA
1586 163 200 68 (25Vo),
1818 166 312 63 reinerbige
2165 185 61 29 aa

93 235 186 68 (25®/o)
312 239 112 49 und
451 237 464 66 Gemischterbige
947 235 210 68 (50®/o),
1183 241 233 49 nämlich
1444 240 77 50 aA
1553 236 185 67 (25Vo)
1770 238 113 50 und
1910 238 81 49 Aa
2025 233 203 67 (25Vo),

89 330 105 32 was
241 310 188 51 beides
479 310 93 50 das
622 310 201 63 gleiche
870 313 93 56 ist;
1013 310 159 51 dabei
1216 312 138 49 wird
1399 314 195 47 immer
1641 321 433 52 vorausgesetzt,
2124 308 103 50 daß

89 381 277 52 sämtliche
406 382 854 63 Kombinationsmöglichkeiten
1301 383 280 63 erschöpft
1620 382 139 60 sind,
1797 401 108 31 was
1947 381 140 50 eben
2126 400 103 29 nur

91 457 234 57 eintritt,
358 473 158 31 wenn
550 473 143 40 man,
725 456 100 47 wie
859 454 166 49 Peter
1057 455 112 49 und
1202 455 223 59 Martin,
1458 454 90 50 bei
1579 457 250 60 wenigen
1862 453 200 50 Tieren
2097 452 133 50 oder

91 528 257 49 Pflanzen
391 527 108 49 viel
543 526 169 50 Glück
755 526 94 49 hat
894 526 133 49 oder
1074 526 147 60 aber,
1263 546 158 30 wenn
1464 547 126 29 man
1633 529 99 46 mit
1777 525 125 50 sehr
1947 525 107 49 viel
2096 524 133 50 Ver¬

91 599 337 50 suchstieren
464 597 134 51 oder
634 597 272 63 -pflanzen
943 597 254 61 arbeitet,
1232 601 100 47 wie
1369 618 55 31 es
1460 599 166 49 Pater
1662 596 222 51 Mendel
1921 609 163 51 getan
2119 596 110 49 hat.

162 671 149 51 Doch
344 682 217 38 vorerst
597 688 175 45 genug
806 689 107 30 von
945 668 368 51 Mathematik
1345 670 113 49 und
1490 669 473 50 Kombinationen
1993 699 72 6 —
2096 671 136 59 jetzt

94 744 96 63 gilt
230 763 73 41 es,
339 743 136 50 noch
514 742 200 49 einmal
751 744 56 47 in
845 741 85 50 die
970 741 375 51 Geheimnisse
1386 742 95 49 der
1519 741 202 50 Eizelle
1761 740 470 64 hinabzusteigen.

438 1051 198 53 Vom
659 1050 385 54 Zellkerii
1067 1051 167 53 und
1256 1054 271 53 seiner
1550 1053 343 64 Teilung

169 1344 62 49 In
259 1343 193 51 Peters
484 1343 429 52 Nachbarschaft
942 1344 187 50 wohnt
1161 1346 94 50 der
1287 1346 238 51 Tischler
1556 1346 188 50 Anton
1776 1347 334 60 Hämmerle,
2145 1346 95 50 der

101 1417 105 51 sich
233 1417 332 64 neuerdings
593 1417 231 50 Hühner
850 1417 131 50 hält.
1009 1416 73 51 Er
1107 1419 70 49 ist
1205 1437 132 45 ganz
1367 1418 135 51 stolz
1534 1419 93 49 auf
1656 1419 86 49 die
1770 1418 210 64 kräftig
2007 1419 232 51 schwarz

101 1489 111 50 und
241 1490 139 49 weiß
414 1489 426 63 gesprenkelten
873 1489 145 51 sechs
1051 1490 251 59 Hennen,
1333 1491 92 49 für
1459 1490 85 50 die
1579 1490 130 50 auch
1742 1493 88 47 ein
1861 1491 163 49 Hahn
2058 1490 65 50 da
2154 1492 85 49 ist.

102 1560 148 52 Aber
297 1561 237 51 welchen
581 1556 176 70 Ärger
804 1562 116 64 gibt
968 1581 72 41 es,
1090 1562 77 50 als
1216 1562 87 50 die
1352 1562 234 50 Hühner
1633 1563 148 49 nicht
1829 1565 119 47 rein
1998 1563 244 58 züchten,

103 1634 49 49 d.
183 1634 52 49 h.
265 1633 146 50 nidit
444 1633 104 50 alle
579 1634 205 49 wieder
813 1634 398 50 schwarz-weiß
1244 1634 241 50 werden!
1519 1634 202 50 Immer
1750 1634 205 50 wieder
1984 1634 259 50 kommen

102 1704 225 51 Kücken
364 1725 96 30 zur
498 1704 162 61 Welt,
699 1705 85 50 die
822 1726 65 29 zu
925 1704 305 52 schwarzen
1268 1706 298 49 Hähnchen
1605 1706 133 50 oder
1777 1706 235 50 Hennen
2050 1706 193 49 heran¬

102 1777 263 60 wachsen,
393 1778 113 50 und
535 1778 202 50 ebenso
767 1778 139 50 viele
934 1779 173 49 weiße
1137 1777 231 51 Hühner
1397 1779 190 49 laufen
1615 1778 263 50 zwischen
1909 1778 95 49 der
2034 1779 209 60 Haupt¬

103 1869 174 32 masse
316 1849 99 51 der
451 1851 399 50 schwarz-weiß
891 1849 440 65 Gesprenkelten
1369 1850 211 50 herum.
1626 1850 131 64 (Das
1795 1849 157 51 Weiß
1992 1852 71 49 ist
2100 1849 146 50 nicht

105 1941 132 44 ganz
273 1925 119 47 rein
425 1923 159 59 weiß,
620 1922 131 50 aber
784 1942 125 31 man
943 1924 129 49 muß
1109 1922 162 50 schon
1306 1922 125 51 sehr
1468 1941 175 44 genau
1677 1921 286 60 hinsehen,
1998 1942 92 29 um
2126 1923 119 48 eine

106 1995 148 49 feine
293 1994 206 51 dunkle
537 1995 385 64 Sprenkelung
960 1995 281 50 erkennen
1279 2015 65 29 zu
1381 1994 264 63 können.)
1689 1994 167 49 Peter
1889 1994 114 49 und
2041 1993 206 50 Martin

108 2067 167 50 sehen
300 2067 106 50 sich
434 2067 93 50 das
555 2069 120 48 eine
701 2067 172 50 Weile
900 2069 102 47 mit
1026 2087 67 29 an
1117 2067 114 50 und
1255 2067 224 50 können
1506 2066 144 50 dann
1674 2065 229 50 Meister
1930 2064 317 51 Hämmerle

108 2139 276 60 erklären,
422 2159 209 30 warum
673 2139 92 52 das
806 2159 57 32 so
903 2142 71 48 ist
1012 2170 71 6 —
1120 2142 72 60 ja,
1230 2160 209 30 warum
1479 2159 54 30 es
1576 2159 56 30 so
1675 2140 117 48 sein
1831 2137 149 59 muß,
2019 2137 114 49 und
2172 2138 76 48 sie

108 2209 177 52 haben
317 2231 53 31 es
402 2231 95 45 gar
526 2212 215 64 wichtig
770 2214 101 48 mit
901 2213 150 49 ihrer
1081 2210 388 65 Feststellung,
1502 2212 105 49 daß
1640 2209 344 50 Hämmerles
2017 2209 234 50 Hühner

108 2284 130 50 nach
287 2284 123 50 dem
455 2283 413 65 Mirabilis-Typ
915 2283 244 51 züchten.
1206 2285 114 50 Der
1366 2285 251 50 Nachbar
1665 2285 130 51 aber
1842 2285 95 51 hat
1985 2286 86 50 die
2117 2287 135 49 Lust

110 2374 66 31 an
210 2358 207 48 seinem
449 2355 310 51 Federvieh
791 2356 276 61 verloren,
1100 2357 113 51 und
1247 2377 57 31 so
1341 2357 291 51 schlachtet
1667 2378 58 30 er
1759 2358 257 50 zunächst
2053 2358 200 51 einmal

110 2428 102 51 alle
259 2428 220 61 Hähne;
528 2429 143 50 denn
719 2429 86 50 die
852 2428 231 51 Hühner
1130 2430 174 50 sollen
1349 2429 270 52 natürlich
1665 2432 192 48 weiter
1904 2430 128 50 Eier
2077 2431 176 63 legen,

110 2519 105 32 was
264 2503 75 48 sie
389 2502 130 49 auch
566 2502 184 63 fleißig
795 2501 288 64 besorgen.
1133 2500 150 51 Aber
1329 2521 199 31 unsere
1575 2506 206 60 jungen
1828 2502 256 51 Freunde
2133 2501 121 51 sind

112 2571 159 51 dabei
316 2574 95 49 auf
456 2576 87 48 ein
587 2593 168 31 neues
800 2573 260 50 Problem
1105 2574 284 62 gestoßen:
1438 2574 117 50 Wie
1599 2577 71 47 ist
1716 2574 92 51 das
1855 2574 288 64 eigentlich
2186 2603 71 5 —

111 2645 137 50 wird
295 2665 93 31 aus
438 2648 179 47 einem
663 2645 81 60 Ei,
793 2645 93 51 das
935 2645 173 58 „nur"
1156 2666 108 30 von
1312 2646 97 50 der
1456 2647 195 49 Henne
1699 2658 240 47 stammt,
1988 2647 131 49 auch
2167 2648 88 47 ein

112 2717 336 51 Hühnchen?
482 2718 220 50 Wieder
734 2718 215 50 denken
981 2720 77 48 sie
1090 2719 146 49 nicht
1266 2719 159 63 lange
1458 2719 150 62 nach,
1641 2719 240 49 sondern
1915 2721 340 61 experimen¬

112 2792 195 47 tieren.
355 2790 104 50 Die
506 2789 127 51 Eier
680 2790 260 50 kommen
985 2792 57 47 in
1090 2789 105 51 den
1241 2790 400 60 Brutschrank;
1691 2790 131 50 aber
1871 2790 85 51 die
2004 2791 137 58 Zeit,
2191 2790 66 49 da

112 2861 444 51 normalerweise
588 2862 86 50 die
703 2862 225 50 Kücken
957 2863 179 63 längst
1167 2863 306 64 geschlüpft
1504 2865 115 48 sein
1648 2866 237 55 müssen,
1915 2862 344 59 verstreicht,

115 2934 141 50 ohne
303 2934 103 50 daß
451 2935 107 50 sich
602 2946 165 40 etwas
812 2947 136 51 regt.
993 2934 80 50 Im
1117 2934 306 65 Gegenteil,
1468 2934 93 51 das
1607 2936 227 61 einzige,
1876 2954 108 31 was
2028 2934 90 51 bei
2163 2934 96 49 der

115 3025 205 44 ganzen
367 3006 314 52 Geschichte
727 3027 124 30 zum
897 3007 194 51 Schluß
1137 3007 435 60 herauskommt,
1618 3009 70 48 ist
1735 3009 87 51 ein
1867 3006 190 54 höchst
2101 3006 160 54 übler

115 3079 233 54 Geruch!

1158 3226 63 50 17
