2113 3404
329 179 86 41 304

829 197 87 31 THE
951 199 239 33 DISORDERS
1223 202 52 31 OF
1306 204 173 32 SPEECH.

327 309 44 41 of
393 310 73 42 the
488 312 270 43 uneducated
793 319 145 38 centre
970 321 44 37 at
1036 331 116 29 some
1186 320 157 56 length.
1407 323 81 41 We
1523 324 105 41 have
1661 324 172 57 already
1856 326 89 42 also

327 395 101 29 seen
446 382 107 53 that,
571 384 55 54 by
645 399 24 27 a
685 399 169 41 process
873 387 43 41 of
938 389 183 42 Further
1142 391 251 52 Education,
1414 394 72 42 the
1510 395 265 43 uneducated
1800 402 145 37 centre

329 466 111 41 may,
463 453 45 41 in
530 468 146 42 young
697 456 152 55 people
871 459 243 55 especially,
1136 461 225 56 gradually
1383 464 172 54 acquire
1579 478 114 28 more
1719 464 86 42 and
1830 480 116 29 more

329 521 235 59 efficiency,
587 524 111 42 until
733 530 45 37 at
809 526 150 56 length
992 529 34 40 it
1059 543 95 42 may
1178 531 52 41 be
1261 532 96 42 able
1389 538 43 36 to
1466 534 99 41 take
1599 534 72 42 the
1703 535 131 54 place,
1862 537 84 41 and

328 592 222 58 discharge
570 594 73 43 the
660 595 232 53 functions,
914 598 44 41 of
980 598 73 43 the
1076 601 275 41 convolution
1377 603 95 41 that
1494 604 75 42 has
1587 604 106 43 been
1710 605 235 55 destroyed.

329 663 53 41 In
405 664 105 41 such
530 678 130 38 cases,
676 666 154 54 speech
849 667 36 41 is
902 668 225 56 gradually
1146 671 203 52 bettered,
1373 673 84 41 and
1479 674 57 42 its
1557 688 199 42 recovery
1779 690 97 41 may
1896 677 50 41 be

330 740 224 37 complete.

389 805 53 41 In
466 806 146 54 trying
634 811 44 36 to
701 806 215 43 illustrate
939 808 73 42 the
1035 809 146 43 effects
1203 811 44 41 of
1270 817 135 36 motor
1423 813 175 55 aphasia
1621 829 113 41 upon
1758 816 73 41 the
1852 829 94 42 pro-

328 875 178 41 duction
540 876 46 41 of
614 876 163 55 spoken
812 878 166 54 speech,
1002 880 35 40 it
1069 881 140 41 would
1242 881 52 42 be
1327 883 188 54 scarcely
1536 885 185 53 possible
1753 890 43 36 to
1818 892 130 35 select

329 959 117 28 more
489 946 259 43 instructive
781 949 219 54 examples
1033 950 105 42 than
1172 951 168 43 Broca's
1372 958 84 37 two
1489 955 179 54 original
1700 956 248 42 cases—the

328 1030 117 28 cases
472 1017 139 41 whose
633 1018 269 53 publication
925 1019 45 41 in
997 1020 110 41 1861
1132 1021 74 41 did
1229 1036 45 27 so
1298 1023 129 42 much
1450 1029 43 37 to
1516 1038 148 29 arouse
1688 1025 260 42 throughout

327 1087 171 55 Europe
532 1102 24 27 a
577 1094 120 49 great
730 1088 181 43 interest
942 1089 46 43 in
1022 1091 72 41 the
1127 1092 167 54 subject
1325 1093 46 41 of
1399 1094 185 54 aphasia.
1646 1095 90 42 The
1759 1096 187 54 patients

330 1173 110 27 were
478 1159 104 41 both
619 1161 184 40 inmates
841 1160 46 41 of
922 1161 71 41 the
1029 1161 170 43 Bicetre
1236 1163 202 55 Hospital
1477 1165 42 40 in
1560 1165 132 41 Paris,
1728 1171 41 35 to
1809 1167 136 40 which

328 1230 138 41 Broca
491 1243 84 28 was
598 1243 194 41 surgeon.

388 1372 119 42 Case
530 1371 33 43 I.
597 1371 166 55 (Broca,
781 1369 220 45 Mfanoires
1017 1373 359 55 d'anthropologic,
1394 1388 37 41 p.
1451 1374 211 45 17).—On
1689 1376 72 41 the
1781 1377 105 41 11th
1904 1378 43 40 of

329 1441 124 55 April
479 1442 126 49 1861,
628 1441 118 42 there
772 1456 83 27 was
879 1442 209 42 admitted
1110 1443 92 40 into
1225 1443 73 42 the
1322 1445 183 54 surgical
1539 1445 133 41 wards
1705 1447 45 39 of
1778 1446 167 42 Bicetre

327 1513 187 55 Asylum
553 1527 24 26 a
614 1526 99 27 man
751 1513 43 40 of
831 1512 54 42 51
924 1527 124 40 years
1085 1513 44 41 of
1167 1527 87 42 age,
1275 1515 156 41 named
1468 1515 227 42 Leborgne.
1759 1516 70 41 He
1864 1530 81 27 was

327 1582 183 43 affected
533 1582 105 42 with
670 1597 25 26 a
726 1582 155 43 diffuse
912 1597 268 41 gangrenous
1215 1584 230 54 phlegmon
1478 1586 45 40 of
1542 1586 72 41 the
1649 1586 137 41 whole
1808 1586 45 41 of
1873 1586 72 42 the

327 1653 117 42 right
466 1653 177 41 inferior
665 1653 243 54 extremity,
927 1653 86 41 and
1034 1654 46 41 of
1100 1654 84 42 this
1208 1655 52 41 he
1283 1655 98 41 died
1414 1656 81 40 five
1518 1656 104 54 days
1645 1656 107 41 after
1776 1657 168 53 coming

328 1739 137 27 under
510 1723 169 42 Broca's
717 1737 105 28 care.
907 1724 217 54 Leborgne
1161 1724 83 42 had
1268 1725 106 41 been
1409 1740 54 26 an
1499 1726 70 40 old
1602 1726 161 41 inmate
1798 1726 42 41 of
1872 1726 72 41 the

328 1797 172 40 Bicetre
535 1794 198 56 Asylum,
766 1794 161 55 having
958 1794 116 42 lived
1107 1795 44 40 in
1175 1795 34 39 it
1245 1795 63 41 for
1330 1810 23 25 a
1387 1796 145 54 period
1556 1797 45 40 of
1630 1797 131 40 about
1783 1802 161 48 twenty

327 1881 132 41 years.
524 1866 84 41 His
641 1866 164 41 history
830 1879 85 27 was
950 1865 97 41 that
1069 1865 52 42 he
1155 1865 83 42 had
1267 1866 117 42 since
1405 1867 135 54 youth
1575 1867 107 41 been
1704 1867 166 54 subject
1903 1873 41 35 to

328 1936 204 56 epileptic
554 1936 80 41 fits.
697 1935 63 41 At
795 1935 72 42 the
902 1949 76 41 age
1010 1935 45 41 of
1088 1937 53 40 30
1166 1936 52 41 he
1240 1936 84 42 had
1356 1937 85 41 lost
1465 1936 67 42 his
1567 1937 164 54 speech,
1754 1938 95 41 and,
1873 1938 70 41 be-

328 2006 171 43 coming
521 2019 132 28 about
674 2005 87 41 this
785 2005 105 42 time
911 2005 158 42 unable
1094 2011 41 35 to
1167 2007 202 40 continue
1393 2011 43 36 at
1458 2007 64 40 his
1546 2006 123 41 usual
1691 2007 252 53 occupation

328 2092 45 27 as
406 2092 24 26 a
460 2077 245 42 lastmaker,
734 2076 51 41 he
819 2076 82 41 had
937 2077 106 41 been
1076 2076 209 42 admitted
1318 2077 91 41 into
1442 2077 73 41 the
1548 2077 166 41 Bicetre
1746 2077 195 55 Asylum.

326 2150 84 41 For
432 2148 74 42 the
530 2148 92 41 first
643 2151 72 38 ten
738 2161 123 42 years
884 2147 45 41 of
948 2147 66 41 his
1037 2147 216 41 residence
1275 2152 45 36 at
1340 2147 71 42 the
1431 2147 168 42 Bicetre
1623 2148 52 41 he
1701 2161 83 28 was
1807 2147 137 41 active

327 2219 84 41 and
435 2217 259 56 intelligent,
717 2217 163 54 though
903 2216 250 42 speechless.
1217 2216 69 42 He
1307 2231 83 27 was
1414 2217 157 41 known
1594 2218 45 39 in
1663 2217 72 41 the
1757 2216 185 55 Asylum

326 2291 57 40 by
422 2289 74 41 the
530 2288 229 41 nickname
796 2287 136 42 'Tan,'
967 2288 177 40 because
1177 2287 96 41 that
1309 2301 83 27 was
1430 2288 72 40 the
1539 2287 100 55 only
1677 2287 180 41 syllable
1892 2287 51 41 he

327 2358 126 43 could
487 2371 254 41 pronounce.
806 2357 52 40 In
892 2357 241 54 answering
1155 2357 232 53 questions,
1410 2371 46 26 or
1482 2357 43 39 in
1559 2357 248 41 expressing
1833 2357 106 39 him-

327 2430 83 41 self
429 2427 351 56 spontaneously,
803 2427 53 41 he
879 2426 91 42 said
996 2426 163 54 merely
1188 2427 102 49 Tan,
1316 2426 104 49 Tan,
1450 2427 101 41 Tan.
1615 2427 69 41 He
1716 2427 226 42 expressed

326 2498 177 42 himself
535 2497 108 49 well,
682 2498 208 48 however,
924 2497 56 54 by
1020 2496 272 54 pantomime.
1356 2496 144 41 When
1540 2496 65 41 his
1644 2496 298 41 interlocutors

327 2569 73 42 did
433 2574 76 35 not
541 2566 266 43 understand
845 2566 66 42 his
948 2566 278 54 pantomime,
1263 2566 52 41 he
1346 2572 74 49 got
1452 2566 135 55 easily
1620 2566 206 42 irritated,
1859 2567 83 41 and

327 2639 136 42 added
488 2639 106 40 then
628 2643 42 35 to
692 2637 67 41 his
794 2636 258 42 vocabulary
1088 2640 20 17 "
1124 2650 79 28 one
1234 2642 118 49 great
1381 2637 111 51 oath,
1519 2651 80 28 one
1631 2641 172 37 only—'
1818 2636 124 42 Sacre'

328 2723 101 28 nora
466 2708 53 41 de
558 2705 173 43 Dieu.'"
792 2706 127 41 After
957 2705 70 42 the
1070 2706 92 41 first
1200 2711 71 36 ten
1307 2719 123 41 years
1468 2706 43 40 in
1550 2706 72 41 the
1659 2706 180 42 Bictjtre,
1876 2705 67 41 his

327 2778 148 44 health
510 2779 133 41 began
682 2781 42 36 to
758 2776 84 41 fail.
907 2776 68 41 He
1008 2776 136 55 began
1178 2781 41 35 to
1252 2775 86 42 lose
1371 2776 73 41 the
1476 2782 139 35 motor
1646 2790 142 40 power
1813 2777 41 39 in
1878 2775 65 41 his

327 2851 116 41 right
465 2862 90 28 arm
577 2863 8 34 ;
617 2847 82 41 and
724 2846 72 42 the
830 2845 208 56 paralysis
1069 2845 223 55 gradually
1319 2846 211 41 extended
1564 2851 42 36 to
1636 2846 72 41 the
1731 2845 114 55 right
1865 2845 76 55 leg.

327 2923 61 40 At
413 2921 72 41 the
520 2933 116 28 same
659 2918 115 51 time,
806 2917 115 41 sight
943 2916 84 41 and
1064 2916 274 41 intelligence
1361 2916 170 41 became
1567 2917 111 40 alike
1710 2915 230 42 enfeebled.

327 2993 83 42 For
433 2991 72 41 the
527 2990 85 41 last
633 2989 67 42 six
723 3002 45 28 or
799 3002 128 29 seven
951 3001 122 43 years
1105 2987 46 41 of
1178 2987 66 41 his
1266 2986 74 43 life
1364 2986 51 42 he
1442 2986 82 42 had
1559 2987 103 42 been
1696 2985 244 55 constantly
