1864 3209
408 306 89 49 190

940 315 91 31 THE
1055 315 184 32 COUXIO.

404 442 135 44 when
556 441 78 45 the
651 440 136 46 beard
804 439 37 47 is
862 447 197 48 wetted;
1080 441 90 45 and
1186 441 256 46 Humboldt
1460 440 36 47 is
1512 440 51 48 of
1572 442 194 47 opinion,

404 519 102 44 that
536 524 79 39 the
645 518 185 45 method
861 517 49 46 of
926 518 210 62 drinking
1164 519 82 45 has
1270 520 112 44 been
1416 525 206 54 adopted,
1655 518 112 47 from

403 595 79 44 the
500 594 318 62 impossibility
836 594 50 46 of
900 595 78 46 the
1000 596 85 44 lips
1108 597 131 60 being
1261 596 178 60 applied
1462 602 46 39 to
1531 602 77 38 the
1628 603 142 38 water

404 671 47 45 in
474 678 78 38 the
576 672 208 60 ordinary
808 688 119 45 way,
953 672 194 45 without
1171 679 188 54 wetting
1380 673 79 44 the
1483 672 149 45 beard.

471 748 97 45 Tlie
596 747 238 47 Capuchin
857 749 53 45 de
931 748 271 46 VOronoque
1230 749 37 45 is
1288 756 79 38 not
1389 764 265 46 gregarious,
1680 749 89 45 and

405 832 78 38 the
497 840 141 30 males
657 841 73 29 are
747 826 146 60 rarely
909 824 137 46 found
1064 825 46 45 in
1128 841 222 45 company
1365 825 113 45 with
1496 826 78 44 the
1591 824 177 46 female.

409 902 136 44 Their
568 916 77 46 cry
676 901 37 45 is
746 902 156 44 hoarse
936 903 89 43 and
1057 902 180 53 hollow,
1272 903 83 43 but
1389 901 37 45 is
1461 917 110 45 very
1600 902 168 45 seldom

406 979 153 44 heard.
628 979 131 60 They
778 993 73 30 are
874 977 138 46 found
1035 977 47 46 in
1105 984 78 39 the
1207 984 100 39 vast
1331 978 90 44 and
1445 978 145 44 desert
1614 977 156 46 forests

408 1054 50 46 of
472 1055 79 45 the
575 1054 125 46 High
725 1054 247 54 Oronooko,
1005 1061 45 39 to
1073 1061 78 38 the
1175 1061 254 38 south-east
1453 1053 50 46 of
1530 1055 77 44 the
1632 1054 138 46 Cata-

408 1138 131 47 racts,
575 1133 82 43 but
688 1147 74 29 are
785 1138 151 38 rather
958 1146 267 30 uncommon
1245 1147 14 38 ;
1301 1131 89 45 and
1424 1131 216 45 although
1675 1131 92 44 said

408 1215 46 39 to
490 1210 54 44 be
580 1207 138 46 found
753 1208 46 44 in
840 1215 126 38 other
998 1214 123 54 parts
1144 1207 50 46 of
1221 1208 143 46 South
1393 1207 224 53 America,
1655 1222 115 30 were

409 1300 137 30 never
584 1285 240 45 elsewhere
859 1290 95 39 met
994 1284 114 45 with
1143 1285 63 60 by
1242 1290 78 39 the
1359 1283 293 62 enterprising
1687 1299 83 29 na-

409 1362 201 45 turalists
633 1368 47 39 to
704 1377 150 29 whom
878 1377 69 29 we
980 1361 116 45 have
1130 1376 102 30 now
1255 1362 112 44 been
1402 1359 212 46 indebted
1637 1359 64 47 for
1724 1376 45 29 so

409 1439 136 44 much
568 1437 299 47 information.

478 1516 97 44 The
589 1522 110 38 next
714 1515 170 45 animal
907 1530 68 29 we
999 1515 115 44 shall
1136 1513 216 55 mention,
1377 1513 81 45 has
1481 1515 111 43 been
1615 1529 156 45 placed

410 1593 87 45 last
520 1591 47 45 in
601 1592 91 45 this
726 1608 139 45 genus
900 1593 61 59 by
985 1592 274 52 Desmarest,
1297 1591 89 45 and
1410 1606 140 30 seems
1575 1597 44 39 to
1644 1589 128 47 differ

412 1668 112 47 from
548 1676 78 39 the
650 1675 147 39 others
821 1669 335 60 considerably;
1193 1667 36 45 it
1253 1667 51 54 is.
