2417 3376
671 392 151 53 Die
845 392 576 53 Mendelscheii
1446 391 333 54 Oesetze

226 687 110 50 Das
364 699 145 38 erste
535 687 347 50 Mendelsche
910 688 197 49 Gesetz
1134 687 195 50 läutet:
1360 688 211 49 Kreuzt
1598 706 125 31 man
1749 687 134 49 zwei
1908 685 385 51 verschiedene

155 757 206 51 Rassen
406 789 70 5 —
524 779 56 30 so
628 773 172 36 nennt
850 760 85 49 die
983 759 389 50 Wissenschaft
1419 763 124 59 jene
1592 758 267 58 „Sorten"
1908 758 134 50 oder
2091 758 202 63 „Spiel¬

156 831 211 61 arten",
402 832 86 49 die
522 833 105 49 sich
660 832 435 49 untereinander
1129 831 164 51 durch
1326 851 104 30 nur
1464 832 396 63 geringfügige,
1895 830 130 50 aber
2060 830 234 50 erbliche

154 903 421 64 Eigenschaften
625 903 436 60 unterscheiden,
1112 906 100 47 wie
1263 903 246 50 Mendels
1560 903 209 49 Erbsen
1818 902 113 50 und
1983 903 86 50 die
2119 903 175 50 Meer¬

155 976 366 50 schweinchen
558 997 107 29 von
701 977 166 49 Peter
904 977 112 49 und
1052 975 208 50 Martin
1293 1005 72 6 —
1399 976 197 49 kreuzt
1633 995 125 29 man
1798 975 110 53 also
1948 977 133 47 zwei
2119 974 175 51 solche

154 1047 224 62 Rassen,
421 1067 56 31 so
522 1050 121 49 sind
689 1049 103 50 alle
838 1069 93 29 aus
976 1049 179 49 dieser
1194 1049 363 63 Verbindung
1598 1046 487 65 hervorgehenden
2127 1046 166 50 Nach¬

155 1119 257 51 kommen
442 1133 164 37 unter
640 1121 104 50 sich
778 1120 184 63 gleich.
996 1119 176 50 Dabei
1202 1123 70 47 ist
1305 1139 54 31 es
1392 1120 362 64 gleichgültig,
1787 1119 68 50 ob
1890 1119 84 50 die
2008 1122 120 47 eine
2161 1118 133 50 oder

155 1192 86 50 die
292 1192 203 50 andere
544 1193 168 49 Rasse
760 1192 171 50 Vater
981 1192 134 50 oder
1162 1191 211 50 Mutter
1421 1211 127 31 war.
1599 1193 102 48 Die
1749 1190 544 51 Meerschweinchen-

153 1263 276 52 Versuche
466 1285 230 30 unserer
733 1264 255 51 Freunde
1028 1265 120 48 sind
1186 1265 193 49 schöne
1418 1264 272 62 Beispiele
1728 1264 92 48 für
1861 1263 172 51 dieses
2074 1263 217 50 Gesetz:

153 1336 177 51 Alle
362 1338 262 49 Tierchen
658 1338 96 48 der
786 1349 184 38 ersten
1002 1336 356 59 Generation,
1392 1337 84 49 die
1508 1356 125 30 man
1665 1336 130 49 auch
1829 1334 75 51 als
1938 1347 144 37 erste
2113 1334 180 49 Filial¬

155 1412 325 59 generation
520 1410 129 62 (von
687 1409 161 59 filius,
888 1409 97 49 der
1022 1408 164 59 Sohn,
1224 1409 114 49 und
1376 1408 127 59 filia,
1545 1408 84 49 die
1669 1406 253 64 Tochter)
1964 1407 133 49 oder
2138 1406 155 63 abge¬

154 1481 164 50 kürzt
357 1481 468 51 F-l-Generation
863 1492 190 47 nennt,
1092 1500 183 31 waren
1314 1484 73 46 im
1429 1491 183 39 ersten
1649 1478 241 51 Versuch
1931 1479 251 59 schwarz,
2222 1480 72 47 im

154 1556 229 48 zweiten
410 1554 238 50 blaßrot.
677 1555 110 49 Das
815 1553 200 64 gleiche
1043 1553 153 50 hatte
1222 1553 220 50 Mendel
1468 1553 91 49 für
1587 1555 148 48 seine
1762 1551 208 50 Erbsen
1999 1551 294 64 gefunden,

154 1627 112 49 und
298 1626 322 50 inzwischen
653 1626 95 49 hat
782 1645 126 30 man
939 1628 57 47 in
1028 1625 323 50 Tausenden
1385 1625 112 50 und
1529 1623 457 51 Abertausenden
2020 1643 107 30 von
2160 1622 132 51 Ver¬

154 1698 197 50 suchen
395 1700 114 48 und
553 1698 462 63 Beobachtungen
1059 1700 99 46 mit
1204 1698 140 49 allen
1389 1717 104 29 nur
1538 1695 299 65 möglichen
1881 1695 256 49 Pflanzen
2183 1694 110 50 und

154 1770 199 50 Tieren
392 1773 87 47 ein
517 1772 92 48 für
649 1770 102 50 alle
790 1770 144 50 Male
972 1769 334 64 zuverlässig
1344 1771 280 56 erwiesen,
1663 1768 103 49 daß
1807 1767 84 49 die
1930 1787 107 30 von
2074 1766 220 50 Mendel

156 1843 325 49 entdeckten
508 1843 575 63 Gesetzmäßigkeiten
1109 1845 92 48 für
1229 1845 92 50 das
1349 1857 240 51 gesamte
1615 1845 163 50 Reich
1806 1846 92 50 des
1924 1846 370 65 Lebendigen,

155 1915 92 50 für
285 1915 241 62 Pflanze,
566 1915 127 50 Tier
732 1916 113 49 und
886 1915 215 50 Mensch
1141 1916 435 63 gleichermaßen
1618 1916 309 65 Gültigkeit
1967 1919 198 50 haben:
2210 1918 82 51 Ob

152 2006 126 29 man
322 1986 209 50 Erbsen
575 1987 197 49 kreuzt
817 1987 133 50 oder
994 1988 248 60 Hühner,
1285 1988 170 51 bunte
1500 1988 230 51 Blumen
1775 1990 134 49 oder
1952 1991 339 63 langweilige

155 2059 321 59 Schnecken,
507 2059 67 50 ob
606 2080 125 28 man
763 2060 101 49 den
893 2059 253 64 Erbgang
1176 2061 383 49 menschlicher
1589 2061 355 64 Augenfarbe
1973 2063 320 50 untersucht

155 2132 133 49 oder
334 2131 267 50 erblicher
645 2131 385 50 Krankheiten
1072 2162 71 6 —
1185 2145 133 38 stets
1363 2135 71 48 ist
1480 2133 85 50 die
1611 2133 307 64 Gültigkeit
1966 2135 178 51 dieser
2191 2135 99 50 Ge¬

155 2216 147 38 setze
333 2216 405 51 unangetastet.
771 2202 161 52 Eines
964 2207 70 46 ist
1067 2204 292 65 allerdings
1391 2206 92 49 für
1516 2205 91 51 das
1640 2218 145 38 erste
1815 2205 344 53 Mendelsche
2192 2207 100 51 Ge¬

153 2289 115 37 setz
297 2275 468 64 Voraussetzung:
799 2276 120 49 Daß
952 2296 54 31 es
1038 2277 104 49 sich
1173 2297 91 29 um
1295 2277 222 57 „reine"
1548 2277 204 51 Rassen
1783 2277 242 52 handelt.
2058 2280 109 50 Das
2199 2279 93 50 hat

154 2368 111 30 nun
295 2348 171 50 nichts
497 2368 65 29 zu
594 2361 98 36 tun
721 2351 99 47 mit
848 2349 432 63 irgendwelchen
1311 2350 255 49 dummen
1597 2350 132 50 oder
1762 2371 94 44 gar
1886 2354 82 48 ins
2000 2352 290 50 Politische

156 2419 333 51 verdrehten
525 2420 428 64 Vorstellungen
991 2441 106 29 von
1135 2422 389 50 menschlichen
1562 2422 223 61 Rassen,
1825 2423 239 51 sondern
2104 2426 187 55 „reine

154 2492 240 50 Rassen"
430 2495 75 48 im
540 2493 164 50 Sinne
742 2493 96 50 der
872 2493 380 50 Mendelschen
1290 2494 229 51 Gesetze
1556 2495 121 50 sind
1712 2495 196 60 solche,
1946 2496 86 51 die
2067 2499 101 47 wie
2206 2495 86 50 die

155 2577 159 37 roten
347 2566 113 49 und
495 2566 212 49 weißen
742 2565 521 50 Meerschweinchen
1299 2569 87 47 ein
1422 2567 375 51 einheitliches
1831 2567 211 65 Erbgut
2078 2570 91 48 für
2204 2571 88 47 ein

153 2637 342 51 bestimmtes
530 2637 274 50 Merkmal
837 2637 260 51 besitzen.
1134 2637 158 51 Nicht
1327 2639 277 64 reinerbig
1637 2642 56 47 in
1731 2640 204 50 diesem
1971 2640 163 50 Sinne
2173 2640 119 50 sind

155 2708 144 50 dann
348 2710 270 49 natürlich
671 2710 86 49 die
808 2709 461 51 uneinheitlichen
1319 2710 397 51 blaßrötlichen
1767 2712 524 50 Meerschweinchen

155 2786 97 46 mit
281 2782 177 49 ihrem
486 2782 211 62 Erbgut
726 2781 290 50 Rot-Weiß
1048 2782 132 49 oder
1210 2785 87 48 ein
1326 2783 117 50 Teil
1474 2784 96 49 der
1598 2785 304 49 schwarzen
1933 2785 357 50 Nachkömm¬

154 2852 161 64 linge,
355 2855 84 49 die
480 2853 92 51 das
611 2853 664 65 Schwarz-Weiß-Erbgut
1311 2855 255 50 besaßen.
1605 2855 203 65 Wegen
1848 2856 95 50 der
1981 2856 310 64 Einfarbig¬

153 2925 133 61 keit,
339 2946 186 43 wegen
581 2927 96 49 der
730 2926 364 50 Uniformität
1150 2926 95 52 der
1300 2940 181 38 ersten
1535 2928 756 64 Nachkommengeneration^

152 3011 172 38 nennt
353 3019 126 30 man
511 2999 91 50 das
635 3011 144 38 erste
810 2999 344 50 Mendelsche
1185 3000 196 50 Gesetz
1412 3000 143 50 wohl
1587 3001 131 50 auch
1751 3001 93 51 das
1875 3000 415 51 Uniformitäts-

153 3084 198 53 gesetz.

1189 3218 63 49 12
