2411 3372
157 130 188 66 jalapa
392 132 200 63 gelten:
642 133 101 49 Die
791 131 199 51 Blüten
1039 130 95 52 der
1184 150 92 33 aus
1325 132 151 50 einer
1522 129 298 64 Kreuzung
1865 129 139 49 weiß
2051 128 113 50 und
2210 137 87 39 rot

157 203 309 51 blühender
524 205 470 50 Wunderblumen
1052 204 490 63 hervorgehenden
1599 202 316 62 Mischlinge
1974 200 121 50 sind
2150 219 148 39 rosa;

158 274 198 53 kreuzt
394 298 125 29 man
560 277 132 50 aber
731 276 175 51 solche
948 296 123 30 rosa
1108 276 315 50 blühenden
1462 274 487 58 Wunderblumen,
1990 292 55 32 so
2089 271 113 64 gibt
2244 290 53 30 es

156 350 133 49 nach
326 350 122 50 dem
482 349 457 64 obengenannten
973 351 228 47 zweiten
1235 347 381 51 Mendelschen
1650 346 196 51 Gesetz
1880 347 56 46 in
1972 345 95 49 der
2101 342 196 52 Enkel¬

159 425 324 58 generation
525 423 64 48 25
632 423 240 48 Prozent
914 434 106 47 rot,
1064 422 65 48 50
1170 420 240 50 Prozent
1453 438 123 31 rosa
1618 418 113 50 und
1772 418 64 49 25
1878 417 239 49 Prozent
2159 414 138 51 weiß

156 493 278 52 blühende
466 494 570 51 Mirabilis-Pflanzen.

228 580 150 50 Ganz
426 580 333 61 bestimmte,
808 584 195 46 immer
1048 580 493 51 wiederkehrende
1589 581 571 50 Zahlenverhältnisse
2210 580 88 50 be¬

159 651 211 52 kommt
404 673 127 29 man
566 653 129 50 aber
729 653 540 50 selbstverständlich
1305 654 148 59 auch,
1486 674 158 29 wenn
1677 674 126 29 man
1836 653 189 50 Peters
2059 653 239 50 Versuch

158 727 100 49 mit
290 726 103 49 den
420 726 306 50 schwarzen
753 726 115 49 und
899 726 211 49 weißen
1138 724 523 51 Meerschweinchen
1690 725 240 64 beliebig
1960 726 84 48 oft
2075 725 222 49 wieder¬

158 797 142 60 holt;
344 797 97 51 der
485 797 293 64 glückliche
821 798 185 49 Zufall
1048 797 154 50 hatte
1244 801 76 46 sie
1362 798 115 49 ihm
1516 800 55 59 ja
1614 798 161 49 schon
1816 797 148 49 beim
2004 796 295 50 erstenmal

160 870 260 63 gegeben:
452 871 66 48 75
545 870 239 50 Prozent
815 870 272 49 Schwarze
1118 870 112 49 und
1260 871 64 48 25
1353 870 238 49 Prozent
1618 869 207 49 Weiße.
1854 869 262 49 Dasselbe
2146 868 152 49 hatfe

157 941 222 50 Mendel
425 941 90 50 bei
562 944 186 47 seinen
795 941 209 49 Erbsen
1054 941 294 62 gefunden,
1397 941 74 50 als
1521 961 59 29 er
1628 943 119 47 eine
1797 940 356 64 gelbschalige
2202 942 96 46 mit

159 1017 153 46 einer
358 1013 411 64 grünschaligen
815 1013 158 50 Sorte
1019 1012 229 50 kreuzte
1291 1044 71 3 —
1404 1013 240 49 weshalb
1690 1033 126 29 man
1862 1012 146 50 diese
2054 1012 103 49 Art
2205 1011 92 50 der

157 1086 330 63 Vererbung
536 1086 103 49 den
687 1085 398 62 „Pisum-Typ"
1136 1085 147 63 (vom
1330 1084 355 50 lateinischen
1732 1085 187 49 Pisum
1966 1085 92 48 für
2106 1082 193 64 Erbse)

158 1170 193 38 nennt:
406 1158 145 50 Stets
603 1178 113 29 war
769 1158 85 49 die
909 1169 144 38 erste
1105 1157 737 62 Nachkommengeneration
1897 1155 404 50 ausschließlich

160 1229 342 65 gelbschalig.
545 1231 108 49 Das
693 1230 146 49 nicht
878 1250 96 28 zur
1015 1228 369 64 Auswirkung
1426 1228 358 64 gekommene
1825 1228 210 62 Erbgut
2075 1229 92 48 für
2209 1227 91 50 das

160 1304 275 49 Merkmal
461 1302 341 64 grünschalig
829 1302 213 63 (Peters
1068 1300 156 50 Weiß
1252 1300 418 63 entsprechend)
1699 1303 70 47 ist
1797 1299 159 50 dabei
1982 1298 318 51 keinesfalls

160 1375 446 60 verschwunden,
648 1395 53 30 es
742 1377 70 47 ist
850 1394 104 29 nur
993 1373 300 63 verdrängt
1332 1373 113 49 und
1484 1372 287 63 gleichsam
1810 1371 491 63 zurückgewichen.

161 1448 242 50 Deshalb
456 1459 173 37 nennt
680 1465 126 30 man
859 1445 175 51 solche
1086 1444 373 50 überdeckten
1510 1443 324 60 Merkmale,
1885 1445 100 47 wie
2041 1443 91 50 das
2185 1462 117 29 ver¬

164 1521 230 62 drängte
424 1519 155 50 Grün
607 1519 133 49 oder
770 1519 92 49 das
891 1515 331 64 verdrängte
1252 1516 174 59 Weiß,
1453 1516 132 48 nach
1615 1516 121 49 dem
1763 1515 354 49 lateinischen
2147 1514 156 49 Wort

162 1592 280 60 recedere,
485 1590 459 59 zurückweichen,
988 1591 377 47 rezessiv.
1409 1588 259 62 Dagegen
1709 1587 138 49 wird
1890 1586 92 50 das
2025 1585 137 51 Gelb
2209 1585 94 49 der

162 1665 191 59 Erbse,
387 1664 91 50 das
513 1662 243 51 Schwarz
791 1663 91 49 des
914 1660 570 59 Meerschwèinchens,
1519 1660 110 48 also
1665 1661 119 47 eine
1817 1658 367 63 Eigenschaft,
2218 1656 85 49 die

164 1738 105 49 sich
303 1735 438 51 vorherrschend
777 1733 377 64 durchgesetzt
1188 1733 111 59 hat,
1336 1732 74 50 als
1447 1732 407 49 dominant
1887 1729 317 49 bezeichnet
2236 1758 70 5 —

162 1829 127 30 vom
331 1808 357 51 lateinischen
733 1810 300 58 dominare,
1076 1807 381 50 beherrschen.
1503 1806 119 49 Daß
1670 1806 92 50 das
1808 1807 270 47 rezessive
2121 1802 182 50 Merk¬

165 1883 108 49 mal
321 1882 265 49 durchaus
634 1882 134 48 noch
818 1881 65 49 da
929 1884 87 56 ist,
1062 1880 152 50 hatte
1263 1880 105 49 sich
1413 1883 55 59 ja
1516 1878 161 50 schon
1722 1880 56 46 in
1823 1877 193 49 Peters
2062 1875 242 50 Versuch

165 1956 282 57 erwiesen,
501 1954 78 49 als
634 1954 254 62 plötzlich
942 1956 54 45 in
1053 1952 94 50 der
1202 1953 504 63 Enkelgeneration
1763 1953 139 64 (F-2)
1958 1953 204 50 wieder
2217 1955 87 47 ein

164 2026 201 50 weißes
399 2026 125 48 Tier
561 2025 332 49 auftauchte.
928 2025 124 49 Und
1087 2024 128 49 auch
1248 2025 88 49 bei
1368 2025 247 50 Mendels
1650 2024 210 50 Erbsen
1895 2025 100 63 gab
2032 2045 53 31 es
2118 2028 55 46 in
2210 2025 95 49 der

166 2097 465 50 F-2-Generation
658 2097 204 49 wieder
891 2096 371 64 grünschalige
1290 2096 229 60 Erbsen,
1548 2116 174 43 genau
1749 2098 65 48 25
1843 2097 240 49 Prozent
2113 2117 191 44 gegen¬

166 2169 136 51 über
352 2170 103 49 den
505 2169 117 50 drei
667 2168 252 50 Vierteln
968 2168 403 64 gelbschaliger.
1420 2169 102 49 Die
1571 2168 588 50 Nachkommenschaft
2209 2169 95 49 der

165 2243 64 49 25
259 2243 240 48 Prozent
524 2242 196 60 —„der
748 2241 228 49 Weißen
1004 2240 88 49 bei
1123 2241 103 49 den
1255 2240 524 51 Meerschweinchen
1807 2241 114 48 und
1951 2241 95 49 der
2078 2241 226 50 Grünen

166 2313 89 51 bei
297 2314 104 48 den
442 2313 209 49 Erbsen
690 2343 71 4 —
799 2312 191 60 bleibt,
1030 2331 158 30 wenn
1229 2332 125 30 man
1396 2315 75 47 sie
1513 2315 98 46 mit
1653 2312 394 64 ihresgleichen
2090 2313 214 58 kreuzt,

168 2386 110 50 also
315 2398 164 37 unter
516 2386 105 48 sich
658 2385 428 58 weiterzüchtet,
1124 2384 276 64 reinerbig
1435 2385 138 48 weiß
1611 2384 499 63 beziehungsweise
2150 2388 153 59 grün.

167 2458 121 49 Von
330 2458 102 49 den
472 2458 64 48 75
575 2457 239 49 Prozent
856 2457 94 49 der
991 2456 193 63 gelben
1222 2456 211 50 Erbsen
1474 2456 132 50 oder
1648 2457 96 49 der
1783 2456 306 50 schwarzen
2129 2455 175 50 Meer¬

168 2530 366 49 schweinchen
567 2529 131 49 aber
727 2528 214 50 züchtet
973 2532 87 46 ein
1090 2528 133 60 Teil,
1253 2529 112 48 und
1395 2548 142 30 zwar
1567 2529 204 49 wieder
1801 2529 65 50 25
1898 2528 240 50 Prozent
2172 2528 133 49 aller

167 2601 389 64 Angehörigen
590 2601 94 49 der
714 2603 230 47 zweiten
975 2600 655 64 Mischlingsgeneration,
1661 2602 119 48 rein
1810 2602 193 47 weiter
2030 2630 72 6 —
2132 2618 174 45 genau

168 2693 56 31 so
266 2675 109 48 viel
419 2674 110 49 also
571 2676 99 46 wie
713 2673 87 49 die
842 2672 180 49 Roten
1062 2675 55 46 in
1159 2671 230 52 Martins
1430 2672 259 50 Versuch!
1732 2673 101 49 Die
1873 2671 431 53 Nachkommen¬

168 2746 174 50 schaft
383 2746 97 49 der
519 2745 287 50 restlichen
846 2746 64 48 50
949 2745 237 48 Prozent
1226 2746 309 48 schließlich
1575 2745 203 63 spaltet
1813 2748 60 46 in
1914 2745 96 49 der
2050 2745 256 49 nächsten

170 2818 339 50 Generation
546 2817 139 64 (F-3)
721 2820 55 45 in
812 2817 95 49 der
943 2817 239 63 gleichen
1217 2817 178 50 Weise
1431 2818 94 48 auf
1558 2820 100 46 wie
1693 2820 56 46 in
1782 2817 115 49 F-1.
1933 2816 262 50 Erwähnt
2231 2818 76 47 sei

170 2910 67 29 an
281 2891 179 49 dieser
502 2890 186 58 Stelle,
732 2890 105 48 daß
883 2889 87 49 die
1012 2888 358 52 Erbforscher
1413 2889 87 50 die
1544 2889 631 64 Ausgangsgeneration,
2220 2887 87 50 die

168 2962 390 50 Stammeltern
606 2962 131 58 also,
781 2963 98 48 mit
923 2961 40 49 P
1010 2960 346 61 bezeichnen,
1401 2961 132 56 nach
1580 2961 124 50 dem
1748 2961 357 50 lateinischen
2151 2961 156 49 Wort

168 3046 277 54 parentes,
479 3034 85 50 die
597 3034 207 50 Eltern.

1206 3181 64 49 14
