1933 3302
1641 144 47 37 13

661 152 307 33 Httmorrhagiacüe
994 148 112 31 Form.

91 266 308 41 Häinorrhagien
428 275 259 27 aufmerksam
718 272 170 26 machen.
938 257 116 38 Diese
1087 254 246 50 begleiteten,
1364 267 71 25 wie
1455 251 71 39 wir
1556 264 131 32 sahen,

91 323 39 37 in
159 321 114 38 Form
303 319 202 43 kleinster,
536 315 150 38 rother,
726 326 141 26 runder
895 309 217 40 Fleckchen
1143 308 60 38 die
1233 308 222 38 minimsten
1484 304 204 44 Anfänge;

91 375 169 37 bildeten
298 374 98 37 dann
440 370 80 46 ,die
558 367 282 39 blutstreifigen
870 364 175 39 Massen"
1080 361 191 39 zwischen
1310 362 73 37 den
1423 372 267 37 rahmartigen

93 428 196 38 Secreteu,
348 426 60 37 die
454 421 240 51 Apoplexien
746 421 38 37 in
834 420 72 37 den
951 416 255 52 gequollenen
1254 414 324 46 Granulationen,
1630 413 60 37 die

93 494 191 26 schwarze
312 476 331 41 Durchtränkung
673 475 67 37 der
777 486 188 37 pulpösen
994 470 167 39 Massen.
1219 467 56 39 Ist
1313 482 38 24 es
1391 481 172 33 erlaubt,
1606 466 86 39 hier

94 535 69 39 auf
205 535 59 37 die
303 532 125 39 Frage
476 529 99 38 nach
618 528 67 37 der
731 526 172 40 Ursache
951 525 124 38 dieser
1122 522 179 39 Tendenz
1345 521 257 51 einzugehen,
1649 533 42 25 so

95 590 149 37 möchte
265 586 191 38 vielleicht
476 583 66 37 das
562 581 211 39 Verhalten
795 581 66 37 der
886 592 159 38 grossen
1067 576 170 46 Gefasse,
1269 575 164 38 welches
1462 575 70 38 wir
1562 576 130 48 später

94 641 249 40 beschi-eibeu
372 650 162 26 werden,
566 635 111 38 einen
706 636 189 48 positiven
924 631 148 39 Anhalt
1102 630 112 39 dafür
1243 629 138 51 geben.
1421 628 88 38 Wir
1537 641 154 25 werden

95 708 136 25 sehen,
273 693 87 37 dass
399 702 131 39 grosse
558 688 137 38 Venen
727 688 78 37 und
833 686 181 38 Arterien
1051 698 107 24 nicht
1196 683 85 39 blos
1318 682 41 38 in
1395 686 297 34 unmittelbarer

95 744 324 42 Nachbarschaft,
458 755 165 25 sondern
660 741 184 38 zuweilen
881 743 137 35 mitten
1048 739 39 37 in
1116 735 573 51 Hospitalbrandgeschwüren,

95 802 77 37 fast
200 813 96 37 ganz
327 797 206 44 entblösst,
578 795 171 38 umspült
786 808 74 24 von
899 794 67 37 der
994 792 170 46 Jauche,
1207 791 129 50 liegen
1373 790 175 44 können,
1592 790 100 38 ohne

96 855 86 37 dass
212 851 238 39 Thrombose
479 850 39 37 in
546 849 116 37 ihnen
693 850 160 36 eintritt.
902 847 60 39 Ja,
993 860 39 25 es
1062 859 96 25 wird
1188 844 82 39 sich
1300 844 180 50 ergeben,
1513 844 88 37 dass
1631 843 61 39 die

97 905 382 41 Gefässwandungen
514 903 86 38 dem
630 902 152 38 Brande
811 900 186 39 verfallen
1032 899 78 39 und
1147 899 38 38 in
1225 899 66 37 der
1320 896 269 51 Ausdehnung
1618 910 75 25 von

97 972 199 26 mehreren
317 957 260 39 Centimetern
606 968 206 25 absterben
840 954 167 38 können,
1039 953 98 38 ohne
1168 953 86 37 dass
1275 952 242 38 Thrombose
1546 951 39 37 in
1607 951 87 38 dem

98 1014 158 39 Gefässe
294 1015 161 35 auftritt.
514 1010 80 37 Hat
629 1010 39 36 in
705 1009 66 37 der
800 1008 102 38 That
932 1008 91 37 aber
1053 1008 66 36 der
1149 1005 463 50 Hospitalbrandprocess
1651 1018 41 25 so

96 1079 128 26 wenig
260 1065 60 38 die
348 1063 274 51 Eigenschaft,
665 1062 120 38 selbst
821 1062 41 37 in
898 1064 295 35 unmittelbarer
1230 1059 112 39 Nähe
1376 1058 318 51 Blutgerinnung

97 1119 334 40 herbeizuführen,
463 1130 41 24 so
533 1117 50 37 ist
604 1117 66 37 das
691 1114 206 39 Auftreten
918 1114 169 39 blutiger
1107 1113 297 39 Extravasation
1430 1113 40 38 in
1491 1113 202 50 doppelter

98 1174 130 37 Weise
277 1172 208 38 erklärbar.
555 1169 194 38 Zunächst
795 1169 79 37 und
921 1181 245 25 vorwiegend
1211 1181 96 24 wird
1355 1167 169 38 dieselbe
1572 1166 121 38 durch

98 1227 188 39 Arrosion
320 1239 76 24 von
433 1224 216 38 Capillaren
685 1223 77 37 und
801 1222 197 38 kleineren
1037 1221 188 39 Gefässen
1266 1221 214 38 entstehen.
1539 1220 156 39 Sodann

100 1294 92 26 aber
218 1281 155 37 können
401 1278 59 38 die
490 1280 222 35 erwähnten
740 1276 138 38 rothen
906 1276 180 47 Flecken,
1117 1275 144 50 Lagen,
1294 1274 170 39 Streifen
1493 1277 71 36 etc.
1596 1275 98 38 auch

103 1347 103 26 einer
239 1331 364 51 hämorrhagischen
637 1330 260 38 Entzündung
936 1329 61 38 ihr
1031 1329 143 38 Dasein
1213 1329 238 38 verdanken,
1493 1328 71 38 mit
1598 1328 95 38 Dia-

101 1401 137 37 pedese
278 1387 129 37 rother
441 1384 335 38 Blutkörperchen
818 1383 201 38 innerhalb
1061 1384 67 36 der
1162 1382 104 39 Zone
1307 1383 103 37 eines
1452 1382 244 50 hochgradig

103 1440 241 40 entzündlich
387 1441 192 48 gereizten
620 1437 350 50 Capillarsystems,
1020 1437 144 37 welche
1214 1437 107 37 desto
1368 1437 122 37 näher
1538 1450 48 23 an
1634 1436 61 38 die

103 1495 144 38 Grenze
295 1494 64 36 des
405 1492 250 38 intensivsten
695 1491 133 37 Reizes
875 1491 249 37 herantreten
1170 1491 121 45 kann,
1336 1491 40 48 je
1420 1489 171 51 weniger
1626 1490 67 38 da-

106 1547 118 38 durch
266 1547 59 37 die
361 1545 223 38 Gerinnung
626 1545 64 37 des
727 1544 134 38 Blutes
896 1544 195 38 befördert
1123 1557 109 25 wird.
1294 1543 114 39 Auch
1455 1543 61 38 die
1563 1557 133 37 grosse

101 1600 184 50 Neigung
324 1613 67 23 zur
433 1599 172 37 Blutung
643 1598 63 38 bei
742 1597 232 39 Berührung
1011 1597 126 38 dürfte
1175 1597 82 38 sich
1295 1611 67 24 aus
1401 1597 180 38 letzterer
1617 1597 77 38 Be-

102 1656 207 46 trachtung
338 1652 176 50 ergeben.
572 1651 233 38 Abgesehen
833 1665 74 24 von
938 1651 124 38 dieser
1092 1651 256 50 allgemeinen
1378 1651 179 37 Tendenz
1587 1651 109 50 giebt

104 1721 39 25 es
172 1721 79 23 nun
279 1719 92 24 aber
398 1705 123 38 Fälle,
558 1704 40 38 in
633 1705 123 37 denen
793 1705 59 37 die
881 1704 185 51 Neigung
1100 1718 87 24 zum
1215 1704 254 38 Blutaustritt
1497 1717 100 38 ganz
1627 1706 67 37 be-

104 1761 157 37 sonders
289 1772 301 25 vorherrschend
619 1758 67 38 ist,
727 1772 41 24 so
804 1759 86 37 dass
921 1758 215 38 zahlreiche
1165 1757 174 39 Autoren
1369 1759 84 37 eine
1482 1759 213 38 besondere

104 1814 131 38 Form,
277 1812 59 39 die
382 1811 355 51 hämorrhagische,
780 1825 223 37 aufgestellt
1038 1811 138 39 haben.
1250 1811 63 39 Sie
1349 1812 52 38 ist
1437 1812 257 39 Delpech's

106 1867 114 38 dritte
248 1866 114 38 Form
390 1866 77 37 und
497 1865 206 38 eigentlich
730 1879 72 24 nur
832 1865 83 38 eine
944 1865 177 39 Varietät
1150 1867 67 37 der
1244 1871 200 45 pulpösen.

238 1919 113 46 ,Man
371 1919 98 38 sieht
487 1919 63 37 bei
568 1919 60 37 ihr
649 1919 73 38 alle
738 1918 245 39 Phänomene
1004 1920 67 37 der
1086 1919 171 38 Bildung
1278 1920 66 37 der
1358 1919 337 39 Fibrinmembran

103 1974 78 37 und
201 1974 66 36 der
287 1973 134 37 daraus
453 1972 275 38 entstehenden
756 1973 189 49 pulpösen
964 1973 139 47 Masse,
1135 1973 98 38 doch
1259 1973 85 38 sind
1373 1973 60 38 die
1464 1973 231 50 ergriffenen

106 2026 144 38 Stellen
269 2039 74 25 von
362 2025 92 39 Blut
474 2026 264 46 durchtränkt,
769 2026 70 38 wie
861 2026 273 49 ekchymosirt.
1174 2027 46 38 In
1240 2027 67 37 der
1326 2027 111 38 Nähe
1466 2027 227 47 betrachtet,

106 2080 146 38 scheint
272 2093 51 24 es,
351 2079 55 37 als
428 2079 47 38 ob
498 2079 58 38 die
577 2081 160 36 unteren
758 2079 132 38 Theile
911 2080 175 50 geblutet
1105 2080 135 38 hätten
1260 2081 77 37 und
1359 2081 66 37 das
1446 2081 93 37 Blut
1559 2081 61 38 die
1641 2081 54 38 sie

105 2133 271 38 bedeckenden
403 2132 186 49 pulpösen
609 2132 133 51 Lagen
772 2133 295 51 durchdrungen
1097 2134 110 37 habe.
1247 2134 54 37 Es
1330 2134 51 37 ist
1409 2148 64 24 um
1503 2148 41 24 so
1574 2148 120 24 wich-

107 2186 111 50 tiger,
249 2187 100 36 diese
376 2185 117 38 Form
522 2199 44 24 zu
595 2187 163 37 kenneu,
791 2187 55 37 als
877 2187 102 38 beim
1009 2190 126 35 ersten
1164 2187 169 38 Anblick
1363 2188 83 37 eine
1467 2187 228 39 Verwechs-

108 2239 94 49 lung
222 2239 68 37 mit
310 2239 102 37 einer
431 2239 184 50 Blutung,
645 2240 143 38 welche
810 2241 118 37 durch
949 2240 364 38 Gerinnselbildung
1337 2241 53 37 im
1410 2241 286 38 Bindegewebe

109 2305 85 24 zum
214 2291 142 38 Stehen
384 2292 229 49 gekommen
642 2293 60 45 ist,
734 2293 102 38 wohl
867 2294 171 37 denkbar
1057 2298 113 34 wäre.
1219 2294 218 38 Uebrigens
1467 2295 104 37 kann
1593 2295 102 38 diese

109 2345 115 38 Form
254 2344 96 38 auch
378 2344 40 37 in
448 2345 192 38 einzelnen
670 2346 172 38 isolirten
871 2346 180 38 Punkten
1081 2348 104 37 einer
1214 2348 299 49 granulirenden
1542 2349 153 37 Wund-

109 2398 121 37 fläche
268 2398 202 37 auftreten.
527 2398 91 37 Man
656 2399 99 37 sieht
790 2400 101 37 dann
927 2400 222 38 mehrfache
1186 2401 71 37 mit
1286 2401 93 37 Blut
1414 2402 280 47 unterlaufene,

110 2451 172 49 fleckige,
313 2463 124 37 genau
466 2451 287 38 umschriebene
773 2452 163 47 Punkte,
969 2453 59 38 die
1048 2453 81 38 sich
1149 2454 199 50 allmählig
1368 2454 220 39 ausdehnen
1618 2457 78 37 und

113 2504 117 37 durch
258 2504 81 37 ihre
368 2503 168 51 tägliche
555 2504 313 52 Vergrösserung
896 2507 384 47 zusammenfliessen,
1313 2508 58 38 bis
1401 2508 54 38 sie
1486 2508 59 38 die
1575 2522 120 37 ganze

112 2557 152 37 Wunde
283 2557 239 37 überziehen.
569 2557 84 38 Ehe
684 2558 78 38 dies
783 2559 216 50 geschehen
1026 2560 61 46 ist,
1119 2561 133 38 zeigen
1272 2562 99 37 auch
1392 2562 59 37 die
1471 2562 99 38 noch
1589 2563 108 37 nicht

113 2609 227 50 ergriffenen
355 2610 153 38 Partien
528 2610 66 38 der
614 2609 391 42 Granulationsfläche
1026 2614 60 37 ein
1108 2615 342 49 eigenthümliches
1470 2615 224 39 Verhalten.

112 2663 112 38 Auch
253 2663 53 37 sie
336 2663 84 37 sind
447 2663 75 37 viel
550 2663 112 39 tiefer
690 2665 87 37 roth
805 2666 155 50 gefärbt
987 2668 78 37 und
1093 2668 133 38 bluten
1254 2668 134 38 leicht,
1420 2681 41 25 so
1492 2669 86 37 dass
1610 2670 86 36 dem

113 2716 303 50 abgesonderten
443 2716 107 38 Eiter
579 2720 94 35 stets
703 2718 91 37 Blut
822 2719 253 51 beigemischt
1103 2721 62 38 ist.
1214 2722 79 37 Der
1314 2721 179 38 Schmerz
1522 2722 52 37 ist
1602 2723 95 38 über

115 2769 58 38 die
203 2781 119 37 ganze
351 2767 139 40 Fläche
519 2770 227 47 verbreitet,
788 2772 58 38 die
876 2771 192 40 Afifection
1105 2774 119 50 greift
1259 2775 113 37 tiefer
1407 2775 79 37 und
1515 2776 183 38 schreitet

116 2822 154 38 rascher
298 2821 77 38 fort
403 2821 54 38 als
487 2823 60 37 bei
576 2824 73 37 den
678 2824 136 38 beiden
842 2826 166 38 anderen
1036 2827 176 38 Formen.
1270 2828 87 38 Wir
1384 2828 126 38 haben
1540 2842 30 24 z.
1592 2829 45 38 B.
1658 2830 39 37 in

116 2875 121 37 einem
265 2873 203 39 ähnlichen
487 2875 105 39 Falle
618 2877 71 38 den
709 2890 158 37 grossen
889 2878 291 41 Gesässmuskel
1199 2881 119 50 völlig
1346 2884 164 35 zerstört
1528 2884 166 46 werden,

116 2927 108 39 einen
244 2927 108 45 Fuss,
385 2927 82 37 eine
486 2928 113 40 Hand
627 2931 71 37 mit
721 2931 241 39 furchtbarer
983 2932 279 52 Schnelligkeit
1291 2934 92 39 alles
1403 2934 194 40 Fleisches
1629 2937 66 37 be-
