2113 3404
347 249 84 42 200

845 264 88 32 THE
967 265 244 34 DISORDERS
1243 268 52 31 OF
1326 269 173 31 SPEKCH.

348 392 101 42 eyes
475 379 144 44 closed
641 380 45 43 in
711 381 71 44 the
809 384 499 53 meanwhile:—"Now,
1338 386 78 43 tell
1448 401 78 28 nie,
1559 388 53 41 do
1643 401 85 42 you
1760 402 68 29 see
1859 403 107 41 your

347 448 203 43 mother's
591 455 167 51 cottage
776 451 50 43 ?"
907 457 21 17 "
944 454 99 51 Yes,
1085 455 120 54 quite
1249 455 131 42 well."
1453 459 19 19 "
1492 457 68 41 Do
1611 470 85 41 you
1738 470 69 29 see
1857 471 109 41 your

348 519 171 42 mother
553 520 154 56 sitting
742 526 45 37 at
829 522 73 43 the
939 523 168 44 door?"
1179 525 158 43 "Yes."
1409 525 150 43 "Who
1601 527 37 41 is
1681 527 102 41 with
1826 527 141 43 her?"

347 588 119 57 "My
501 589 116 44 little
653 591 161 43 sister."
874 593 106 41 "Do
1011 607 86 42 you
1129 608 70 29 see
1231 595 73 42 the
1337 595 146 43 horses
1520 597 174 54 passing
1730 596 126 55 along
1892 596 74 43 the

349 659 172 42 road?"
582 661 158 42 "Yes."
801 662 165 41 "Their
1012 663 100 42 tails
1154 678 71 29 are
1267 665 89 42 tied
1398 679 59 42 up
1501 666 102 41 with
1641 667 216 49 ribhands,
1898 680 70 29 are

351 728 105 56 they
489 735 76 37 not
581 730 49 42 ?"
691 735 21 17 "
727 731 124 43 Yes."
910 737 21 16 "
950 732 134 43 What
1131 734 36 42 is
1210 734 73 42 the
1320 735 146 41 colour
1506 736 44 41 of
1582 736 75 42 the
1697 736 203 42 ribbands
1916 735 52 43 ?"

351 801 21 16 "
389 796 147 43 Blue."

411 866 23 41 I
456 866 110 43 have
589 871 121 38 notes
734 868 46 41 of
808 867 105 43 both
941 882 129 38 cases,
1092 868 80 43 but
1203 883 45 28 as
1280 870 74 42 the
1385 870 335 43 hallucinations
1752 885 108 29 were
1892 877 75 38 not

351 936 149 42 verbal
523 937 46 40 in
591 941 167 45 nature,
779 937 23 41 I
825 937 54 42 do
907 943 76 36 not
1006 938 83 42 feel
1113 938 95 42 that
1230 939 22 41 I
1275 953 69 27 am
1367 940 182 42 entitled
1568 946 41 36 to
1628 941 134 41 insert
1780 942 118 41 them
1922 943 42 40 in

353 1006 87 42 this
463 1006 188 55 chapter.
715 1007 23 41 I
761 1021 100 40 may
883 1007 85 41 add
995 1007 97 42 that
1114 1008 22 41 I
1158 1007 110 43 have
1289 1008 89 42 also
1401 1014 122 37 notes
1545 1010 45 41 of
1613 1024 24 27 a
1659 1010 115 42 third
1796 1025 105 28 case,
1923 1012 44 40 in

351 1076 144 41 which
522 1090 80 27 one
634 1076 47 42 of
709 1076 73 42 the
815 1077 189 54 patients
1036 1077 46 41 in
1120 1091 72 41 my
1226 1078 115 41 ward
1374 1092 86 28 saw
1495 1093 101 41 very
1628 1079 238 56 distinctly,
1887 1095 79 27 one

350 1146 139 55 night,
511 1146 118 42 what
661 1146 53 43 he
746 1147 103 42 took
875 1152 44 37 to
952 1147 52 42 be
1032 1147 74 42 the
1138 1148 126 55 ghost
1295 1149 46 41 of
1369 1149 178 42 another
1578 1150 166 55 patient
1778 1151 191 54 recently

351 1216 217 42 deceased.

408 1286 158 43 Visual
603 1286 339 43 hallucinations
964 1288 50 54 of
1037 1288 183 42 Printed
1249 1303 47 27 or
1338 1288 179 42 Written
1555 1289 145 42 JVords
1732 1295 126 46 must,
1890 1305 80 28 one

351 1358 145 41 would
517 1371 197 41 suppose,
736 1358 53 42 be
817 1362 112 38 most
956 1372 196 28 common
1175 1373 155 40 among
1351 1358 122 42 those
1497 1359 93 41 who
1613 1374 68 27 are
1703 1361 189 54 engaged
1923 1361 47 41 in

353 1429 179 55 literary
569 1428 204 55 pursuits,
815 1429 86 41 and
938 1443 82 37 are,
1063 1429 225 41 therefore,
1324 1429 46 41 in
1408 1429 112 42 their
1561 1429 118 56 daily
1717 1431 250 54 occupation

352 1499 248 42 constantly
615 1499 138 42 called
782 1513 117 41 upon
921 1504 43 36 to
988 1499 99 41 look
1110 1504 44 36 at
1177 1499 148 52 words,
1343 1499 172 55 printed
1532 1513 47 28 or
1601 1501 183 41 written.
1837 1501 132 41 Over-

353 1570 165 56 fatigue
545 1569 85 42 and
651 1569 237 55 prolonged
909 1569 307 55 sleeplessness
1239 1569 46 41 in
1307 1570 106 41 such
1437 1583 97 28 men
1557 1570 143 54 ought,
1723 1584 79 28 one
1827 1570 142 41 would

354 1640 142 43 think,
539 1645 44 37 to
625 1640 52 42 be
721 1639 176 42 capable
939 1639 44 41 of
1024 1639 237 55 producing
1297 1639 106 42 such
1442 1640 147 41 verbal
1624 1640 346 51 hallucinations,

355 1711 234 56 especially
611 1714 44 38 at
677 1710 127 42 times
829 1710 124 41 when
984 1709 116 42 sleep
1122 1710 37 41 is
1181 1710 127 54 being
1340 1710 175 41 courted
1546 1710 45 40 in
1625 1710 109 41 vain.
1795 1710 117 42 Here
1935 1711 36 41 is

356 1796 25 28 a
403 1795 96 28 case
520 1781 46 41 in
588 1781 134 54 point.
786 1781 54 40 In
863 1794 24 27 a
907 1779 128 42 letter
1065 1779 170 42 written
1259 1779 154 56 during
1434 1780 67 41 his
1519 1779 83 42 last
1619 1780 351 41 illness—which

355 1866 88 27 was
475 1851 204 42 attended
703 1855 105 37 with
830 1849 234 56 prolonged
1092 1849 437 42 sleeplessness—the
1561 1850 192 42 eminent
1785 1850 186 42 Scottish

351 1923 146 55 judge,
520 1921 111 42 Lord
652 1921 176 54 Jeffrey,
852 1919 213 42 describes
1097 1919 67 42 his
1197 1919 251 54 experience
1474 1920 43 41 of
1554 1919 121 43 these
1706 1919 145 43 verbal
1882 1920 91 41 hal-

354 1993 275 42 lucinations,
652 1991 141 41 which
817 1990 106 42 used
944 1994 45 37 to
1012 2003 119 28 come
1154 2003 116 41 upon
1292 1989 89 41 him
1409 1994 45 37 at
1486 1990 123 55 night
1640 1990 126 41 when
1801 1990 54 42 he
1888 2004 84 28 was

355 2063 148 53 trying
524 2063 46 40 in
594 2062 100 41 vain
718 2067 42 36 to
784 2060 128 42 sleep.
975 2060 89 41 The
1096 2059 264 55 description
1392 2059 35 42 is
1460 2074 45 27 so
1536 2059 108 56 good
1675 2060 94 41 that
1802 2060 21 40 I
1862 2060 110 41 shall

357 2149 182 27 venture
562 2138 43 36 to
628 2146 109 41 copy
759 2131 101 43 here
886 2131 45 41 in
963 2129 95 52 full,
1081 2130 110 41 from
1223 2130 110 41 Lord
1366 2129 262 43 Cockburn's
1661 2130 92 54 Life
1785 2130 48 55 of
1861 2131 113 40 Lord

357 2203 168 54 Jeffrey,
549 2200 73 42 the
644 2213 178 42 passage
845 2202 96 37 that
962 2197 196 42 includes
1181 2201 187 38 extracts
1401 2198 108 40 from
1542 2197 85 42 this
1664 2197 135 41 letter.
1862 2198 111 41 Lord

358 2273 232 43 Cockburn
608 2284 110 41 says,
743 2274 21 16 "
780 2269 67 42 On
871 2268 73 42 the
972 2282 115 27 same
1110 2268 185 41 evening
1325 2267 53 42 he
1410 2267 189 42 dictated
1632 2267 72 42 the
1734 2267 86 42 last
1848 2267 127 43 letter

358 2344 53 40 he
439 2356 101 28 ever
570 2345 132 37 wrote
735 2343 44 38 to
811 2339 73 42 the
917 2339 223 53 Empsons.
1205 2338 52 41 In
1290 2338 213 41 reference
1535 2342 44 37 to
1611 2337 65 42 his
1708 2337 71 42 old
1810 2345 161 34 critical

356 2413 158 49 habits,
535 2416 119 50 parts
677 2410 46 42 of
746 2410 36 41 it
804 2423 70 28 are
897 2422 105 41 very
1024 2408 182 42 curious.
1268 2408 44 41 It
1342 2421 87 28 was
1461 2407 111 55 long,
1595 2407 84 42 and
1709 2422 106 41 gave
1837 2422 25 27 a
1894 2408 80 41 full

358 2483 85 42 and
466 2496 114 28 clear
600 2479 266 43 description
888 2479 47 41 of
959 2478 72 41 the
1056 2477 137 42 whole
1215 2491 148 28 course
1385 2477 46 41 of
1450 2476 66 42 his
1533 2477 159 51 illness,
1708 2478 107 40 from
1836 2479 135 40 which

358 2555 54 41 he
435 2551 207 44 expected
667 2556 41 36 to
730 2563 186 28 recover,
938 2549 78 41 but
1045 2548 84 41 had
1153 2547 122 42 made
1292 2561 59 40 up
1369 2547 66 41 his
1459 2547 118 41 mind
1599 2552 74 37 not
1698 2553 41 36 to
1772 2549 202 42 continue

358 2625 149 41 longer
529 2636 54 27 on
607 2621 73 41 the
702 2619 160 42 Bench.
924 2621 9 19 '
950 2619 21 40 I
995 2616 117 43 don't
1139 2617 128 41 think
1290 2617 22 41 I
1337 2617 106 41 have
1465 2616 85 42 had
1572 2631 85 41 any
1679 2631 152 42 proper
1859 2618 115 55 sleep

358 2696 66 41 for
446 2693 74 43 the
543 2692 85 41 last
650 2690 120 42 three
798 2703 158 40 nights,
978 2687 84 42 and
1087 2688 22 41 I
1138 2687 171 54 employ
1331 2686 192 55 portions
1555 2687 45 41 of
1629 2687 117 41 them
1769 2688 44 41 in
1836 2702 23 27 a
1882 2699 89 45 way

359 2765 97 42 that
478 2776 136 29 seems
642 2766 44 36 to
708 2773 170 28 assume
901 2758 73 42 the
996 2757 218 43 existence
1236 2757 43 41 of
1300 2771 24 27 a
1346 2761 89 37 sort
1455 2755 44 43 of
1520 2755 176 57 dreamy
1717 2763 124 45 state,
1855 2758 120 41 lying

359 2839 123 53 quite
510 2831 269 45 consciously
802 2830 47 41 in
880 2842 72 42 my
985 2828 81 42 bed
1099 2827 103 42 with
1235 2841 74 41 my
1341 2840 99 42 eyes
1471 2826 258 57 alternately
1759 2828 102 42 shut
1891 2828 84 41 and

360 2903 136 46 open'
526 2916 204 41 enjoying
752 2914 169 28 curious
944 2898 172 42 visions.
1180 2897 69 42 He
1272 2911 85 27 saw
1390 2899 9 20 '
1413 2900 96 51 part
1532 2897 43 41 of
1606 2911 24 27 a
1652 2898 120 54 proof
1793 2897 119 43 sheet
1934 2899 46 40 of

360 2993 25 27 a
407 2990 94 28 new
529 2973 163 44 edition
725 2972 44 41 of
801 2970 73 42 the
905 2968 274 56 Apocrypha,
1213 2967 82 42 and
1329 2966 58 42 all
1425 2967 131 41 about
1587 2967 168 42 Baruch
1789 2967 83 42 and
1904 2967 72 42 the

361 3045 265 45 Maccabees.
690 3043 21 42 I
735 3040 98 44 read
857 3055 24 27 a
903 3039 106 57 good
1033 3038 92 43 deal
1162 3038 44 42 in
1240 3037 98 51 this,
1362 3036 103 44 with
1500 3036 127 43 much
1659 3035 204 53 interest,'
1889 3041 90 46 etc.,
