<?xml version="1.0" encoding="UTF-8"?>
<alto xmlns="http://www.loc.gov/standards/alto/ns-v2#" xmlns:xsi="http://www.w3.org/2001/XMLSchema-instance" xsi:schemaLocation="http://www.loc.gov/standards/alto/ns-v2# http://www.loc.gov/standards/alto/alto.xsd">
  <Description>
    <MeasurementUnit>pixel</MeasurementUnit>
    <sourceImageInformation>
      <fileName>b21273911_abbyy.xml</fileName>
    </sourceImageInformation>
    <OCRProcessing ID="OCR_1">
      <preProcessingStep>
        <processingDateTime>2014-10-24T02:15:27</processingDateTime>
        <processingAgency>intranda GmbH, www.intranda.com</processingAgency>
        <processingSoftware>
          <softwareCreator>intranda GmbH, Germany</softwareCreator>
          <softwareName>intranda OCR Module for TaskManager</softwareName>
          <softwareVersion>1.0r42</softwareVersion>
        </processingSoftware>
      </preProcessingStep>
      <ocrProcessingStep>
        <processingSoftware>
          <softwareCreator>ABBYY (BIT Software), Russia</softwareCreator>
          <softwareName>FineReader Engine</softwareName>
          <softwareVersion>10</softwareVersion>
        </processingSoftware>
      </ocrProcessingStep>
    </OCRProcessing>
  </Description>
  <Layout>
    <Page PHYSICAL_IMG_NR="336" ID="PAGE_336" WIDTH="2113" HEIGHT="3404">
      <TopMargin ID="TopMargin_1" HPOS="322" VPOS="188" WIDTH="1146" HEIGHT="48">
        <TextBlock ID="TextBlock_1052" HPOS="322" VPOS="188" WIDTH="1146" HEIGHT="48">
          <TextLine ID="TextLine_12666" HPOS="820" VPOS="203" WIDTH="648" HEIGHT="33">
            <String ID="Word_128461" HPOS="820" VPOS="203" WIDTH="86" HEIGHT="30" CONTENT="THE" />
            <SP ID="SP_115801" HPOS="906" VPOS="203" WIDTH="35" HEIGHT="0" />
            <String ID="Word_128462" HPOS="941" VPOS="203" WIDTH="240" HEIGHT="32" CONTENT="DISOKDKRS" />
            <SP ID="SP_115802" HPOS="1181" VPOS="203" WIDTH="32" HEIGHT="0" />
            <String ID="Word_128463" HPOS="1213" VPOS="206" WIDTH="52" HEIGHT="29" CONTENT="OK" />
            <SP ID="SP_115803" HPOS="1265" VPOS="206" WIDTH="31" HEIGHT="0" />
            <String ID="Word_128464" HPOS="1296" VPOS="206" WIDTH="172" HEIGHT="30" CONTENT="SPRKCH." />
          </TextLine>
          <TextLine ID="TextLine_12665" HPOS="322" VPOS="188" WIDTH="83" HEIGHT="42">
            <String ID="Word_128460" HPOS="322" VPOS="188" WIDTH="83" HEIGHT="42" CONTENT="320" />
          </TextLine>
        </TextBlock>
      </TopMargin>
      <PrintSpace ID="PrintSpace_337" HPOS="1302" VPOS="2987" WIDTH="516" HEIGHT="62">
        <TextBlock ID="TextBlock_1049" HPOS="313" VPOS="313" WIDTH="1644" HEIGHT="2603">
          <TextLine ID="TextLine_12667" HPOS="319" VPOS="320" WIDTH="1613" HEIGHT="63">
            <String ID="Word_128465" HPOS="319" VPOS="331" WIDTH="154" HEIGHT="41" CONTENT="person" />
            <SP ID="SP_115804" HPOS="473" VPOS="323" WIDTH="34" HEIGHT="0" />
            <String ID="Word_128466" HPOS="507" VPOS="323" WIDTH="44" HEIGHT="38" CONTENT="to" />
            <SP ID="SP_115805" HPOS="551" VPOS="320" WIDTH="33" HEIGHT="0" />
            <String ID="Word_128467" HPOS="584" VPOS="320" WIDTH="50" HEIGHT="42" CONTENT="be" />
            <SP ID="SP_115806" HPOS="634" VPOS="320" WIDTH="34" HEIGHT="0" />
            <String ID="Word_128468" HPOS="668" VPOS="321" WIDTH="138" HEIGHT="42" CONTENT="forced" />
            <SP ID="SP_115807" HPOS="806" VPOS="321" WIDTH="36" HEIGHT="0" />
            <String ID="Word_128469" HPOS="842" VPOS="326" WIDTH="44" HEIGHT="37" CONTENT="to" />
            <SP ID="SP_115808" HPOS="886" VPOS="322" WIDTH="31" HEIGHT="0" />
            <String ID="Word_128470" HPOS="917" VPOS="322" WIDTH="100" HEIGHT="41" CONTENT="read" />
            <SP ID="SP_115809" HPOS="1017" VPOS="322" WIDTH="33" HEIGHT="0" />
            <String ID="Word_128471" HPOS="1050" VPOS="323" WIDTH="119" HEIGHT="41" CONTENT="these" />
            <SP ID="SP_115810" HPOS="1169" VPOS="323" WIDTH="32" HEIGHT="0" />
            <String ID="Word_128472" HPOS="1201" VPOS="324" WIDTH="151" HEIGHT="41" CONTENT="stories" />
            <SP ID="SP_115811" HPOS="1352" VPOS="324" WIDTH="42" HEIGHT="0" />
            <String ID="Word_128473" HPOS="1394" VPOS="338" WIDTH="101" HEIGHT="29" CONTENT="over" />
            <SP ID="SP_115812" HPOS="1495" VPOS="325" WIDTH="40" HEIGHT="0" />
            <String ID="Word_128474" HPOS="1535" VPOS="325" WIDTH="84" HEIGHT="42" CONTENT="and" />
            <SP ID="SP_115813" HPOS="1619" VPOS="325" WIDTH="42" HEIGHT="0" />
            <String ID="Word_128475" HPOS="1661" VPOS="339" WIDTH="101" HEIGHT="29" CONTENT="over" />
            <SP ID="SP_115814" HPOS="1762" VPOS="329" WIDTH="36" HEIGHT="0" />
            <String ID="Word_128476" HPOS="1798" VPOS="329" WIDTH="134" HEIGHT="41" CONTENT="again." />
          </TextLine>
          <TextLine ID="TextLine_12668" HPOS="320" VPOS="388" WIDTH="1617" HEIGHT="66">
            <String ID="Word_128477" HPOS="320" VPOS="388" WIDTH="90" HEIGHT="43" CONTENT="But" />
            <SP ID="SP_115815" HPOS="410" VPOS="388" WIDTH="31" HEIGHT="0" />
            <String ID="Word_128478" HPOS="441" VPOS="389" WIDTH="88" HEIGHT="43" CONTENT="this" />
            <SP ID="SP_115816" HPOS="529" VPOS="389" WIDTH="31" HEIGHT="0" />
            <String ID="Word_128479" HPOS="560" VPOS="392" WIDTH="169" HEIGHT="54" CONTENT="patient" />
            <SP ID="SP_115817" HPOS="729" VPOS="392" WIDTH="20" HEIGHT="0" />
            <String ID="Word_128480" HPOS="749" VPOS="392" WIDTH="74" HEIGHT="41" CONTENT="did" />
            <SP ID="SP_115818" HPOS="823" VPOS="392" WIDTH="23" HEIGHT="0" />
            <String ID="Word_128481" HPOS="846" VPOS="406" WIDTH="46" HEIGHT="28" CONTENT="so" />
            <SP ID="SP_115819" HPOS="892" VPOS="392" WIDTH="22" HEIGHT="0" />
            <String ID="Word_128482" HPOS="914" VPOS="392" WIDTH="275" HEIGHT="55" CONTENT="voluntarily." />
            <SP ID="SP_115820" HPOS="1189" VPOS="392" WIDTH="63" HEIGHT="0" />
            <String ID="Word_128483" HPOS="1252" VPOS="398" WIDTH="20" HEIGHT="16" CONTENT="&quot;" />
            <SP ID="SP_115821" HPOS="1272" VPOS="394" WIDTH="19" HEIGHT="0" />
            <String ID="Word_128484" HPOS="1291" VPOS="394" WIDTH="67" HEIGHT="41" CONTENT="He" />
            <SP ID="SP_115822" HPOS="1358" VPOS="394" WIDTH="32" HEIGHT="0" />
            <String ID="Word_128485" HPOS="1390" VPOS="395" WIDTH="147" HEIGHT="53" CONTENT="reads;" />
            <SP ID="SP_115823" HPOS="1537" VPOS="395" WIDTH="29" HEIGHT="0" />
            <String ID="Word_128486" HPOS="1566" VPOS="395" WIDTH="54" HEIGHT="43" CONTENT="he" />
            <SP ID="SP_115824" HPOS="1620" VPOS="395" WIDTH="22" HEIGHT="0" />
            <String ID="Word_128487" HPOS="1642" VPOS="398" WIDTH="122" HEIGHT="42" CONTENT="reads" />
            <SP ID="SP_115825" HPOS="1764" VPOS="398" WIDTH="21" HEIGHT="0" />
            <String ID="Word_128488" HPOS="1785" VPOS="400" WIDTH="124" HEIGHT="54" CONTENT="again" />
            <SP ID="SP_115826" HPOS="1909" VPOS="400" WIDTH="19" HEIGHT="0" />
            <String ID="Word_128489" HPOS="1928" VPOS="416" WIDTH="9" HEIGHT="35" CONTENT=";" />
          </TextLine>
          <TextLine ID="TextLine_12669" HPOS="320" VPOS="459" WIDTH="1615" HEIGHT="64">
            <String ID="Word_128490" HPOS="320" VPOS="459" WIDTH="55" HEIGHT="43" CONTENT="he" />
            <SP ID="SP_115827" HPOS="375" VPOS="459" WIDTH="33" HEIGHT="0" />
            <String ID="Word_128491" HPOS="408" VPOS="461" WIDTH="122" HEIGHT="42" CONTENT="reads" />
            <SP ID="SP_115828" HPOS="530" VPOS="461" WIDTH="32" HEIGHT="0" />
            <String ID="Word_128492" HPOS="562" VPOS="461" WIDTH="160" HEIGHT="56" CONTENT="always" />
            <SP ID="SP_115829" HPOS="722" VPOS="461" WIDTH="34" HEIGHT="0" />
            <String ID="Word_128493" HPOS="756" VPOS="463" WIDTH="103" HEIGHT="40" CONTENT="with" />
            <SP ID="SP_115830" HPOS="859" VPOS="463" WIDTH="35" HEIGHT="0" />
            <String ID="Word_128494" HPOS="894" VPOS="463" WIDTH="70" HEIGHT="41" CONTENT="the" />
            <SP ID="SP_115831" HPOS="964" VPOS="463" WIDTH="34" HEIGHT="0" />
            <String ID="Word_128495" HPOS="998" VPOS="476" WIDTH="115" HEIGHT="29" CONTENT="same" />
            <SP ID="SP_115832" HPOS="1113" VPOS="463" WIDTH="32" HEIGHT="0" />
            <String ID="Word_128496" HPOS="1145" VPOS="463" WIDTH="249" HEIGHT="42" CONTENT="attention.&quot;" />
            <SP ID="SP_115833" HPOS="1394" VPOS="463" WIDTH="63" HEIGHT="0" />
            <String ID="Word_128497" HPOS="1457" VPOS="464" WIDTH="92" HEIGHT="43" CONTENT="One" />
            <SP ID="SP_115834" HPOS="1549" VPOS="464" WIDTH="22" HEIGHT="0" />
            <String ID="Word_128498" HPOS="1571" VPOS="466" WIDTH="45" HEIGHT="41" CONTENT="of" />
            <SP ID="SP_115835" HPOS="1616" VPOS="466" WIDTH="23" HEIGHT="0" />
            <String ID="Word_128499" HPOS="1639" VPOS="466" WIDTH="72" HEIGHT="42" CONTENT="the" />
            <SP ID="SP_115836" HPOS="1711" VPOS="466" WIDTH="22" HEIGHT="0" />
            <String ID="Word_128500" HPOS="1733" VPOS="468" WIDTH="202" HEIGHT="42" CONTENT="explana-" />
          </TextLine>
          <TextLine ID="TextLine_12670" HPOS="321" VPOS="531" WIDTH="1618" HEIGHT="60">
            <String ID="Word_128501" HPOS="321" VPOS="531" WIDTH="115" HEIGHT="42" CONTENT="tions" />
            <SP ID="SP_115837" HPOS="436" VPOS="531" WIDTH="32" HEIGHT="0" />
            <String ID="Word_128502" HPOS="468" VPOS="532" WIDTH="227" HEIGHT="55" CONTENT="suggested" />
            <SP ID="SP_115838" HPOS="695" VPOS="532" WIDTH="32" HEIGHT="0" />
            <String ID="Word_128503" HPOS="727" VPOS="533" WIDTH="49" HEIGHT="50" CONTENT="is," />
            <SP ID="SP_115839" HPOS="776" VPOS="533" WIDTH="22" HEIGHT="0" />
            <String ID="Word_128504" HPOS="798" VPOS="533" WIDTH="95" HEIGHT="41" CONTENT="that" />
            <SP ID="SP_115840" HPOS="893" VPOS="533" WIDTH="33" HEIGHT="0" />
            <String ID="Word_128505" HPOS="926" VPOS="533" WIDTH="51" HEIGHT="41" CONTENT="lie" />
            <SP ID="SP_115841" HPOS="977" VPOS="533" WIDTH="37" HEIGHT="0" />
            <String ID="Word_128506" HPOS="1014" VPOS="533" WIDTH="283" HEIGHT="43" CONTENT="understands" />
            <SP ID="SP_115842" HPOS="1297" VPOS="533" WIDTH="32" HEIGHT="0" />
            <String ID="Word_128507" HPOS="1329" VPOS="535" WIDTH="281" HEIGHT="56" CONTENT="imperfectly," />
            <SP ID="SP_115843" HPOS="1610" VPOS="535" WIDTH="21" HEIGHT="0" />
            <String ID="Word_128508" HPOS="1631" VPOS="537" WIDTH="87" HEIGHT="41" CONTENT="and" />
            <SP ID="SP_115844" HPOS="1718" VPOS="537" WIDTH="21" HEIGHT="0" />
            <String ID="Word_128509" HPOS="1739" VPOS="537" WIDTH="100" HEIGHT="43" CONTENT="does" />
            <SP ID="SP_115845" HPOS="1839" VPOS="537" WIDTH="24" HEIGHT="0" />
            <String ID="Word_128510" HPOS="1863" VPOS="544" WIDTH="76" HEIGHT="36" CONTENT="not" />
          </TextLine>
          <TextLine ID="TextLine_12671" HPOS="322" VPOS="602" WIDTH="741" HEIGHT="49">
            <String ID="Word_128511" HPOS="322" VPOS="602" WIDTH="241" HEIGHT="42" CONTENT="remember" />
            <SP ID="SP_115846" HPOS="563" VPOS="602" WIDTH="22" HEIGHT="0" />
            <String ID="Word_128512" HPOS="585" VPOS="602" WIDTH="109" HEIGHT="49" CONTENT="well," />
            <SP ID="SP_115847" HPOS="694" VPOS="602" WIDTH="25" HEIGHT="0" />
            <String ID="Word_128513" HPOS="719" VPOS="602" WIDTH="114" HEIGHT="42" CONTENT="what" />
            <SP ID="SP_115848" HPOS="833" VPOS="602" WIDTH="21" HEIGHT="0" />
            <String ID="Word_128514" HPOS="854" VPOS="602" WIDTH="52" HEIGHT="42" CONTENT="he" />
            <SP ID="SP_115849" HPOS="906" VPOS="602" WIDTH="22" HEIGHT="0" />
            <String ID="Word_128515" HPOS="928" VPOS="603" WIDTH="135" HEIGHT="42" CONTENT="reads." />
          </TextLine>
          <TextLine ID="TextLine_12672" HPOS="382" VPOS="672" WIDTH="1556" HEIGHT="56">
            <String ID="Word_128516" HPOS="382" VPOS="672" WIDTH="22" HEIGHT="41" CONTENT="I" />
            <SP ID="SP_115850" HPOS="404" VPOS="672" WIDTH="39" HEIGHT="0" />
            <String ID="Word_128517" HPOS="443" VPOS="672" WIDTH="128" HEIGHT="41" CONTENT="think" />
            <SP ID="SP_115851" HPOS="571" VPOS="672" WIDTH="36" HEIGHT="0" />
            <String ID="Word_128518" HPOS="607" VPOS="677" WIDTH="114" HEIGHT="37" CONTENT="most" />
            <SP ID="SP_115852" HPOS="721" VPOS="673" WIDTH="37" HEIGHT="0" />
            <String ID="Word_128519" HPOS="758" VPOS="673" WIDTH="247" HEIGHT="54" CONTENT="physicians" />
            <SP ID="SP_115853" HPOS="1005" VPOS="673" WIDTH="40" HEIGHT="0" />
            <String ID="Word_128520" HPOS="1045" VPOS="673" WIDTH="94" HEIGHT="42" CONTENT="who" />
            <SP ID="SP_115854" HPOS="1139" VPOS="673" WIDTH="38" HEIGHT="0" />
            <String ID="Word_128521" HPOS="1177" VPOS="674" WIDTH="108" HEIGHT="42" CONTENT="have" />
            <SP ID="SP_115855" HPOS="1285" VPOS="674" WIDTH="39" HEIGHT="0" />
            <String ID="Word_128522" HPOS="1324" VPOS="675" WIDTH="192" HEIGHT="42" CONTENT="watched" />
            <SP ID="SP_115856" HPOS="1516" VPOS="675" WIDTH="41" HEIGHT="0" />
            <String ID="Word_128523" HPOS="1557" VPOS="690" WIDTH="116" HEIGHT="29" CONTENT="cases" />
            <SP ID="SP_115857" HPOS="1673" VPOS="678" WIDTH="41" HEIGHT="0" />
            <String ID="Word_128524" HPOS="1714" VPOS="678" WIDTH="45" HEIGHT="41" CONTENT="of" />
            <SP ID="SP_115858" HPOS="1759" VPOS="678" WIDTH="40" HEIGHT="0" />
            <String ID="Word_128525" HPOS="1799" VPOS="683" WIDTH="139" HEIGHT="37" CONTENT="motor" />
          </TextLine>
          <TextLine ID="TextLine_12673" HPOS="322" VPOS="742" WIDTH="1615" HEIGHT="60">
            <String ID="Word_128526" HPOS="322" VPOS="743" WIDTH="177" HEIGHT="54" CONTENT="aphasia" />
            <SP ID="SP_115859" HPOS="499" VPOS="742" WIDTH="22" HEIGHT="0" />
            <String ID="Word_128527" HPOS="521" VPOS="742" WIDTH="105" HEIGHT="42" CONTENT="with" />
            <SP ID="SP_115860" HPOS="626" VPOS="742" WIDTH="34" HEIGHT="0" />
            <String ID="Word_128528" HPOS="660" VPOS="757" WIDTH="95" HEIGHT="28" CONTENT="care" />
            <SP ID="SP_115861" HPOS="755" VPOS="743" WIDTH="24" HEIGHT="0" />
            <String ID="Word_128529" HPOS="779" VPOS="743" WIDTH="91" HEIGHT="42" CONTENT="will" />
            <SP ID="SP_115862" HPOS="870" VPOS="743" WIDTH="22" HEIGHT="0" />
            <String ID="Word_128530" HPOS="892" VPOS="757" WIDTH="121" HEIGHT="41" CONTENT="agree" />
            <SP ID="SP_115863" HPOS="1013" VPOS="744" WIDTH="22" HEIGHT="0" />
            <String ID="Word_128531" HPOS="1035" VPOS="744" WIDTH="108" HEIGHT="54" CONTENT="that," />
            <SP ID="SP_115864" HPOS="1143" VPOS="744" WIDTH="23" HEIGHT="0" />
            <String ID="Word_128532" HPOS="1166" VPOS="745" WIDTH="44" HEIGHT="40" CONTENT="in" />
            <SP ID="SP_115865" HPOS="1210" VPOS="745" WIDTH="26" HEIGHT="0" />
            <String ID="Word_128533" HPOS="1236" VPOS="745" WIDTH="72" HEIGHT="41" CONTENT="the" />
            <SP ID="SP_115866" HPOS="1308" VPOS="745" WIDTH="24" HEIGHT="0" />
            <String ID="Word_128534" HPOS="1332" VPOS="751" WIDTH="94" HEIGHT="36" CONTENT="vast" />
            <SP ID="SP_115867" HPOS="1426" VPOS="747" WIDTH="23" HEIGHT="0" />
            <String ID="Word_128535" HPOS="1449" VPOS="747" WIDTH="211" HEIGHT="55" CONTENT="majority," />
            <SP ID="SP_115868" HPOS="1660" VPOS="747" WIDTH="23" HEIGHT="0" />
            <String ID="Word_128536" HPOS="1683" VPOS="748" WIDTH="119" HEIGHT="42" CONTENT="there" />
            <SP ID="SP_115869" HPOS="1802" VPOS="748" WIDTH="24" HEIGHT="0" />
            <String ID="Word_128537" HPOS="1826" VPOS="749" WIDTH="35" HEIGHT="42" CONTENT="is" />
            <SP ID="SP_115870" HPOS="1861" VPOS="749" WIDTH="21" HEIGHT="0" />
            <String ID="Word_128538" HPOS="1882" VPOS="764" WIDTH="55" HEIGHT="27" CONTENT="an" />
          </TextLine>
          <TextLine ID="TextLine_12674" HPOS="322" VPOS="813" WIDTH="1616" HEIGHT="63">
            <String ID="Word_128539" HPOS="322" VPOS="813" WIDTH="284" HEIGHT="43" CONTENT="interference" />
            <SP ID="SP_115871" HPOS="606" VPOS="813" WIDTH="35" HEIGHT="0" />
            <String ID="Word_128540" HPOS="641" VPOS="814" WIDTH="106" HEIGHT="42" CONTENT="with" />
            <SP ID="SP_115872" HPOS="747" VPOS="814" WIDTH="37" HEIGHT="0" />
            <String ID="Word_128541" HPOS="784" VPOS="814" WIDTH="72" HEIGHT="42" CONTENT="the" />
            <SP ID="SP_115873" HPOS="856" VPOS="814" WIDTH="34" HEIGHT="0" />
            <String ID="Word_128542" HPOS="890" VPOS="829" WIDTH="142" HEIGHT="40" CONTENT="power" />
            <SP ID="SP_115874" HPOS="1032" VPOS="816" WIDTH="33" HEIGHT="0" />
            <String ID="Word_128543" HPOS="1065" VPOS="816" WIDTH="46" HEIGHT="40" CONTENT="of" />
            <SP ID="SP_115875" HPOS="1111" VPOS="816" WIDTH="33" HEIGHT="0" />
            <String ID="Word_128544" HPOS="1144" VPOS="816" WIDTH="188" HEIGHT="54" CONTENT="reading," />
            <SP ID="SP_115876" HPOS="1332" VPOS="816" WIDTH="23" HEIGHT="0" />
            <String ID="Word_128545" HPOS="1355" VPOS="818" WIDTH="103" HEIGHT="40" CONTENT="such" />
            <SP ID="SP_115877" HPOS="1458" VPOS="818" WIDTH="25" HEIGHT="0" />
            <String ID="Word_128546" HPOS="1483" VPOS="832" WIDTH="44" HEIGHT="28" CONTENT="as" />
            <SP ID="SP_115878" HPOS="1527" VPOS="819" WIDTH="22" HEIGHT="0" />
            <String ID="Word_128547" HPOS="1549" VPOS="819" WIDTH="36" HEIGHT="41" CONTENT="is" />
            <SP ID="SP_115879" HPOS="1585" VPOS="819" WIDTH="22" HEIGHT="0" />
            <String ID="Word_128548" HPOS="1607" VPOS="819" WIDTH="243" HEIGHT="43" CONTENT="illustrated" />
            <SP ID="SP_115880" HPOS="1850" VPOS="819" WIDTH="32" HEIGHT="0" />
            <String ID="Word_128549" HPOS="1882" VPOS="822" WIDTH="56" HEIGHT="54" CONTENT="by" />
          </TextLine>
          <TextLine ID="TextLine_12675" HPOS="323" VPOS="883" WIDTH="1616" HEIGHT="58">
            <String ID="Word_128550" HPOS="323" VPOS="883" WIDTH="87" HEIGHT="43" CONTENT="this" />
            <SP ID="SP_115881" HPOS="410" VPOS="883" WIDTH="33" HEIGHT="0" />
            <String ID="Word_128551" HPOS="443" VPOS="898" WIDTH="95" HEIGHT="28" CONTENT="case" />
            <SP ID="SP_115882" HPOS="538" VPOS="884" WIDTH="32" HEIGHT="0" />
            <String ID="Word_128552" HPOS="570" VPOS="884" WIDTH="46" HEIGHT="42" CONTENT="of" />
            <SP ID="SP_115883" HPOS="616" VPOS="884" WIDTH="27" HEIGHT="0" />
            <String ID="Word_128553" HPOS="643" VPOS="884" WIDTH="283" HEIGHT="43" CONTENT="Trousseau's." />
            <SP ID="SP_115884" HPOS="926" VPOS="884" WIDTH="63" HEIGHT="0" />
            <String ID="Word_128554" HPOS="989" VPOS="885" WIDTH="254" HEIGHT="42" CONTENT="Sometimes" />
            <SP ID="SP_115885" HPOS="1243" VPOS="885" WIDTH="32" HEIGHT="0" />
            <String ID="Word_128555" HPOS="1275" VPOS="887" WIDTH="35" HEIGHT="40" CONTENT="it" />
            <SP ID="SP_115886" HPOS="1310" VPOS="887" WIDTH="31" HEIGHT="0" />
            <String ID="Word_128556" HPOS="1341" VPOS="887" WIDTH="37" HEIGHT="41" CONTENT="is" />
            <SP ID="SP_115887" HPOS="1378" VPOS="887" WIDTH="21" HEIGHT="0" />
            <String ID="Word_128557" HPOS="1399" VPOS="893" WIDTH="167" HEIGHT="48" CONTENT="greater" />
            <SP ID="SP_115888" HPOS="1566" VPOS="889" WIDTH="23" HEIGHT="0" />
            <String ID="Word_128558" HPOS="1589" VPOS="889" WIDTH="84" HEIGHT="41" CONTENT="and" />
            <SP ID="SP_115889" HPOS="1673" VPOS="889" WIDTH="22" HEIGHT="0" />
            <String ID="Word_128559" HPOS="1695" VPOS="891" WIDTH="244" HEIGHT="42" CONTENT="sometimes" />
          </TextLine>
          <TextLine ID="TextLine_12676" HPOS="321" VPOS="954" WIDTH="1618" HEIGHT="57">
            <String ID="Word_128560" HPOS="321" VPOS="954" WIDTH="110" HEIGHT="53" CONTENT="less;" />
            <SP ID="SP_115890" HPOS="431" VPOS="955" WIDTH="31" HEIGHT="0" />
            <String ID="Word_128561" HPOS="462" VPOS="955" WIDTH="46" HEIGHT="41" CONTENT="in" />
            <SP ID="SP_115891" HPOS="508" VPOS="955" WIDTH="33" HEIGHT="0" />
            <String ID="Word_128562" HPOS="541" VPOS="955" WIDTH="157" HEIGHT="42" CONTENT="almost" />
            <SP ID="SP_115892" HPOS="698" VPOS="955" WIDTH="30" HEIGHT="0" />
            <String ID="Word_128563" HPOS="728" VPOS="955" WIDTH="59" HEIGHT="41" CONTENT="all" />
            <SP ID="SP_115893" HPOS="787" VPOS="955" WIDTH="32" HEIGHT="0" />
            <String ID="Word_128564" HPOS="819" VPOS="969" WIDTH="118" HEIGHT="28" CONTENT="cases" />
            <SP ID="SP_115894" HPOS="937" VPOS="955" WIDTH="31" HEIGHT="0" />
            <String ID="Word_128565" HPOS="968" VPOS="955" WIDTH="36" HEIGHT="41" CONTENT="it" />
            <SP ID="SP_115895" HPOS="1004" VPOS="955" WIDTH="31" HEIGHT="0" />
            <String ID="Word_128566" HPOS="1035" VPOS="955" WIDTH="36" HEIGHT="42" CONTENT="is" />
            <SP ID="SP_115896" HPOS="1071" VPOS="955" WIDTH="32" HEIGHT="0" />
            <String ID="Word_128567" HPOS="1103" VPOS="955" WIDTH="228" HEIGHT="56" CONTENT="distinctly" />
            <SP ID="SP_115897" HPOS="1331" VPOS="955" WIDTH="22" HEIGHT="0" />
            <String ID="Word_128568" HPOS="1353" VPOS="962" WIDTH="181" HEIGHT="49" CONTENT="present." />
            <SP ID="SP_115898" HPOS="1534" VPOS="959" WIDTH="64" HEIGHT="0" />
            <String ID="Word_128569" HPOS="1598" VPOS="959" WIDTH="44" HEIGHT="41" CONTENT="It" />
            <SP ID="SP_115899" HPOS="1642" VPOS="959" WIDTH="22" HEIGHT="0" />
            <String ID="Word_128570" HPOS="1664" VPOS="959" WIDTH="36" HEIGHT="42" CONTENT="is" />
            <SP ID="SP_115900" HPOS="1700" VPOS="959" WIDTH="31" HEIGHT="0" />
            <String ID="Word_128571" HPOS="1731" VPOS="962" WIDTH="208" HEIGHT="40" CONTENT="therefore" />
          </TextLine>
          <TextLine ID="TextLine_12677" HPOS="321" VPOS="1025" WIDTH="1618" HEIGHT="60">
            <String ID="Word_128572" HPOS="321" VPOS="1026" WIDTH="75" HEIGHT="42" CONTENT="the" />
            <SP ID="SP_115901" HPOS="396" VPOS="1026" WIDTH="38" HEIGHT="0" />
            <String ID="Word_128573" HPOS="434" VPOS="1039" WIDTH="116" HEIGHT="29" CONTENT="more" />
            <SP ID="SP_115902" HPOS="550" VPOS="1026" WIDTH="38" HEIGHT="0" />
            <String ID="Word_128574" HPOS="588" VPOS="1026" WIDTH="239" HEIGHT="54" CONTENT="surprising" />
            <SP ID="SP_115903" HPOS="827" VPOS="1026" WIDTH="32" HEIGHT="0" />
            <String ID="Word_128575" HPOS="859" VPOS="1030" WIDTH="43" HEIGHT="38" CONTENT="to" />
            <SP ID="SP_115904" HPOS="902" VPOS="1025" WIDTH="33" HEIGHT="0" />
            <String ID="Word_128576" HPOS="935" VPOS="1025" WIDTH="89" HEIGHT="42" CONTENT="find" />
            <SP ID="SP_115905" HPOS="1024" VPOS="1025" WIDTH="33" HEIGHT="0" />
            <String ID="Word_128577" HPOS="1057" VPOS="1026" WIDTH="95" HEIGHT="41" CONTENT="that" />
            <SP ID="SP_115906" HPOS="1152" VPOS="1026" WIDTH="33" HEIGHT="0" />
            <String ID="Word_128578" HPOS="1185" VPOS="1026" WIDTH="263" HEIGHT="42" CONTENT="Lichtheim1" />
            <SP ID="SP_115907" HPOS="1448" VPOS="1026" WIDTH="23" HEIGHT="0" />
            <String ID="Word_128579" HPOS="1471" VPOS="1027" WIDTH="149" HEIGHT="43" CONTENT="thinks" />
            <SP ID="SP_115908" HPOS="1620" VPOS="1027" WIDTH="23" HEIGHT="0" />
            <String ID="Word_128580" HPOS="1643" VPOS="1029" WIDTH="94" HEIGHT="42" CONTENT="that" />
            <SP ID="SP_115909" HPOS="1737" VPOS="1029" WIDTH="31" HEIGHT="0" />
            <String ID="Word_128581" HPOS="1768" VPOS="1033" WIDTH="44" HEIGHT="38" CONTENT="in" />
            <SP ID="SP_115910" HPOS="1812" VPOS="1033" WIDTH="23" HEIGHT="0" />
            <String ID="Word_128582" HPOS="1835" VPOS="1045" WIDTH="104" HEIGHT="40" CONTENT="pure" />
          </TextLine>
          <TextLine ID="TextLine_12678" HPOS="323" VPOS="1097" WIDTH="1615" HEIGHT="58">
            <String ID="Word_128583" HPOS="323" VPOS="1111" WIDTH="117" HEIGHT="28" CONTENT="cases" />
            <SP ID="SP_115911" HPOS="440" VPOS="1097" WIDTH="35" HEIGHT="0" />
            <String ID="Word_128584" HPOS="475" VPOS="1097" WIDTH="46" HEIGHT="41" CONTENT="of" />
            <SP ID="SP_115912" HPOS="521" VPOS="1097" WIDTH="31" HEIGHT="0" />
            <String ID="Word_128585" HPOS="552" VPOS="1100" WIDTH="138" HEIGHT="39" CONTENT="motor" />
            <SP ID="SP_115913" HPOS="690" VPOS="1097" WIDTH="34" HEIGHT="0" />
            <String ID="Word_128586" HPOS="724" VPOS="1097" WIDTH="177" HEIGHT="55" CONTENT="aphasia" />
            <SP ID="SP_115914" HPOS="901" VPOS="1097" WIDTH="34" HEIGHT="0" />
            <String ID="Word_128587" HPOS="935" VPOS="1097" WIDTH="73" HEIGHT="41" CONTENT="the" />
            <SP ID="SP_115915" HPOS="1008" VPOS="1097" WIDTH="35" HEIGHT="0" />
            <String ID="Word_128588" HPOS="1043" VPOS="1111" WIDTH="142" HEIGHT="40" CONTENT="power" />
            <SP ID="SP_115916" HPOS="1185" VPOS="1097" WIDTH="34" HEIGHT="0" />
            <String ID="Word_128589" HPOS="1219" VPOS="1097" WIDTH="43" HEIGHT="40" CONTENT="of" />
            <SP ID="SP_115917" HPOS="1262" VPOS="1097" WIDTH="35" HEIGHT="0" />
            <String ID="Word_128590" HPOS="1297" VPOS="1097" WIDTH="341" HEIGHT="58" CONTENT="understanding" />
            <SP ID="SP_115918" HPOS="1638" VPOS="1097" WIDTH="26" HEIGHT="0" />
            <String ID="Word_128591" HPOS="1664" VPOS="1101" WIDTH="168" HEIGHT="41" CONTENT="written" />
            <SP ID="SP_115919" HPOS="1832" VPOS="1101" WIDTH="23" HEIGHT="0" />
            <String ID="Word_128592" HPOS="1855" VPOS="1102" WIDTH="83" HEIGHT="41" CONTENT="and" />
          </TextLine>
          <TextLine ID="TextLine_12679" HPOS="322" VPOS="1166" WIDTH="1618" HEIGHT="58">
            <String ID="Word_128593" HPOS="322" VPOS="1171" WIDTH="176" HEIGHT="52" CONTENT="printed" />
            <SP ID="SP_115920" HPOS="498" VPOS="1166" WIDTH="42" HEIGHT="0" />
            <String ID="Word_128594" HPOS="540" VPOS="1166" WIDTH="138" HEIGHT="43" CONTENT="words" />
            <SP ID="SP_115921" HPOS="678" VPOS="1166" WIDTH="42" HEIGHT="0" />
            <String ID="Word_128595" HPOS="720" VPOS="1167" WIDTH="36" HEIGHT="41" CONTENT="is" />
            <SP ID="SP_115922" HPOS="756" VPOS="1167" WIDTH="42" HEIGHT="0" />
            <String ID="Word_128596" HPOS="798" VPOS="1167" WIDTH="147" HEIGHT="41" CONTENT="intact." />
            <SP ID="SP_115923" HPOS="945" VPOS="1166" WIDTH="64" HEIGHT="0" />
            <String ID="Word_128597" HPOS="1009" VPOS="1166" WIDTH="242" HEIGHT="42" CONTENT="Lichtheim" />
            <SP ID="SP_115924" HPOS="1251" VPOS="1166" WIDTH="43" HEIGHT="0" />
            <String ID="Word_128598" HPOS="1294" VPOS="1168" WIDTH="449" HEIGHT="49" CONTENT="says,—&quot;According" />
            <SP ID="SP_115925" HPOS="1743" VPOS="1168" WIDTH="39" HEIGHT="0" />
            <String ID="Word_128599" HPOS="1782" VPOS="1174" WIDTH="44" HEIGHT="38" CONTENT="to" />
            <SP ID="SP_115926" HPOS="1826" VPOS="1171" WIDTH="41" HEIGHT="0" />
            <String ID="Word_128600" HPOS="1867" VPOS="1171" WIDTH="73" HEIGHT="42" CONTENT="the" />
          </TextLine>
          <TextLine ID="TextLine_12680" HPOS="322" VPOS="1236" WIDTH="1621" HEIGHT="56">
            <String ID="Word_128601" HPOS="322" VPOS="1237" WIDTH="203" HEIGHT="55" CONTENT="diagram," />
            <SP ID="SP_115927" HPOS="525" VPOS="1236" WIDTH="23" HEIGHT="0" />
            <String ID="Word_128602" HPOS="548" VPOS="1236" WIDTH="75" HEIGHT="42" CONTENT="the" />
            <SP ID="SP_115928" HPOS="623" VPOS="1236" WIDTH="32" HEIGHT="0" />
            <String ID="Word_128603" HPOS="655" VPOS="1250" WIDTH="142" HEIGHT="41" CONTENT="power" />
            <SP ID="SP_115929" HPOS="797" VPOS="1238" WIDTH="32" HEIGHT="0" />
            <String ID="Word_128604" HPOS="829" VPOS="1238" WIDTH="46" HEIGHT="40" CONTENT="of" />
            <SP ID="SP_115930" HPOS="875" VPOS="1236" WIDTH="27" HEIGHT="0" />
            <String ID="Word_128605" HPOS="902" VPOS="1236" WIDTH="177" HEIGHT="42" CONTENT="reading" />
            <SP ID="SP_115931" HPOS="1079" VPOS="1236" WIDTH="31" HEIGHT="0" />
            <String ID="Word_128606" HPOS="1110" VPOS="1236" WIDTH="127" HEIGHT="42" CONTENT="aloud" />
            <SP ID="SP_115932" HPOS="1237" VPOS="1236" WIDTH="33" HEIGHT="0" />
            <String ID="Word_128607" HPOS="1270" VPOS="1237" WIDTH="153" HEIGHT="41" CONTENT="should" />
            <SP ID="SP_115933" HPOS="1423" VPOS="1237" WIDTH="34" HEIGHT="0" />
            <String ID="Word_128608" HPOS="1457" VPOS="1238" WIDTH="50" HEIGHT="41" CONTENT="be" />
            <SP ID="SP_115934" HPOS="1507" VPOS="1237" WIDTH="32" HEIGHT="0" />
            <String ID="Word_128609" HPOS="1539" VPOS="1237" WIDTH="96" HEIGHT="51" CONTENT="lost," />
            <SP ID="SP_115935" HPOS="1635" VPOS="1237" WIDTH="29" HEIGHT="0" />
            <String ID="Word_128610" HPOS="1664" VPOS="1239" WIDTH="77" HEIGHT="41" CONTENT="but" />
            <SP ID="SP_115936" HPOS="1741" VPOS="1239" WIDTH="32" HEIGHT="0" />
            <String ID="Word_128611" HPOS="1773" VPOS="1240" WIDTH="94" HEIGHT="41" CONTENT="that" />
            <SP ID="SP_115937" HPOS="1867" VPOS="1240" WIDTH="31" HEIGHT="0" />
            <String ID="Word_128612" HPOS="1898" VPOS="1241" WIDTH="45" HEIGHT="41" CONTENT="of" />
          </TextLine>
          <TextLine ID="TextLine_12681" HPOS="323" VPOS="1308" WIDTH="1615" HEIGHT="56">
            <String ID="Word_128613" HPOS="323" VPOS="1309" WIDTH="131" HEIGHT="42" CONTENT="silent" />
            <SP ID="SP_115938" HPOS="454" VPOS="1308" WIDTH="31" HEIGHT="0" />
            <String ID="Word_128614" HPOS="485" VPOS="1308" WIDTH="176" HEIGHT="56" CONTENT="reading" />
            <SP ID="SP_115939" HPOS="661" VPOS="1308" WIDTH="32" HEIGHT="0" />
            <String ID="Word_128615" HPOS="693" VPOS="1308" WIDTH="228" HEIGHT="55" CONTENT="preserved" />
            <SP ID="SP_115940" HPOS="921" VPOS="1308" WIDTH="26" HEIGHT="0" />
            <String ID="Word_128616" HPOS="947" VPOS="1308" WIDTH="148" HEIGHT="41" CONTENT="intact." />
            <SP ID="SP_115941" HPOS="1095" VPOS="1308" WIDTH="66" HEIGHT="0" />
            <String ID="Word_128617" HPOS="1161" VPOS="1308" WIDTH="20" HEIGHT="41" CONTENT="I" />
            <SP ID="SP_115942" HPOS="1181" VPOS="1308" WIDTH="22" HEIGHT="0" />
            <String ID="Word_128618" HPOS="1203" VPOS="1321" WIDTH="69" HEIGHT="27" CONTENT="am" />
            <SP ID="SP_115943" HPOS="1272" VPOS="1321" WIDTH="24" HEIGHT="0" />
            <String ID="Word_128619" HPOS="1296" VPOS="1321" WIDTH="96" HEIGHT="28" CONTENT="sure" />
            <SP ID="SP_115944" HPOS="1392" VPOS="1308" WIDTH="21" HEIGHT="0" />
            <String ID="Word_128620" HPOS="1413" VPOS="1308" WIDTH="95" HEIGHT="41" CONTENT="that" />
            <SP ID="SP_115945" HPOS="1508" VPOS="1308" WIDTH="22" HEIGHT="0" />
            <String ID="Word_128621" HPOS="1530" VPOS="1308" WIDTH="45" HEIGHT="42" CONTENT="in" />
            <SP ID="SP_115946" HPOS="1575" VPOS="1308" WIDTH="22" HEIGHT="0" />
            <String ID="Word_128622" HPOS="1597" VPOS="1310" WIDTH="341" HEIGHT="42" CONTENT="uncomplicated" />
          </TextLine>
          <TextLine ID="TextLine_12682" HPOS="323" VPOS="1378" WIDTH="1617" HEIGHT="55">
            <String ID="Word_128623" HPOS="323" VPOS="1393" WIDTH="117" HEIGHT="29" CONTENT="cases" />
            <SP ID="SP_115947" HPOS="440" VPOS="1380" WIDTH="32" HEIGHT="0" />
            <String ID="Word_128624" HPOS="472" VPOS="1380" WIDTH="87" HEIGHT="41" CONTENT="this" />
            <SP ID="SP_115948" HPOS="559" VPOS="1380" WIDTH="34" HEIGHT="0" />
            <String ID="Word_128625" HPOS="593" VPOS="1384" WIDTH="117" HEIGHT="37" CONTENT="must" />
            <SP ID="SP_115949" HPOS="710" VPOS="1379" WIDTH="29" HEIGHT="0" />
            <String ID="Word_128626" HPOS="739" VPOS="1379" WIDTH="54" HEIGHT="42" CONTENT="be" />
            <SP ID="SP_115950" HPOS="793" VPOS="1379" WIDTH="34" HEIGHT="0" />
            <String ID="Word_128627" HPOS="827" VPOS="1393" WIDTH="57" HEIGHT="27" CONTENT="so," />
            <SP ID="SP_115951" HPOS="884" VPOS="1380" WIDTH="23" HEIGHT="0" />
            <String ID="Word_128628" HPOS="907" VPOS="1380" WIDTH="79" HEIGHT="40" CONTENT="but" />
            <SP ID="SP_115952" HPOS="986" VPOS="1380" WIDTH="33" HEIGHT="0" />
            <String ID="Word_128629" HPOS="1019" VPOS="1380" WIDTH="19" HEIGHT="39" CONTENT="T" />
            <SP ID="SP_115953" HPOS="1038" VPOS="1378" WIDTH="35" HEIGHT="0" />
            <String ID="Word_128630" HPOS="1073" VPOS="1378" WIDTH="128" HEIGHT="42" CONTENT="much" />
            <SP ID="SP_115954" HPOS="1201" VPOS="1378" WIDTH="33" HEIGHT="0" />
            <String ID="Word_128631" HPOS="1234" VPOS="1383" WIDTH="138" HEIGHT="50" CONTENT="regret" />
            <SP ID="SP_115955" HPOS="1372" VPOS="1379" WIDTH="32" HEIGHT="0" />
            <String ID="Word_128632" HPOS="1404" VPOS="1379" WIDTH="94" HEIGHT="41" CONTENT="that" />
            <SP ID="SP_115956" HPOS="1498" VPOS="1379" WIDTH="32" HEIGHT="0" />
            <String ID="Word_128633" HPOS="1530" VPOS="1379" WIDTH="23" HEIGHT="41" CONTENT="I" />
            <SP ID="SP_115957" HPOS="1553" VPOS="1379" WIDTH="32" HEIGHT="0" />
            <String ID="Word_128634" HPOS="1585" VPOS="1380" WIDTH="107" HEIGHT="41" CONTENT="have" />
            <SP ID="SP_115958" HPOS="1692" VPOS="1380" WIDTH="22" HEIGHT="0" />
            <String ID="Word_128635" HPOS="1714" VPOS="1385" WIDTH="75" HEIGHT="36" CONTENT="not" />
            <SP ID="SP_115959" HPOS="1789" VPOS="1380" WIDTH="22" HEIGHT="0" />
            <String ID="Word_128636" HPOS="1811" VPOS="1380" WIDTH="81" HEIGHT="41" CONTENT="had" />
            <SP ID="SP_115960" HPOS="1892" VPOS="1380" WIDTH="25" HEIGHT="0" />
            <String ID="Word_128637" HPOS="1917" VPOS="1396" WIDTH="23" HEIGHT="25" CONTENT="a" />
          </TextLine>
          <TextLine ID="TextLine_12683" HPOS="322" VPOS="1449" WIDTH="1615" HEIGHT="55">
            <String ID="Word_128638" HPOS="322" VPOS="1465" WIDTH="96" HEIGHT="27" CONTENT="case" />
            <SP ID="SP_115961" HPOS="418" VPOS="1456" WIDTH="39" HEIGHT="0" />
            <String ID="Word_128639" HPOS="457" VPOS="1456" WIDTH="42" HEIGHT="36" CONTENT="to" />
            <SP ID="SP_115962" HPOS="499" VPOS="1451" WIDTH="33" HEIGHT="0" />
            <String ID="Word_128640" HPOS="532" VPOS="1464" WIDTH="176" HEIGHT="28" CONTENT="observe" />
            <SP ID="SP_115963" HPOS="708" VPOS="1450" WIDTH="38" HEIGHT="0" />
            <String ID="Word_128641" HPOS="746" VPOS="1450" WIDTH="156" HEIGHT="41" CONTENT="during" />
            <SP ID="SP_115964" HPOS="902" VPOS="1449" WIDTH="36" HEIGHT="0" />
            <String ID="Word_128642" HPOS="938" VPOS="1449" WIDTH="74" HEIGHT="42" CONTENT="the" />
            <SP ID="SP_115965" HPOS="1012" VPOS="1449" WIDTH="36" HEIGHT="0" />
            <String ID="Word_128643" HPOS="1048" VPOS="1449" WIDTH="84" HEIGHT="42" CONTENT="last" />
            <SP ID="SP_115966" HPOS="1132" VPOS="1449" WIDTH="33" HEIGHT="0" />
            <String ID="Word_128644" HPOS="1165" VPOS="1449" WIDTH="82" HEIGHT="41" CONTENT="few" />
            <SP ID="SP_115967" HPOS="1247" VPOS="1449" WIDTH="31" HEIGHT="0" />
            <String ID="Word_128645" HPOS="1278" VPOS="1463" WIDTH="121" HEIGHT="40" CONTENT="years" />
            <SP ID="SP_115968" HPOS="1403" VPOS="1482" WIDTH="179" HEIGHT="0" />
            <String ID="Word_128646" HPOS="1645" VPOS="1451" WIDTH="44" HEIGHT="41" CONTENT="It" />
            <SP ID="SP_115969" HPOS="1689" VPOS="1451" WIDTH="33" HEIGHT="0" />
            <String ID="Word_128647" HPOS="1722" VPOS="1451" WIDTH="77" HEIGHT="41" CONTENT="has" />
            <SP ID="SP_115970" HPOS="1799" VPOS="1451" WIDTH="33" HEIGHT="0" />
            <String ID="Word_128648" HPOS="1832" VPOS="1452" WIDTH="105" HEIGHT="41" CONTENT="been" />
          </TextLine>
          <TextLine ID="TextLine_12684" HPOS="323" VPOS="1519" WIDTH="1617" HEIGHT="57">
            <String ID="Word_128649" HPOS="323" VPOS="1529" WIDTH="118" HEIGHT="35" CONTENT="often" />
            <SP ID="SP_115971" HPOS="441" VPOS="1521" WIDTH="19" HEIGHT="0" />
            <String ID="Word_128650" HPOS="460" VPOS="1521" WIDTH="203" HEIGHT="55" CONTENT="specified" />
            <SP ID="SP_115972" HPOS="663" VPOS="1521" WIDTH="20" HEIGHT="0" />
            <String ID="Word_128651" HPOS="683" VPOS="1521" WIDTH="63" HEIGHT="54" CONTENT="[in" />
            <SP ID="SP_115973" HPOS="746" VPOS="1520" WIDTH="18" HEIGHT="0" />
            <String ID="Word_128652" HPOS="764" VPOS="1520" WIDTH="240" HEIGHT="42" CONTENT="literature]" />
            <SP ID="SP_115974" HPOS="1004" VPOS="1520" WIDTH="22" HEIGHT="0" />
            <String ID="Word_128653" HPOS="1026" VPOS="1520" WIDTH="94" HEIGHT="41" CONTENT="that" />
            <SP ID="SP_115975" HPOS="1120" VPOS="1520" WIDTH="17" HEIGHT="0" />
            <String ID="Word_128654" HPOS="1137" VPOS="1520" WIDTH="72" HEIGHT="41" CONTENT="the" />
            <SP ID="SP_115976" HPOS="1209" VPOS="1519" WIDTH="20" HEIGHT="0" />
            <String ID="Word_128655" HPOS="1229" VPOS="1519" WIDTH="163" HEIGHT="56" CONTENT="faculty" />
            <SP ID="SP_115977" HPOS="1392" VPOS="1519" WIDTH="18" HEIGHT="0" />
            <String ID="Word_128656" HPOS="1410" VPOS="1520" WIDTH="43" HEIGHT="41" CONTENT="of" />
            <SP ID="SP_115978" HPOS="1453" VPOS="1520" WIDTH="22" HEIGHT="0" />
            <String ID="Word_128657" HPOS="1475" VPOS="1520" WIDTH="175" HEIGHT="42" CONTENT="reading" />
            <SP ID="SP_115979" HPOS="1650" VPOS="1520" WIDTH="23" HEIGHT="0" />
            <String ID="Word_128658" HPOS="1673" VPOS="1535" WIDTH="83" HEIGHT="27" CONTENT="was" />
            <SP ID="SP_115980" HPOS="1756" VPOS="1521" WIDTH="23" HEIGHT="0" />
            <String ID="Word_128659" HPOS="1779" VPOS="1521" WIDTH="161" HEIGHT="53" CONTENT="intact;" />
          </TextLine>
          <TextLine ID="TextLine_12685" HPOS="322" VPOS="1590" WIDTH="1616" HEIGHT="56">
            <String ID="Word_128660" HPOS="322" VPOS="1608" WIDTH="54" HEIGHT="27" CONTENT="on" />
            <SP ID="SP_115981" HPOS="376" VPOS="1593" WIDTH="39" HEIGHT="0" />
            <String ID="Word_128661" HPOS="415" VPOS="1593" WIDTH="74" HEIGHT="41" CONTENT="the" />
            <SP ID="SP_115982" HPOS="489" VPOS="1592" WIDTH="37" HEIGHT="0" />
            <String ID="Word_128662" HPOS="526" VPOS="1592" WIDTH="122" HEIGHT="42" CONTENT="other" />
            <SP ID="SP_115983" HPOS="648" VPOS="1592" WIDTH="41" HEIGHT="0" />
            <String ID="Word_128663" HPOS="689" VPOS="1592" WIDTH="130" HEIGHT="41" CONTENT="hand," />
            <SP ID="SP_115984" HPOS="819" VPOS="1592" WIDTH="34" HEIGHT="0" />
            <String ID="Word_128664" HPOS="853" VPOS="1592" WIDTH="237" HEIGHT="40" CONTENT="Trousseau" />
            <SP ID="SP_115985" HPOS="1090" VPOS="1591" WIDTH="43" HEIGHT="0" />
            <String ID="Word_128665" HPOS="1133" VPOS="1591" WIDTH="75" HEIGHT="41" CONTENT="has" />
            <SP ID="SP_115986" HPOS="1208" VPOS="1590" WIDTH="43" HEIGHT="0" />
            <String ID="Word_128666" HPOS="1251" VPOS="1590" WIDTH="148" HEIGHT="42" CONTENT="shown" />
            <SP ID="SP_115987" HPOS="1399" VPOS="1590" WIDTH="43" HEIGHT="0" />
            <String ID="Word_128667" HPOS="1442" VPOS="1591" WIDTH="96" HEIGHT="41" CONTENT="that" />
            <SP ID="SP_115988" HPOS="1538" VPOS="1591" WIDTH="40" HEIGHT="0" />
            <String ID="Word_128668" HPOS="1578" VPOS="1605" WIDTH="130" HEIGHT="41" CONTENT="many" />
            <SP ID="SP_115989" HPOS="1708" VPOS="1592" WIDTH="36" HEIGHT="0" />
            <String ID="Word_128669" HPOS="1744" VPOS="1593" WIDTH="194" HEIGHT="41" CONTENT="aphasics" />
          </TextLine>
          <TextLine ID="TextLine_12686" HPOS="323" VPOS="1660" WIDTH="1616" HEIGHT="57">
            <String ID="Word_128670" HPOS="323" VPOS="1676" WIDTH="160" HEIGHT="41" CONTENT="appear" />
            <SP ID="SP_115990" HPOS="483" VPOS="1675" WIDTH="37" HEIGHT="0" />
            <String ID="Word_128671" HPOS="520" VPOS="1676" WIDTH="124" HEIGHT="27" CONTENT="eager" />
            <SP ID="SP_115991" HPOS="644" VPOS="1662" WIDTH="35" HEIGHT="0" />
            <String ID="Word_128672" HPOS="679" VPOS="1662" WIDTH="46" HEIGHT="40" CONTENT="in" />
            <SP ID="SP_115992" HPOS="725" VPOS="1661" WIDTH="38" HEIGHT="0" />
            <String ID="Word_128673" HPOS="763" VPOS="1661" WIDTH="113" HEIGHT="42" CONTENT="their" />
            <SP ID="SP_115993" HPOS="876" VPOS="1661" WIDTH="34" HEIGHT="0" />
            <String ID="Word_128674" HPOS="910" VPOS="1662" WIDTH="176" HEIGHT="41" CONTENT="reading" />
            <SP ID="SP_115994" HPOS="1086" VPOS="1660" WIDTH="37" HEIGHT="0" />
            <String ID="Word_128675" HPOS="1123" VPOS="1660" WIDTH="84" HEIGHT="42" CONTENT="and" />
            <SP ID="SP_115995" HPOS="1207" VPOS="1660" WIDTH="36" HEIGHT="0" />
            <String ID="Word_128676" HPOS="1243" VPOS="1665" WIDTH="73" HEIGHT="51" CONTENT="yet" />
            <SP ID="SP_115996" HPOS="1316" VPOS="1661" WIDTH="38" HEIGHT="0" />
            <String ID="Word_128677" HPOS="1354" VPOS="1661" WIDTH="53" HEIGHT="41" CONTENT="do" />
            <SP ID="SP_115997" HPOS="1407" VPOS="1661" WIDTH="32" HEIGHT="0" />
            <String ID="Word_128678" HPOS="1439" VPOS="1666" WIDTH="76" HEIGHT="36" CONTENT="not" />
            <SP ID="SP_115998" HPOS="1515" VPOS="1661" WIDTH="23" HEIGHT="0" />
            <String ID="Word_128679" HPOS="1538" VPOS="1661" WIDTH="263" HEIGHT="42" CONTENT="understand" />
            <SP ID="SP_115999" HPOS="1801" VPOS="1661" WIDTH="23" HEIGHT="0" />
            <String ID="Word_128680" HPOS="1824" VPOS="1668" WIDTH="115" HEIGHT="36" CONTENT="what" />
          </TextLine>
          <TextLine ID="TextLine_12687" HPOS="326" VPOS="1731" WIDTH="1615" HEIGHT="57">
            <String ID="Word_128681" HPOS="326" VPOS="1734" WIDTH="103" HEIGHT="41" CONTENT="they" />
            <SP ID="SP_116000" HPOS="429" VPOS="1732" WIDTH="44" HEIGHT="0" />
            <String ID="Word_128682" HPOS="473" VPOS="1746" WIDTH="98" HEIGHT="28" CONTENT="read" />
            <SP ID="SP_116001" HPOS="576" VPOS="1765" WIDTH="172" HEIGHT="0" />
            <String ID="Word_128683" HPOS="812" VPOS="1731" WIDTH="23" HEIGHT="42" CONTENT="I" />
            <SP ID="SP_116002" HPOS="835" VPOS="1731" WIDTH="42" HEIGHT="0" />
            <String ID="Word_128684" HPOS="877" VPOS="1731" WIDTH="110" HEIGHT="42" CONTENT="shall" />
            <SP ID="SP_116003" HPOS="987" VPOS="1731" WIDTH="42" HEIGHT="0" />
            <String ID="Word_128685" HPOS="1029" VPOS="1736" WIDTH="150" HEIGHT="37" CONTENT="return" />
            <SP ID="SP_116004" HPOS="1179" VPOS="1735" WIDTH="42" HEIGHT="0" />
            <String ID="Word_128686" HPOS="1221" VPOS="1735" WIDTH="43" HEIGHT="37" CONTENT="to" />
            <SP ID="SP_116005" HPOS="1264" VPOS="1731" WIDTH="43" HEIGHT="0" />
            <String ID="Word_128687" HPOS="1307" VPOS="1731" WIDTH="85" HEIGHT="41" CONTENT="this" />
            <SP ID="SP_116006" HPOS="1392" VPOS="1731" WIDTH="42" HEIGHT="0" />
            <String ID="Word_128688" HPOS="1434" VPOS="1731" WIDTH="134" HEIGHT="54" CONTENT="point," />
            <SP ID="SP_116007" HPOS="1568" VPOS="1731" WIDTH="35" HEIGHT="0" />
            <String ID="Word_128689" HPOS="1603" VPOS="1732" WIDTH="84" HEIGHT="41" CONTENT="and" />
            <SP ID="SP_116008" HPOS="1687" VPOS="1732" WIDTH="43" HEIGHT="0" />
            <String ID="Word_128690" HPOS="1730" VPOS="1732" WIDTH="117" HEIGHT="42" CONTENT="show" />
            <SP ID="SP_116009" HPOS="1847" VPOS="1732" WIDTH="37" HEIGHT="0" />
            <String ID="Word_128691" HPOS="1884" VPOS="1734" WIDTH="57" HEIGHT="54" CONTENT="by" />
          </TextLine>
          <TextLine ID="TextLine_12688" HPOS="327" VPOS="1800" WIDTH="1615" HEIGHT="58">
            <String ID="Word_128692" HPOS="327" VPOS="1803" WIDTH="196" HEIGHT="55" CONTENT="personal" />
            <SP ID="SP_116010" HPOS="523" VPOS="1802" WIDTH="44" HEIGHT="0" />
            <String ID="Word_128693" HPOS="567" VPOS="1802" WIDTH="295" HEIGHT="41" CONTENT="observations" />
            <SP ID="SP_116011" HPOS="862" VPOS="1802" WIDTH="43" HEIGHT="0" />
            <String ID="Word_128694" HPOS="905" VPOS="1802" WIDTH="95" HEIGHT="40" CONTENT="how" />
            <SP ID="SP_116012" HPOS="1000" VPOS="1801" WIDTH="40" HEIGHT="0" />
            <String ID="Word_128695" HPOS="1040" VPOS="1801" WIDTH="21" HEIGHT="40" CONTENT="I" />
            <SP ID="SP_116013" HPOS="1061" VPOS="1801" WIDTH="44" HEIGHT="0" />
            <String ID="Word_128696" HPOS="1105" VPOS="1801" WIDTH="127" HEIGHT="41" CONTENT="think" />
            <SP ID="SP_116014" HPOS="1232" VPOS="1800" WIDTH="44" HEIGHT="0" />
            <String ID="Word_128697" HPOS="1276" VPOS="1800" WIDTH="85" HEIGHT="42" CONTENT="this" />
            <SP ID="SP_116015" HPOS="1361" VPOS="1800" WIDTH="44" HEIGHT="0" />
            <String ID="Word_128698" HPOS="1405" VPOS="1801" WIDTH="311" HEIGHT="41" CONTENT="contradiction" />
            <SP ID="SP_116016" HPOS="1716" VPOS="1801" WIDTH="42" HEIGHT="0" />
            <String ID="Word_128699" HPOS="1758" VPOS="1816" WIDTH="98" HEIGHT="41" CONTENT="may" />
            <SP ID="SP_116017" HPOS="1856" VPOS="1803" WIDTH="34" HEIGHT="0" />
            <String ID="Word_128700" HPOS="1890" VPOS="1803" WIDTH="52" HEIGHT="42" CONTENT="be" />
          </TextLine>
          <TextLine ID="TextLine_12689" HPOS="326" VPOS="1871" WIDTH="1616" HEIGHT="58">
            <String ID="Word_128701" HPOS="326" VPOS="1873" WIDTH="266" HEIGHT="43" CONTENT="explained.&quot;" />
            <SP ID="SP_116018" HPOS="592" VPOS="1873" WIDTH="61" HEIGHT="0" />
            <String ID="Word_128702" HPOS="653" VPOS="1873" WIDTH="63" HEIGHT="41" CONTENT="At" />
            <SP ID="SP_116019" HPOS="716" VPOS="1873" WIDTH="21" HEIGHT="0" />
            <String ID="Word_128703" HPOS="737" VPOS="1886" WIDTH="108" HEIGHT="41" CONTENT="page" />
            <SP ID="SP_116020" HPOS="845" VPOS="1871" WIDTH="21" HEIGHT="0" />
            <String ID="Word_128704" HPOS="866" VPOS="1871" WIDTH="86" HEIGHT="42" CONTENT="468" />
            <SP ID="SP_116021" HPOS="952" VPOS="1871" WIDTH="33" HEIGHT="0" />
            <String ID="Word_128705" HPOS="985" VPOS="1871" WIDTH="54" HEIGHT="41" CONTENT="he" />
            <SP ID="SP_116022" HPOS="1039" VPOS="1871" WIDTH="22" HEIGHT="0" />
            <String ID="Word_128706" HPOS="1061" VPOS="1874" WIDTH="191" HEIGHT="52" CONTENT="says,—&quot;" />
            <SP ID="SP_116023" HPOS="1252" VPOS="1871" WIDTH="15" HEIGHT="0" />
            <String ID="Word_128707" HPOS="1267" VPOS="1871" WIDTH="136" HEIGHT="41" CONTENT="These" />
            <SP ID="SP_116024" HPOS="1403" VPOS="1871" WIDTH="23" HEIGHT="0" />
            <String ID="Word_128708" HPOS="1426" VPOS="1884" WIDTH="115" HEIGHT="29" CONTENT="cases" />
            <SP ID="SP_116025" HPOS="1541" VPOS="1884" WIDTH="27" HEIGHT="0" />
            <String ID="Word_128709" HPOS="1568" VPOS="1885" WIDTH="156" HEIGHT="41" CONTENT="appear" />
            <SP ID="SP_116026" HPOS="1724" VPOS="1877" WIDTH="23" HEIGHT="0" />
            <String ID="Word_128710" HPOS="1747" VPOS="1877" WIDTH="41" HEIGHT="36" CONTENT="to" />
            <SP ID="SP_116027" HPOS="1788" VPOS="1877" WIDTH="23" HEIGHT="0" />
            <String ID="Word_128711" HPOS="1811" VPOS="1886" WIDTH="67" HEIGHT="28" CONTENT="me" />
            <SP ID="SP_116028" HPOS="1878" VPOS="1878" WIDTH="22" HEIGHT="0" />
            <String ID="Word_128712" HPOS="1900" VPOS="1878" WIDTH="42" HEIGHT="36" CONTENT="to" />
          </TextLine>
          <TextLine ID="TextLine_12690" HPOS="325" VPOS="1941" WIDTH="1619" HEIGHT="56">
            <String ID="Word_128713" HPOS="325" VPOS="1945" WIDTH="111" HEIGHT="42" CONTENT="have" />
            <SP ID="SP_116029" HPOS="436" VPOS="1945" WIDTH="23" HEIGHT="0" />
            <String ID="Word_128714" HPOS="459" VPOS="1946" WIDTH="105" HEIGHT="40" CONTENT="been" />
            <SP ID="SP_116030" HPOS="564" VPOS="1944" WIDTH="25" HEIGHT="0" />
            <String ID="Word_128715" HPOS="589" VPOS="1944" WIDTH="217" HEIGHT="41" CONTENT="instances" />
            <SP ID="SP_116031" HPOS="806" VPOS="1944" WIDTH="28" HEIGHT="0" />
            <String ID="Word_128716" HPOS="834" VPOS="1944" WIDTH="43" HEIGHT="40" CONTENT="of" />
            <SP ID="SP_116032" HPOS="877" VPOS="1942" WIDTH="31" HEIGHT="0" />
            <String ID="Word_128717" HPOS="908" VPOS="1942" WIDTH="108" HEIGHT="42" CONTENT="total" />
            <SP ID="SP_116033" HPOS="1016" VPOS="1942" WIDTH="23" HEIGHT="0" />
            <String ID="Word_128718" HPOS="1039" VPOS="1942" WIDTH="178" HEIGHT="55" CONTENT="aphasia" />
            <SP ID="SP_116034" HPOS="1217" VPOS="1941" WIDTH="24" HEIGHT="0" />
            <String ID="Word_128719" HPOS="1241" VPOS="1941" WIDTH="241" HEIGHT="56" CONTENT="[combined" />
            <SP ID="SP_116035" HPOS="1482" VPOS="1941" WIDTH="23" HEIGHT="0" />
            <String ID="Word_128720" HPOS="1505" VPOS="1956" WIDTH="173" HEIGHT="28" CONTENT="sensory" />
            <SP ID="SP_116036" HPOS="1678" VPOS="1943" WIDTH="24" HEIGHT="0" />
            <String ID="Word_128721" HPOS="1702" VPOS="1943" WIDTH="83" HEIGHT="41" CONTENT="and" />
            <SP ID="SP_116037" HPOS="1785" VPOS="1943" WIDTH="23" HEIGHT="0" />
            <String ID="Word_128722" HPOS="1808" VPOS="1950" WIDTH="136" HEIGHT="35" CONTENT="motor" />
          </TextLine>
          <TextLine ID="TextLine_12691" HPOS="327" VPOS="2012" WIDTH="1615" HEIGHT="59">
            <String ID="Word_128723" HPOS="327" VPOS="2016" WIDTH="195" HEIGHT="55" CONTENT="aphasia]" />
            <SP ID="SP_116038" HPOS="522" VPOS="2015" WIDTH="24" HEIGHT="0" />
            <String ID="Word_128724" HPOS="546" VPOS="2015" WIDTH="44" HEIGHT="42" CONTENT="in" />
            <SP ID="SP_116039" HPOS="590" VPOS="2015" WIDTH="26" HEIGHT="0" />
            <String ID="Word_128725" HPOS="616" VPOS="2016" WIDTH="140" HEIGHT="39" CONTENT="which" />
            <SP ID="SP_116040" HPOS="756" VPOS="2014" WIDTH="25" HEIGHT="0" />
            <String ID="Word_128726" HPOS="781" VPOS="2014" WIDTH="73" HEIGHT="41" CONTENT="the" />
            <SP ID="SP_116041" HPOS="854" VPOS="2014" WIDTH="23" HEIGHT="0" />
            <String ID="Word_128727" HPOS="877" VPOS="2018" WIDTH="218" HEIGHT="51" CONTENT="symptom" />
            <SP ID="SP_116042" HPOS="1095" VPOS="2014" WIDTH="24" HEIGHT="0" />
            <String ID="Word_128728" HPOS="1119" VPOS="2014" WIDTH="45" HEIGHT="40" CONTENT="of" />
            <SP ID="SP_116043" HPOS="1164" VPOS="2012" WIDTH="26" HEIGHT="0" />
            <String ID="Word_128729" HPOS="1190" VPOS="2012" WIDTH="333" HEIGHT="42" CONTENT="word-deafness" />
            <SP ID="SP_116044" HPOS="1523" VPOS="2012" WIDTH="22" HEIGHT="0" />
            <String ID="Word_128730" HPOS="1545" VPOS="2013" WIDTH="76" HEIGHT="41" CONTENT="has" />
            <SP ID="SP_116045" HPOS="1621" VPOS="2013" WIDTH="23" HEIGHT="0" />
            <String ID="Word_128731" HPOS="1644" VPOS="2013" WIDTH="170" HEIGHT="55" CONTENT="already" />
            <SP ID="SP_116046" HPOS="1814" VPOS="2013" WIDTH="22" HEIGHT="0" />
            <String ID="Word_128732" HPOS="1836" VPOS="2014" WIDTH="106" HEIGHT="42" CONTENT="been" />
          </TextLine>
          <TextLine ID="TextLine_12692" HPOS="327" VPOS="2082" WIDTH="1616" HEIGHT="53">
            <String ID="Word_128733" HPOS="327" VPOS="2085" WIDTH="226" HEIGHT="44" CONTENT="recovered" />
            <SP ID="SP_116047" HPOS="553" VPOS="2084" WIDTH="32" HEIGHT="0" />
            <String ID="Word_128734" HPOS="585" VPOS="2084" WIDTH="147" HEIGHT="42" CONTENT="from,&quot;" />
            <SP ID="SP_116048" HPOS="732" VPOS="2084" WIDTH="34" HEIGHT="0" />
            <String ID="Word_128735" HPOS="766" VPOS="2084" WIDTH="77" HEIGHT="41" CONTENT="but" />
            <SP ID="SP_116049" HPOS="843" VPOS="2084" WIDTH="30" HEIGHT="0" />
            <String ID="Word_128736" HPOS="873" VPOS="2084" WIDTH="45" HEIGHT="40" CONTENT="in" />
            <SP ID="SP_116050" HPOS="918" VPOS="2083" WIDTH="34" HEIGHT="0" />
            <String ID="Word_128737" HPOS="952" VPOS="2083" WIDTH="141" HEIGHT="41" CONTENT="which" />
            <SP ID="SP_116051" HPOS="1093" VPOS="2083" WIDTH="32" HEIGHT="0" />
            <String ID="Word_128738" HPOS="1125" VPOS="2083" WIDTH="73" HEIGHT="41" CONTENT="the" />
            <SP ID="SP_116052" HPOS="1198" VPOS="2083" WIDTH="32" HEIGHT="0" />
            <String ID="Word_128739" HPOS="1230" VPOS="2083" WIDTH="186" HEIGHT="41" CONTENT="remains" />
            <SP ID="SP_116053" HPOS="1416" VPOS="2082" WIDTH="33" HEIGHT="0" />
            <String ID="Word_128740" HPOS="1449" VPOS="2082" WIDTH="45" HEIGHT="41" CONTENT="of" />
            <SP ID="SP_116054" HPOS="1494" VPOS="2082" WIDTH="29" HEIGHT="0" />
            <String ID="Word_128741" HPOS="1523" VPOS="2083" WIDTH="72" HEIGHT="41" CONTENT="the" />
            <SP ID="SP_116055" HPOS="1595" VPOS="2083" WIDTH="31" HEIGHT="0" />
            <String ID="Word_128742" HPOS="1626" VPOS="2083" WIDTH="135" HEIGHT="42" CONTENT="lesion" />
            <SP ID="SP_116056" HPOS="1761" VPOS="2083" WIDTH="32" HEIGHT="0" />
            <String ID="Word_128743" HPOS="1793" VPOS="2098" WIDTH="53" HEIGHT="26" CONTENT="on" />
            <SP ID="SP_116057" HPOS="1846" VPOS="2086" WIDTH="25" HEIGHT="0" />
            <String ID="Word_128744" HPOS="1871" VPOS="2086" WIDTH="72" HEIGHT="40" CONTENT="the" />
          </TextLine>
          <TextLine ID="TextLine_12693" HPOS="328" VPOS="2153" WIDTH="1616" HEIGHT="59">
            <String ID="Word_128745" HPOS="328" VPOS="2172" WIDTH="175" HEIGHT="29" CONTENT="sensory" />
            <SP ID="SP_116058" HPOS="503" VPOS="2156" WIDTH="39" HEIGHT="0" />
            <String ID="Word_128746" HPOS="542" VPOS="2156" WIDTH="92" HEIGHT="42" CONTENT="side" />
            <SP ID="SP_116059" HPOS="634" VPOS="2156" WIDTH="40" HEIGHT="0" />
            <String ID="Word_128747" HPOS="674" VPOS="2169" WIDTH="72" HEIGHT="28" CONTENT="are" />
            <SP ID="SP_116060" HPOS="746" VPOS="2155" WIDTH="43" HEIGHT="0" />
            <String ID="Word_128748" HPOS="789" VPOS="2155" WIDTH="216" HEIGHT="41" CONTENT="sufficient" />
            <SP ID="SP_116061" HPOS="1005" VPOS="2155" WIDTH="36" HEIGHT="0" />
            <String ID="Word_128749" HPOS="1041" VPOS="2158" WIDTH="44" HEIGHT="37" CONTENT="to" />
            <SP ID="SP_116062" HPOS="1085" VPOS="2154" WIDTH="36" HEIGHT="0" />
            <String ID="Word_128750" HPOS="1121" VPOS="2154" WIDTH="202" HEIGHT="41" CONTENT="interfere" />
            <SP ID="SP_116063" HPOS="1323" VPOS="2153" WIDTH="39" HEIGHT="0" />
            <String ID="Word_128751" HPOS="1362" VPOS="2153" WIDTH="103" HEIGHT="41" CONTENT="with" />
            <SP ID="SP_116064" HPOS="1465" VPOS="2153" WIDTH="39" HEIGHT="0" />
            <String ID="Word_128752" HPOS="1504" VPOS="2153" WIDTH="73" HEIGHT="42" CONTENT="the" />
            <SP ID="SP_116065" HPOS="1577" VPOS="2153" WIDTH="37" HEIGHT="0" />
            <String ID="Word_128753" HPOS="1614" VPOS="2154" WIDTH="209" HEIGHT="54" CONTENT="perfectly" />
            <SP ID="SP_116066" HPOS="1823" VPOS="2154" WIDTH="34" HEIGHT="0" />
            <String ID="Word_128754" HPOS="1857" VPOS="2155" WIDTH="87" HEIGHT="41" CONTENT="free" />
          </TextLine>
          <TextLine ID="TextLine_12694" HPOS="329" VPOS="2223" WIDTH="955" HEIGHT="58">
            <String ID="Word_128755" HPOS="329" VPOS="2234" WIDTH="158" HEIGHT="36" CONTENT="transit" />
            <SP ID="SP_116067" HPOS="487" VPOS="2227" WIDTH="22" HEIGHT="0" />
            <String ID="Word_128756" HPOS="509" VPOS="2227" WIDTH="43" HEIGHT="41" CONTENT="of" />
            <SP ID="SP_116068" HPOS="552" VPOS="2227" WIDTH="21" HEIGHT="0" />
            <String ID="Word_128757" HPOS="573" VPOS="2227" WIDTH="220" HEIGHT="54" CONTENT="incoming" />
            <SP ID="SP_116069" HPOS="793" VPOS="2224" WIDTH="22" HEIGHT="0" />
            <String ID="Word_128758" HPOS="815" VPOS="2224" WIDTH="154" HEIGHT="55" CONTENT="speech" />
            <SP ID="SP_116070" HPOS="969" VPOS="2224" WIDTH="23" HEIGHT="0" />
            <String ID="Word_128759" HPOS="992" VPOS="2229" WIDTH="43" HEIGHT="36" CONTENT="to" />
            <SP ID="SP_116071" HPOS="1035" VPOS="2224" WIDTH="24" HEIGHT="0" />
            <String ID="Word_128760" HPOS="1059" VPOS="2224" WIDTH="72" HEIGHT="41" CONTENT="the" />
            <SP ID="SP_116072" HPOS="1131" VPOS="2223" WIDTH="24" HEIGHT="0" />
            <String ID="Word_128761" HPOS="1155" VPOS="2237" WIDTH="129" HEIGHT="27" CONTENT="mind." />
          </TextLine>
          <TextLine ID="TextLine_12695" HPOS="389" VPOS="2293" WIDTH="1558" HEIGHT="57">
            <String ID="Word_128762" HPOS="389" VPOS="2300" WIDTH="101" HEIGHT="41" CONTENT="But," />
            <SP ID="SP_116073" HPOS="490" VPOS="2297" WIDTH="20" HEIGHT="0" />
            <String ID="Word_128763" HPOS="510" VPOS="2297" WIDTH="46" HEIGHT="43" CONTENT="in" />
            <SP ID="SP_116074" HPOS="556" VPOS="2297" WIDTH="35" HEIGHT="0" />
            <String ID="Word_128764" HPOS="591" VPOS="2302" WIDTH="136" HEIGHT="36" CONTENT="motor" />
            <SP ID="SP_116075" HPOS="727" VPOS="2295" WIDTH="27" HEIGHT="0" />
            <String ID="Word_128765" HPOS="754" VPOS="2295" WIDTH="188" HEIGHT="55" CONTENT="aphasia," />
            <SP ID="SP_116076" HPOS="942" VPOS="2295" WIDTH="24" HEIGHT="0" />
            <String ID="Word_128766" HPOS="966" VPOS="2308" WIDTH="115" HEIGHT="28" CONTENT="more" />
            <SP ID="SP_116077" HPOS="1081" VPOS="2308" WIDTH="23" HEIGHT="0" />
            <String ID="Word_128767" HPOS="1104" VPOS="2308" WIDTH="47" HEIGHT="27" CONTENT="or" />
            <SP ID="SP_116078" HPOS="1151" VPOS="2293" WIDTH="21" HEIGHT="0" />
            <String ID="Word_128768" HPOS="1172" VPOS="2293" WIDTH="82" HEIGHT="43" CONTENT="less" />
            <SP ID="SP_116079" HPOS="1254" VPOS="2293" WIDTH="23" HEIGHT="0" />
            <String ID="Word_128769" HPOS="1277" VPOS="2293" WIDTH="282" HEIGHT="42" CONTENT="interference" />
            <SP ID="SP_116080" HPOS="1559" VPOS="2293" WIDTH="24" HEIGHT="0" />
            <String ID="Word_128770" HPOS="1583" VPOS="2294" WIDTH="105" HEIGHT="41" CONTENT="with" />
            <SP ID="SP_116081" HPOS="1688" VPOS="2294" WIDTH="23" HEIGHT="0" />
            <String ID="Word_128771" HPOS="1711" VPOS="2294" WIDTH="72" HEIGHT="42" CONTENT="the" />
            <SP ID="SP_116082" HPOS="1783" VPOS="2294" WIDTH="22" HEIGHT="0" />
            <String ID="Word_128772" HPOS="1805" VPOS="2308" WIDTH="142" HEIGHT="41" CONTENT="power" />
          </TextLine>
          <TextLine ID="TextLine_12696" HPOS="331" VPOS="2364" WIDTH="1614" HEIGHT="58">
            <String ID="Word_128773" HPOS="331" VPOS="2371" WIDTH="46" HEIGHT="41" CONTENT="of" />
            <SP ID="SP_116083" HPOS="377" VPOS="2369" WIDTH="18" HEIGHT="0" />
            <String ID="Word_128774" HPOS="395" VPOS="2369" WIDTH="176" HEIGHT="43" CONTENT="reading" />
            <SP ID="SP_116084" HPOS="571" VPOS="2368" WIDTH="23" HEIGHT="0" />
            <String ID="Word_128775" HPOS="594" VPOS="2368" WIDTH="36" HEIGHT="40" CONTENT="is" />
            <SP ID="SP_116085" HPOS="630" VPOS="2368" WIDTH="23" HEIGHT="0" />
            <String ID="Word_128776" HPOS="653" VPOS="2381" WIDTH="45" HEIGHT="27" CONTENT="so" />
            <SP ID="SP_116086" HPOS="698" VPOS="2365" WIDTH="23" HEIGHT="0" />
            <String ID="Word_128777" HPOS="721" VPOS="2365" WIDTH="279" HEIGHT="55" CONTENT="exceedingly" />
            <SP ID="SP_116087" HPOS="1000" VPOS="2365" WIDTH="18" HEIGHT="0" />
            <String ID="Word_128778" HPOS="1018" VPOS="2364" WIDTH="414" HEIGHT="42" CONTENT="common—almost" />
            <SP ID="SP_116088" HPOS="1432" VPOS="2364" WIDTH="21" HEIGHT="0" />
            <String ID="Word_128779" HPOS="1453" VPOS="2365" WIDTH="353" HEIGHT="41" CONTENT="constant—that" />
            <SP ID="SP_116089" HPOS="1806" VPOS="2365" WIDTH="33" HEIGHT="0" />
            <String ID="Word_128780" HPOS="1839" VPOS="2366" WIDTH="21" HEIGHT="40" CONTENT="I" />
            <SP ID="SP_116090" HPOS="1860" VPOS="2366" WIDTH="33" HEIGHT="0" />
            <String ID="Word_128781" HPOS="1893" VPOS="2366" WIDTH="52" HEIGHT="40" CONTENT="do" />
          </TextLine>
          <TextLine ID="TextLine_12697" HPOS="333" VPOS="2434" WIDTH="1610" HEIGHT="56">
            <String ID="Word_128782" HPOS="333" VPOS="2447" WIDTH="74" HEIGHT="35" CONTENT="not" />
            <SP ID="SP_116091" HPOS="407" VPOS="2439" WIDTH="23" HEIGHT="0" />
            <String ID="Word_128783" HPOS="430" VPOS="2439" WIDTH="128" HEIGHT="41" CONTENT="think" />
            <SP ID="SP_116092" HPOS="558" VPOS="2438" WIDTH="24" HEIGHT="0" />
            <String ID="Word_128784" HPOS="582" VPOS="2438" WIDTH="35" HEIGHT="40" CONTENT="it" />
            <SP ID="SP_116093" HPOS="617" VPOS="2438" WIDTH="22" HEIGHT="0" />
            <String ID="Word_128785" HPOS="639" VPOS="2452" WIDTH="77" HEIGHT="26" CONTENT="can" />
            <SP ID="SP_116094" HPOS="716" VPOS="2437" WIDTH="25" HEIGHT="0" />
            <String ID="Word_128786" HPOS="741" VPOS="2437" WIDTH="50" HEIGHT="42" CONTENT="be" />
            <SP ID="SP_116095" HPOS="791" VPOS="2436" WIDTH="24" HEIGHT="0" />
            <String ID="Word_128787" HPOS="815" VPOS="2450" WIDTH="160" HEIGHT="40" CONTENT="always" />
            <SP ID="SP_116096" HPOS="975" VPOS="2434" WIDTH="22" HEIGHT="0" />
            <String ID="Word_128788" HPOS="997" VPOS="2434" WIDTH="230" HEIGHT="42" CONTENT="explained" />
            <SP ID="SP_116097" HPOS="1227" VPOS="2434" WIDTH="17" HEIGHT="0" />
            <String ID="Word_128789" HPOS="1244" VPOS="2434" WIDTH="44" HEIGHT="40" CONTENT="in" />
            <SP ID="SP_116098" HPOS="1288" VPOS="2434" WIDTH="19" HEIGHT="0" />
            <String ID="Word_128790" HPOS="1307" VPOS="2434" WIDTH="85" HEIGHT="40" CONTENT="this" />
            <SP ID="SP_116099" HPOS="1392" VPOS="2434" WIDTH="26" HEIGHT="0" />
            <String ID="Word_128791" HPOS="1418" VPOS="2447" WIDTH="101" HEIGHT="41" CONTENT="way." />
            <SP ID="SP_116100" HPOS="1519" VPOS="2434" WIDTH="62" HEIGHT="0" />
            <String ID="Word_128792" HPOS="1581" VPOS="2434" WIDTH="68" HEIGHT="40" CONTENT="An" />
            <SP ID="SP_116101" HPOS="1649" VPOS="2434" WIDTH="22" HEIGHT="0" />
            <String ID="Word_128793" HPOS="1671" VPOS="2439" WIDTH="272" HEIGHT="49" CONTENT="explanation" />
          </TextLine>
          <TextLine ID="TextLine_12698" HPOS="333" VPOS="2504" WIDTH="1614" HEIGHT="60">
            <String ID="Word_128794" HPOS="333" VPOS="2513" WIDTH="96" HEIGHT="41" CONTENT="that" />
            <SP ID="SP_116102" HPOS="429" VPOS="2513" WIDTH="22" HEIGHT="0" />
            <String ID="Word_128795" HPOS="451" VPOS="2522" WIDTH="178" HEIGHT="42" CONTENT="appears" />
            <SP ID="SP_116103" HPOS="629" VPOS="2520" WIDTH="23" HEIGHT="0" />
            <String ID="Word_128796" HPOS="652" VPOS="2522" WIDTH="117" HEIGHT="27" CONTENT="more" />
            <SP ID="SP_116104" HPOS="769" VPOS="2506" WIDTH="21" HEIGHT="0" />
            <String ID="Word_128797" HPOS="790" VPOS="2506" WIDTH="218" HEIGHT="57" CONTENT="generally" />
            <SP ID="SP_116105" HPOS="1008" VPOS="2505" WIDTH="24" HEIGHT="0" />
            <String ID="Word_128798" HPOS="1032" VPOS="2505" WIDTH="238" HEIGHT="55" CONTENT="applicable" />
            <SP ID="SP_116106" HPOS="1270" VPOS="2505" WIDTH="24" HEIGHT="0" />
            <String ID="Word_128799" HPOS="1294" VPOS="2518" WIDTH="96" HEIGHT="40" CONTENT="may" />
            <SP ID="SP_116107" HPOS="1390" VPOS="2504" WIDTH="20" HEIGHT="0" />
            <String ID="Word_128800" HPOS="1410" VPOS="2504" WIDTH="51" HEIGHT="41" CONTENT="be" />
            <SP ID="SP_116108" HPOS="1461" VPOS="2504" WIDTH="23" HEIGHT="0" />
            <String ID="Word_128801" HPOS="1484" VPOS="2504" WIDTH="186" HEIGHT="41" CONTENT="founded" />
            <SP ID="SP_116109" HPOS="1670" VPOS="2504" WIDTH="24" HEIGHT="0" />
            <String ID="Word_128802" HPOS="1694" VPOS="2507" WIDTH="253" HEIGHT="52" CONTENT="upon—(1)," />
          </TextLine>
          <TextLine ID="TextLine_12699" HPOS="335" VPOS="2573" WIDTH="1614" HEIGHT="62">
            <String ID="Word_128803" HPOS="335" VPOS="2582" WIDTH="72" HEIGHT="42" CONTENT="the" />
            <SP ID="SP_116110" HPOS="407" VPOS="2579" WIDTH="23" HEIGHT="0" />
            <String ID="Word_128804" HPOS="430" VPOS="2579" WIDTH="246" HEIGHT="56" CONTENT="suggestion" />
            <SP ID="SP_116111" HPOS="676" VPOS="2577" WIDTH="19" HEIGHT="0" />
            <String ID="Word_128805" HPOS="695" VPOS="2577" WIDTH="43" HEIGHT="42" CONTENT="of" />
            <SP ID="SP_116112" HPOS="738" VPOS="2577" WIDTH="24" HEIGHT="0" />
            <String ID="Word_128806" HPOS="762" VPOS="2578" WIDTH="215" HEIGHT="40" CONTENT="Professor" />
            <SP ID="SP_116113" HPOS="977" VPOS="2575" WIDTH="19" HEIGHT="0" />
            <String ID="Word_128807" HPOS="996" VPOS="2575" WIDTH="137" HEIGHT="50" CONTENT="Bain,2" />
            <SP ID="SP_116114" HPOS="1133" VPOS="2575" WIDTH="23" HEIGHT="0" />
            <String ID="Word_128808" HPOS="1156" VPOS="2575" WIDTH="93" HEIGHT="41" CONTENT="that" />
            <SP ID="SP_116115" HPOS="1249" VPOS="2574" WIDTH="17" HEIGHT="0" />
            <String ID="Word_128809" HPOS="1266" VPOS="2574" WIDTH="73" HEIGHT="42" CONTENT="the" />
            <SP ID="SP_116116" HPOS="1339" VPOS="2574" WIDTH="17" HEIGHT="0" />
            <String ID="Word_128810" HPOS="1356" VPOS="2578" WIDTH="138" HEIGHT="37" CONTENT="motor" />
            <SP ID="SP_116117" HPOS="1494" VPOS="2573" WIDTH="15" HEIGHT="0" />
            <String ID="Word_128811" HPOS="1509" VPOS="2573" WIDTH="160" HEIGHT="55" CONTENT="images" />
            <SP ID="SP_116118" HPOS="1669" VPOS="2573" WIDTH="18" HEIGHT="0" />
            <String ID="Word_128812" HPOS="1687" VPOS="2573" WIDTH="107" HEIGHT="43" CONTENT="have" />
            <SP ID="SP_116119" HPOS="1794" VPOS="2573" WIDTH="21" HEIGHT="0" />
            <String ID="Word_128813" HPOS="1815" VPOS="2588" WIDTH="25" HEIGHT="28" CONTENT="a" />
            <SP ID="SP_116120" HPOS="1840" VPOS="2588" WIDTH="23" HEIGHT="0" />
            <String ID="Word_128814" HPOS="1863" VPOS="2588" WIDTH="86" HEIGHT="28" CONTENT="cer-" />
          </TextLine>
          <TextLine ID="TextLine_12700" HPOS="334" VPOS="2643" WIDTH="1617" HEIGHT="56">
            <String ID="Word_128815" HPOS="334" VPOS="2653" WIDTH="91" HEIGHT="43" CONTENT="tain" />
            <SP ID="SP_116121" HPOS="425" VPOS="2650" WIDTH="17" HEIGHT="0" />
            <String ID="Word_128816" HPOS="442" VPOS="2650" WIDTH="126" HEIGHT="42" CONTENT="value" />
            <SP ID="SP_116122" HPOS="568" VPOS="2650" WIDTH="14" HEIGHT="0" />
            <String ID="Word_128817" HPOS="582" VPOS="2650" WIDTH="45" HEIGHT="40" CONTENT="in" />
            <SP ID="SP_116123" HPOS="627" VPOS="2648" WIDTH="16" HEIGHT="0" />
            <String ID="Word_128818" HPOS="643" VPOS="2648" WIDTH="239" HEIGHT="42" CONTENT="connexion" />
            <SP ID="SP_116124" HPOS="882" VPOS="2648" WIDTH="17" HEIGHT="0" />
            <String ID="Word_128819" HPOS="899" VPOS="2660" WIDTH="109" HEIGHT="28" CONTENT="even" />
            <SP ID="SP_116125" HPOS="1008" VPOS="2645" WIDTH="17" HEIGHT="0" />
            <String ID="Word_128820" HPOS="1025" VPOS="2645" WIDTH="103" HEIGHT="42" CONTENT="with" />
            <SP ID="SP_116126" HPOS="1128" VPOS="2645" WIDTH="19" HEIGHT="0" />
            <String ID="Word_128821" HPOS="1147" VPOS="2646" WIDTH="70" HEIGHT="41" CONTENT="the" />
            <SP ID="SP_116127" HPOS="1217" VPOS="2644" WIDTH="14" HEIGHT="0" />
            <String ID="Word_128822" HPOS="1231" VPOS="2644" WIDTH="217" HEIGHT="55" CONTENT="reception" />
            <SP ID="SP_116128" HPOS="1448" VPOS="2643" WIDTH="15" HEIGHT="0" />
            <String ID="Word_128823" HPOS="1463" VPOS="2643" WIDTH="84" HEIGHT="42" CONTENT="and" />
            <SP ID="SP_116129" HPOS="1547" VPOS="2643" WIDTH="15" HEIGHT="0" />
            <String ID="Word_128824" HPOS="1562" VPOS="2644" WIDTH="328" HEIGHT="55" CONTENT="interpretation" />
            <SP ID="SP_116130" HPOS="1890" VPOS="2644" WIDTH="17" HEIGHT="0" />
            <String ID="Word_128825" HPOS="1907" VPOS="2645" WIDTH="44" HEIGHT="41" CONTENT="of" />
          </TextLine>
          <TextLine ID="TextLine_12701" HPOS="334" VPOS="2714" WIDTH="1611" HEIGHT="65">
            <String ID="Word_128826" HPOS="334" VPOS="2723" WIDTH="154" HEIGHT="56" CONTENT="speech" />
            <SP ID="SP_116131" HPOS="488" VPOS="2723" WIDTH="21" HEIGHT="0" />
            <String ID="Word_128827" HPOS="509" VPOS="2737" WIDTH="10" HEIGHT="37" CONTENT=";" />
            <SP ID="SP_116132" HPOS="519" VPOS="2720" WIDTH="31" HEIGHT="0" />
            <String ID="Word_128828" HPOS="550" VPOS="2720" WIDTH="84" HEIGHT="42" CONTENT="and" />
            <SP ID="SP_116133" HPOS="634" VPOS="2719" WIDTH="22" HEIGHT="0" />
            <String ID="Word_128829" HPOS="656" VPOS="2719" WIDTH="79" HEIGHT="55" CONTENT="(2)," />
            <SP ID="SP_116134" HPOS="735" VPOS="2718" WIDTH="23" HEIGHT="0" />
            <String ID="Word_128830" HPOS="758" VPOS="2718" WIDTH="72" HEIGHT="41" CONTENT="the" />
            <SP ID="SP_116135" HPOS="830" VPOS="2718" WIDTH="32" HEIGHT="0" />
            <String ID="Word_128831" HPOS="862" VPOS="2718" WIDTH="87" HEIGHT="41" CONTENT="fact" />
            <SP ID="SP_116136" HPOS="949" VPOS="2715" WIDTH="32" HEIGHT="0" />
            <String ID="Word_128832" HPOS="981" VPOS="2715" WIDTH="271" HEIGHT="55" CONTENT="emphasized" />
            <SP ID="SP_116137" HPOS="1252" VPOS="2715" WIDTH="31" HEIGHT="0" />
            <String ID="Word_128833" HPOS="1283" VPOS="2715" WIDTH="58" HEIGHT="55" CONTENT="by" />
            <SP ID="SP_116138" HPOS="1341" VPOS="2715" WIDTH="22" HEIGHT="0" />
            <String ID="Word_128834" HPOS="1363" VPOS="2715" WIDTH="177" HEIGHT="49" CONTENT="Terrier," />
            <SP ID="SP_116139" HPOS="1540" VPOS="2714" WIDTH="21" HEIGHT="0" />
            <String ID="Word_128835" HPOS="1561" VPOS="2714" WIDTH="96" HEIGHT="42" CONTENT="that" />
            <SP ID="SP_116140" HPOS="1657" VPOS="2714" WIDTH="30" HEIGHT="0" />
            <String ID="Word_128836" HPOS="1687" VPOS="2715" WIDTH="117" HEIGHT="41" CONTENT="there" />
            <SP ID="SP_116141" HPOS="1804" VPOS="2714" WIDTH="32" HEIGHT="0" />
            <String ID="Word_128837" HPOS="1836" VPOS="2714" WIDTH="37" HEIGHT="42" CONTENT="is" />
            <SP ID="SP_116142" HPOS="1873" VPOS="2714" WIDTH="31" HEIGHT="0" />
            <String ID="Word_128838" HPOS="1904" VPOS="2715" WIDTH="41" HEIGHT="40" CONTENT="in" />
          </TextLine>
          <TextLine ID="TextLine_12702" HPOS="335" VPOS="2785" WIDTH="1613" HEIGHT="61">
            <String ID="Word_128839" HPOS="335" VPOS="2792" WIDTH="209" HEIGHT="47" CONTENT="educated" />
            <SP ID="SP_116143" HPOS="544" VPOS="2790" WIDTH="43" HEIGHT="0" />
            <String ID="Word_128840" HPOS="587" VPOS="2790" WIDTH="151" HEIGHT="56" CONTENT="people" />
            <SP ID="SP_116144" HPOS="738" VPOS="2790" WIDTH="43" HEIGHT="0" />
            <String ID="Word_128841" HPOS="781" VPOS="2804" WIDTH="53" HEIGHT="26" CONTENT="an" />
            <SP ID="SP_116145" HPOS="834" VPOS="2786" WIDTH="44" HEIGHT="0" />
            <String ID="Word_128842" HPOS="878" VPOS="2786" WIDTH="281" HEIGHT="55" CONTENT="exceedingly" />
            <SP ID="SP_116146" HPOS="1159" VPOS="2786" WIDTH="31" HEIGHT="0" />
            <String ID="Word_128843" HPOS="1190" VPOS="2799" WIDTH="113" HEIGHT="29" CONTENT="close" />
            <SP ID="SP_116147" HPOS="1303" VPOS="2785" WIDTH="32" HEIGHT="0" />
            <String ID="Word_128844" HPOS="1335" VPOS="2785" WIDTH="283" HEIGHT="55" CONTENT="relationship" />
            <SP ID="SP_116148" HPOS="1618" VPOS="2785" WIDTH="34" HEIGHT="0" />
            <String ID="Word_128845" HPOS="1652" VPOS="2786" WIDTH="192" HEIGHT="41" CONTENT="between" />
            <SP ID="SP_116149" HPOS="1844" VPOS="2785" WIDTH="32" HEIGHT="0" />
            <String ID="Word_128846" HPOS="1876" VPOS="2785" WIDTH="72" HEIGHT="41" CONTENT="the" />
          </TextLine>
          <TextLine ID="TextLine_12703" HPOS="338" VPOS="2856" WIDTH="1613" HEIGHT="54">
            <String ID="Word_128847" HPOS="338" VPOS="2865" WIDTH="139" HEIGHT="44" CONTENT="visual" />
            <SP ID="SP_116150" HPOS="477" VPOS="2864" WIDTH="32" HEIGHT="0" />
            <String ID="Word_128848" HPOS="509" VPOS="2864" WIDTH="161" HEIGHT="41" CONTENT="images" />
            <SP ID="SP_116151" HPOS="670" VPOS="2862" WIDTH="34" HEIGHT="0" />
            <String ID="Word_128849" HPOS="704" VPOS="2862" WIDTH="45" HEIGHT="40" CONTENT="of" />
            <SP ID="SP_116152" HPOS="749" VPOS="2860" WIDTH="30" HEIGHT="0" />
            <String ID="Word_128850" HPOS="779" VPOS="2860" WIDTH="148" HEIGHT="41" CONTENT="letters" />
            <SP ID="SP_116153" HPOS="927" VPOS="2860" WIDTH="31" HEIGHT="0" />
            <String ID="Word_128851" HPOS="958" VPOS="2862" WIDTH="46" HEIGHT="38" CONTENT="at" />
            <SP ID="SP_116154" HPOS="1004" VPOS="2857" WIDTH="31" HEIGHT="0" />
            <String ID="Word_128852" HPOS="1035" VPOS="2857" WIDTH="33" HEIGHT="43" CONTENT="0" />
            <SP ID="SP_116155" HPOS="1068" VPOS="2856" WIDTH="33" HEIGHT="0" />
            <String ID="Word_128853" HPOS="1101" VPOS="2856" WIDTH="84" HEIGHT="43" CONTENT="and" />
            <SP ID="SP_116156" HPOS="1185" VPOS="2856" WIDTH="23" HEIGHT="0" />
            <String ID="Word_128854" HPOS="1208" VPOS="2856" WIDTH="111" HEIGHT="42" CONTENT="their" />
            <SP ID="SP_116157" HPOS="1319" VPOS="2856" WIDTH="23" HEIGHT="0" />
            <String ID="Word_128855" HPOS="1342" VPOS="2862" WIDTH="136" HEIGHT="36" CONTENT="motor" />
            <SP ID="SP_116158" HPOS="1478" VPOS="2856" WIDTH="21" HEIGHT="0" />
            <String ID="Word_128856" HPOS="1499" VPOS="2856" WIDTH="271" HEIGHT="42" CONTENT="articulative" />
            <SP ID="SP_116159" HPOS="1770" VPOS="2856" WIDTH="24" HEIGHT="0" />
            <String ID="Word_128857" HPOS="1794" VPOS="2856" WIDTH="157" HEIGHT="54" CONTENT="images" />
          </TextLine>
        </TextBlock>
        <TextBlock ID="TextBlock_1050" HPOS="473" VPOS="2994" WIDTH="407" HEIGHT="60">
          <TextLine ID="TextLine_12704" HPOS="479" VPOS="3000" WIDTH="395" HEIGHT="47">
            <String ID="Word_128858" HPOS="479" VPOS="3004" WIDTH="11" HEIGHT="22" CONTENT="1" />
            <SP ID="SP_116160" HPOS="490" VPOS="3001" WIDTH="25" HEIGHT="0" />
            <String ID="Word_128859" HPOS="515" VPOS="3001" WIDTH="131" HEIGHT="39" CONTENT="Brain," />
            <SP ID="SP_116161" HPOS="646" VPOS="3000" WIDTH="18" HEIGHT="0" />
            <String ID="Word_128860" HPOS="664" VPOS="3000" WIDTH="84" HEIGHT="36" CONTENT="Jan." />
            <SP ID="SP_116162" HPOS="748" VPOS="3000" WIDTH="24" HEIGHT="0" />
            <String ID="Word_128861" HPOS="772" VPOS="3001" WIDTH="102" HEIGHT="33" CONTENT="1885." />
          </TextLine>
        </TextBlock>
        <TextBlock ID="TextBlock_1051" HPOS="1302" VPOS="2987" WIDTH="516" HEIGHT="62">
          <TextLine ID="TextLine_12705" HPOS="1308" VPOS="2993" WIDTH="504" HEIGHT="50">
            <String ID="Word_128862" HPOS="1308" VPOS="2995" WIDTH="14" HEIGHT="22" CONTENT="2" />
            <SP ID="SP_116163" HPOS="1322" VPOS="2994" WIDTH="25" HEIGHT="0" />
            <String ID="Word_128863" HPOS="1347" VPOS="2994" WIDTH="68" HEIGHT="38" CONTENT="See" />
            <SP ID="SP_116164" HPOS="1415" VPOS="2993" WIDTH="18" HEIGHT="0" />
            <String ID="Word_128864" HPOS="1433" VPOS="2993" WIDTH="172" HEIGHT="45" CONTENT="footnote," />
            <SP ID="SP_116165" HPOS="1605" VPOS="2993" WIDTH="21" HEIGHT="0" />
            <String ID="Word_128865" HPOS="1626" VPOS="3005" WIDTH="88" HEIGHT="37" CONTENT="page" />
            <SP ID="SP_116166" HPOS="1714" VPOS="2996" WIDTH="18" HEIGHT="0" />
            <String ID="Word_128866" HPOS="1732" VPOS="2996" WIDTH="80" HEIGHT="33" CONTENT="318." />
          </TextLine>
        </TextBlock>
      </PrintSpace>
    </Page>
  </Layout>
</alto>
