2107 3450
460 287 267 35 PATHOLOGY
760 289 57 32 OF
847 289 90 33 THE
970 290 152 35 MOTOR
1155 292 368 35 SPEECH-TRACTS.

1732 283 86 43 435

161 400 138 43 sound
323 399 110 43 cord.
497 400 91 42 The
611 403 247 53 symptoms
881 400 88 42 and
993 400 75 43 the
1091 401 332 57 laryngoscopic
1446 416 296 42 appearances
1775 403 48 41 of

163 472 98 51 this,
283 471 75 42 the
381 472 158 42 second
563 475 121 53 stage
708 472 45 42 of
773 477 229 37 recurrent
1033 472 218 56 paralysis
1279 473 87 43 due
1399 478 45 38 to
1477 474 236 42 aneurism,
1747 488 72 28 are

160 543 191 42 familiar
374 548 43 37 to
440 557 133 41 every
595 543 232 55 physician
847 558 9 38 ;
877 543 83 42 but
977 543 76 43 the
1078 544 93 42 first
1194 550 124 36 stage
1342 544 36 42 is
1401 553 79 33 not
1504 559 46 27 so
1575 544 242 56 familiarly

162 615 170 50 known,
356 629 46 28 as
424 615 123 43 there
572 629 101 42 may
698 615 52 42 be
775 629 56 27 no
865 619 249 51 symptoms
1148 616 233 55 betraying
1403 617 59 41 its
1487 630 223 42 presence,
1733 616 87 42 and

160 700 46 29 as
229 687 36 42 it
287 700 80 29 can
389 687 105 57 only
517 688 53 42 be
593 687 241 43 diagnosed
857 686 108 42 with
987 687 77 42 the
1087 687 74 43 aid
1184 688 45 42 of
1252 688 76 43 the
1351 688 328 56 laryngoscope.

220 758 248 44 Unilateral
511 759 215 56 paralysis
770 759 46 42 of
858 759 76 42 the
968 764 231 38 recurrent
1232 774 148 29 nerve,
1413 760 108 43 such
1555 774 47 28 as
1645 760 37 42 is
1715 760 105 42 thus

161 844 45 28 so
245 831 121 43 often
410 831 84 43 due
537 836 45 38 to
627 831 222 42 aneurism
893 832 47 40 of
979 831 76 43 the
1098 836 134 49 aorta,
1271 846 103 42 may
1412 832 93 42 also
1549 833 53 41 be
1645 832 85 41 due
1776 836 44 37 to

160 902 124 43 other
317 917 165 29 causes,
506 904 86 42 and
626 918 129 29 occur
776 904 46 41 in
847 904 250 42 connexion
1129 905 143 42 either
1294 905 110 42 with
1437 905 76 42 the
1534 905 83 42 left
1639 918 48 29 or
1710 910 110 36 with

159 975 73 42 the
264 975 119 56 right
414 982 238 37 recurrent.
717 976 121 42 Thus
878 977 74 41 the
990 991 205 41 pressure
1238 978 113 41 from
1389 991 25 28 a
1446 981 182 38 tumour
1660 976 49 42 in
1742 976 78 42 the

159 1047 327 53 mediastinum,
518 1062 47 29 or
597 1049 112 42 from
743 1062 25 28 a
800 1048 236 56 glandular
1068 1053 180 37 tumour
1279 1049 48 42 in
1363 1048 79 44 the
1468 1049 126 43 neck,
1626 1063 47 28 or
1706 1049 114 41 from

159 1119 73 43 the
256 1119 205 57 enlarged
484 1120 156 43 lateral
663 1121 100 42 lobe
786 1121 48 42 of
851 1135 26 27 a
897 1120 196 56 goitrous
1118 1120 180 56 thyroid
1333 1121 129 55 body,
1497 1135 59 37 or,
1579 1120 141 56 again,
1744 1120 76 42 the

158 1192 302 43 involvement
481 1193 48 42 of
557 1193 76 43 the
667 1207 133 29 nerve
831 1193 46 42 in
912 1206 235 29 cancerous
1175 1193 169 42 disease
1367 1193 44 42 of
1445 1193 74 42 the
1544 1205 275 44 oesophagus,

158 1278 46 27 or
234 1265 60 42 its
328 1265 308 55 compression,
672 1279 56 28 on
761 1265 75 42 the
868 1264 119 57 right
1020 1264 107 52 side,
1151 1265 59 41 by
1233 1264 77 42 the
1342 1263 340 44 newly-formed
1717 1276 102 30 con-

158 1335 173 43 nective
357 1336 135 44 tissue
515 1336 45 43 of
588 1350 24 28 a
644 1336 207 56 pleuritic
885 1336 261 43 thickening
1178 1340 46 38 at
1260 1336 76 43 the
1370 1350 111 28 apex
1517 1336 47 41 of
1592 1336 75 41 the
1700 1334 120 56 right

156 1407 256 57 lung,—all
453 1409 45 42 of
540 1409 125 42 these
707 1409 252 42 conditions
1003 1423 104 40 may
1149 1408 194 56 produce
1387 1408 218 56 paralysis
1654 1407 46 42 of
1745 1406 76 42 the

158 1485 226 38 recurrent
420 1495 136 29 nerve
594 1495 58 29 on
690 1495 82 28 one
809 1495 49 28 or
895 1481 126 43 other
1059 1481 122 43 side;
1225 1480 87 43 and
1350 1480 75 42 the
1459 1479 217 57 paralysis
1717 1491 105 42 may

157 1558 177 50 present
367 1568 24 28 a
423 1554 95 42 first
555 1553 87 42 and
685 1567 25 28 a
752 1553 163 43 second
952 1558 134 52 stage,
1124 1567 47 29 as
1210 1552 129 43 when
1376 1552 37 42 it
1455 1552 38 42 is
1533 1551 85 43 due
1655 1555 46 38 to
1743 1550 77 42 the

159 1638 199 42 pressure
381 1625 48 43 of
447 1639 57 28 an
526 1625 138 43 aortic
686 1625 234 43 aneurism.

218 1697 203 42 Further,
452 1698 37 41 it
521 1698 161 42 should
715 1698 54 43 be
803 1698 300 43 remembered
1135 1697 99 43 that
1266 1700 231 40 recurrent
1530 1694 218 57 paralysis
1783 1694 38 43 is

155 1771 252 42 sometimes
430 1771 84 42 due
536 1774 46 39 to
604 1785 202 42 pressure
829 1786 120 27 upon
973 1771 75 42 the
1079 1770 138 42 trunk
1251 1770 45 42 of
1330 1769 76 43 the
1439 1783 149 43 vagus,
1621 1774 46 36 at
1700 1781 120 29 some

156 1842 126 56 point
298 1843 138 43 above
454 1843 74 43 the
550 1843 117 43 level
689 1849 45 37 at
757 1844 143 42 which
920 1845 76 41 the
1018 1847 228 39 recurrent
1267 1857 136 28 nerve
1425 1843 39 41 is
1487 1855 133 43 given
1643 1840 69 43 off.
1777 1840 44 42 If

158 1915 74 42 the
264 1915 131 56 point
426 1916 178 56 pressed
638 1916 174 57 against
834 1917 53 42 be
911 1930 46 29 so
981 1916 106 42 high
1110 1916 48 41 in
1181 1915 76 43 tbe
1289 1915 115 42 neck
1435 1929 48 28 as
1516 1919 45 37 to
1594 1914 54 42 be
1681 1913 138 43 above

157 2001 111 29 even
291 1987 76 43 the
399 1988 128 56 point
558 1993 46 37 at
625 1988 144 42 which
802 1988 77 43 the
912 1988 200 56 superior
1134 1987 225 56 laryngeal
1382 1987 37 42 is
1441 1987 132 56 given
1597 1986 71 51 off,
1700 1985 122 50 then,

157 2058 130 57 along
309 2059 110 42 with
437 2066 228 36 recurrent
682 2060 230 56 paralysis,
935 2060 124 41 there
1083 2059 93 42 will
1207 2059 53 42 be
1294 2072 92 30 also
1418 2072 217 43 paralysis
1667 2057 46 43 of
1746 2057 75 43 the

155 2132 198 56 superior
379 2132 226 57 laryngeal
637 2146 145 29 nerve,
807 2132 109 42 with
938 2132 58 42 its
1020 2135 328 39 characteristic
1381 2130 264 43 anaesthesia
1668 2130 47 42 of
1744 2130 76 42 the

158 2202 171 57 larynx.

216 2275 55 42 In
294 2289 120 29 some
436 2289 94 29 rare
562 2289 131 30 cases,
716 2275 213 43 Bilateral
964 2275 221 43 Paralysis
1219 2276 44 42 of
1295 2276 76 43 the
1404 2281 229 37 recurrent
1664 2290 157 28 nerves

155 2347 77 43 has
257 2348 109 42 been
387 2347 139 43 found
549 2352 46 38 to
617 2348 54 43 be
694 2348 84 42 due
802 2352 43 38 to
863 2361 214 42 pressure,
1095 2347 143 44 either
1257 2362 119 42 upon
1394 2349 76 41 the
1488 2352 86 38 two
1593 2352 230 39 recurrent

155 2435 155 28 nerves
338 2435 48 28 or
418 2435 119 42 upon
560 2421 75 42 the
657 2425 88 38 two
778 2421 392 56 pneumogastrics.
1234 2421 108 42 This
1366 2420 205 43 bilateral
1603 2421 218 56 paralysis

155 2498 199 51 presents
397 2493 75 43 the
516 2507 119 29 same
674 2498 86 37 two
805 2500 144 36 stages
992 2493 46 42 in
1082 2493 58 43 its
1184 2507 200 43 progress
1416 2507 48 29 as
1497 2493 112 43 have
1643 2493 178 56 already

156 2565 111 43 been
299 2565 228 43 described
569 2580 48 28 as
665 2565 231 43 occurring
944 2566 47 42 in
1040 2565 237 43 unilateral
1324 2570 227 39 recurrent
1592 2566 228 56 paralysis.

153 2638 132 52 First,
331 2639 47 41 in
426 2638 75 44 the
550 2643 122 39 stage
720 2638 49 44 of
812 2638 161 57 simple
1026 2638 214 44 abductor
1292 2638 229 57 paralysis,
1570 2639 77 43 the
1695 2638 126 44 cords

154 2710 59 43 lie
254 2711 47 41 in
340 2711 75 43 the
459 2711 194 57 position
696 2711 46 43 of
784 2711 253 43 adduction,
1082 2711 115 43 close
1242 2715 44 39 to
1331 2711 107 44 each
1482 2711 127 43 other
1652 2712 46 41 in
1745 2711 76 43 the

153 2781 166 43 middle
351 2781 115 55 line;
509 2783 87 42 and
629 2783 120 43 then,
783 2783 46 42 in
865 2783 75 43 the
979 2788 122 39 stage
1136 2783 46 43 of
1219 2784 234 43 combined
1487 2784 215 43 abductor
1734 2784 89 43 and

153 2854 213 42 adductor
387 2855 228 55 paralysis,
638 2855 75 43 the
736 2856 124 43 cords
884 2856 112 43 have
1018 2856 161 43 retired
1202 2856 113 43 from
1335 2857 75 42 the
1432 2856 167 43 middle
1617 2857 102 42 line,
1735 2856 87 42 and

153 2927 59 43 lie
247 2927 47 42 in
333 2927 75 43 the
444 2928 228 43 cadaveric
706 2928 208 57 position,
937 2932 47 40 at
1017 2943 121 29 some
1173 2929 200 43 distance
1407 2929 113 42 from
1552 2928 106 44 each
1685 2929 136 43 other.

155 2999 45 43 It
223 2999 92 42 will
337 2999 54 43 be
413 3000 169 56 readily
605 3001 269 43 understood
898 3001 99 43 that
1028 3001 48 42 in
1100 3001 76 43 the
1199 3002 96 42 first
1327 3006 124 38 stage
1485 3001 123 42 there
1630 3001 37 42 is
1699 3005 124 51 great

153 3071 164 57 danger
345 3072 48 42 of
418 3072 272 44 suffocation.
754 3073 92 43 The
879 3073 125 43 cords
1036 3073 59 43 lie
1127 3087 48 29 so
1205 3073 118 43 close
1346 3078 46 38 to
1425 3072 106 44 each
1565 3072 128 43 other
1724 3073 99 42 that

154 3144 125 43 there
296 3143 161 44 results
480 3144 98 44 that
610 3145 193 56 crowing
836 3144 244 44 stridulous
1112 3145 266 56 inspiration
1413 3158 48 30 so
1494 3150 330 39 characteristic
