2125 3524
375 286 55 44 76

858 308 86 31 the
978 310 242 34 disorders
1252 314 52 31 of
1336 315 174 31 speech.

374 417 255 58 characters,
661 437 89 38 nor,
782 425 23 42 I
847 427 154 44 should
1043 444 196 42 suppose,
1273 432 104 41 with
1417 446 86 27 any
1533 432 47 41 of
1618 432 72 42 the
1732 447 102 41 very
1868 445 111 45 great

376 488 192 58 displays
599 494 125 44 made
746 496 58 56 by
825 511 79 29 our
934 499 172 56 leading
1133 506 234 37 statesmen
1399 502 45 41 in
1467 502 72 42 the
1561 502 171 42 Houses
1753 503 46 41 of
1827 503 150 46 Parlia-

376 564 131 38 ment.
571 562 22 41 I
625 577 70 28 am
727 567 217 42 confident
975 583 45 28 as
1054 575 42 36 to
1129 570 73 42 the
1233 571 104 41 first,
1359 571 86 41 and
1477 571 82 42 feel
1582 585 101 28 very
1705 573 159 40 certain
1892 574 86 44 that

377 630 73 42 the
482 631 193 44 disorder
706 635 140 43 which
877 652 86 41 you
995 639 220 55 designate
1246 654 46 28 as
1323 640 74 42 the
1429 640 277 56 clergyman's
1732 655 92 28 sore
1846 642 132 46 throat

376 699 38 42 is
436 702 282 44 attributable
750 710 44 38 to
825 706 74 43 the
921 708 124 42 mode
1067 709 44 41 of
1142 710 219 54 speaking,
1384 710 84 42 and
1499 716 75 36 not
1605 715 44 37 to
1681 711 73 42 the
1775 711 142 55 lengtli
1939 717 39 40 of

377 770 106 42 time
515 785 46 28 or
591 773 193 44 violence
816 776 46 42 of
889 777 125 43 effort
1044 778 97 42 that
1161 793 100 41 may
1283 780 52 42 be
1357 780 235 55 employed.
1655 780 23 41 I
1698 780 109 42 have
1829 781 147 45 known

377 841 167 42 several
574 843 47 41 of
648 858 73 41 my
745 845 156 43 former
922 849 360 54 contemporaries
1308 863 56 28 on
1384 850 73 42 the
1479 856 117 36 stage
1617 850 129 42 suffer
1767 850 109 42 from
1896 866 84 31 sore

377 909 156 53 throat,
555 912 80 42 but
666 914 24 41 I
721 914 54 42 do
806 922 78 35 not
914 917 129 41 think
1073 918 97 42 that
1191 933 154 41 among
1367 920 120 42 those
1509 921 192 41 eminent
1723 921 45 39 in
1789 920 110 42 their
1919 932 59 34 art

376 980 36 41 it
434 981 126 42 could
582 983 52 41 be
655 985 203 54 regarded
880 1000 46 28 as
947 1000 25 28 a
993 988 223 53 prevalent
1237 989 199 42 disease."

435 1050 83 43 We
551 1066 68 28 are
651 1054 92 42 told
775 1055 57 55 by
854 1056 156 42 Mandl
1040 1058 47 41 of
1114 1058 73 42 the
1219 1073 95 28 care
1345 1060 95 41 that
1471 1060 176 42 another
1678 1066 117 36 actor
1822 1061 98 41 took
1940 1067 39 38 to

376 1134 76 28 use
488 1121 67 43 his
592 1124 120 42 voice
749 1131 45 35 at
829 1126 57 42 its
923 1127 171 42 natural
1129 1129 131 54 pitch.
1322 1130 70 41 He
1433 1130 99 42 tells
1573 1144 61 37 us,
1668 1144 45 27 as
1751 1136 42 35 to
1830 1131 148 51 Talma,

375 1191 75 42 the
471 1198 119 49 great
612 1194 168 43 French
803 1203 129 45 actor,
953 1197 96 41 that
1070 1198 295 43 immediately
1389 1200 141 41 before
1551 1200 127 55 going
1699 1214 55 27 on
1776 1200 71 41 the
1869 1208 34 33 st

375 1260 55 43 he
452 1263 105 42 used
580 1267 43 39 to
645 1265 78 41 ask
744 1279 116 29 some
878 1267 244 55 bystander,
1144 1268 165 42 "What
1326 1269 103 42 time
1449 1269 37 42 is
1507 1270 36 41 it
1559 1270 49 42 ?"
1630 1270 96 41 and,
1742 1283 54 27 on
1817 1269 157 58 getting

375 1345 24 28 a
428 1333 134 54 reply,
591 1338 44 38 to
668 1349 87 41 say,
776 1337 185 51 "Merci,
983 1338 260 42 Monsieur."
1305 1339 66 42 On
1404 1340 172 54 passing
1599 1345 41 36 to
1667 1339 73 42 the
1771 1353 126 41 stage,
1926 1340 49 43 he

374 1401 107 56 kept
511 1404 48 40 in
589 1406 274 42 recollection
889 1409 74 41 the
983 1408 120 55 pitch
1126 1409 44 41 of
1192 1409 119 42 these
1333 1409 212 55 everyday
1569 1409 134 41 words
1725 1409 45 41 of
1788 1409 66 41 his
1876 1423 100 37 own,

374 1474 85 41 and
483 1489 84 27 was
590 1477 163 41 careful
775 1482 43 37 to
840 1492 76 28 use
937 1479 37 41 it
994 1479 46 41 in
1062 1479 66 42 his
1151 1480 93 41 first
1268 1480 137 41 words
1427 1484 44 38 to
1493 1480 72 41 the
1588 1480 221 41 audience.

434 1544 137 43 Much
603 1547 97 42 that
730 1548 37 42 is
798 1548 257 43 interesting
1079 1551 84 40 and
1186 1551 234 54 important
1441 1564 115 41 upon
1589 1550 86 42 this
1707 1550 164 42 subject
1893 1550 82 41 will

374 1613 52 43 be
449 1614 133 43 found
604 1617 46 41 in
673 1617 72 43 the
768 1619 119 41 work
908 1621 45 40 of
971 1620 66 40 Dr
1058 1619 176 42 Hullah.
1298 1620 87 41 But
1410 1635 60 27 we
1493 1620 108 42 need
1623 1625 75 36 not
1719 1619 127 42 dwell
1866 1634 109 27 upon

374 1684 46 42 it.
484 1685 44 41 It
560 1687 36 41 is
630 1688 216 42 sufficient
877 1694 43 36 to
952 1703 76 28 say
1061 1689 94 42 that
1187 1689 125 42 when
1343 1705 25 26 a
1398 1690 246 55 clergyman
1676 1690 148 42 begins
1857 1695 41 36 to
1928 1690 46 41 be

373 1757 200 42 troubled
598 1757 104 42 with
734 1772 94 29 sore
859 1759 154 51 throat,
1040 1760 52 41 he
1125 1760 154 41 should
1310 1760 100 41 look
1432 1761 97 41 well
1560 1766 44 36 to
1635 1760 68 42 his
1735 1759 171 41 method
1936 1760 38 40 of

373 1827 302 53 enunciation;
708 1828 85 41 and
823 1828 107 42 that,
956 1830 38 39 if
1020 1829 74 41 the
1128 1830 171 41 method
1323 1830 50 41 be
1396 1830 153 55 faulty,
1570 1830 52 41 he
1646 1829 153 42 should
1821 1834 153 36 correct

371 1897 37 41 it
445 1897 185 42 without
665 1898 136 42 delay.
884 1899 54 41 In
970 1899 130 55 doing
1131 1914 57 36 so,
1218 1900 54 42 he
1306 1914 97 41 may
1436 1901 52 41 be
1518 1900 264 55 encouraged
1823 1900 55 40 by
1908 1898 66 42 the

372 1967 199 56 example
603 1969 46 41 of
678 1968 148 43 Cicero
857 1969 188 42 himself,
1076 1984 45 27 as
1153 1974 44 37 to
1230 1971 153 40 whom,
1414 1970 46 41 in
1503 1969 275 42 Middleton's
1819 1969 90 41 Life
1938 1969 39 40 of

373 2038 147 42 Cicero
542 2038 181 56 (quoted
745 2039 56 55 by
824 2040 66 40 Dr
910 2040 266 55 Mackness),
1192 2040 121 42 there
1334 2040 37 42 is
1389 2041 73 41 the
1484 2040 219 55 following
1722 2054 174 41 passage
1913 2056 64 25 :

432 2112 19 17 "
470 2107 150 44 Cicero
644 2123 97 28 says
763 2110 45 41 of
828 2110 187 50 himself,
1037 2110 104 55 'My
1163 2110 114 42 body
1297 2114 45 37 at
1359 2110 86 41 this
1467 2110 104 41 time
1596 2123 86 28 was
1704 2108 271 55 exceedingly

372 2179 122 42 weak
526 2180 84 41 and
643 2180 249 51 emaciated,
913 2194 75 41 my
1019 2180 110 42 neck
1162 2180 101 42 long
1294 2180 85 42 and
1409 2179 137 43 small,
1568 2179 140 42 which
1739 2179 36 42 is
1810 2193 25 27 a
1864 2178 114 42 habit

373 2250 187 55 thought
594 2250 131 42 liable
762 2255 43 37 to
842 2255 118 50 great
995 2251 91 41 risk
1122 2251 46 41 of
1199 2250 77 42 life
1301 2250 35 42 if
1372 2250 187 56 engaged
1585 2250 45 40 in
1652 2264 84 40 any
1759 2250 157 41 fatigue
1936 2262 41 27 or

370 2320 153 41 labour
555 2321 44 41 of
629 2321 74 41 the
739 2320 151 56 lungs;
921 2321 85 41 and
1037 2322 36 40 it
1102 2334 105 42 gave
1239 2321 74 41 the
1343 2325 165 51 greater
1528 2321 132 40 alarm
1683 2325 43 36 to
1749 2320 119 41 those
1890 2331 86 28 who

372 2389 85 42 had
494 2390 150 41 regard
680 2391 65 40 for
766 2404 81 28 me,
867 2391 97 41 that
986 2391 22 41 I
1031 2391 106 41 used
1166 2395 43 37 to
1231 2391 133 41 speak
1387 2390 182 41 without
1590 2404 83 40 any
1695 2389 221 42 remission
1936 2401 40 27 or

372 2460 226 41 variation,
621 2460 105 41 with
758 2460 74 42 the
854 2466 164 36 utmost
1040 2460 161 42 stretch
1222 2461 46 40 of
1290 2474 71 40 my
1384 2460 130 41 voice,
1536 2459 84 42 and
1641 2465 118 49 great
1779 2458 196 56 agitation

372 2530 44 41 of
437 2544 75 40 my
534 2530 126 55 body.
720 2530 145 42 When
891 2544 73 40 my
986 2530 176 50 friends,
1183 2530 219 42 therefore,
1425 2530 84 41 and
1539 2543 247 41 physicians
1812 2525 165 45 advised

373 2614 68 28 me
473 2613 55 29 no
559 2614 117 27 more
697 2604 45 37 to
767 2600 166 42 meddle
955 2599 107 43 with
1093 2614 157 28 causes,
1274 2600 22 41 I
1317 2600 196 42 resolved
1544 2604 43 37 to
1617 2614 81 26 run
1728 2613 84 41 any
1833 2595 143 44 hazard

372 2670 145 42 rather
549 2670 105 41 than
688 2670 96 55 quit
816 2670 72 42 the
920 2670 132 55 hopes
1084 2671 44 40 of
1157 2670 121 54 glory
1302 2670 139 41 which
1471 2671 22 40 I
1516 2670 209 55 proposed
1757 2675 41 36 to
1830 2665 150 57 myself

373 2742 109 40 from
505 2741 227 55 pleading;
763 2741 78 41 but
859 2741 124 41 when
1002 2741 22 41 I
1047 2740 248 42 considered
1316 2740 107 50 that,
1445 2741 57 54 by
1527 2740 225 55 managing
1774 2753 71 41 my
1866 2750 109 29 voice

373 2812 85 41 and
490 2811 214 55 changing
735 2825 74 40 my
830 2824 95 28 way
947 2811 47 41 of
1019 2811 220 54 speaking,
1261 2810 22 41 I
1305 2810 139 55 might
1475 2810 104 42 both
1601 2810 125 41 avoid
1748 2808 57 43 all
1828 2809 148 52 danger

371 2882 86 42 and
479 2881 134 43 speak
630 2881 107 41 with
758 2894 115 29 more
895 2894 108 28 ease,
1020 2880 22 41 I
1065 2879 102 42 took
1189 2894 23 26 a
1234 2880 233 41 resolution
1491 2881 46 41 of
1555 2879 227 43 travelling
1803 2885 42 36 to
1866 2876 108 47 Asia,

370 2953 163 42 merely
558 2953 64 40 for
643 2965 55 28 an
720 2950 281 56 opportunity
1024 2950 43 42 of
1089 2950 236 54 correcting
1348 2964 71 40 my
1442 2964 177 27 manner
1640 2952 44 39 of
1704 2943 248 58 speaking."

430 3023 138 42 Other
589 3022 144 55 points
755 3026 44 37 to
822 3021 51 42 be
895 3020 205 43 attended
1121 3024 44 37 to
1188 3019 227 56 are:(1.)
1438 3019 87 43 The
1547 3024 173 50 posture
1740 3019 46 41 in
1807 3016 166 52 reading

369 3108 156 29 should
558 3093 52 43 be
648 3092 105 44 such
785 3106 45 28 as
863 3096 43 38 to
935 3091 61 43 let
1026 3090 72 44 the
1121 3089 178 44 speaker
1320 3089 127 43 stand
1470 3089 200 56 upright;
1701 3089 72 42 the
1805 3086 167 51 reading
