<?xml version="1.0" encoding="UTF-8"?>
<alto xmlns="http://www.loc.gov/standards/alto/ns-v2#" xmlns:xsi="http://www.w3.org/2001/XMLSchema-instance" xsi:schemaLocation="http://www.loc.gov/standards/alto/ns-v2# http://www.loc.gov/standards/alto/alto.xsd">
  <Description>
    <MeasurementUnit>pixel</MeasurementUnit>
    <sourceImageInformation>
      <fileName>b22371321_abbyy.xml</fileName>
    </sourceImageInformation>
    <OCRProcessing ID="OCR_1">
      <preProcessingStep>
        <processingDateTime>2015-10-31T03:55:19</processingDateTime>
        <processingAgency>intranda GmbH, www.intranda.com</processingAgency>
        <processingSoftware>
          <softwareCreator>intranda GmbH, Germany</softwareCreator>
          <softwareName>intranda OCR Module for TaskManager</softwareName>
          <softwareVersion>1.0r42</softwareVersion>
        </processingSoftware>
      </preProcessingStep>
      <ocrProcessingStep>
        <processingSoftware>
          <softwareCreator>ABBYY (BIT Software), Russia</softwareCreator>
          <softwareName>FineReader Engine</softwareName>
          <softwareVersion>10</softwareVersion>
        </processingSoftware>
      </ocrProcessingStep>
    </OCRProcessing>
  </Description>
  <Layout>
    <Page PHYSICAL_IMG_NR="19" ID="PAGE_19" WIDTH="2240" HEIGHT="3972">
      <TopMargin ID="TopMargin_1" HPOS="1069" VPOS="184" WIDTH="63" HEIGHT="52">
        <TextBlock ID="TextBlock_55" HPOS="1069" VPOS="184" WIDTH="63" HEIGHT="52">
          <TextLine ID="TextLine_652" HPOS="1069" VPOS="184" WIDTH="63" HEIGHT="52">
            <String ID="Word_6748" HPOS="1069" VPOS="184" WIDTH="63" HEIGHT="52" CONTENT="17" />
          </TextLine>
        </TextBlock>
      </TopMargin>
      <PrintSpace ID="PrintSpace_20" HPOS="112" VPOS="306" WIDTH="1988" HEIGHT="3410">
        <TextBlock ID="TextBlock_54" HPOS="112" VPOS="306" WIDTH="1988" HEIGHT="3410">
          <TextLine ID="TextLine_653" HPOS="125" VPOS="317" WIDTH="1955" HEIGHT="75">
            <String ID="Word_6749" HPOS="125" VPOS="318" WIDTH="285" HEIGHT="66" CONTENT="assimilate," />
            <SP ID="SP_6097" HPOS="411" VPOS="338" WIDTH="38" HEIGHT="0" />
            <String ID="Word_6750" HPOS="450" VPOS="337" WIDTH="55" HEIGHT="34" CONTENT="or" />
            <SP ID="SP_6098" HPOS="506" VPOS="337" WIDTH="38" HEIGHT="0" />
            <String ID="Word_6751" HPOS="545" VPOS="317" WIDTH="146" HEIGHT="54" CONTENT="make" />
            <SP ID="SP_6099" HPOS="692" VPOS="337" WIDTH="35" HEIGHT="0" />
            <String ID="Word_6752" HPOS="728" VPOS="319" WIDTH="54" HEIGHT="52" CONTENT="of" />
            <SP ID="SP_6100" HPOS="783" VPOS="319" WIDTH="34" HEIGHT="0" />
            <String ID="Word_6753" HPOS="818" VPOS="324" WIDTH="85" HEIGHT="47" CONTENT="the" />
            <SP ID="SP_6101" HPOS="904" VPOS="338" WIDTH="26" HEIGHT="0" />
            <String ID="Word_6754" HPOS="931" VPOS="338" WIDTH="133" HEIGHT="34" CONTENT="same" />
            <SP ID="SP_6102" HPOS="1065" VPOS="321" WIDTH="25" HEIGHT="0" />
            <String ID="Word_6755" HPOS="1091" VPOS="321" WIDTH="127" HEIGHT="53" CONTENT="hind" />
            <SP ID="SP_6103" HPOS="1219" VPOS="322" WIDTH="24" HEIGHT="0" />
            <String ID="Word_6756" HPOS="1244" VPOS="319" WIDTH="118" HEIGHT="53" CONTENT="with" />
            <SP ID="SP_6104" HPOS="1363" VPOS="319" WIDTH="20" HEIGHT="0" />
            <String ID="Word_6757" HPOS="1384" VPOS="319" WIDTH="151" HEIGHT="67" CONTENT="itself," />
            <SP ID="SP_6105" HPOS="1536" VPOS="340" WIDTH="28" HEIGHT="0" />
            <String ID="Word_6758" HPOS="1565" VPOS="320" WIDTH="144" HEIGHT="53" CONTENT="while" />
            <SP ID="SP_6106" HPOS="1710" VPOS="320" WIDTH="24" HEIGHT="0" />
            <String ID="Word_6759" HPOS="1735" VPOS="320" WIDTH="41" HEIGHT="54" CONTENT="it" />
            <SP ID="SP_6107" HPOS="1777" VPOS="327" WIDTH="25" HEIGHT="0" />
            <String ID="Word_6760" HPOS="1803" VPOS="325" WIDTH="173" HEIGHT="67" CONTENT="rejects" />
            <SP ID="SP_6108" HPOS="1977" VPOS="321" WIDTH="24" HEIGHT="0" />
            <String ID="Word_6761" HPOS="2002" VPOS="321" WIDTH="78" HEIGHT="54" CONTENT="for" />
          </TextLine>
          <TextLine ID="TextLine_654" HPOS="125" VPOS="392" WIDTH="1956" HEIGHT="71">
            <String ID="Word_6762" HPOS="125" VPOS="392" WIDTH="373" HEIGHT="71" CONTENT="appropriation" />
            <SP ID="SP_6109" HPOS="499" VPOS="392" WIDTH="24" HEIGHT="0" />
            <String ID="Word_6763" HPOS="524" VPOS="392" WIDTH="66" HEIGHT="70" CONTENT="by" />
            <SP ID="SP_6110" HPOS="591" VPOS="412" WIDTH="28" HEIGHT="0" />
            <String ID="Word_6764" HPOS="620" VPOS="398" WIDTH="143" HEIGHT="47" CONTENT="other" />
            <SP ID="SP_6111" HPOS="764" VPOS="412" WIDTH="25" HEIGHT="0" />
            <String ID="Word_6765" HPOS="790" VPOS="392" WIDTH="116" HEIGHT="53" CONTENT="cells" />
            <SP ID="SP_6112" HPOS="907" VPOS="398" WIDTH="25" HEIGHT="0" />
            <String ID="Word_6766" HPOS="933" VPOS="398" WIDTH="111" HEIGHT="48" CONTENT="that" />
            <SP ID="SP_6113" HPOS="1045" VPOS="398" WIDTH="23" HEIGHT="0" />
            <String ID="Word_6767" HPOS="1069" VPOS="394" WIDTH="164" HEIGHT="52" CONTENT="which" />
            <SP ID="SP_6114" HPOS="1234" VPOS="394" WIDTH="36" HEIGHT="0" />
            <String ID="Word_6768" HPOS="1271" VPOS="394" WIDTH="42" HEIGHT="52" CONTENT="is" />
            <SP ID="SP_6115" HPOS="1314" VPOS="413" WIDTH="35" HEIGHT="0" />
            <String ID="Word_6769" HPOS="1350" VPOS="393" WIDTH="172" HEIGHT="54" CONTENT="unlike" />
            <SP ID="SP_6116" HPOS="1523" VPOS="414" WIDTH="25" HEIGHT="0" />
            <String ID="Word_6770" HPOS="1549" VPOS="395" WIDTH="100" HEIGHT="53" CONTENT="and" />
            <SP ID="SP_6117" HPOS="1650" VPOS="395" WIDTH="25" HEIGHT="0" />
            <String ID="Word_6771" HPOS="1676" VPOS="394" WIDTH="160" HEIGHT="54" CONTENT="which" />
            <SP ID="SP_6118" HPOS="1837" VPOS="396" WIDTH="26" HEIGHT="0" />
            <String ID="Word_6772" HPOS="1864" VPOS="395" WIDTH="100" HEIGHT="53" CONTENT="will" />
            <SP ID="SP_6119" HPOS="1965" VPOS="395" WIDTH="24" HEIGHT="0" />
            <String ID="Word_6773" HPOS="1990" VPOS="401" WIDTH="91" HEIGHT="48" CONTENT="not" />
          </TextLine>
          <TextLine ID="TextLine_655" HPOS="124" VPOS="465" WIDTH="1957" HEIGHT="74">
            <String ID="Word_6774" HPOS="124" VPOS="465" WIDTH="167" HEIGHT="53" CONTENT="blend." />
            <SP ID="SP_6120" HPOS="292" VPOS="466" WIDTH="75" HEIGHT="0" />
            <String ID="Word_6775" HPOS="368" VPOS="466" WIDTH="134" HEIGHT="52" CONTENT="Now" />
            <SP ID="SP_6121" HPOS="503" VPOS="471" WIDTH="39" HEIGHT="0" />
            <String ID="Word_6776" HPOS="543" VPOS="466" WIDTH="100" HEIGHT="52" CONTENT="this" />
            <SP ID="SP_6122" HPOS="644" VPOS="486" WIDTH="50" HEIGHT="0" />
            <String ID="Word_6777" HPOS="695" VPOS="485" WIDTH="204" HEIGHT="51" CONTENT="organic" />
            <SP ID="SP_6123" HPOS="900" VPOS="485" WIDTH="48" HEIGHT="0" />
            <String ID="Word_6778" HPOS="949" VPOS="486" WIDTH="200" HEIGHT="51" CONTENT="process" />
            <SP ID="SP_6124" HPOS="1150" VPOS="474" WIDTH="49" HEIGHT="0" />
            <String ID="Word_6779" HPOS="1200" VPOS="474" WIDTH="141" HEIGHT="46" CONTENT="takes" />
            <SP ID="SP_6125" HPOS="1342" VPOS="487" WIDTH="48" HEIGHT="0" />
            <String ID="Word_6780" HPOS="1391" VPOS="467" WIDTH="160" HEIGHT="71" CONTENT="place," />
            <SP ID="SP_6126" HPOS="1552" VPOS="469" WIDTH="44" HEIGHT="0" />
            <String ID="Word_6781" HPOS="1597" VPOS="469" WIDTH="102" HEIGHT="52" CONTENT="like" />
            <SP ID="SP_6127" HPOS="1700" VPOS="474" WIDTH="42" HEIGHT="0" />
            <String ID="Word_6782" HPOS="1743" VPOS="474" WIDTH="88" HEIGHT="47" CONTENT="the" />
            <SP ID="SP_6128" HPOS="1832" VPOS="488" WIDTH="44" HEIGHT="0" />
            <String ID="Word_6783" HPOS="1877" VPOS="469" WIDTH="204" HEIGHT="53" CONTENT="organic" />
          </TextLine>
          <TextLine ID="TextLine_656" HPOS="124" VPOS="539" WIDTH="1960" HEIGHT="73">
            <String ID="Word_6784" HPOS="124" VPOS="545" WIDTH="168" HEIGHT="47" CONTENT="action" />
            <SP ID="SP_6129" HPOS="293" VPOS="558" WIDTH="43" HEIGHT="0" />
            <String ID="Word_6785" HPOS="337" VPOS="540" WIDTH="54" HEIGHT="52" CONTENT="of" />
            <SP ID="SP_6130" HPOS="392" VPOS="540" WIDTH="48" HEIGHT="0" />
            <String ID="Word_6786" HPOS="441" VPOS="543" WIDTH="142" HEIGHT="49" CONTENT="other" />
            <SP ID="SP_6131" HPOS="584" VPOS="559" WIDTH="43" HEIGHT="0" />
            <String ID="Word_6787" HPOS="628" VPOS="539" WIDTH="239" HEIGHT="53" CONTENT="elements" />
            <SP ID="SP_6132" HPOS="868" VPOS="559" WIDTH="43" HEIGHT="0" />
            <String ID="Word_6788" HPOS="912" VPOS="541" WIDTH="56" HEIGHT="51" CONTENT="of" />
            <SP ID="SP_6133" HPOS="969" VPOS="541" WIDTH="45" HEIGHT="0" />
            <String ID="Word_6789" HPOS="1015" VPOS="541" WIDTH="89" HEIGHT="52" CONTENT="the" />
            <SP ID="SP_6134" HPOS="1105" VPOS="540" WIDTH="39" HEIGHT="0" />
            <String ID="Word_6790" HPOS="1145" VPOS="540" WIDTH="149" HEIGHT="72" CONTENT="body," />
            <SP ID="SP_6135" HPOS="1295" VPOS="560" WIDTH="44" HEIGHT="0" />
            <String ID="Word_6791" HPOS="1340" VPOS="541" WIDTH="139" HEIGHT="70" CONTENT="quite" />
            <SP ID="SP_6136" HPOS="1480" VPOS="561" WIDTH="38" HEIGHT="0" />
            <String ID="Word_6792" HPOS="1519" VPOS="548" WIDTH="90" HEIGHT="47" CONTENT="out" />
            <SP ID="SP_6137" HPOS="1610" VPOS="548" WIDTH="40" HEIGHT="0" />
            <String ID="Word_6793" HPOS="1651" VPOS="543" WIDTH="55" HEIGHT="52" CONTENT="of" />
            <SP ID="SP_6138" HPOS="1707" VPOS="543" WIDTH="31" HEIGHT="0" />
            <String ID="Word_6794" HPOS="1739" VPOS="548" WIDTH="88" HEIGHT="47" CONTENT="the" />
            <SP ID="SP_6139" HPOS="1828" VPOS="561" WIDTH="24" HEIGHT="0" />
            <String ID="Word_6795" HPOS="1853" VPOS="543" WIDTH="147" HEIGHT="52" CONTENT="reach" />
            <SP ID="SP_6140" HPOS="2001" VPOS="543" WIDTH="25" HEIGHT="0" />
            <String ID="Word_6796" HPOS="2027" VPOS="543" WIDTH="57" HEIGHT="53" CONTENT="of" />
          </TextLine>
          <TextLine ID="TextLine_657" HPOS="126" VPOS="613" WIDTH="1954" HEIGHT="72">
            <String ID="Word_6797" HPOS="126" VPOS="632" WIDTH="409" HEIGHT="46" CONTENT="consciousness;" />
            <SP ID="SP_6141" HPOS="536" VPOS="633" WIDTH="39" HEIGHT="0" />
            <String ID="Word_6798" HPOS="576" VPOS="632" WIDTH="73" HEIGHT="33" CONTENT="we" />
            <SP ID="SP_6142" HPOS="650" VPOS="632" WIDTH="25" HEIGHT="0" />
            <String ID="Word_6799" HPOS="676" VPOS="633" WIDTH="82" HEIGHT="33" CONTENT="are" />
            <SP ID="SP_6143" HPOS="759" VPOS="633" WIDTH="25" HEIGHT="0" />
            <String ID="Word_6800" HPOS="785" VPOS="619" WIDTH="90" HEIGHT="47" CONTENT="not" />
            <SP ID="SP_6144" HPOS="876" VPOS="619" WIDTH="25" HEIGHT="0" />
            <String ID="Word_6801" HPOS="902" VPOS="634" WIDTH="157" HEIGHT="33" CONTENT="aware" />
            <SP ID="SP_6145" HPOS="1060" VPOS="614" WIDTH="24" HEIGHT="0" />
            <String ID="Word_6802" HPOS="1085" VPOS="614" WIDTH="112" HEIGHT="53" CONTENT="how" />
            <SP ID="SP_6146" HPOS="1198" VPOS="634" WIDTH="26" HEIGHT="0" />
            <String ID="Word_6803" HPOS="1225" VPOS="633" WIDTH="92" HEIGHT="34" CONTENT="our" />
            <SP ID="SP_6147" HPOS="1318" VPOS="633" WIDTH="24" HEIGHT="0" />
            <String ID="Word_6804" HPOS="1343" VPOS="615" WIDTH="203" HEIGHT="70" CONTENT="general" />
            <SP ID="SP_6148" HPOS="1547" VPOS="615" WIDTH="25" HEIGHT="0" />
            <String ID="Word_6805" HPOS="1573" VPOS="616" WIDTH="99" HEIGHT="52" CONTENT="and" />
            <SP ID="SP_6149" HPOS="1673" VPOS="616" WIDTH="24" HEIGHT="0" />
            <String ID="Word_6806" HPOS="1698" VPOS="615" WIDTH="220" HEIGHT="54" CONTENT="abstract" />
            <SP ID="SP_6150" HPOS="1919" VPOS="616" WIDTH="23" HEIGHT="0" />
            <String ID="Word_6807" HPOS="1943" VPOS="616" WIDTH="137" HEIGHT="54" CONTENT="ideas" />
          </TextLine>
          <TextLine ID="TextLine_658" HPOS="125" VPOS="686" WIDTH="1955" HEIGHT="74">
            <String ID="Word_6808" HPOS="125" VPOS="706" WIDTH="81" HEIGHT="33" CONTENT="are" />
            <SP ID="SP_6151" HPOS="207" VPOS="687" WIDTH="24" HEIGHT="0" />
            <String ID="Word_6809" HPOS="232" VPOS="687" WIDTH="224" HEIGHT="65" CONTENT="formed;" />
            <SP ID="SP_6152" HPOS="457" VPOS="693" WIDTH="41" HEIGHT="0" />
            <String ID="Word_6810" HPOS="499" VPOS="687" WIDTH="86" HEIGHT="53" CONTENT="the" />
            <SP ID="SP_6153" HPOS="586" VPOS="688" WIDTH="41" HEIGHT="0" />
            <String ID="Word_6811" HPOS="628" VPOS="688" WIDTH="97" HEIGHT="52" CONTENT="due" />
            <SP ID="SP_6154" HPOS="726" VPOS="707" WIDTH="42" HEIGHT="0" />
            <String ID="Word_6812" HPOS="769" VPOS="687" WIDTH="226" HEIGHT="53" CONTENT="material" />
            <SP ID="SP_6155" HPOS="996" VPOS="687" WIDTH="42" HEIGHT="0" />
            <String ID="Word_6813" HPOS="1039" VPOS="689" WIDTH="43" HEIGHT="52" CONTENT="is" />
            <SP ID="SP_6156" HPOS="1083" VPOS="708" WIDTH="41" HEIGHT="0" />
            <String ID="Word_6814" HPOS="1125" VPOS="689" WIDTH="318" HEIGHT="69" CONTENT="consciously" />
            <SP ID="SP_6157" HPOS="1444" VPOS="708" WIDTH="24" HEIGHT="0" />
            <String ID="Word_6815" HPOS="1469" VPOS="690" WIDTH="247" HEIGHT="70" CONTENT="supplied," />
            <SP ID="SP_6158" HPOS="1717" VPOS="710" WIDTH="26" HEIGHT="0" />
            <String ID="Word_6816" HPOS="1744" VPOS="690" WIDTH="101" HEIGHT="52" CONTENT="and" />
            <SP ID="SP_6159" HPOS="1846" VPOS="690" WIDTH="23" HEIGHT="0" />
            <String ID="Word_6817" HPOS="1870" VPOS="690" WIDTH="141" HEIGHT="52" CONTENT="there" />
            <SP ID="SP_6160" HPOS="2012" VPOS="689" WIDTH="24" HEIGHT="0" />
            <String ID="Word_6818" HPOS="2037" VPOS="689" WIDTH="43" HEIGHT="53" CONTENT="is" />
          </TextLine>
          <TextLine ID="TextLine_659" HPOS="125" VPOS="760" WIDTH="1956" HEIGHT="74">
            <String ID="Word_6819" HPOS="125" VPOS="779" WIDTH="63" HEIGHT="34" CONTENT="an" />
            <SP ID="SP_6161" HPOS="189" VPOS="779" WIDTH="23" HEIGHT="0" />
            <String ID="Word_6820" HPOS="213" VPOS="779" WIDTH="335" HEIGHT="34" CONTENT="unconscious" />
            <SP ID="SP_6162" HPOS="549" VPOS="780" WIDTH="26" HEIGHT="0" />
            <String ID="Word_6821" HPOS="576" VPOS="760" WIDTH="309" HEIGHT="54" CONTENT="elaboration" />
            <SP ID="SP_6163" HPOS="886" VPOS="781" WIDTH="24" HEIGHT="0" />
            <String ID="Word_6822" HPOS="911" VPOS="762" WIDTH="55" HEIGHT="52" CONTENT="of" />
            <SP ID="SP_6164" HPOS="967" VPOS="762" WIDTH="31" HEIGHT="0" />
            <String ID="Word_6823" HPOS="999" VPOS="770" WIDTH="86" HEIGHT="45" CONTENT="the" />
            <SP ID="SP_6165" HPOS="1086" VPOS="781" WIDTH="24" HEIGHT="0" />
            <String ID="Word_6824" HPOS="1111" VPOS="767" WIDTH="172" HEIGHT="48" CONTENT="result." />
            <SP ID="SP_6166" HPOS="1284" VPOS="762" WIDTH="78" HEIGHT="0" />
            <String ID="Word_6825" HPOS="1363" VPOS="762" WIDTH="196" HEIGHT="53" CONTENT="Mental" />
            <SP ID="SP_6167" HPOS="1560" VPOS="763" WIDTH="27" HEIGHT="0" />
            <String ID="Word_6826" HPOS="1588" VPOS="763" WIDTH="347" HEIGHT="71" CONTENT="development" />
            <SP ID="SP_6168" HPOS="1936" VPOS="768" WIDTH="23" HEIGHT="0" />
            <String ID="Word_6827" HPOS="1960" VPOS="763" WIDTH="121" HEIGHT="54" CONTENT="thus" />
          </TextLine>
          <TextLine ID="TextLine_660" HPOS="122" VPOS="835" WIDTH="1958" HEIGHT="73">
            <String ID="Word_6828" HPOS="122" VPOS="853" WIDTH="278" HEIGHT="33" CONTENT="represents" />
            <SP ID="SP_6169" HPOS="401" VPOS="854" WIDTH="26" HEIGHT="0" />
            <String ID="Word_6829" HPOS="428" VPOS="854" WIDTH="28" HEIGHT="32" CONTENT="a" />
            <SP ID="SP_6170" HPOS="457" VPOS="854" WIDTH="25" HEIGHT="0" />
            <String ID="Word_6830" HPOS="483" VPOS="839" WIDTH="103" HEIGHT="48" CONTENT="sort" />
            <SP ID="SP_6171" HPOS="587" VPOS="839" WIDTH="32" HEIGHT="0" />
            <String ID="Word_6831" HPOS="620" VPOS="835" WIDTH="56" HEIGHT="53" CONTENT="of" />
            <SP ID="SP_6172" HPOS="677" VPOS="835" WIDTH="31" HEIGHT="0" />
            <String ID="Word_6832" HPOS="709" VPOS="836" WIDTH="250" HEIGHT="52" CONTENT="nutrition" />
            <SP ID="SP_6173" HPOS="960" VPOS="855" WIDTH="27" HEIGHT="0" />
            <String ID="Word_6833" HPOS="988" VPOS="836" WIDTH="100" HEIGHT="53" CONTENT="and" />
            <SP ID="SP_6174" HPOS="1089" VPOS="836" WIDTH="31" HEIGHT="0" />
            <String ID="Word_6834" HPOS="1121" VPOS="843" WIDTH="339" HEIGHT="64" CONTENT="organisation" />
            <SP ID="SP_6175" HPOS="1461" VPOS="855" WIDTH="21" HEIGHT="0" />
            <String ID="Word_6835" HPOS="1483" VPOS="859" WIDTH="14" HEIGHT="44" CONTENT=";" />
            <SP ID="SP_6176" HPOS="1498" VPOS="856" WIDTH="31" HEIGHT="0" />
            <String ID="Word_6836" HPOS="1530" VPOS="856" WIDTH="71" HEIGHT="45" CONTENT="or," />
            <SP ID="SP_6177" HPOS="1602" VPOS="857" WIDTH="43" HEIGHT="0" />
            <String ID="Word_6837" HPOS="1646" VPOS="857" WIDTH="52" HEIGHT="32" CONTENT="as" />
            <SP ID="SP_6178" HPOS="1699" VPOS="837" WIDTH="25" HEIGHT="0" />
            <String ID="Word_6838" HPOS="1725" VPOS="837" WIDTH="189" HEIGHT="53" CONTENT="Milton" />
            <SP ID="SP_6179" HPOS="1915" VPOS="856" WIDTH="23" HEIGHT="0" />
            <String ID="Word_6839" HPOS="1939" VPOS="838" WIDTH="141" HEIGHT="70" CONTENT="aptly" />
          </TextLine>
          <TextLine ID="TextLine_661" HPOS="125" VPOS="908" WIDTH="1952" HEIGHT="74">
            <String ID="Word_6840" HPOS="125" VPOS="927" WIDTH="110" HEIGHT="33" CONTENT="says" />
            <SP ID="SP_6180" HPOS="236" VPOS="927" WIDTH="26" HEIGHT="0" />
            <String ID="Word_6841" HPOS="263" VPOS="908" WIDTH="54" HEIGHT="52" CONTENT="of" />
            <SP ID="SP_6181" HPOS="318" VPOS="908" WIDTH="19" HEIGHT="0" />
            <String ID="Word_6842" HPOS="338" VPOS="914" WIDTH="86" HEIGHT="47" CONTENT="the" />
            <SP ID="SP_6182" HPOS="425" VPOS="927" WIDTH="24" HEIGHT="0" />
            <String ID="Word_6843" HPOS="450" VPOS="908" WIDTH="232" HEIGHT="70" CONTENT="opinions" />
            <SP ID="SP_6183" HPOS="683" VPOS="928" WIDTH="21" HEIGHT="0" />
            <String ID="Word_6844" HPOS="705" VPOS="909" WIDTH="55" HEIGHT="52" CONTENT="of" />
            <SP ID="SP_6184" HPOS="761" VPOS="909" WIDTH="18" HEIGHT="0" />
            <String ID="Word_6845" HPOS="780" VPOS="909" WIDTH="135" HEIGHT="70" CONTENT="good" />
            <SP ID="SP_6185" HPOS="916" VPOS="909" WIDTH="24" HEIGHT="0" />
            <String ID="Word_6846" HPOS="941" VPOS="929" WIDTH="132" HEIGHT="46" CONTENT="men," />
            <SP ID="SP_6186" HPOS="1074" VPOS="915" WIDTH="26" HEIGHT="0" />
            <String ID="Word_6847" HPOS="1101" VPOS="915" WIDTH="112" HEIGHT="48" CONTENT="that" />
            <SP ID="SP_6187" HPOS="1214" VPOS="916" WIDTH="23" HEIGHT="0" />
            <String ID="Word_6848" HPOS="1238" VPOS="916" WIDTH="120" HEIGHT="65" CONTENT="they" />
            <SP ID="SP_6188" HPOS="1359" VPOS="930" WIDTH="25" HEIGHT="0" />
            <String ID="Word_6849" HPOS="1385" VPOS="929" WIDTH="80" HEIGHT="34" CONTENT="are" />
            <SP ID="SP_6189" HPOS="1466" VPOS="915" WIDTH="24" HEIGHT="0" />
            <String ID="Word_6850" HPOS="1491" VPOS="910" WIDTH="143" HEIGHT="53" CONTENT="truth" />
            <SP ID="SP_6190" HPOS="1635" VPOS="910" WIDTH="23" HEIGHT="0" />
            <String ID="Word_6851" HPOS="1659" VPOS="910" WIDTH="54" HEIGHT="53" CONTENT="in" />
            <SP ID="SP_6191" HPOS="1714" VPOS="916" WIDTH="23" HEIGHT="0" />
            <String ID="Word_6852" HPOS="1738" VPOS="916" WIDTH="88" HEIGHT="47" CONTENT="the" />
            <SP ID="SP_6192" HPOS="1827" VPOS="930" WIDTH="21" HEIGHT="0" />
            <String ID="Word_6853" HPOS="1849" VPOS="912" WIDTH="228" HEIGHT="64" CONTENT="making," />
          </TextLine>
          <TextLine ID="TextLine_662" HPOS="125" VPOS="982" WIDTH="1954" HEIGHT="73">
            <String ID="Word_6854" HPOS="125" VPOS="1001" WIDTH="54" HEIGHT="32" CONTENT="so" />
            <SP ID="SP_6193" HPOS="180" VPOS="1001" WIDTH="25" HEIGHT="0" />
            <String ID="Word_6855" HPOS="206" VPOS="1001" WIDTH="71" HEIGHT="33" CONTENT="we" />
            <SP ID="SP_6194" HPOS="278" VPOS="1001" WIDTH="23" HEIGHT="0" />
            <String ID="Word_6856" HPOS="302" VPOS="1001" WIDTH="114" HEIGHT="51" CONTENT="may" />
            <SP ID="SP_6195" HPOS="417" VPOS="987" WIDTH="25" HEIGHT="0" />
            <String ID="Word_6857" HPOS="443" VPOS="987" WIDTH="135" HEIGHT="66" CONTENT="truly" />
            <SP ID="SP_6196" HPOS="579" VPOS="1002" WIDTH="26" HEIGHT="0" />
            <String ID="Word_6858" HPOS="606" VPOS="1002" WIDTH="84" HEIGHT="51" CONTENT="say" />
            <SP ID="SP_6197" HPOS="691" VPOS="1002" WIDTH="27" HEIGHT="0" />
            <String ID="Word_6859" HPOS="719" VPOS="983" WIDTH="54" HEIGHT="52" CONTENT="of" />
            <SP ID="SP_6198" HPOS="774" VPOS="983" WIDTH="30" HEIGHT="0" />
            <String ID="Word_6860" HPOS="805" VPOS="983" WIDTH="88" HEIGHT="52" CONTENT="the" />
            <SP ID="SP_6199" HPOS="894" VPOS="983" WIDTH="37" HEIGHT="0" />
            <String ID="Word_6861" HPOS="932" VPOS="983" WIDTH="272" HEIGHT="53" CONTENT="formation" />
            <SP ID="SP_6200" HPOS="1205" VPOS="1004" WIDTH="38" HEIGHT="0" />
            <String ID="Word_6862" HPOS="1244" VPOS="985" WIDTH="54" HEIGHT="52" CONTENT="of" />
            <SP ID="SP_6201" HPOS="1299" VPOS="985" WIDTH="33" HEIGHT="0" />
            <String ID="Word_6863" HPOS="1333" VPOS="1003" WIDTH="92" HEIGHT="34" CONTENT="our" />
            <SP ID="SP_6202" HPOS="1426" VPOS="1003" WIDTH="43" HEIGHT="0" />
            <String ID="Word_6864" HPOS="1470" VPOS="985" WIDTH="202" HEIGHT="69" CONTENT="general" />
            <SP ID="SP_6203" HPOS="1673" VPOS="985" WIDTH="33" HEIGHT="0" />
            <String ID="Word_6865" HPOS="1707" VPOS="984" WIDTH="98" HEIGHT="53" CONTENT="and" />
            <SP ID="SP_6204" HPOS="1806" VPOS="984" WIDTH="40" HEIGHT="0" />
            <String ID="Word_6866" HPOS="1847" VPOS="984" WIDTH="232" HEIGHT="71" CONTENT="complex" />
          </TextLine>
          <TextLine ID="TextLine_663" HPOS="124" VPOS="1055" WIDTH="1953" HEIGHT="73">
            <String ID="Word_6867" HPOS="124" VPOS="1055" WIDTH="151" HEIGHT="64" CONTENT="ideas," />
            <SP ID="SP_6205" HPOS="276" VPOS="1061" WIDTH="26" HEIGHT="0" />
            <String ID="Word_6868" HPOS="303" VPOS="1055" WIDTH="113" HEIGHT="53" CONTENT="that" />
            <SP ID="SP_6206" HPOS="417" VPOS="1056" WIDTH="24" HEIGHT="0" />
            <String ID="Word_6869" HPOS="442" VPOS="1056" WIDTH="40" HEIGHT="52" CONTENT="it" />
            <SP ID="SP_6207" HPOS="483" VPOS="1057" WIDTH="24" HEIGHT="0" />
            <String ID="Word_6870" HPOS="508" VPOS="1057" WIDTH="43" HEIGHT="51" CONTENT="is" />
            <SP ID="SP_6208" HPOS="552" VPOS="1076" WIDTH="25" HEIGHT="0" />
            <String ID="Word_6871" HPOS="578" VPOS="1056" WIDTH="143" HEIGHT="53" CONTENT="mind" />
            <SP ID="SP_6209" HPOS="722" VPOS="1056" WIDTH="22" HEIGHT="0" />
            <String ID="Word_6872" HPOS="745" VPOS="1056" WIDTH="53" HEIGHT="52" CONTENT="in" />
            <SP ID="SP_6210" HPOS="799" VPOS="1062" WIDTH="25" HEIGHT="0" />
            <String ID="Word_6873" HPOS="825" VPOS="1062" WIDTH="85" HEIGHT="48" CONTENT="the" />
            <SP ID="SP_6211" HPOS="911" VPOS="1076" WIDTH="25" HEIGHT="0" />
            <String ID="Word_6874" HPOS="937" VPOS="1057" WIDTH="222" HEIGHT="53" CONTENT="making." />
            <SP ID="SP_6212" HPOS="1160" VPOS="1058" WIDTH="77" HEIGHT="0" />
            <String ID="Word_6875" HPOS="1238" VPOS="1058" WIDTH="171" HEIGHT="52" CONTENT="&quot;When" />
            <SP ID="SP_6213" HPOS="1410" VPOS="1063" WIDTH="32" HEIGHT="0" />
            <String ID="Word_6876" HPOS="1443" VPOS="1058" WIDTH="87" HEIGHT="52" CONTENT="the" />
            <SP ID="SP_6214" HPOS="1531" VPOS="1058" WIDTH="27" HEIGHT="0" />
            <String ID="Word_6877" HPOS="1559" VPOS="1057" WIDTH="280" HEIGHT="54" CONTENT="individual" />
            <SP ID="SP_6215" HPOS="1840" VPOS="1057" WIDTH="23" HEIGHT="0" />
            <String ID="Word_6878" HPOS="1864" VPOS="1057" WIDTH="145" HEIGHT="53" CONTENT="brain" />
            <SP ID="SP_6216" HPOS="2010" VPOS="1057" WIDTH="23" HEIGHT="0" />
            <String ID="Word_6879" HPOS="2034" VPOS="1057" WIDTH="43" HEIGHT="53" CONTENT="is" />
          </TextLine>
          <TextLine ID="TextLine_664" HPOS="124" VPOS="1130" WIDTH="1959" HEIGHT="73">
            <String ID="Word_6880" HPOS="124" VPOS="1149" WIDTH="28" HEIGHT="33" CONTENT="a" />
            <SP ID="SP_6217" HPOS="153" VPOS="1148" WIDTH="24" HEIGHT="0" />
            <String ID="Word_6881" HPOS="178" VPOS="1130" WIDTH="109" HEIGHT="52" CONTENT="well" />
            <SP ID="SP_6218" HPOS="288" VPOS="1130" WIDTH="25" HEIGHT="0" />
            <String ID="Word_6882" HPOS="314" VPOS="1130" WIDTH="308" HEIGHT="52" CONTENT="constituted" />
            <SP ID="SP_6219" HPOS="623" VPOS="1130" WIDTH="33" HEIGHT="0" />
            <String ID="Word_6883" HPOS="657" VPOS="1149" WIDTH="111" HEIGHT="47" CONTENT="one," />
            <SP ID="SP_6220" HPOS="769" VPOS="1150" WIDTH="27" HEIGHT="0" />
            <String ID="Word_6884" HPOS="797" VPOS="1130" WIDTH="97" HEIGHT="53" CONTENT="and" />
            <SP ID="SP_6221" HPOS="895" VPOS="1130" WIDTH="35" HEIGHT="0" />
            <String ID="Word_6885" HPOS="931" VPOS="1131" WIDTH="89" HEIGHT="52" CONTENT="has" />
            <SP ID="SP_6222" HPOS="1021" VPOS="1130" WIDTH="35" HEIGHT="0" />
            <String ID="Word_6886" HPOS="1057" VPOS="1130" WIDTH="125" HEIGHT="54" CONTENT="been" />
            <SP ID="SP_6223" HPOS="1183" VPOS="1131" WIDTH="32" HEIGHT="0" />
            <String ID="Word_6887" HPOS="1216" VPOS="1131" WIDTH="121" HEIGHT="72" CONTENT="duly" />
            <SP ID="SP_6224" HPOS="1338" VPOS="1151" WIDTH="36" HEIGHT="0" />
            <String ID="Word_6888" HPOS="1375" VPOS="1131" WIDTH="291" HEIGHT="65" CONTENT="cultivated," />
            <SP ID="SP_6225" HPOS="1667" VPOS="1136" WIDTH="34" HEIGHT="0" />
            <String ID="Word_6889" HPOS="1702" VPOS="1136" WIDTH="87" HEIGHT="48" CONTENT="the" />
            <SP ID="SP_6226" HPOS="1790" VPOS="1151" WIDTH="23" HEIGHT="0" />
            <String ID="Word_6890" HPOS="1814" VPOS="1132" WIDTH="184" HEIGHT="52" CONTENT="results" />
            <SP ID="SP_6227" HPOS="1999" VPOS="1151" WIDTH="27" HEIGHT="0" />
            <String ID="Word_6891" HPOS="2027" VPOS="1131" WIDTH="56" HEIGHT="53" CONTENT="of" />
          </TextLine>
          <TextLine ID="TextLine_665" HPOS="122" VPOS="1203" WIDTH="1955" HEIGHT="73">
            <String ID="Word_6892" HPOS="122" VPOS="1203" WIDTH="64" HEIGHT="52" CONTENT="its" />
            <SP ID="SP_6228" HPOS="187" VPOS="1203" WIDTH="42" HEIGHT="0" />
            <String ID="Word_6893" HPOS="230" VPOS="1203" WIDTH="161" HEIGHT="53" CONTENT="latent" />
            <SP ID="SP_6229" HPOS="392" VPOS="1208" WIDTH="44" HEIGHT="0" />
            <String ID="Word_6894" HPOS="437" VPOS="1204" WIDTH="221" HEIGHT="71" CONTENT="activity," />
            <SP ID="SP_6230" HPOS="659" VPOS="1224" WIDTH="42" HEIGHT="0" />
            <String ID="Word_6895" HPOS="702" VPOS="1205" WIDTH="214" HEIGHT="70" CONTENT="starting" />
            <SP ID="SP_6231" HPOS="917" VPOS="1205" WIDTH="29" HEIGHT="0" />
            <String ID="Word_6896" HPOS="947" VPOS="1205" WIDTH="108" HEIGHT="53" CONTENT="into" />
            <SP ID="SP_6232" HPOS="1056" VPOS="1224" WIDTH="38" HEIGHT="0" />
            <String ID="Word_6897" HPOS="1095" VPOS="1224" WIDTH="377" HEIGHT="34" CONTENT="consciousness" />
            <SP ID="SP_6233" HPOS="1473" VPOS="1225" WIDTH="26" HEIGHT="0" />
            <String ID="Word_6898" HPOS="1500" VPOS="1205" WIDTH="266" HEIGHT="71" CONTENT="suddenly," />
            <SP ID="SP_6234" HPOS="1767" VPOS="1225" WIDTH="26" HEIGHT="0" />
            <String ID="Word_6899" HPOS="1794" VPOS="1205" WIDTH="283" HEIGHT="53" CONTENT="sometimes" />
          </TextLine>
          <TextLine ID="TextLine_666" HPOS="125" VPOS="1277" WIDTH="1953" HEIGHT="72">
            <String ID="Word_6900" HPOS="125" VPOS="1296" WIDTH="183" HEIGHT="51" CONTENT="appear" />
            <SP ID="SP_6235" HPOS="309" VPOS="1277" WIDTH="38" HEIGHT="0" />
            <String ID="Word_6901" HPOS="348" VPOS="1277" WIDTH="101" HEIGHT="53" CONTENT="like" />
            <SP ID="SP_6236" HPOS="450" VPOS="1278" WIDTH="41" HEIGHT="0" />
            <String ID="Word_6902" HPOS="492" VPOS="1278" WIDTH="298" HEIGHT="65" CONTENT="intuitions;" />
            <SP ID="SP_6237" HPOS="791" VPOS="1284" WIDTH="57" HEIGHT="0" />
            <String ID="Word_6903" HPOS="849" VPOS="1284" WIDTH="122" HEIGHT="65" CONTENT="they" />
            <SP ID="SP_6238" HPOS="972" VPOS="1298" WIDTH="39" HEIGHT="0" />
            <String ID="Word_6904" HPOS="1012" VPOS="1298" WIDTH="81" HEIGHT="33" CONTENT="are" />
            <SP ID="SP_6239" HPOS="1094" VPOS="1298" WIDTH="43" HEIGHT="0" />
            <String ID="Word_6905" HPOS="1138" VPOS="1284" WIDTH="204" HEIGHT="48" CONTENT="strange" />
            <SP ID="SP_6240" HPOS="1343" VPOS="1298" WIDTH="50" HEIGHT="0" />
            <String ID="Word_6906" HPOS="1394" VPOS="1279" WIDTH="99" HEIGHT="53" CONTENT="and" />
            <SP ID="SP_6241" HPOS="1494" VPOS="1279" WIDTH="50" HEIGHT="0" />
            <String ID="Word_6907" HPOS="1545" VPOS="1279" WIDTH="253" HEIGHT="70" CONTENT="startling," />
            <SP ID="SP_6242" HPOS="1799" VPOS="1278" WIDTH="40" HEIGHT="0" />
            <String ID="Word_6908" HPOS="1840" VPOS="1278" WIDTH="103" HEIGHT="53" CONTENT="like" />
            <SP ID="SP_6243" HPOS="1944" VPOS="1283" WIDTH="45" HEIGHT="0" />
            <String ID="Word_6909" HPOS="1990" VPOS="1278" WIDTH="88" HEIGHT="53" CONTENT="the" />
          </TextLine>
          <TextLine ID="TextLine_667" HPOS="123" VPOS="1350" WIDTH="1952" HEIGHT="72">
            <String ID="Word_6910" HPOS="123" VPOS="1350" WIDTH="240" HEIGHT="70" CONTENT="products" />
            <SP ID="SP_6244" HPOS="364" VPOS="1370" WIDTH="25" HEIGHT="0" />
            <String ID="Word_6911" HPOS="390" VPOS="1351" WIDTH="56" HEIGHT="52" CONTENT="of" />
            <SP ID="SP_6245" HPOS="447" VPOS="1351" WIDTH="33" HEIGHT="0" />
            <String ID="Word_6912" HPOS="481" VPOS="1371" WIDTH="27" HEIGHT="33" CONTENT="a" />
            <SP ID="SP_6246" HPOS="509" VPOS="1351" WIDTH="26" HEIGHT="0" />
            <String ID="Word_6913" HPOS="536" VPOS="1351" WIDTH="169" HEIGHT="53" CONTENT="dream" />
            <SP ID="SP_6247" HPOS="706" VPOS="1371" WIDTH="43" HEIGHT="0" />
            <String ID="Word_6914" HPOS="750" VPOS="1352" WIDTH="222" HEIGHT="53" CONTENT="ofttimes" />
            <SP ID="SP_6248" HPOS="973" VPOS="1372" WIDTH="41" HEIGHT="0" />
            <String ID="Word_6915" HPOS="1015" VPOS="1372" WIDTH="96" HEIGHT="45" CONTENT="are," />
            <SP ID="SP_6249" HPOS="1112" VPOS="1359" WIDTH="42" HEIGHT="0" />
            <String ID="Word_6916" HPOS="1155" VPOS="1359" WIDTH="53" HEIGHT="46" CONTENT="to" />
            <SP ID="SP_6250" HPOS="1209" VPOS="1358" WIDTH="43" HEIGHT="0" />
            <String ID="Word_6917" HPOS="1253" VPOS="1358" WIDTH="86" HEIGHT="47" CONTENT="the" />
            <SP ID="SP_6251" HPOS="1340" VPOS="1371" WIDTH="35" HEIGHT="0" />
            <String ID="Word_6918" HPOS="1376" VPOS="1352" WIDTH="141" HEIGHT="53" CONTENT="mind" />
            <SP ID="SP_6252" HPOS="1518" VPOS="1352" WIDTH="26" HEIGHT="0" />
            <String ID="Word_6919" HPOS="1545" VPOS="1352" WIDTH="162" HEIGHT="53" CONTENT="which" />
            <SP ID="SP_6253" HPOS="1708" VPOS="1352" WIDTH="31" HEIGHT="0" />
            <String ID="Word_6920" HPOS="1740" VPOS="1352" WIDTH="91" HEIGHT="52" CONTENT="has" />
            <SP ID="SP_6254" HPOS="1832" VPOS="1371" WIDTH="25" HEIGHT="0" />
            <String ID="Word_6921" HPOS="1858" VPOS="1351" WIDTH="217" HEIGHT="71" CONTENT="actually" />
          </TextLine>
          <TextLine ID="TextLine_668" HPOS="124" VPOS="1424" WIDTH="1954" HEIGHT="73">
            <String ID="Word_6922" HPOS="124" VPOS="1424" WIDTH="259" HEIGHT="70" CONTENT="produced" />
            <SP ID="SP_6255" HPOS="384" VPOS="1425" WIDTH="22" HEIGHT="0" />
            <String ID="Word_6923" HPOS="407" VPOS="1425" WIDTH="178" HEIGHT="63" CONTENT="them.." />
            <SP ID="SP_6256" HPOS="586" VPOS="1425" WIDTH="56" HEIGHT="0" />
            <String ID="Word_6924" HPOS="643" VPOS="1425" WIDTH="175" HEIGHT="54" CONTENT="Hence" />
            <SP ID="SP_6257" HPOS="819" VPOS="1426" WIDTH="43" HEIGHT="0" />
            <String ID="Word_6925" HPOS="863" VPOS="1426" WIDTH="41" HEIGHT="53" CONTENT="it" />
            <SP ID="SP_6258" HPOS="905" VPOS="1432" WIDTH="40" HEIGHT="0" />
            <String ID="Word_6926" HPOS="946" VPOS="1446" WIDTH="98" HEIGHT="33" CONTENT="was" />
            <SP ID="SP_6259" HPOS="1045" VPOS="1445" WIDTH="33" HEIGHT="0" />
            <String ID="Word_6927" HPOS="1079" VPOS="1445" WIDTH="66" HEIGHT="34" CONTENT="no" />
            <SP ID="SP_6260" HPOS="1146" VPOS="1446" WIDTH="30" HEIGHT="0" />
            <String ID="Word_6928" HPOS="1177" VPOS="1445" WIDTH="326" HEIGHT="34" CONTENT="extravagant" />
            <SP ID="SP_6261" HPOS="1504" VPOS="1426" WIDTH="33" HEIGHT="0" />
            <String ID="Word_6929" HPOS="1538" VPOS="1426" WIDTH="145" HEIGHT="71" CONTENT="fancy" />
            <SP ID="SP_6262" HPOS="1684" VPOS="1426" WIDTH="27" HEIGHT="0" />
            <String ID="Word_6930" HPOS="1712" VPOS="1426" WIDTH="54" HEIGHT="52" CONTENT="in" />
            <SP ID="SP_6263" HPOS="1767" VPOS="1426" WIDTH="24" HEIGHT="0" />
            <String ID="Word_6931" HPOS="1792" VPOS="1426" WIDTH="148" HEIGHT="53" CONTENT="Plato" />
            <SP ID="SP_6264" HPOS="1941" VPOS="1431" WIDTH="24" HEIGHT="0" />
            <String ID="Word_6932" HPOS="1966" VPOS="1425" WIDTH="112" HEIGHT="53" CONTENT="that" />
          </TextLine>
          <TextLine ID="TextLine_669" HPOS="124" VPOS="1488" WIDTH="1955" HEIGHT="82">
            <String ID="Word_6933" HPOS="124" VPOS="1488" WIDTH="61" HEIGHT="61" CONTENT="he" />
            <SP ID="SP_6265" HPOS="186" VPOS="1498" WIDTH="23" HEIGHT="0" />
            <String ID="Word_6934" HPOS="210" VPOS="1498" WIDTH="184" HEIGHT="53" CONTENT="looked" />
            <SP ID="SP_6266" HPOS="395" VPOS="1498" WIDTH="25" HEIGHT="0" />
            <String ID="Word_6935" HPOS="421" VPOS="1518" WIDTH="137" HEIGHT="33" CONTENT="upon" />
            <SP ID="SP_6267" HPOS="559" VPOS="1504" WIDTH="23" HEIGHT="0" />
            <String ID="Word_6936" HPOS="583" VPOS="1504" WIDTH="136" HEIGHT="48" CONTENT="them" />
            <SP ID="SP_6268" HPOS="720" VPOS="1519" WIDTH="27" HEIGHT="0" />
            <String ID="Word_6937" HPOS="748" VPOS="1519" WIDTH="52" HEIGHT="33" CONTENT="as" />
            <SP ID="SP_6269" HPOS="801" VPOS="1519" WIDTH="25" HEIGHT="0" />
            <String ID="Word_6938" HPOS="827" VPOS="1500" WIDTH="365" HEIGHT="53" CONTENT="reminiscences" />
            <SP ID="SP_6270" HPOS="1193" VPOS="1520" WIDTH="25" HEIGHT="0" />
            <String ID="Word_6939" HPOS="1219" VPOS="1500" WIDTH="53" HEIGHT="52" CONTENT="of" />
            <SP ID="SP_6271" HPOS="1273" VPOS="1500" WIDTH="21" HEIGHT="0" />
            <String ID="Word_6940" HPOS="1295" VPOS="1520" WIDTH="26" HEIGHT="32" CONTENT="a" />
            <SP ID="SP_6272" HPOS="1322" VPOS="1520" WIDTH="25" HEIGHT="0" />
            <String ID="Word_6941" HPOS="1348" VPOS="1500" WIDTH="231" HEIGHT="70" CONTENT="previous" />
            <SP ID="SP_6273" HPOS="1580" VPOS="1499" WIDTH="24" HEIGHT="0" />
            <String ID="Word_6942" HPOS="1605" VPOS="1499" WIDTH="180" HEIGHT="71" CONTENT="higher" />
            <SP ID="SP_6274" HPOS="1786" VPOS="1518" WIDTH="24" HEIGHT="0" />
            <String ID="Word_6943" HPOS="1811" VPOS="1503" WIDTH="268" HEIGHT="50" CONTENT="existence." />
          </TextLine>
          <TextLine ID="TextLine_670" HPOS="126" VPOS="1572" WIDTH="1952" HEIGHT="72">
            <String ID="Word_6944" HPOS="126" VPOS="1572" WIDTH="189" HEIGHT="53" CONTENT="Plato's" />
            <SP ID="SP_6275" HPOS="316" VPOS="1592" WIDTH="25" HEIGHT="0" />
            <String ID="Word_6945" HPOS="342" VPOS="1572" WIDTH="142" HEIGHT="53" CONTENT="mind" />
            <SP ID="SP_6276" HPOS="485" VPOS="1572" WIDTH="23" HEIGHT="0" />
            <String ID="Word_6946" HPOS="509" VPOS="1592" WIDTH="99" HEIGHT="34" CONTENT="was" />
            <SP ID="SP_6277" HPOS="609" VPOS="1593" WIDTH="27" HEIGHT="0" />
            <String ID="Word_6947" HPOS="637" VPOS="1593" WIDTH="28" HEIGHT="33" CONTENT="a" />
            <SP ID="SP_6278" HPOS="666" VPOS="1593" WIDTH="16" HEIGHT="0" />
            <String ID="Word_6948" HPOS="683" VPOS="1573" WIDTH="142" HEIGHT="52" CONTENT="mind" />
            <SP ID="SP_6279" HPOS="826" VPOS="1573" WIDTH="26" HEIGHT="0" />
            <String ID="Word_6949" HPOS="853" VPOS="1574" WIDTH="54" HEIGHT="52" CONTENT="of" />
            <SP ID="SP_6280" HPOS="908" VPOS="1574" WIDTH="31" HEIGHT="0" />
            <String ID="Word_6950" HPOS="940" VPOS="1574" WIDTH="88" HEIGHT="51" CONTENT="the" />
            <SP ID="SP_6281" HPOS="1029" VPOS="1575" WIDTH="25" HEIGHT="0" />
            <String ID="Word_6951" HPOS="1055" VPOS="1574" WIDTH="204" HEIGHT="52" CONTENT="highest" />
            <SP ID="SP_6282" HPOS="1260" VPOS="1579" WIDTH="25" HEIGHT="0" />
            <String ID="Word_6952" HPOS="1286" VPOS="1592" WIDTH="158" HEIGHT="46" CONTENT="order," />
            <SP ID="SP_6283" HPOS="1445" VPOS="1593" WIDTH="27" HEIGHT="0" />
            <String ID="Word_6953" HPOS="1473" VPOS="1573" WIDTH="99" HEIGHT="53" CONTENT="and" />
            <SP ID="SP_6284" HPOS="1573" VPOS="1573" WIDTH="22" HEIGHT="0" />
            <String ID="Word_6954" HPOS="1596" VPOS="1579" WIDTH="89" HEIGHT="47" CONTENT="the" />
            <SP ID="SP_6285" HPOS="1686" VPOS="1592" WIDTH="23" HEIGHT="0" />
            <String ID="Word_6955" HPOS="1710" VPOS="1573" WIDTH="182" HEIGHT="53" CONTENT="results" />
            <SP ID="SP_6286" HPOS="1893" VPOS="1592" WIDTH="26" HEIGHT="0" />
            <String ID="Word_6956" HPOS="1920" VPOS="1573" WIDTH="56" HEIGHT="52" CONTENT="of" />
            <SP ID="SP_6287" HPOS="1977" VPOS="1573" WIDTH="32" HEIGHT="0" />
            <String ID="Word_6957" HPOS="2010" VPOS="1573" WIDTH="68" HEIGHT="52" CONTENT="its" />
          </TextLine>
          <TextLine ID="TextLine_671" HPOS="125" VPOS="1645" WIDTH="1954" HEIGHT="73">
            <String ID="Word_6958" HPOS="125" VPOS="1665" WIDTH="333" HEIGHT="34" CONTENT="unconscious" />
            <SP ID="SP_6288" HPOS="459" VPOS="1666" WIDTH="35" HEIGHT="0" />
            <String ID="Word_6959" HPOS="495" VPOS="1646" WIDTH="203" HEIGHT="72" CONTENT="activity" />
            <SP ID="SP_6289" HPOS="699" VPOS="1667" WIDTH="25" HEIGHT="0" />
            <String ID="Word_6960" HPOS="725" VPOS="1667" WIDTH="53" HEIGHT="32" CONTENT="as" />
            <SP ID="SP_6290" HPOS="779" VPOS="1652" WIDTH="36" HEIGHT="0" />
            <String ID="Word_6961" HPOS="816" VPOS="1647" WIDTH="120" HEIGHT="71" CONTENT="they" />
            <SP ID="SP_6291" HPOS="937" VPOS="1648" WIDTH="24" HEIGHT="0" />
            <String ID="Word_6962" HPOS="962" VPOS="1647" WIDTH="192" HEIGHT="53" CONTENT="flashed" />
            <SP ID="SP_6292" HPOS="1155" VPOS="1647" WIDTH="48" HEIGHT="0" />
            <String ID="Word_6963" HPOS="1204" VPOS="1647" WIDTH="108" HEIGHT="53" CONTENT="into" />
            <SP ID="SP_6293" HPOS="1313" VPOS="1666" WIDTH="39" HEIGHT="0" />
            <String ID="Word_6964" HPOS="1353" VPOS="1666" WIDTH="378" HEIGHT="34" CONTENT="consciousness" />
            <SP ID="SP_6294" HPOS="1732" VPOS="1666" WIDTH="33" HEIGHT="0" />
            <String ID="Word_6965" HPOS="1766" VPOS="1646" WIDTH="166" HEIGHT="53" CONTENT="might" />
            <SP ID="SP_6295" HPOS="1933" VPOS="1650" WIDTH="32" HEIGHT="0" />
            <String ID="Word_6966" HPOS="1966" VPOS="1645" WIDTH="113" HEIGHT="54" CONTENT="well" />
          </TextLine>
          <TextLine ID="TextLine_672" HPOS="126" VPOS="1720" WIDTH="1953" HEIGHT="72">
            <String ID="Word_6967" HPOS="126" VPOS="1739" WIDTH="133" HEIGHT="33" CONTENT="seem" />
            <SP ID="SP_6296" HPOS="260" VPOS="1721" WIDTH="23" HEIGHT="0" />
            <String ID="Word_6968" HPOS="284" VPOS="1720" WIDTH="266" HEIGHT="53" CONTENT="intuitions" />
            <SP ID="SP_6297" HPOS="551" VPOS="1740" WIDTH="25" HEIGHT="0" />
            <String ID="Word_6969" HPOS="577" VPOS="1721" WIDTH="56" HEIGHT="53" CONTENT="of" />
            <SP ID="SP_6298" HPOS="634" VPOS="1721" WIDTH="32" HEIGHT="0" />
            <String ID="Word_6970" HPOS="667" VPOS="1740" WIDTH="28" HEIGHT="33" CONTENT="a" />
            <SP ID="SP_6299" HPOS="696" VPOS="1720" WIDTH="24" HEIGHT="0" />
            <String ID="Word_6971" HPOS="721" VPOS="1720" WIDTH="161" HEIGHT="54" CONTENT="better" />
            <SP ID="SP_6300" HPOS="883" VPOS="1720" WIDTH="38" HEIGHT="0" />
            <String ID="Word_6972" HPOS="922" VPOS="1720" WIDTH="87" HEIGHT="54" CONTENT="life" />
            <SP ID="SP_6301" HPOS="1010" VPOS="1740" WIDTH="43" HEIGHT="0" />
            <String ID="Word_6973" HPOS="1054" VPOS="1726" WIDTH="140" HEIGHT="65" CONTENT="quite" />
            <SP ID="SP_6302" HPOS="1195" VPOS="1721" WIDTH="39" HEIGHT="0" />
            <String ID="Word_6974" HPOS="1235" VPOS="1721" WIDTH="200" HEIGHT="54" CONTENT="beyond" />
            <SP ID="SP_6303" HPOS="1436" VPOS="1721" WIDTH="37" HEIGHT="0" />
            <String ID="Word_6975" HPOS="1474" VPOS="1726" WIDTH="87" HEIGHT="47" CONTENT="the" />
            <SP ID="SP_6304" HPOS="1562" VPOS="1740" WIDTH="32" HEIGHT="0" />
            <String ID="Word_6976" HPOS="1595" VPOS="1720" WIDTH="149" HEIGHT="53" CONTENT="reach" />
            <SP ID="SP_6305" HPOS="1745" VPOS="1720" WIDTH="38" HEIGHT="0" />
            <String ID="Word_6977" HPOS="1784" VPOS="1720" WIDTH="58" HEIGHT="53" CONTENT="of" />
            <SP ID="SP_6306" HPOS="1843" VPOS="1720" WIDTH="30" HEIGHT="0" />
            <String ID="Word_6978" HPOS="1874" VPOS="1725" WIDTH="205" HEIGHT="67" CONTENT="present" />
          </TextLine>
          <TextLine ID="TextLine_673" HPOS="125" VPOS="1794" WIDTH="116" HEIGHT="52">
            <String ID="Word_6979" HPOS="125" VPOS="1794" WIDTH="116" HEIGHT="52" CONTENT="will." />
          </TextLine>
          <TextLine ID="TextLine_674" HPOS="200" VPOS="1866" WIDTH="1881" HEIGHT="72">
            <String ID="Word_6980" HPOS="200" VPOS="1868" WIDTH="105" HEIGHT="52" CONTENT="But" />
            <SP ID="SP_6307" HPOS="306" VPOS="1872" WIDTH="35" HEIGHT="0" />
            <String ID="Word_6981" HPOS="342" VPOS="1872" WIDTH="87" HEIGHT="48" CONTENT="the" />
            <SP ID="SP_6308" HPOS="430" VPOS="1886" WIDTH="35" HEIGHT="0" />
            <String ID="Word_6982" HPOS="466" VPOS="1886" WIDTH="200" HEIGHT="52" CONTENT="process" />
            <SP ID="SP_6309" HPOS="667" VPOS="1888" WIDTH="39" HEIGHT="0" />
            <String ID="Word_6983" HPOS="707" VPOS="1868" WIDTH="56" HEIGHT="53" CONTENT="of" />
            <SP ID="SP_6310" HPOS="764" VPOS="1868" WIDTH="31" HEIGHT="0" />
            <String ID="Word_6984" HPOS="796" VPOS="1887" WIDTH="337" HEIGHT="34" CONTENT="unconscious" />
            <SP ID="SP_6311" HPOS="1134" VPOS="1887" WIDTH="24" HEIGHT="0" />
            <String ID="Word_6985" HPOS="1159" VPOS="1867" WIDTH="189" HEIGHT="54" CONTENT="mental" />
            <SP ID="SP_6312" HPOS="1349" VPOS="1867" WIDTH="25" HEIGHT="0" />
            <String ID="Word_6986" HPOS="1375" VPOS="1867" WIDTH="307" HEIGHT="54" CONTENT="elaboration" />
            <SP ID="SP_6313" HPOS="1683" VPOS="1868" WIDTH="24" HEIGHT="0" />
            <String ID="Word_6987" HPOS="1708" VPOS="1868" WIDTH="42" HEIGHT="53" CONTENT="is" />
            <SP ID="SP_6314" HPOS="1751" VPOS="1887" WIDTH="27" HEIGHT="0" />
            <String ID="Word_6988" HPOS="1779" VPOS="1866" WIDTH="302" HEIGHT="71" CONTENT="sufficiently" />
          </TextLine>
          <TextLine ID="TextLine_675" HPOS="126" VPOS="1941" WIDTH="1955" HEIGHT="72">
            <String ID="Word_6989" HPOS="126" VPOS="1941" WIDTH="279" HEIGHT="53" CONTENT="illustrated" />
            <SP ID="SP_6315" HPOS="406" VPOS="1942" WIDTH="48" HEIGHT="0" />
            <String ID="Word_6990" HPOS="455" VPOS="1942" WIDTH="53" HEIGHT="52" CONTENT="in" />
            <SP ID="SP_6316" HPOS="509" VPOS="1942" WIDTH="50" HEIGHT="0" />
            <String ID="Word_6991" HPOS="560" VPOS="1942" WIDTH="130" HEIGHT="71" CONTENT="daily" />
            <SP ID="SP_6317" HPOS="691" VPOS="1961" WIDTH="48" HEIGHT="0" />
            <String ID="Word_6992" HPOS="740" VPOS="1942" WIDTH="303" HEIGHT="71" CONTENT="experience." />
            <SP ID="SP_6318" HPOS="1044" VPOS="1942" WIDTH="102" HEIGHT="0" />
            <String ID="Word_6993" HPOS="1147" VPOS="1942" WIDTH="65" HEIGHT="53" CONTENT="In" />
            <SP ID="SP_6319" HPOS="1213" VPOS="1942" WIDTH="58" HEIGHT="0" />
            <String ID="Word_6994" HPOS="1272" VPOS="1942" WIDTH="193" HEIGHT="53" CONTENT="dreams" />
            <SP ID="SP_6320" HPOS="1466" VPOS="1961" WIDTH="49" HEIGHT="0" />
            <String ID="Word_6995" HPOS="1516" VPOS="1961" WIDTH="137" HEIGHT="33" CONTENT="some" />
            <SP ID="SP_6321" HPOS="1654" VPOS="1961" WIDTH="48" HEIGHT="0" />
            <String ID="Word_6996" HPOS="1703" VPOS="1961" WIDTH="93" HEIGHT="33" CONTENT="can" />
            <SP ID="SP_6322" HPOS="1797" VPOS="1960" WIDTH="48" HEIGHT="0" />
            <String ID="Word_6997" HPOS="1846" VPOS="1960" WIDTH="235" HEIGHT="35" CONTENT="compose" />
          </TextLine>
          <TextLine ID="TextLine_676" HPOS="128" VPOS="2014" WIDTH="1951" HEIGHT="73">
            <String ID="Word_6998" HPOS="128" VPOS="2015" WIDTH="289" HEIGHT="71" CONTENT="vigorously" />
            <SP ID="SP_6323" HPOS="418" VPOS="2035" WIDTH="43" HEIGHT="0" />
            <String ID="Word_6999" HPOS="462" VPOS="2016" WIDTH="101" HEIGHT="52" CONTENT="and" />
            <SP ID="SP_6324" HPOS="564" VPOS="2016" WIDTH="47" HEIGHT="0" />
            <String ID="Word_7000" HPOS="612" VPOS="2016" WIDTH="227" HEIGHT="70" CONTENT="fluently," />
            <SP ID="SP_6325" HPOS="840" VPOS="2036" WIDTH="43" HEIGHT="0" />
            <String ID="Word_7001" HPOS="884" VPOS="2035" WIDTH="55" HEIGHT="34" CONTENT="or" />
            <SP ID="SP_6326" HPOS="940" VPOS="2035" WIDTH="49" HEIGHT="0" />
            <String ID="Word_7002" HPOS="990" VPOS="2016" WIDTH="154" HEIGHT="53" CONTENT="speak" />
            <SP ID="SP_6327" HPOS="1145" VPOS="2016" WIDTH="46" HEIGHT="0" />
            <String ID="Word_7003" HPOS="1192" VPOS="2020" WIDTH="135" HEIGHT="48" CONTENT="most" />
            <SP ID="SP_6328" HPOS="1328" VPOS="2020" WIDTH="49" HEIGHT="0" />
            <String ID="Word_7004" HPOS="1378" VPOS="2015" WIDTH="302" HEIGHT="71" CONTENT="eloquently," />
            <SP ID="SP_6329" HPOS="1681" VPOS="2035" WIDTH="44" HEIGHT="0" />
            <String ID="Word_7005" HPOS="1726" VPOS="2014" WIDTH="112" HEIGHT="54" CONTENT="who" />
            <SP ID="SP_6330" HPOS="1839" VPOS="2034" WIDTH="45" HEIGHT="0" />
            <String ID="Word_7006" HPOS="1885" VPOS="2034" WIDTH="94" HEIGHT="33" CONTENT="can" />
            <SP ID="SP_6331" HPOS="1980" VPOS="2015" WIDTH="33" HEIGHT="0" />
            <String ID="Word_7007" HPOS="2014" VPOS="2015" WIDTH="65" HEIGHT="52" CONTENT="do" />
          </TextLine>
          <TextLine ID="TextLine_677" HPOS="128" VPOS="2088" WIDTH="1953" HEIGHT="72">
            <String ID="Word_7008" HPOS="128" VPOS="2089" WIDTH="216" HEIGHT="70" CONTENT="nothing" />
            <SP ID="SP_6332" HPOS="345" VPOS="2108" WIDTH="25" HEIGHT="0" />
            <String ID="Word_7009" HPOS="371" VPOS="2089" WIDTH="55" HEIGHT="53" CONTENT="of" />
            <SP ID="SP_6333" HPOS="427" VPOS="2089" WIDTH="30" HEIGHT="0" />
            <String ID="Word_7010" HPOS="458" VPOS="2094" WIDTH="88" HEIGHT="48" CONTENT="the" />
            <SP ID="SP_6334" HPOS="547" VPOS="2109" WIDTH="39" HEIGHT="0" />
            <String ID="Word_7011" HPOS="587" VPOS="2094" WIDTH="104" HEIGHT="48" CONTENT="sort" />
            <SP ID="SP_6335" HPOS="692" VPOS="2094" WIDTH="37" HEIGHT="0" />
            <String ID="Word_7012" HPOS="730" VPOS="2109" WIDTH="146" HEIGHT="33" CONTENT="when" />
            <SP ID="SP_6336" HPOS="877" VPOS="2109" WIDTH="38" HEIGHT="0" />
            <String ID="Word_7013" HPOS="916" VPOS="2109" WIDTH="197" HEIGHT="46" CONTENT="awake;" />
            <SP ID="SP_6337" HPOS="1114" VPOS="2109" WIDTH="56" HEIGHT="0" />
            <String ID="Word_7014" HPOS="1171" VPOS="2089" WIDTH="302" HEIGHT="53" CONTENT="schoolboys" />
            <SP ID="SP_6338" HPOS="1474" VPOS="2089" WIDTH="44" HEIGHT="0" />
            <String ID="Word_7015" HPOS="1519" VPOS="2089" WIDTH="150" HEIGHT="52" CONTENT="know" />
            <SP ID="SP_6339" HPOS="1670" VPOS="2088" WIDTH="42" HEIGHT="0" />
            <String ID="Word_7016" HPOS="1713" VPOS="2088" WIDTH="115" HEIGHT="53" CONTENT="how" />
            <SP ID="SP_6340" HPOS="1829" VPOS="2107" WIDTH="22" HEIGHT="0" />
            <String ID="Word_7017" HPOS="1852" VPOS="2089" WIDTH="156" HEIGHT="52" CONTENT="much" />
            <SP ID="SP_6341" HPOS="2009" VPOS="2089" WIDTH="42" HEIGHT="0" />
            <String ID="Word_7018" HPOS="2052" VPOS="2107" WIDTH="29" HEIGHT="34" CONTENT="a" />
          </TextLine>
          <TextLine ID="TextLine_678" HPOS="129" VPOS="2162" WIDTH="1953" HEIGHT="71">
            <String ID="Word_7019" HPOS="129" VPOS="2163" WIDTH="191" HEIGHT="69" CONTENT="night's" />
            <SP ID="SP_6342" HPOS="321" VPOS="2182" WIDTH="36" HEIGHT="0" />
            <String ID="Word_7020" HPOS="358" VPOS="2167" WIDTH="103" HEIGHT="48" CONTENT="rest" />
            <SP ID="SP_6343" HPOS="462" VPOS="2164" WIDTH="35" HEIGHT="0" />
            <String ID="Word_7021" HPOS="498" VPOS="2164" WIDTH="251" HEIGHT="69" CONTENT="improves" />
            <SP ID="SP_6344" HPOS="750" VPOS="2169" WIDTH="36" HEIGHT="0" />
            <String ID="Word_7022" HPOS="787" VPOS="2163" WIDTH="128" HEIGHT="53" CONTENT="their" />
            <SP ID="SP_6345" HPOS="916" VPOS="2163" WIDTH="35" HEIGHT="0" />
            <String ID="Word_7023" HPOS="952" VPOS="2163" WIDTH="296" HEIGHT="54" CONTENT="knowledge" />
            <SP ID="SP_6346" HPOS="1249" VPOS="2183" WIDTH="35" HEIGHT="0" />
            <String ID="Word_7024" HPOS="1285" VPOS="2163" WIDTH="56" HEIGHT="53" CONTENT="of" />
            <SP ID="SP_6347" HPOS="1342" VPOS="2163" WIDTH="33" HEIGHT="0" />
            <String ID="Word_7025" HPOS="1376" VPOS="2183" WIDTH="28" HEIGHT="32" CONTENT="a" />
            <SP ID="SP_6348" HPOS="1405" VPOS="2163" WIDTH="21" HEIGHT="0" />
            <String ID="Word_7026" HPOS="1427" VPOS="2163" WIDTH="169" HEIGHT="52" CONTENT="lesson" />
            <SP ID="SP_6349" HPOS="1597" VPOS="2181" WIDTH="23" HEIGHT="0" />
            <String ID="Word_7027" HPOS="1621" VPOS="2162" WIDTH="159" HEIGHT="52" CONTENT="which" />
            <SP ID="SP_6350" HPOS="1781" VPOS="2162" WIDTH="29" HEIGHT="0" />
            <String ID="Word_7028" HPOS="1811" VPOS="2162" WIDTH="119" HEIGHT="70" CONTENT="they" />
            <SP ID="SP_6351" HPOS="1931" VPOS="2162" WIDTH="24" HEIGHT="0" />
            <String ID="Word_7029" HPOS="1956" VPOS="2162" WIDTH="126" HEIGHT="52" CONTENT="have" />
          </TextLine>
          <TextLine ID="TextLine_679" HPOS="130" VPOS="2235" WIDTH="1951" HEIGHT="73">
            <String ID="Word_7030" HPOS="130" VPOS="2235" WIDTH="127" HEIGHT="54" CONTENT="been" />
            <SP ID="SP_6352" HPOS="258" VPOS="2236" WIDTH="23" HEIGHT="0" />
            <String ID="Word_7031" HPOS="282" VPOS="2236" WIDTH="230" HEIGHT="71" CONTENT="learning" />
            <SP ID="SP_6353" HPOS="513" VPOS="2236" WIDTH="23" HEIGHT="0" />
            <String ID="Word_7032" HPOS="537" VPOS="2236" WIDTH="171" HEIGHT="53" CONTENT="before" />
            <SP ID="SP_6354" HPOS="709" VPOS="2256" WIDTH="25" HEIGHT="0" />
            <String ID="Word_7033" HPOS="735" VPOS="2237" WIDTH="158" HEIGHT="71" CONTENT="going" />
            <SP ID="SP_6355" HPOS="894" VPOS="2241" WIDTH="22" HEIGHT="0" />
            <String ID="Word_7034" HPOS="917" VPOS="2241" WIDTH="55" HEIGHT="49" CONTENT="to" />
            <SP ID="SP_6356" HPOS="973" VPOS="2237" WIDTH="34" HEIGHT="0" />
            <String ID="Word_7035" HPOS="1008" VPOS="2237" WIDTH="126" HEIGHT="65" CONTENT="bed;" />
            <SP ID="SP_6357" HPOS="1135" VPOS="2257" WIDTH="42" HEIGHT="0" />
            <String ID="Word_7036" HPOS="1178" VPOS="2242" WIDTH="139" HEIGHT="66" CONTENT="great" />
            <SP ID="SP_6358" HPOS="1318" VPOS="2242" WIDTH="24" HEIGHT="0" />
            <String ID="Word_7037" HPOS="1343" VPOS="2237" WIDTH="191" HEIGHT="52" CONTENT="writers" />
            <SP ID="SP_6359" HPOS="1535" VPOS="2255" WIDTH="26" HEIGHT="0" />
            <String ID="Word_7038" HPOS="1562" VPOS="2254" WIDTH="56" HEIGHT="34" CONTENT="or" />
            <SP ID="SP_6360" HPOS="1619" VPOS="2254" WIDTH="24" HEIGHT="0" />
            <String ID="Word_7039" HPOS="1644" VPOS="2239" WIDTH="142" HEIGHT="67" CONTENT="great" />
            <SP ID="SP_6361" HPOS="1787" VPOS="2239" WIDTH="24" HEIGHT="0" />
            <String ID="Word_7040" HPOS="1812" VPOS="2236" WIDTH="186" HEIGHT="64" CONTENT="artists," />
            <SP ID="SP_6362" HPOS="1999" VPOS="2255" WIDTH="27" HEIGHT="0" />
            <String ID="Word_7041" HPOS="2027" VPOS="2254" WIDTH="54" HEIGHT="34" CONTENT="as" />
          </TextLine>
          <TextLine ID="TextLine_680" HPOS="130" VPOS="2308" WIDTH="1952" HEIGHT="74">
            <String ID="Word_7042" HPOS="130" VPOS="2310" WIDTH="42" HEIGHT="52" CONTENT="is" />
            <SP ID="SP_6363" HPOS="173" VPOS="2329" WIDTH="15" HEIGHT="0" />
            <String ID="Word_7043" HPOS="189" VPOS="2310" WIDTH="109" HEIGHT="52" CONTENT="well" />
            <SP ID="SP_6364" HPOS="299" VPOS="2310" WIDTH="22" HEIGHT="0" />
            <String ID="Word_7044" HPOS="322" VPOS="2310" WIDTH="203" HEIGHT="66" CONTENT="known," />
            <SP ID="SP_6365" HPOS="526" VPOS="2310" WIDTH="17" HEIGHT="0" />
            <String ID="Word_7045" HPOS="544" VPOS="2310" WIDTH="128" HEIGHT="53" CONTENT="have" />
            <SP ID="SP_6366" HPOS="673" VPOS="2310" WIDTH="24" HEIGHT="0" />
            <String ID="Word_7046" HPOS="698" VPOS="2310" WIDTH="128" HEIGHT="53" CONTENT="been" />
            <SP ID="SP_6367" HPOS="827" VPOS="2316" WIDTH="22" HEIGHT="0" />
            <String ID="Word_7047" HPOS="850" VPOS="2316" WIDTH="138" HEIGHT="66" CONTENT="truly" />
            <SP ID="SP_6368" HPOS="989" VPOS="2331" WIDTH="14" HEIGHT="0" />
            <String ID="Word_7048" HPOS="1004" VPOS="2310" WIDTH="290" HEIGHT="54" CONTENT="astonished" />
            <SP ID="SP_6369" HPOS="1295" VPOS="2310" WIDTH="24" HEIGHT="0" />
            <String ID="Word_7049" HPOS="1320" VPOS="2315" WIDTH="52" HEIGHT="48" CONTENT="at" />
            <SP ID="SP_6370" HPOS="1373" VPOS="2315" WIDTH="23" HEIGHT="0" />
            <String ID="Word_7050" HPOS="1397" VPOS="2310" WIDTH="129" HEIGHT="53" CONTENT="their" />
            <SP ID="SP_6371" HPOS="1527" VPOS="2328" WIDTH="25" HEIGHT="0" />
            <String ID="Word_7051" HPOS="1553" VPOS="2328" WIDTH="113" HEIGHT="33" CONTENT="own" />
            <SP ID="SP_6372" HPOS="1667" VPOS="2328" WIDTH="24" HEIGHT="0" />
            <String ID="Word_7052" HPOS="1692" VPOS="2314" WIDTH="262" HEIGHT="61" CONTENT="creations," />
            <SP ID="SP_6373" HPOS="1955" VPOS="2328" WIDTH="26" HEIGHT="0" />
            <String ID="Word_7053" HPOS="1982" VPOS="2308" WIDTH="100" HEIGHT="54" CONTENT="and" />
          </TextLine>
          <TextLine ID="TextLine_681" HPOS="133" VPOS="2382" WIDTH="1949" HEIGHT="73">
            <String ID="Word_7054" HPOS="133" VPOS="2389" WIDTH="182" HEIGHT="47" CONTENT="cannot" />
            <SP ID="SP_6374" HPOS="316" VPOS="2389" WIDTH="41" HEIGHT="0" />
            <String ID="Word_7055" HPOS="358" VPOS="2383" WIDTH="232" HEIGHT="54" CONTENT="conceive" />
            <SP ID="SP_6375" HPOS="591" VPOS="2382" WIDTH="38" HEIGHT="0" />
            <String ID="Word_7056" HPOS="630" VPOS="2382" WIDTH="113" HEIGHT="55" CONTENT="how" />
            <SP ID="SP_6376" HPOS="744" VPOS="2389" WIDTH="23" HEIGHT="0" />
            <String ID="Word_7057" HPOS="768" VPOS="2389" WIDTH="120" HEIGHT="66" CONTENT="they" />
            <SP ID="SP_6377" HPOS="889" VPOS="2403" WIDTH="27" HEIGHT="0" />
            <String ID="Word_7058" HPOS="917" VPOS="2384" WIDTH="259" HEIGHT="53" CONTENT="contrived" />
            <SP ID="SP_6378" HPOS="1177" VPOS="2385" WIDTH="39" HEIGHT="0" />
            <String ID="Word_7059" HPOS="1217" VPOS="2389" WIDTH="54" HEIGHT="48" CONTENT="to" />
            <SP ID="SP_6379" HPOS="1272" VPOS="2404" WIDTH="44" HEIGHT="0" />
            <String ID="Word_7060" HPOS="1317" VPOS="2383" WIDTH="218" HEIGHT="72" CONTENT="produce" />
            <SP ID="SP_6380" HPOS="1536" VPOS="2388" WIDTH="35" HEIGHT="0" />
            <String ID="Word_7061" HPOS="1572" VPOS="2388" WIDTH="175" HEIGHT="60" CONTENT="them;" />
            <SP ID="SP_6381" HPOS="1748" VPOS="2402" WIDTH="39" HEIGHT="0" />
            <String ID="Word_7062" HPOS="1788" VPOS="2382" WIDTH="101" HEIGHT="53" CONTENT="and" />
            <SP ID="SP_6382" HPOS="1890" VPOS="2382" WIDTH="23" HEIGHT="0" />
            <String ID="Word_7063" HPOS="1914" VPOS="2387" WIDTH="54" HEIGHT="48" CONTENT="to" />
            <SP ID="SP_6383" HPOS="1969" VPOS="2387" WIDTH="23" HEIGHT="0" />
            <String ID="Word_7064" HPOS="1993" VPOS="2382" WIDTH="89" HEIGHT="53" CONTENT="the" />
          </TextLine>
          <TextLine ID="TextLine_682" HPOS="132" VPOS="2455" WIDTH="1949" HEIGHT="73">
            <String ID="Word_7065" HPOS="132" VPOS="2476" WIDTH="330" HEIGHT="34" CONTENT="unconscious" />
            <SP ID="SP_6384" HPOS="463" VPOS="2477" WIDTH="25" HEIGHT="0" />
            <String ID="Word_7066" HPOS="489" VPOS="2462" WIDTH="168" HEIGHT="48" CONTENT="action" />
            <SP ID="SP_6385" HPOS="658" VPOS="2477" WIDTH="24" HEIGHT="0" />
            <String ID="Word_7067" HPOS="683" VPOS="2458" WIDTH="55" HEIGHT="53" CONTENT="of" />
            <SP ID="SP_6386" HPOS="739" VPOS="2458" WIDTH="31" HEIGHT="0" />
            <String ID="Word_7068" HPOS="771" VPOS="2463" WIDTH="88" HEIGHT="47" CONTENT="the" />
            <SP ID="SP_6387" HPOS="860" VPOS="2477" WIDTH="33" HEIGHT="0" />
            <String ID="Word_7069" HPOS="894" VPOS="2458" WIDTH="140" HEIGHT="54" CONTENT="mind" />
            <SP ID="SP_6388" HPOS="1035" VPOS="2458" WIDTH="35" HEIGHT="0" />
            <String ID="Word_7070" HPOS="1071" VPOS="2458" WIDTH="42" HEIGHT="53" CONTENT="is" />
            <SP ID="SP_6389" HPOS="1114" VPOS="2478" WIDTH="36" HEIGHT="0" />
            <String ID="Word_7071" HPOS="1151" VPOS="2458" WIDTH="167" HEIGHT="70" CONTENT="owing" />
            <SP ID="SP_6390" HPOS="1319" VPOS="2476" WIDTH="31" HEIGHT="0" />
            <String ID="Word_7072" HPOS="1351" VPOS="2462" WIDTH="135" HEIGHT="48" CONTENT="most" />
            <SP ID="SP_6391" HPOS="1487" VPOS="2462" WIDTH="32" HEIGHT="0" />
            <String ID="Word_7073" HPOS="1520" VPOS="2455" WIDTH="244" HEIGHT="72" CONTENT="probably" />
            <SP ID="SP_6392" HPOS="1765" VPOS="2460" WIDTH="23" HEIGHT="0" />
            <String ID="Word_7074" HPOS="1789" VPOS="2460" WIDTH="112" HEIGHT="48" CONTENT="that" />
            <SP ID="SP_6393" HPOS="1902" VPOS="2460" WIDTH="40" HEIGHT="0" />
            <String ID="Word_7075" HPOS="1943" VPOS="2474" WIDTH="138" HEIGHT="34" CONTENT="occa-" />
          </TextLine>
          <TextLine ID="TextLine_683" HPOS="136" VPOS="2529" WIDTH="1947" HEIGHT="71">
            <String ID="Word_7076" HPOS="136" VPOS="2531" WIDTH="158" HEIGHT="53" CONTENT="sional" />
            <SP ID="SP_6394" HPOS="295" VPOS="2531" WIDTH="40" HEIGHT="0" />
            <String ID="Word_7077" HPOS="336" VPOS="2531" WIDTH="192" HEIGHT="53" CONTENT="sudden" />
            <SP ID="SP_6395" HPOS="529" VPOS="2551" WIDTH="39" HEIGHT="0" />
            <String ID="Word_7078" HPOS="569" VPOS="2550" WIDTH="396" HEIGHT="48" CONTENT="consciousness," />
            <SP ID="SP_6396" HPOS="966" VPOS="2551" WIDTH="25" HEIGHT="0" />
            <String ID="Word_7079" HPOS="992" VPOS="2532" WIDTH="164" HEIGHT="52" CONTENT="which" />
            <SP ID="SP_6397" HPOS="1157" VPOS="2532" WIDTH="44" HEIGHT="0" />
            <String ID="Word_7080" HPOS="1202" VPOS="2532" WIDTH="181" HEIGHT="52" CONTENT="almost" />
            <SP ID="SP_6398" HPOS="1384" VPOS="2535" WIDTH="33" HEIGHT="0" />
            <String ID="Word_7081" HPOS="1418" VPOS="2549" WIDTH="146" HEIGHT="51" CONTENT="every" />
            <SP ID="SP_6399" HPOS="1565" VPOS="2549" WIDTH="25" HEIGHT="0" />
            <String ID="Word_7082" HPOS="1591" VPOS="2548" WIDTH="94" HEIGHT="34" CONTENT="one" />
            <SP ID="SP_6400" HPOS="1686" VPOS="2548" WIDTH="33" HEIGHT="0" />
            <String ID="Word_7083" HPOS="1720" VPOS="2534" WIDTH="50" HEIGHT="48" CONTENT="at" />
            <SP ID="SP_6401" HPOS="1771" VPOS="2534" WIDTH="26" HEIGHT="0" />
            <String ID="Word_7084" HPOS="1798" VPOS="2547" WIDTH="136" HEIGHT="35" CONTENT="some" />
            <SP ID="SP_6402" HPOS="1935" VPOS="2535" WIDTH="24" HEIGHT="0" />
            <String ID="Word_7085" HPOS="1960" VPOS="2529" WIDTH="123" HEIGHT="52" CONTENT="time" />
          </TextLine>
          <TextLine ID="TextLine_684" HPOS="134" VPOS="2602" WIDTH="1947" HEIGHT="74">
            <String ID="Word_7086" HPOS="134" VPOS="2604" WIDTH="104" HEIGHT="66" CONTENT="has," />
            <SP ID="SP_6403" HPOS="239" VPOS="2625" WIDTH="28" HEIGHT="0" />
            <String ID="Word_7087" HPOS="268" VPOS="2605" WIDTH="54" HEIGHT="52" CONTENT="of" />
            <SP ID="SP_6404" HPOS="323" VPOS="2605" WIDTH="30" HEIGHT="0" />
            <String ID="Word_7088" HPOS="354" VPOS="2605" WIDTH="192" HEIGHT="71" CONTENT="having" />
            <SP ID="SP_6405" HPOS="547" VPOS="2605" WIDTH="37" HEIGHT="0" />
            <String ID="Word_7089" HPOS="585" VPOS="2605" WIDTH="128" HEIGHT="53" CONTENT="been" />
            <SP ID="SP_6406" HPOS="714" VPOS="2605" WIDTH="37" HEIGHT="0" />
            <String ID="Word_7090" HPOS="752" VPOS="2605" WIDTH="170" HEIGHT="53" CONTENT="before" />
            <SP ID="SP_6407" HPOS="923" VPOS="2605" WIDTH="36" HEIGHT="0" />
            <String ID="Word_7091" HPOS="960" VPOS="2605" WIDTH="53" HEIGHT="53" CONTENT="in" />
            <SP ID="SP_6408" HPOS="1014" VPOS="2625" WIDTH="43" HEIGHT="0" />
            <String ID="Word_7092" HPOS="1058" VPOS="2604" WIDTH="194" HEIGHT="72" CONTENT="exactly" />
            <SP ID="SP_6409" HPOS="1253" VPOS="2609" WIDTH="32" HEIGHT="0" />
            <String ID="Word_7093" HPOS="1286" VPOS="2609" WIDTH="87" HEIGHT="48" CONTENT="the" />
            <SP ID="SP_6410" HPOS="1374" VPOS="2624" WIDTH="41" HEIGHT="0" />
            <String ID="Word_7094" HPOS="1416" VPOS="2622" WIDTH="134" HEIGHT="34" CONTENT="same" />
            <SP ID="SP_6411" HPOS="1551" VPOS="2622" WIDTH="43" HEIGHT="0" />
            <String ID="Word_7095" HPOS="1595" VPOS="2602" WIDTH="387" HEIGHT="54" CONTENT="circumstances" />
            <SP ID="SP_6412" HPOS="1983" VPOS="2621" WIDTH="44" HEIGHT="0" />
            <String ID="Word_7096" HPOS="2028" VPOS="2621" WIDTH="53" HEIGHT="34" CONTENT="as" />
          </TextLine>
          <TextLine ID="TextLine_685" HPOS="135" VPOS="2675" WIDTH="1944" HEIGHT="75">
            <String ID="Word_7097" HPOS="135" VPOS="2683" WIDTH="142" HEIGHT="48" CONTENT="those" />
            <SP ID="SP_6413" HPOS="278" VPOS="2698" WIDTH="22" HEIGHT="0" />
            <String ID="Word_7098" HPOS="301" VPOS="2678" WIDTH="167" HEIGHT="53" CONTENT="which" />
            <SP ID="SP_6414" HPOS="469" VPOS="2679" WIDTH="33" HEIGHT="0" />
            <String ID="Word_7099" HPOS="503" VPOS="2697" WIDTH="79" HEIGHT="34" CONTENT="are" />
            <SP ID="SP_6415" HPOS="583" VPOS="2684" WIDTH="35" HEIGHT="0" />
            <String ID="Word_7100" HPOS="619" VPOS="2679" WIDTH="123" HEIGHT="52" CONTENT="then" />
            <SP ID="SP_6416" HPOS="743" VPOS="2678" WIDTH="27" HEIGHT="0" />
            <String ID="Word_7101" HPOS="771" VPOS="2678" WIDTH="308" HEIGHT="72" CONTENT="happening," />
            <SP ID="SP_6417" HPOS="1080" VPOS="2684" WIDTH="34" HEIGHT="0" />
            <String ID="Word_7102" HPOS="1115" VPOS="2678" WIDTH="202" HEIGHT="54" CONTENT="though" />
            <SP ID="SP_6418" HPOS="1318" VPOS="2678" WIDTH="24" HEIGHT="0" />
            <String ID="Word_7103" HPOS="1343" VPOS="2678" WIDTH="87" HEIGHT="52" CONTENT="the" />
            <SP ID="SP_6419" HPOS="1431" VPOS="2683" WIDTH="22" HEIGHT="0" />
            <String ID="Word_7104" HPOS="1454" VPOS="2677" WIDTH="151" HEIGHT="70" CONTENT="thing" />
            <SP ID="SP_6420" HPOS="1606" VPOS="2696" WIDTH="23" HEIGHT="0" />
            <String ID="Word_7105" HPOS="1630" VPOS="2696" WIDTH="99" HEIGHT="33" CONTENT="was" />
            <SP ID="SP_6421" HPOS="1730" VPOS="2676" WIDTH="24" HEIGHT="0" />
            <String ID="Word_7106" HPOS="1755" VPOS="2675" WIDTH="324" HEIGHT="65" CONTENT="impossible;" />
          </TextLine>
          <TextLine ID="TextLine_686" HPOS="135" VPOS="2748" WIDTH="1948" HEIGHT="58">
            <String ID="Word_7107" HPOS="135" VPOS="2751" WIDTH="94" HEIGHT="53" CONTENT="but" />
            <SP ID="SP_6422" HPOS="230" VPOS="2756" WIDTH="36" HEIGHT="0" />
            <String ID="Word_7108" HPOS="267" VPOS="2758" WIDTH="87" HEIGHT="47" CONTENT="the" />
            <SP ID="SP_6423" HPOS="355" VPOS="2772" WIDTH="44" HEIGHT="0" />
            <String ID="Word_7109" HPOS="400" VPOS="2757" WIDTH="166" HEIGHT="49" CONTENT="action" />
            <SP ID="SP_6424" HPOS="567" VPOS="2772" WIDTH="43" HEIGHT="0" />
            <String ID="Word_7110" HPOS="611" VPOS="2753" WIDTH="55" HEIGHT="52" CONTENT="of" />
            <SP ID="SP_6425" HPOS="667" VPOS="2753" WIDTH="45" HEIGHT="0" />
            <String ID="Word_7111" HPOS="713" VPOS="2757" WIDTH="88" HEIGHT="48" CONTENT="the" />
            <SP ID="SP_6426" HPOS="802" VPOS="2771" WIDTH="46" HEIGHT="0" />
            <String ID="Word_7112" HPOS="849" VPOS="2752" WIDTH="143" HEIGHT="53" CONTENT="mind" />
            <SP ID="SP_6427" HPOS="993" VPOS="2753" WIDTH="47" HEIGHT="0" />
            <String ID="Word_7113" HPOS="1041" VPOS="2753" WIDTH="55" HEIGHT="52" CONTENT="in" />
            <SP ID="SP_6428" HPOS="1097" VPOS="2757" WIDTH="46" HEIGHT="0" />
            <String ID="Word_7114" HPOS="1144" VPOS="2757" WIDTH="89" HEIGHT="47" CONTENT="the" />
            <SP ID="SP_6429" HPOS="1234" VPOS="2770" WIDTH="49" HEIGHT="0" />
            <String ID="Word_7115" HPOS="1284" VPOS="2751" WIDTH="327" HEIGHT="53" CONTENT="assimilation" />
            <SP ID="SP_6430" HPOS="1612" VPOS="2769" WIDTH="37" HEIGHT="0" />
            <String ID="Word_7116" HPOS="1650" VPOS="2750" WIDTH="56" HEIGHT="52" CONTENT="of" />
            <SP ID="SP_6431" HPOS="1707" VPOS="2750" WIDTH="45" HEIGHT="0" />
            <String ID="Word_7117" HPOS="1753" VPOS="2754" WIDTH="172" HEIGHT="48" CONTENT="events" />
            <SP ID="SP_6432" HPOS="1926" VPOS="2748" WIDTH="38" HEIGHT="0" />
            <String ID="Word_7118" HPOS="1965" VPOS="2748" WIDTH="118" HEIGHT="54" CONTENT="here" />
          </TextLine>
          <TextLine ID="TextLine_687" HPOS="138" VPOS="2822" WIDTH="1947" HEIGHT="74">
            <String ID="Word_7119" HPOS="138" VPOS="2825" WIDTH="288" HEIGHT="71" CONTENT="anticipates" />
            <SP ID="SP_6433" HPOS="427" VPOS="2845" WIDTH="25" HEIGHT="0" />
            <String ID="Word_7120" HPOS="453" VPOS="2845" WIDTH="396" HEIGHT="46" CONTENT="consciousness," />
            <SP ID="SP_6434" HPOS="850" VPOS="2845" WIDTH="28" HEIGHT="0" />
            <String ID="Word_7121" HPOS="879" VPOS="2826" WIDTH="176" HEIGHT="64" CONTENT="which," />
            <SP ID="SP_6435" HPOS="1056" VPOS="2845" WIDTH="26" HEIGHT="0" />
            <String ID="Word_7122" HPOS="1083" VPOS="2824" WIDTH="145" HEIGHT="53" CONTENT="when" />
            <SP ID="SP_6436" HPOS="1229" VPOS="2844" WIDTH="25" HEIGHT="0" />
            <String ID="Word_7123" HPOS="1255" VPOS="2824" WIDTH="228" HEIGHT="65" CONTENT="aroused," />
            <SP ID="SP_6437" HPOS="1484" VPOS="2824" WIDTH="24" HEIGHT="0" />
            <String ID="Word_7124" HPOS="1509" VPOS="2824" WIDTH="129" HEIGHT="51" CONTENT="finds" />
            <SP ID="SP_6438" HPOS="1639" VPOS="2843" WIDTH="26" HEIGHT="0" />
            <String ID="Word_7125" HPOS="1666" VPOS="2843" WIDTH="28" HEIGHT="33" CONTENT="a" />
            <SP ID="SP_6439" HPOS="1695" VPOS="2823" WIDTH="24" HEIGHT="0" />
            <String ID="Word_7126" HPOS="1720" VPOS="2822" WIDTH="289" HEIGHT="71" CONTENT="familiarity" />
            <SP ID="SP_6440" HPOS="2010" VPOS="2822" WIDTH="18" HEIGHT="0" />
            <String ID="Word_7127" HPOS="2029" VPOS="2822" WIDTH="56" HEIGHT="52" CONTENT="in" />
          </TextLine>
          <TextLine ID="TextLine_688" HPOS="137" VPOS="2895" WIDTH="1952" HEIGHT="70">
            <String ID="Word_7128" HPOS="137" VPOS="2898" WIDTH="152" HEIGHT="54" CONTENT="them." />
            <SP ID="SP_6441" HPOS="290" VPOS="2900" WIDTH="75" HEIGHT="0" />
            <String ID="Word_7129" HPOS="366" VPOS="2900" WIDTH="296" HEIGHT="53" CONTENT="Inventions" />
            <SP ID="SP_6442" HPOS="663" VPOS="2920" WIDTH="38" HEIGHT="0" />
            <String ID="Word_7130" HPOS="702" VPOS="2919" WIDTH="147" HEIGHT="46" CONTENT="seem," />
            <SP ID="SP_6443" HPOS="850" VPOS="2918" WIDTH="40" HEIGHT="0" />
            <String ID="Word_7131" HPOS="891" VPOS="2918" WIDTH="124" HEIGHT="34" CONTENT="even" />
            <SP ID="SP_6444" HPOS="1016" VPOS="2904" WIDTH="35" HEIGHT="0" />
            <String ID="Word_7132" HPOS="1052" VPOS="2904" WIDTH="54" HEIGHT="47" CONTENT="to" />
            <SP ID="SP_6445" HPOS="1107" VPOS="2904" WIDTH="37" HEIGHT="0" />
            <String ID="Word_7133" HPOS="1145" VPOS="2898" WIDTH="88" HEIGHT="53" CONTENT="the" />
            <SP ID="SP_6446" HPOS="1234" VPOS="2898" WIDTH="37" HEIGHT="0" />
            <String ID="Word_7134" HPOS="1272" VPOS="2898" WIDTH="319" HEIGHT="64" CONTENT="discoverers," />
            <SP ID="SP_6447" HPOS="1592" VPOS="2901" WIDTH="25" HEIGHT="0" />
            <String ID="Word_7135" HPOS="1618" VPOS="2901" WIDTH="54" HEIGHT="48" CONTENT="to" />
            <SP ID="SP_6448" HPOS="1673" VPOS="2895" WIDTH="36" HEIGHT="0" />
            <String ID="Word_7136" HPOS="1710" VPOS="2895" WIDTH="63" HEIGHT="54" CONTENT="be" />
            <SP ID="SP_6449" HPOS="1774" VPOS="2915" WIDTH="23" HEIGHT="0" />
            <String ID="Word_7137" HPOS="1798" VPOS="2901" WIDTH="205" HEIGHT="47" CONTENT="matters" />
            <SP ID="SP_6450" HPOS="2004" VPOS="2915" WIDTH="27" HEIGHT="0" />
            <String ID="Word_7138" HPOS="2032" VPOS="2896" WIDTH="57" HEIGHT="53" CONTENT="of" />
          </TextLine>
          <TextLine ID="TextLine_689" HPOS="139" VPOS="2969" WIDTH="1945" HEIGHT="75">
            <String ID="Word_7139" HPOS="139" VPOS="2972" WIDTH="224" HEIGHT="54" CONTENT="accident" />
            <SP ID="SP_6451" HPOS="364" VPOS="2978" WIDTH="24" HEIGHT="0" />
            <String ID="Word_7140" HPOS="389" VPOS="2973" WIDTH="100" HEIGHT="53" CONTENT="and" />
            <SP ID="SP_6452" HPOS="490" VPOS="2973" WIDTH="25" HEIGHT="0" />
            <String ID="Word_7141" HPOS="516" VPOS="2973" WIDTH="134" HEIGHT="71" CONTENT="good" />
            <SP ID="SP_6453" HPOS="651" VPOS="2973" WIDTH="15" HEIGHT="0" />
            <String ID="Word_7142" HPOS="667" VPOS="2973" WIDTH="233" HEIGHT="65" CONTENT="fortune;" />
            <SP ID="SP_6454" HPOS="901" VPOS="2979" WIDTH="26" HEIGHT="0" />
            <String ID="Word_7143" HPOS="928" VPOS="2979" WIDTH="87" HEIGHT="47" CONTENT="the" />
            <SP ID="SP_6455" HPOS="1016" VPOS="2992" WIDTH="18" HEIGHT="0" />
            <String ID="Word_7144" HPOS="1035" VPOS="2977" WIDTH="132" HEIGHT="48" CONTENT="most" />
            <SP ID="SP_6456" HPOS="1168" VPOS="2977" WIDTH="14" HEIGHT="0" />
            <String ID="Word_7145" HPOS="1183" VPOS="2990" WIDTH="261" HEIGHT="35" CONTENT="voracious" />
            <SP ID="SP_6457" HPOS="1445" VPOS="2990" WIDTH="18" HEIGHT="0" />
            <String ID="Word_7146" HPOS="1464" VPOS="2969" WIDTH="258" HEIGHT="73" CONTENT="plagiarist" />
            <SP ID="SP_6458" HPOS="1723" VPOS="2969" WIDTH="13" HEIGHT="0" />
            <String ID="Word_7147" HPOS="1737" VPOS="2969" WIDTH="42" HEIGHT="52" CONTENT="is" />
            <SP ID="SP_6459" HPOS="1780" VPOS="2988" WIDTH="16" HEIGHT="0" />
            <String ID="Word_7148" HPOS="1797" VPOS="2969" WIDTH="287" HEIGHT="71" CONTENT="commonly" />
          </TextLine>
          <TextLine ID="TextLine_690" HPOS="138" VPOS="3042" WIDTH="1946" HEIGHT="73">
            <String ID="Word_7149" HPOS="138" VPOS="3049" WIDTH="86" HEIGHT="48" CONTENT="the" />
            <SP ID="SP_6460" HPOS="225" VPOS="3064" WIDTH="38" HEIGHT="0" />
            <String ID="Word_7150" HPOS="264" VPOS="3051" WIDTH="132" HEIGHT="48" CONTENT="most" />
            <SP ID="SP_6461" HPOS="397" VPOS="3051" WIDTH="41" HEIGHT="0" />
            <String ID="Word_7151" HPOS="439" VPOS="3047" WIDTH="365" HEIGHT="65" CONTENT="unconscious;" />
            <SP ID="SP_6462" HPOS="805" VPOS="3052" WIDTH="38" HEIGHT="0" />
            <String ID="Word_7152" HPOS="844" VPOS="3047" WIDTH="87" HEIGHT="52" CONTENT="the" />
            <SP ID="SP_6463" HPOS="932" VPOS="3046" WIDTH="35" HEIGHT="0" />
            <String ID="Word_7153" HPOS="968" VPOS="3046" WIDTH="112" HEIGHT="53" CONTENT="best" />
            <SP ID="SP_6464" HPOS="1081" VPOS="3051" WIDTH="33" HEIGHT="0" />
            <String ID="Word_7154" HPOS="1115" VPOS="3045" WIDTH="248" HEIGHT="53" CONTENT="thoughts" />
            <SP ID="SP_6465" HPOS="1364" VPOS="3064" WIDTH="35" HEIGHT="0" />
            <String ID="Word_7155" HPOS="1400" VPOS="3045" WIDTH="55" HEIGHT="52" CONTENT="of" />
            <SP ID="SP_6466" HPOS="1456" VPOS="3045" WIDTH="33" HEIGHT="0" />
            <String ID="Word_7156" HPOS="1490" VPOS="3063" WIDTH="64" HEIGHT="34" CONTENT="an" />
            <SP ID="SP_6467" HPOS="1555" VPOS="3063" WIDTH="33" HEIGHT="0" />
            <String ID="Word_7157" HPOS="1589" VPOS="3048" WIDTH="179" HEIGHT="48" CONTENT="author" />
            <SP ID="SP_6468" HPOS="1769" VPOS="3062" WIDTH="26" HEIGHT="0" />
            <String ID="Word_7158" HPOS="1796" VPOS="3062" WIDTH="80" HEIGHT="33" CONTENT="are" />
            <SP ID="SP_6469" HPOS="1877" VPOS="3062" WIDTH="24" HEIGHT="0" />
            <String ID="Word_7159" HPOS="1902" VPOS="3061" WIDTH="182" HEIGHT="51" CONTENT="always" />
          </TextLine>
          <TextLine ID="TextLine_691" HPOS="140" VPOS="3116" WIDTH="1943" HEIGHT="74">
            <String ID="Word_7160" HPOS="140" VPOS="3123" WIDTH="84" HEIGHT="47" CONTENT="the" />
            <SP ID="SP_6470" HPOS="225" VPOS="3137" WIDTH="31" HEIGHT="0" />
            <String ID="Word_7161" HPOS="257" VPOS="3120" WIDTH="238" HEIGHT="53" CONTENT="unwilled" />
            <SP ID="SP_6471" HPOS="496" VPOS="3120" WIDTH="35" HEIGHT="0" />
            <String ID="Word_7162" HPOS="532" VPOS="3120" WIDTH="248" HEIGHT="53" CONTENT="thoughts" />
            <SP ID="SP_6472" HPOS="781" VPOS="3140" WIDTH="33" HEIGHT="0" />
            <String ID="Word_7163" HPOS="815" VPOS="3120" WIDTH="166" HEIGHT="53" CONTENT="which" />
            <SP ID="SP_6473" HPOS="982" VPOS="3120" WIDTH="37" HEIGHT="0" />
            <String ID="Word_7164" HPOS="1020" VPOS="3119" WIDTH="218" HEIGHT="53" CONTENT="surprise" />
            <SP ID="SP_6474" HPOS="1239" VPOS="3119" WIDTH="25" HEIGHT="0" />
            <String ID="Word_7165" HPOS="1265" VPOS="3118" WIDTH="229" HEIGHT="64" CONTENT="himself;" />
            <SP ID="SP_6475" HPOS="1495" VPOS="3137" WIDTH="41" HEIGHT="0" />
            <String ID="Word_7166" HPOS="1537" VPOS="3116" WIDTH="98" HEIGHT="53" CONTENT="and" />
            <SP ID="SP_6476" HPOS="1636" VPOS="3116" WIDTH="23" HEIGHT="0" />
            <String ID="Word_7167" HPOS="1660" VPOS="3121" WIDTH="87" HEIGHT="48" CONTENT="the" />
            <SP ID="SP_6477" HPOS="1748" VPOS="3135" WIDTH="22" HEIGHT="0" />
            <String ID="Word_7168" HPOS="1771" VPOS="3121" WIDTH="119" HEIGHT="66" CONTENT="poet" />
            <SP ID="SP_6478" HPOS="1891" VPOS="3116" WIDTH="24" HEIGHT="0" />
            <String ID="Word_7169" HPOS="1916" VPOS="3116" WIDTH="54" HEIGHT="52" CONTENT="in" />
            <SP ID="SP_6479" HPOS="1971" VPOS="3121" WIDTH="22" HEIGHT="0" />
            <String ID="Word_7170" HPOS="1994" VPOS="3116" WIDTH="89" HEIGHT="52" CONTENT="the" />
          </TextLine>
          <TextLine ID="TextLine_692" HPOS="140" VPOS="3189" WIDTH="1944" HEIGHT="75">
            <String ID="Word_7171" HPOS="140" VPOS="3190" WIDTH="296" HEIGHT="72" CONTENT="inspiration" />
            <SP ID="SP_6480" HPOS="437" VPOS="3214" WIDTH="18" HEIGHT="0" />
            <String ID="Word_7172" HPOS="456" VPOS="3194" WIDTH="55" HEIGHT="53" CONTENT="of" />
            <SP ID="SP_6481" HPOS="512" VPOS="3194" WIDTH="20" HEIGHT="0" />
            <String ID="Word_7173" HPOS="533" VPOS="3200" WIDTH="213" HEIGHT="47" CONTENT="creative" />
            <SP ID="SP_6482" HPOS="747" VPOS="3213" WIDTH="25" HEIGHT="0" />
            <String ID="Word_7174" HPOS="773" VPOS="3193" WIDTH="205" HEIGHT="71" CONTENT="activity" />
            <SP ID="SP_6483" HPOS="979" VPOS="3193" WIDTH="13" HEIGHT="0" />
            <String ID="Word_7175" HPOS="993" VPOS="3193" WIDTH="60" HEIGHT="65" CONTENT="is," />
            <SP ID="SP_6484" HPOS="1054" VPOS="3213" WIDTH="16" HEIGHT="0" />
            <String ID="Word_7176" HPOS="1071" VPOS="3213" WIDTH="54" HEIGHT="33" CONTENT="as" />
            <SP ID="SP_6485" HPOS="1126" VPOS="3193" WIDTH="18" HEIGHT="0" />
            <String ID="Word_7177" HPOS="1145" VPOS="3193" WIDTH="76" HEIGHT="52" CONTENT="far" />
            <SP ID="SP_6486" HPOS="1222" VPOS="3211" WIDTH="14" HEIGHT="0" />
            <String ID="Word_7178" HPOS="1237" VPOS="3211" WIDTH="52" HEIGHT="34" CONTENT="as" />
            <SP ID="SP_6487" HPOS="1290" VPOS="3211" WIDTH="25" HEIGHT="0" />
            <String ID="Word_7179" HPOS="1316" VPOS="3209" WIDTH="380" HEIGHT="35" CONTENT="consciousness" />
            <SP ID="SP_6488" HPOS="1697" VPOS="3189" WIDTH="23" HEIGHT="0" />
            <String ID="Word_7180" HPOS="1721" VPOS="3189" WIDTH="44" HEIGHT="53" CONTENT="is" />
            <SP ID="SP_6489" HPOS="1766" VPOS="3209" WIDTH="25" HEIGHT="0" />
            <String ID="Word_7181" HPOS="1792" VPOS="3189" WIDTH="292" HEIGHT="65" CONTENT="concerned," />
          </TextLine>
          <TextLine ID="TextLine_693" HPOS="140" VPOS="3262" WIDTH="1942" HEIGHT="73">
            <String ID="Word_7182" HPOS="140" VPOS="3263" WIDTH="150" HEIGHT="72" CONTENT="being" />
            <SP ID="SP_6490" HPOS="291" VPOS="3266" WIDTH="25" HEIGHT="0" />
            <String ID="Word_7183" HPOS="317" VPOS="3266" WIDTH="217" HEIGHT="54" CONTENT="dictated" />
            <SP ID="SP_6491" HPOS="535" VPOS="3267" WIDTH="22" HEIGHT="0" />
            <String ID="Word_7184" HPOS="558" VPOS="3272" WIDTH="71" HEIGHT="50" CONTENT="to." />
            <SP ID="SP_6492" HPOS="630" VPOS="3267" WIDTH="76" HEIGHT="0" />
            <String ID="Word_7185" HPOS="707" VPOS="3267" WIDTH="55" HEIGHT="53" CONTENT="If" />
            <SP ID="SP_6493" HPOS="763" VPOS="3267" WIDTH="32" HEIGHT="0" />
            <String ID="Word_7186" HPOS="796" VPOS="3286" WIDTH="73" HEIGHT="34" CONTENT="we" />
            <SP ID="SP_6494" HPOS="870" VPOS="3286" WIDTH="35" HEIGHT="0" />
            <String ID="Word_7187" HPOS="906" VPOS="3268" WIDTH="183" HEIGHT="64" CONTENT="reflect," />
            <SP ID="SP_6495" HPOS="1090" VPOS="3286" WIDTH="25" HEIGHT="0" />
            <String ID="Word_7188" HPOS="1116" VPOS="3286" WIDTH="73" HEIGHT="34" CONTENT="we" />
            <SP ID="SP_6496" HPOS="1190" VPOS="3286" WIDTH="37" HEIGHT="0" />
            <String ID="Word_7189" HPOS="1228" VPOS="3266" WIDTH="129" HEIGHT="52" CONTENT="shall" />
            <SP ID="SP_6497" HPOS="1358" VPOS="3266" WIDTH="36" HEIGHT="0" />
            <String ID="Word_7190" HPOS="1395" VPOS="3283" WIDTH="80" HEIGHT="34" CONTENT="see" />
            <SP ID="SP_6498" HPOS="1476" VPOS="3269" WIDTH="34" HEIGHT="0" />
            <String ID="Word_7191" HPOS="1511" VPOS="3268" WIDTH="112" HEIGHT="48" CONTENT="that" />
            <SP ID="SP_6499" HPOS="1624" VPOS="3263" WIDTH="35" HEIGHT="0" />
            <String ID="Word_7192" HPOS="1660" VPOS="3263" WIDTH="42" HEIGHT="53" CONTENT="it" />
            <SP ID="SP_6500" HPOS="1703" VPOS="3268" WIDTH="35" HEIGHT="0" />
            <String ID="Word_7193" HPOS="1739" VPOS="3268" WIDTH="139" HEIGHT="47" CONTENT="must" />
            <SP ID="SP_6501" HPOS="1879" VPOS="3262" WIDTH="23" HEIGHT="0" />
            <String ID="Word_7194" HPOS="1903" VPOS="3262" WIDTH="62" HEIGHT="52" CONTENT="be" />
            <SP ID="SP_6502" HPOS="1966" VPOS="3281" WIDTH="25" HEIGHT="0" />
            <String ID="Word_7195" HPOS="1992" VPOS="3280" WIDTH="90" HEIGHT="46" CONTENT="so;" />
          </TextLine>
          <TextLine ID="TextLine_694" HPOS="141" VPOS="3335" WIDTH="1945" HEIGHT="76">
            <String ID="Word_7196" HPOS="141" VPOS="3342" WIDTH="86" HEIGHT="48" CONTENT="the" />
            <SP ID="SP_6503" HPOS="228" VPOS="3357" WIDTH="41" HEIGHT="0" />
            <String ID="Word_7197" HPOS="270" VPOS="3340" WIDTH="242" HEIGHT="69" CONTENT="products" />
            <SP ID="SP_6504" HPOS="513" VPOS="3360" WIDTH="39" HEIGHT="0" />
            <String ID="Word_7198" HPOS="553" VPOS="3341" WIDTH="56" HEIGHT="52" CONTENT="of" />
            <SP ID="SP_6505" HPOS="610" VPOS="3341" WIDTH="29" HEIGHT="0" />
            <String ID="Word_7199" HPOS="640" VPOS="3345" WIDTH="212" HEIGHT="49" CONTENT="creative" />
            <SP ID="SP_6506" HPOS="853" VPOS="3360" WIDTH="44" HEIGHT="0" />
            <String ID="Word_7200" HPOS="898" VPOS="3341" WIDTH="223" HEIGHT="70" CONTENT="activity," />
            <SP ID="SP_6507" HPOS="1122" VPOS="3340" WIDTH="40" HEIGHT="0" />
            <String ID="Word_7201" HPOS="1163" VPOS="3340" WIDTH="55" HEIGHT="52" CONTENT="in" />
            <SP ID="SP_6508" HPOS="1219" VPOS="3359" WIDTH="39" HEIGHT="0" />
            <String ID="Word_7202" HPOS="1259" VPOS="3358" WIDTH="55" HEIGHT="34" CONTENT="so" />
            <SP ID="SP_6509" HPOS="1315" VPOS="3339" WIDTH="39" HEIGHT="0" />
            <String ID="Word_7203" HPOS="1355" VPOS="3339" WIDTH="75" HEIGHT="52" CONTENT="far" />
            <SP ID="SP_6510" HPOS="1431" VPOS="3356" WIDTH="41" HEIGHT="0" />
            <String ID="Word_7204" HPOS="1473" VPOS="3356" WIDTH="52" HEIGHT="34" CONTENT="as" />
            <SP ID="SP_6511" HPOS="1526" VPOS="3342" WIDTH="38" HEIGHT="0" />
            <String ID="Word_7205" HPOS="1565" VPOS="3337" WIDTH="118" HEIGHT="70" CONTENT="they" />
            <SP ID="SP_6512" HPOS="1684" VPOS="3341" WIDTH="22" HEIGHT="0" />
            <String ID="Word_7206" HPOS="1707" VPOS="3335" WIDTH="267" HEIGHT="53" CONTENT="transcend" />
            <SP ID="SP_6513" HPOS="1975" VPOS="3335" WIDTH="22" HEIGHT="0" />
            <String ID="Word_7207" HPOS="1998" VPOS="3335" WIDTH="88" HEIGHT="52" CONTENT="the" />
          </TextLine>
          <TextLine ID="TextLine_695" HPOS="141" VPOS="3408" WIDTH="1946" HEIGHT="76">
            <String ID="Word_7208" HPOS="141" VPOS="3409" WIDTH="219" HEIGHT="56" CONTENT="hitherto" />
            <SP ID="SP_6514" HPOS="361" VPOS="3433" WIDTH="39" HEIGHT="0" />
            <String ID="Word_7209" HPOS="401" VPOS="3414" WIDTH="339" HEIGHT="70" CONTENT="experienced," />
            <SP ID="SP_6515" HPOS="741" VPOS="3434" WIDTH="42" HEIGHT="0" />
            <String ID="Word_7210" HPOS="784" VPOS="3433" WIDTH="82" HEIGHT="35" CONTENT="are" />
            <SP ID="SP_6516" HPOS="867" VPOS="3433" WIDTH="44" HEIGHT="0" />
            <String ID="Word_7211" HPOS="912" VPOS="3414" WIDTH="258" HEIGHT="53" CONTENT="unknown" />
            <SP ID="SP_6517" HPOS="1171" VPOS="3418" WIDTH="41" HEIGHT="0" />
            <String ID="Word_7212" HPOS="1213" VPOS="3418" WIDTH="55" HEIGHT="48" CONTENT="to" />
            <SP ID="SP_6518" HPOS="1269" VPOS="3417" WIDTH="44" HEIGHT="0" />
            <String ID="Word_7213" HPOS="1314" VPOS="3417" WIDTH="88" HEIGHT="48" CONTENT="the" />
            <SP ID="SP_6519" HPOS="1403" VPOS="3430" WIDTH="40" HEIGHT="0" />
            <String ID="Word_7214" HPOS="1444" VPOS="3429" WIDTH="193" HEIGHT="35" CONTENT="creator" />
            <SP ID="SP_6520" HPOS="1638" VPOS="3409" WIDTH="40" HEIGHT="0" />
            <String ID="Word_7215" HPOS="1679" VPOS="3408" WIDTH="207" HEIGHT="53" CONTENT="himself" />
            <SP ID="SP_6521" HPOS="1887" VPOS="3408" WIDTH="32" HEIGHT="0" />
            <String ID="Word_7216" HPOS="1920" VPOS="3408" WIDTH="167" HEIGHT="53" CONTENT="before" />
          </TextLine>
          <TextLine ID="TextLine_696" HPOS="142" VPOS="3481" WIDTH="1945" HEIGHT="73">
            <String ID="Word_7217" HPOS="142" VPOS="3487" WIDTH="117" HEIGHT="67" CONTENT="they" />
            <SP ID="SP_6522" HPOS="260" VPOS="3504" WIDTH="24" HEIGHT="0" />
            <String ID="Word_7218" HPOS="285" VPOS="3504" WIDTH="140" HEIGHT="35" CONTENT="come" />
            <SP ID="SP_6523" HPOS="426" VPOS="3488" WIDTH="22" HEIGHT="0" />
            <String ID="Word_7219" HPOS="449" VPOS="3488" WIDTH="153" HEIGHT="66" CONTENT="forth," />
            <SP ID="SP_6524" HPOS="603" VPOS="3508" WIDTH="27" HEIGHT="0" />
            <String ID="Word_7220" HPOS="631" VPOS="3488" WIDTH="100" HEIGHT="53" CONTENT="and" />
            <SP ID="SP_6525" HPOS="732" VPOS="3488" WIDTH="24" HEIGHT="0" />
            <String ID="Word_7221" HPOS="757" VPOS="3493" WIDTH="185" HEIGHT="48" CONTENT="cannot" />
            <SP ID="SP_6526" HPOS="943" VPOS="3493" WIDTH="31" HEIGHT="0" />
            <String ID="Word_7222" HPOS="975" VPOS="3487" WIDTH="246" HEIGHT="53" CONTENT="therefore" />
            <SP ID="SP_6527" HPOS="1222" VPOS="3486" WIDTH="32" HEIGHT="0" />
            <String ID="Word_7223" HPOS="1255" VPOS="3486" WIDTH="64" HEIGHT="53" CONTENT="be" />
            <SP ID="SP_6528" HPOS="1320" VPOS="3491" WIDTH="22" HEIGHT="0" />
            <String ID="Word_7224" HPOS="1343" VPOS="3491" WIDTH="86" HEIGHT="47" CONTENT="the" />
            <SP ID="SP_6529" HPOS="1430" VPOS="3504" WIDTH="23" HEIGHT="0" />
            <String ID="Word_7225" HPOS="1454" VPOS="3482" WIDTH="158" HEIGHT="54" CONTENT="result" />
            <SP ID="SP_6530" HPOS="1613" VPOS="3488" WIDTH="24" HEIGHT="0" />
            <String ID="Word_7226" HPOS="1638" VPOS="3482" WIDTH="54" HEIGHT="53" CONTENT="of" />
            <SP ID="SP_6531" HPOS="1693" VPOS="3482" WIDTH="30" HEIGHT="0" />
            <String ID="Word_7227" HPOS="1724" VPOS="3502" WIDTH="26" HEIGHT="32" CONTENT="a" />
            <SP ID="SP_6532" HPOS="1751" VPOS="3481" WIDTH="27" HEIGHT="0" />
            <String ID="Word_7228" HPOS="1779" VPOS="3481" WIDTH="202" HEIGHT="52" CONTENT="definite" />
            <SP ID="SP_6533" HPOS="1982" VPOS="3500" WIDTH="24" HEIGHT="0" />
            <String ID="Word_7229" HPOS="2007" VPOS="3486" WIDTH="80" HEIGHT="47" CONTENT="act" />
          </TextLine>
          <TextLine ID="TextLine_697" HPOS="144" VPOS="3554" WIDTH="1943" HEIGHT="76">
            <String ID="Word_7230" HPOS="144" VPOS="3556" WIDTH="54" HEIGHT="51" CONTENT="of" />
            <SP ID="SP_6534" HPOS="199" VPOS="3556" WIDTH="23" HEIGHT="0" />
            <String ID="Word_7231" HPOS="223" VPOS="3558" WIDTH="78" HEIGHT="53" CONTENT="his" />
            <SP ID="SP_6535" HPOS="302" VPOS="3578" WIDTH="23" HEIGHT="0" />
            <String ID="Word_7232" HPOS="326" VPOS="3560" WIDTH="131" HEIGHT="65" CONTENT="will;" />
            <SP ID="SP_6536" HPOS="458" VPOS="3560" WIDTH="38" HEIGHT="0" />
            <String ID="Word_7233" HPOS="497" VPOS="3560" WIDTH="78" HEIGHT="54" CONTENT="for" />
            <SP ID="SP_6537" HPOS="576" VPOS="3566" WIDTH="22" HEIGHT="0" />
            <String ID="Word_7234" HPOS="599" VPOS="3566" WIDTH="55" HEIGHT="48" CONTENT="to" />
            <SP ID="SP_6538" HPOS="655" VPOS="3581" WIDTH="25" HEIGHT="0" />
            <String ID="Word_7235" HPOS="681" VPOS="3580" WIDTH="65" HEIGHT="33" CONTENT="an" />
            <SP ID="SP_6539" HPOS="747" VPOS="3580" WIDTH="24" HEIGHT="0" />
            <String ID="Word_7236" HPOS="772" VPOS="3567" WIDTH="79" HEIGHT="47" CONTENT="act" />
            <SP ID="SP_6540" HPOS="852" VPOS="3567" WIDTH="25" HEIGHT="0" />
            <String ID="Word_7237" HPOS="878" VPOS="3561" WIDTH="56" HEIGHT="53" CONTENT="of" />
            <SP ID="SP_6541" HPOS="935" VPOS="3561" WIDTH="28" HEIGHT="0" />
            <String ID="Word_7238" HPOS="964" VPOS="3561" WIDTH="100" HEIGHT="53" CONTENT="will" />
            <SP ID="SP_6542" HPOS="1065" VPOS="3561" WIDTH="24" HEIGHT="0" />
            <String ID="Word_7239" HPOS="1090" VPOS="3580" WIDTH="28" HEIGHT="33" CONTENT="a" />
            <SP ID="SP_6543" HPOS="1119" VPOS="3579" WIDTH="24" HEIGHT="0" />
            <String ID="Word_7240" HPOS="1144" VPOS="3564" WIDTH="297" HEIGHT="49" CONTENT="conception" />
            <SP ID="SP_6544" HPOS="1442" VPOS="3576" WIDTH="24" HEIGHT="0" />
            <String ID="Word_7241" HPOS="1467" VPOS="3557" WIDTH="56" HEIGHT="52" CONTENT="of" />
            <SP ID="SP_6545" HPOS="1524" VPOS="3557" WIDTH="30" HEIGHT="0" />
            <String ID="Word_7242" HPOS="1555" VPOS="3561" WIDTH="86" HEIGHT="47" CONTENT="the" />
            <SP ID="SP_6546" HPOS="1642" VPOS="3574" WIDTH="25" HEIGHT="0" />
            <String ID="Word_7243" HPOS="1668" VPOS="3560" WIDTH="156" HEIGHT="47" CONTENT="result" />
            <SP ID="SP_6547" HPOS="1825" VPOS="3554" WIDTH="23" HEIGHT="0" />
            <String ID="Word_7244" HPOS="1849" VPOS="3554" WIDTH="42" HEIGHT="52" CONTENT="is" />
            <SP ID="SP_6548" HPOS="1892" VPOS="3573" WIDTH="26" HEIGHT="0" />
            <String ID="Word_7245" HPOS="1919" VPOS="3572" WIDTH="168" HEIGHT="34" CONTENT="neces-" />
          </TextLine>
          <TextLine ID="TextLine_698" HPOS="146" VPOS="3628" WIDTH="1942" HEIGHT="78">
            <String ID="Word_7246" HPOS="146" VPOS="3647" WIDTH="122" HEIGHT="52" CONTENT="sary." />
            <SP ID="SP_6549" HPOS="269" VPOS="3637" WIDTH="79" HEIGHT="0" />
            <String ID="Word_7247" HPOS="349" VPOS="3634" WIDTH="154" HEIGHT="53" CONTENT="The" />
            <SP ID="SP_6550" HPOS="504" VPOS="3652" WIDTH="44" HEIGHT="0" />
            <String ID="Word_7248" HPOS="549" VPOS="3634" WIDTH="304" HEIGHT="54" CONTENT="character,&quot;" />
            <SP ID="SP_6551" HPOS="854" VPOS="3634" WIDTH="44" HEIGHT="0" />
            <String ID="Word_7249" HPOS="899" VPOS="3654" WIDTH="111" HEIGHT="34" CONTENT="says" />
            <SP ID="SP_6552" HPOS="1011" VPOS="3634" WIDTH="45" HEIGHT="0" />
            <String ID="Word_7250" HPOS="1057" VPOS="3634" WIDTH="128" HEIGHT="52" CONTENT="Jean" />
            <SP ID="SP_6553" HPOS="1186" VPOS="3634" WIDTH="41" HEIGHT="0" />
            <String ID="Word_7251" HPOS="1228" VPOS="3634" WIDTH="143" HEIGHT="65" CONTENT="Paul," />
            <SP ID="SP_6554" HPOS="1372" VPOS="3651" WIDTH="43" HEIGHT="0" />
            <String ID="Word_7252" HPOS="1416" VPOS="3629" WIDTH="245" HEIGHT="73" CONTENT="speaking" />
            <SP ID="SP_6555" HPOS="1662" VPOS="3648" WIDTH="40" HEIGHT="0" />
            <String ID="Word_7253" HPOS="1703" VPOS="3628" WIDTH="54" HEIGHT="53" CONTENT="of" />
            <SP ID="SP_6556" HPOS="1758" VPOS="3628" WIDTH="38" HEIGHT="0" />
            <String ID="Word_7254" HPOS="1797" VPOS="3633" WIDTH="86" HEIGHT="47" CONTENT="the" />
            <SP ID="SP_6557" HPOS="1884" VPOS="3647" WIDTH="40" HEIGHT="0" />
            <String ID="Word_7255" HPOS="1925" VPOS="3629" WIDTH="163" HEIGHT="69" CONTENT="poet's" />
          </TextLine>
        </TextBlock>
      </PrintSpace>
    </Page>
  </Layout>
</alto>
