<?xml version="1.0" encoding="UTF-8"?>
<alto xmlns="http://www.loc.gov/standards/alto/ns-v2#" xmlns:xsi="http://www.w3.org/2001/XMLSchema-instance" xsi:schemaLocation="http://www.loc.gov/standards/alto/ns-v2# http://www.loc.gov/standards/alto/alto.xsd">
  <Description>
    <MeasurementUnit>pixel</MeasurementUnit>
    <sourceImageInformation>
      <fileName>b21273911_abbyy.xml</fileName>
    </sourceImageInformation>
    <OCRProcessing ID="OCR_1">
      <preProcessingStep>
        <processingDateTime>2014-10-24T02:15:27</processingDateTime>
        <processingAgency>intranda GmbH, www.intranda.com</processingAgency>
        <processingSoftware>
          <softwareCreator>intranda GmbH, Germany</softwareCreator>
          <softwareName>intranda OCR Module for TaskManager</softwareName>
          <softwareVersion>1.0r42</softwareVersion>
        </processingSoftware>
      </preProcessingStep>
      <ocrProcessingStep>
        <processingSoftware>
          <softwareCreator>ABBYY (BIT Software), Russia</softwareCreator>
          <softwareName>FineReader Engine</softwareName>
          <softwareVersion>10</softwareVersion>
        </processingSoftware>
      </ocrProcessingStep>
    </OCRProcessing>
  </Description>
  <Layout>
    <Page PHYSICAL_IMG_NR="444" ID="PAGE_444" WIDTH="2113" HEIGHT="3404">
      <TopMargin ID="TopMargin_1" HPOS="455" VPOS="246" WIDTH="1132" HEIGHT="58">
        <TextBlock ID="TextBlock_1374" HPOS="455" VPOS="246" WIDTH="1132" HEIGHT="58">
          <TextLine ID="TextLine_16619" HPOS="455" VPOS="246" WIDTH="87" HEIGHT="43">
            <String ID="Word_168864" HPOS="455" VPOS="246" WIDTH="87" HEIGHT="43" CONTENT="424" />
          </TextLine>
          <TextLine ID="TextLine_16620" HPOS="938" VPOS="265" WIDTH="649" HEIGHT="39">
            <String ID="Word_168865" HPOS="938" VPOS="265" WIDTH="86" HEIGHT="31" CONTENT="THE" />
            <SP ID="SP_152252" HPOS="1024" VPOS="265" WIDTH="32" HEIGHT="0" />
            <String ID="Word_168866" HPOS="1056" VPOS="267" WIDTH="242" HEIGHT="33" CONTENT="DISORDERS" />
            <SP ID="SP_152253" HPOS="1298" VPOS="267" WIDTH="31" HEIGHT="0" />
            <String ID="Word_168867" HPOS="1329" VPOS="269" WIDTH="53" HEIGHT="32" CONTENT="OF" />
            <SP ID="SP_152254" HPOS="1382" VPOS="269" WIDTH="32" HEIGHT="0" />
            <String ID="Word_168868" HPOS="1414" VPOS="271" WIDTH="173" HEIGHT="33" CONTENT="SPEECH." />
          </TextLine>
        </TextBlock>
      </TopMargin>
      <PrintSpace ID="PrintSpace_445" HPOS="446" VPOS="372" WIDTH="1629" HEIGHT="2746">
        <TextBlock ID="TextBlock_1373" HPOS="446" VPOS="372" WIDTH="1629" HEIGHT="2746">
          <TextLine ID="TextLine_16621" HPOS="454" VPOS="379" WIDTH="1609" HEIGHT="71">
            <String ID="Word_168869" HPOS="454" VPOS="382" WIDTH="43" HEIGHT="36" CONTENT="to" />
            <SP ID="SP_152255" HPOS="497" VPOS="379" WIDTH="22" HEIGHT="0" />
            <String ID="Word_168870" HPOS="519" VPOS="379" WIDTH="209" HEIGHT="44" CONTENT="attribute" />
            <SP ID="SP_152256" HPOS="728" VPOS="379" WIDTH="23" HEIGHT="0" />
            <String ID="Word_168871" HPOS="751" VPOS="381" WIDTH="35" HEIGHT="42" CONTENT="it" />
            <SP ID="SP_152257" HPOS="786" VPOS="381" WIDTH="23" HEIGHT="0" />
            <String ID="Word_168872" HPOS="809" VPOS="388" WIDTH="42" HEIGHT="36" CONTENT="to" />
            <SP ID="SP_152258" HPOS="851" VPOS="383" WIDTH="24" HEIGHT="0" />
            <String ID="Word_168873" HPOS="875" VPOS="383" WIDTH="72" HEIGHT="42" CONTENT="the" />
            <SP ID="SP_152259" HPOS="947" VPOS="383" WIDTH="23" HEIGHT="0" />
            <String ID="Word_168874" HPOS="970" VPOS="385" WIDTH="169" HEIGHT="55" CONTENT="cutting" />
            <SP ID="SP_152260" HPOS="1139" VPOS="385" WIDTH="20" HEIGHT="0" />
            <String ID="Word_168875" HPOS="1159" VPOS="401" WIDTH="140" HEIGHT="29" CONTENT="across" />
            <SP ID="SP_152261" HPOS="1299" VPOS="389" WIDTH="17" HEIGHT="0" />
            <String ID="Word_168876" HPOS="1316" VPOS="389" WIDTH="44" HEIGHT="41" CONTENT="of" />
            <SP ID="SP_152262" HPOS="1360" VPOS="388" WIDTH="22" HEIGHT="0" />
            <String ID="Word_168877" HPOS="1382" VPOS="388" WIDTH="72" HEIGHT="42" CONTENT="the" />
            <SP ID="SP_152263" HPOS="1454" VPOS="388" WIDTH="22" HEIGHT="0" />
            <String ID="Word_168878" HPOS="1476" VPOS="394" WIDTH="111" HEIGHT="38" CONTENT="tract" />
            <SP ID="SP_152264" HPOS="1587" VPOS="391" WIDTH="15" HEIGHT="0" />
            <String ID="Word_168879" HPOS="1602" VPOS="391" WIDTH="45" HEIGHT="41" CONTENT="in" />
            <SP ID="SP_152265" HPOS="1647" VPOS="391" WIDTH="24" HEIGHT="0" />
            <String ID="Word_168880" HPOS="1671" VPOS="392" WIDTH="94" HEIGHT="42" CONTENT="that" />
            <SP ID="SP_152266" HPOS="1765" VPOS="392" WIDTH="18" HEIGHT="0" />
            <String ID="Word_168881" HPOS="1783" VPOS="393" WIDTH="280" HEIGHT="44" CONTENT="hemisphere." />
          </TextLine>
          <TextLine ID="TextLine_16622" HPOS="458" VPOS="448" WIDTH="1603" HEIGHT="71">
            <String ID="Word_168882" HPOS="458" VPOS="448" WIDTH="48" HEIGHT="41" CONTENT="In" />
            <SP ID="SP_152267" HPOS="506" VPOS="448" WIDTH="25" HEIGHT="0" />
            <String ID="Word_168883" HPOS="531" VPOS="449" WIDTH="138" HEIGHT="43" CONTENT="either" />
            <SP ID="SP_152268" HPOS="669" VPOS="449" WIDTH="22" HEIGHT="0" />
            <String ID="Word_168884" HPOS="691" VPOS="465" WIDTH="106" HEIGHT="38" CONTENT="case," />
            <SP ID="SP_152269" HPOS="797" VPOS="453" WIDTH="21" HEIGHT="0" />
            <String ID="Word_168885" HPOS="818" VPOS="453" WIDTH="74" HEIGHT="43" CONTENT="the" />
            <SP ID="SP_152270" HPOS="892" VPOS="453" WIDTH="21" HEIGHT="0" />
            <String ID="Word_168886" HPOS="913" VPOS="454" WIDTH="245" HEIGHT="56" CONTENT="dysarthria" />
            <SP ID="SP_152271" HPOS="1158" VPOS="454" WIDTH="22" HEIGHT="0" />
            <String ID="Word_168887" HPOS="1180" VPOS="459" WIDTH="129" HEIGHT="41" CONTENT="often," />
            <SP ID="SP_152272" HPOS="1309" VPOS="459" WIDTH="15" HEIGHT="0" />
            <String ID="Word_168888" HPOS="1324" VPOS="459" WIDTH="109" HEIGHT="41" CONTENT="after" />
            <SP ID="SP_152273" HPOS="1433" VPOS="459" WIDTH="20" HEIGHT="0" />
            <String ID="Word_168889" HPOS="1453" VPOS="474" WIDTH="24" HEIGHT="26" CONTENT="a" />
            <SP ID="SP_152274" HPOS="1477" VPOS="461" WIDTH="22" HEIGHT="0" />
            <String ID="Word_168890" HPOS="1499" VPOS="461" WIDTH="117" HEIGHT="51" CONTENT="time," />
            <SP ID="SP_152275" HPOS="1616" VPOS="461" WIDTH="23" HEIGHT="0" />
            <String ID="Word_168891" HPOS="1639" VPOS="476" WIDTH="143" HEIGHT="40" CONTENT="passes" />
            <SP ID="SP_152276" HPOS="1782" VPOS="472" WIDTH="22" HEIGHT="0" />
            <String ID="Word_168892" HPOS="1804" VPOS="477" WIDTH="144" HEIGHT="42" CONTENT="away;" />
            <SP ID="SP_152277" HPOS="1948" VPOS="467" WIDTH="30" HEIGHT="0" />
            <String ID="Word_168893" HPOS="1978" VPOS="467" WIDTH="83" HEIGHT="41" CONTENT="and" />
          </TextLine>
          <TextLine ID="TextLine_16623" HPOS="454" VPOS="519" WIDTH="1608" HEIGHT="70">
            <String ID="Word_168894" HPOS="454" VPOS="519" WIDTH="35" HEIGHT="41" CONTENT="it" />
            <SP ID="SP_152278" HPOS="489" VPOS="519" WIDTH="21" HEIGHT="0" />
            <String ID="Word_168895" HPOS="510" VPOS="519" WIDTH="101" HEIGHT="43" CONTENT="does" />
            <SP ID="SP_152279" HPOS="611" VPOS="519" WIDTH="23" HEIGHT="0" />
            <String ID="Word_168896" HPOS="634" VPOS="534" WIDTH="45" HEIGHT="28" CONTENT="so" />
            <SP ID="SP_152280" HPOS="679" VPOS="527" WIDTH="24" HEIGHT="0" />
            <String ID="Word_168897" HPOS="703" VPOS="527" WIDTH="112" HEIGHT="38" CONTENT="most" />
            <SP ID="SP_152281" HPOS="815" VPOS="524" WIDTH="20" HEIGHT="0" />
            <String ID="Word_168898" HPOS="835" VPOS="524" WIDTH="195" HEIGHT="54" CONTENT="speedily" />
            <SP ID="SP_152282" HPOS="1030" VPOS="524" WIDTH="20" HEIGHT="0" />
            <String ID="Word_168899" HPOS="1050" VPOS="525" WIDTH="121" HEIGHT="43" CONTENT="when" />
            <SP ID="SP_152283" HPOS="1171" VPOS="525" WIDTH="24" HEIGHT="0" />
            <String ID="Word_168900" HPOS="1195" VPOS="527" WIDTH="71" HEIGHT="42" CONTENT="the" />
            <SP ID="SP_152284" HPOS="1266" VPOS="527" WIDTH="17" HEIGHT="0" />
            <String ID="Word_168901" HPOS="1283" VPOS="528" WIDTH="136" HEIGHT="42" CONTENT="lesion" />
            <SP ID="SP_152285" HPOS="1419" VPOS="528" WIDTH="18" HEIGHT="0" />
            <String ID="Word_168902" HPOS="1437" VPOS="529" WIDTH="34" HEIGHT="42" CONTENT="is" />
            <SP ID="SP_152286" HPOS="1471" VPOS="529" WIDTH="24" HEIGHT="0" />
            <String ID="Word_168903" HPOS="1495" VPOS="530" WIDTH="43" HEIGHT="40" CONTENT="in" />
            <SP ID="SP_152287" HPOS="1538" VPOS="530" WIDTH="25" HEIGHT="0" />
            <String ID="Word_168904" HPOS="1563" VPOS="530" WIDTH="71" HEIGHT="42" CONTENT="the" />
            <SP ID="SP_152288" HPOS="1634" VPOS="530" WIDTH="21" HEIGHT="0" />
            <String ID="Word_168905" HPOS="1655" VPOS="532" WIDTH="111" HEIGHT="54" CONTENT="right" />
            <SP ID="SP_152289" HPOS="1766" VPOS="532" WIDTH="17" HEIGHT="0" />
            <String ID="Word_168906" HPOS="1783" VPOS="532" WIDTH="279" HEIGHT="43" CONTENT="hemisphere," />
          </TextLine>
          <TextLine ID="TextLine_16624" HPOS="454" VPOS="591" WIDTH="1609" HEIGHT="67">
            <String ID="Word_168907" HPOS="454" VPOS="591" WIDTH="242" HEIGHT="44" CONTENT="—because" />
            <SP ID="SP_152290" HPOS="696" VPOS="591" WIDTH="31" HEIGHT="0" />
            <String ID="Word_168908" HPOS="727" VPOS="593" WIDTH="73" HEIGHT="42" CONTENT="the" />
            <SP ID="SP_152291" HPOS="800" VPOS="593" WIDTH="32" HEIGHT="0" />
            <String ID="Word_168909" HPOS="832" VPOS="595" WIDTH="242" HEIGHT="56" CONTENT="remaining" />
            <SP ID="SP_152292" HPOS="1074" VPOS="595" WIDTH="31" HEIGHT="0" />
            <String ID="Word_168910" HPOS="1105" VPOS="597" WIDTH="186" HEIGHT="42" CONTENT="division" />
            <SP ID="SP_152293" HPOS="1291" VPOS="597" WIDTH="34" HEIGHT="0" />
            <String ID="Word_168911" HPOS="1325" VPOS="599" WIDTH="43" HEIGHT="40" CONTENT="of" />
            <SP ID="SP_152294" HPOS="1368" VPOS="599" WIDTH="37" HEIGHT="0" />
            <String ID="Word_168912" HPOS="1405" VPOS="599" WIDTH="72" HEIGHT="41" CONTENT="the" />
            <SP ID="SP_152295" HPOS="1477" VPOS="599" WIDTH="32" HEIGHT="0" />
            <String ID="Word_168913" HPOS="1509" VPOS="600" WIDTH="285" HEIGHT="54" CONTENT="speech-tract" />
            <SP ID="SP_152296" HPOS="1794" VPOS="600" WIDTH="37" HEIGHT="0" />
            <String ID="Word_168914" HPOS="1831" VPOS="616" WIDTH="99" HEIGHT="42" CONTENT="may" />
            <SP ID="SP_152297" HPOS="1930" VPOS="612" WIDTH="31" HEIGHT="0" />
            <String ID="Word_168915" HPOS="1961" VPOS="618" WIDTH="102" HEIGHT="29" CONTENT="soon" />
          </TextLine>
          <TextLine ID="TextLine_16625" HPOS="455" VPOS="663" WIDTH="1606" HEIGHT="61">
            <String ID="Word_168916" HPOS="455" VPOS="663" WIDTH="173" HEIGHT="54" CONTENT="acquire" />
            <SP ID="SP_152298" HPOS="628" VPOS="663" WIDTH="22" HEIGHT="0" />
            <String ID="Word_168917" HPOS="650" VPOS="663" WIDTH="75" HEIGHT="42" CONTENT="the" />
            <SP ID="SP_152299" HPOS="725" VPOS="663" WIDTH="32" HEIGHT="0" />
            <String ID="Word_168918" HPOS="757" VPOS="678" WIDTH="144" HEIGHT="41" CONTENT="power" />
            <SP ID="SP_152300" HPOS="901" VPOS="666" WIDTH="31" HEIGHT="0" />
            <String ID="Word_168919" HPOS="932" VPOS="666" WIDTH="45" HEIGHT="41" CONTENT="of" />
            <SP ID="SP_152301" HPOS="977" VPOS="665" WIDTH="28" HEIGHT="0" />
            <String ID="Word_168920" HPOS="1005" VPOS="665" WIDTH="273" HEIGHT="59" CONTENT="discharging" />
            <SP ID="SP_152302" HPOS="1278" VPOS="665" WIDTH="30" HEIGHT="0" />
            <String ID="Word_168921" HPOS="1308" VPOS="669" WIDTH="209" HEIGHT="54" CONTENT="perfectly" />
            <SP ID="SP_152303" HPOS="1517" VPOS="669" WIDTH="32" HEIGHT="0" />
            <String ID="Word_168922" HPOS="1549" VPOS="670" WIDTH="74" HEIGHT="42" CONTENT="the" />
            <SP ID="SP_152304" HPOS="1623" VPOS="670" WIDTH="38" HEIGHT="0" />
            <String ID="Word_168923" HPOS="1661" VPOS="671" WIDTH="193" HEIGHT="43" CONTENT="function" />
            <SP ID="SP_152305" HPOS="1854" VPOS="671" WIDTH="33" HEIGHT="0" />
            <String ID="Word_168924" HPOS="1887" VPOS="674" WIDTH="95" HEIGHT="41" CONTENT="that" />
            <SP ID="SP_152306" HPOS="1982" VPOS="674" WIDTH="37" HEIGHT="0" />
            <String ID="Word_168925" HPOS="2019" VPOS="675" WIDTH="42" HEIGHT="41" CONTENT="in" />
          </TextLine>
          <TextLine ID="TextLine_16626" HPOS="455" VPOS="732" WIDTH="1218" HEIGHT="62">
            <String ID="Word_168926" HPOS="455" VPOS="732" WIDTH="148" HEIGHT="42" CONTENT="health" />
            <SP ID="SP_152307" HPOS="603" VPOS="732" WIDTH="22" HEIGHT="0" />
            <String ID="Word_168927" HPOS="625" VPOS="734" WIDTH="36" HEIGHT="41" CONTENT="is" />
            <SP ID="SP_152308" HPOS="661" VPOS="734" WIDTH="22" HEIGHT="0" />
            <String ID="Word_168928" HPOS="683" VPOS="734" WIDTH="253" HEIGHT="56" CONTENT="discharged" />
            <SP ID="SP_152309" HPOS="936" VPOS="734" WIDTH="23" HEIGHT="0" />
            <String ID="Word_168929" HPOS="959" VPOS="736" WIDTH="57" HEIGHT="55" CONTENT="by" />
            <SP ID="SP_152310" HPOS="1016" VPOS="736" WIDTH="22" HEIGHT="0" />
            <String ID="Word_168930" HPOS="1038" VPOS="736" WIDTH="73" HEIGHT="43" CONTENT="the" />
            <SP ID="SP_152311" HPOS="1111" VPOS="736" WIDTH="22" HEIGHT="0" />
            <String ID="Word_168931" HPOS="1133" VPOS="741" WIDTH="84" HEIGHT="38" CONTENT="two" />
            <SP ID="SP_152312" HPOS="1217" VPOS="738" WIDTH="23" HEIGHT="0" />
            <String ID="Word_168932" HPOS="1240" VPOS="738" WIDTH="208" HEIGHT="42" CONTENT="divisions" />
            <SP ID="SP_152313" HPOS="1448" VPOS="738" WIDTH="23" HEIGHT="0" />
            <String ID="Word_168933" HPOS="1471" VPOS="739" WIDTH="202" HEIGHT="43" CONTENT="together." />
          </TextLine>
          <TextLine ID="TextLine_16627" HPOS="513" VPOS="803" WIDTH="1549" HEIGHT="60">
            <String ID="Word_168934" HPOS="513" VPOS="803" WIDTH="22" HEIGHT="41" CONTENT="I" />
            <SP ID="SP_152314" HPOS="535" VPOS="803" WIDTH="32" HEIGHT="0" />
            <String ID="Word_168935" HPOS="567" VPOS="803" WIDTH="113" HEIGHT="42" CONTENT="shall" />
            <SP ID="SP_152315" HPOS="680" VPOS="803" WIDTH="33" HEIGHT="0" />
            <String ID="Word_168936" HPOS="713" VPOS="809" WIDTH="74" HEIGHT="36" CONTENT="not" />
            <SP ID="SP_152316" HPOS="787" VPOS="809" WIDTH="32" HEIGHT="0" />
            <String ID="Word_168937" HPOS="819" VPOS="809" WIDTH="186" HEIGHT="51" CONTENT="attempt" />
            <SP ID="SP_152317" HPOS="1005" VPOS="805" WIDTH="31" HEIGHT="0" />
            <String ID="Word_168938" HPOS="1036" VPOS="805" WIDTH="100" HEIGHT="42" CONTENT="here" />
            <SP ID="SP_152318" HPOS="1136" VPOS="805" WIDTH="34" HEIGHT="0" />
            <String ID="Word_168939" HPOS="1170" VPOS="811" WIDTH="43" HEIGHT="36" CONTENT="to" />
            <SP ID="SP_152319" HPOS="1213" VPOS="807" WIDTH="34" HEIGHT="0" />
            <String ID="Word_168940" HPOS="1247" VPOS="807" WIDTH="191" HEIGHT="41" CONTENT="describe" />
            <SP ID="SP_152320" HPOS="1438" VPOS="807" WIDTH="35" HEIGHT="0" />
            <String ID="Word_168941" HPOS="1473" VPOS="808" WIDTH="71" HEIGHT="41" CONTENT="the" />
            <SP ID="SP_152321" HPOS="1544" VPOS="808" WIDTH="33" HEIGHT="0" />
            <String ID="Word_168942" HPOS="1577" VPOS="822" WIDTH="118" HEIGHT="41" CONTENT="gross" />
            <SP ID="SP_152322" HPOS="1695" VPOS="809" WIDTH="31" HEIGHT="0" />
            <String ID="Word_168943" HPOS="1726" VPOS="809" WIDTH="157" HEIGHT="44" CONTENT="lesions" />
            <SP ID="SP_152323" HPOS="1883" VPOS="809" WIDTH="32" HEIGHT="0" />
            <String ID="Word_168944" HPOS="1915" VPOS="813" WIDTH="44" HEIGHT="40" CONTENT="of" />
            <SP ID="SP_152324" HPOS="1959" VPOS="813" WIDTH="32" HEIGHT="0" />
            <String ID="Word_168945" HPOS="1991" VPOS="813" WIDTH="71" HEIGHT="43" CONTENT="the" />
          </TextLine>
          <TextLine ID="TextLine_16628" HPOS="452" VPOS="874" WIDTH="1610" HEIGHT="62">
            <String ID="Word_168946" HPOS="452" VPOS="874" WIDTH="123" HEIGHT="41" CONTENT="brain" />
            <SP ID="SP_152325" HPOS="575" VPOS="874" WIDTH="24" HEIGHT="0" />
            <String ID="Word_168947" HPOS="599" VPOS="875" WIDTH="95" HEIGHT="40" CONTENT="that" />
            <SP ID="SP_152326" HPOS="694" VPOS="875" WIDTH="22" HEIGHT="0" />
            <String ID="Word_168948" HPOS="716" VPOS="888" WIDTH="68" HEIGHT="28" CONTENT="are" />
            <SP ID="SP_152327" HPOS="784" VPOS="875" WIDTH="33" HEIGHT="0" />
            <String ID="Word_168949" HPOS="817" VPOS="875" WIDTH="175" HEIGHT="55" CONTENT="capable" />
            <SP ID="SP_152328" HPOS="992" VPOS="875" WIDTH="27" HEIGHT="0" />
            <String ID="Word_168950" HPOS="1019" VPOS="876" WIDTH="43" HEIGHT="40" CONTENT="of" />
            <SP ID="SP_152329" HPOS="1062" VPOS="876" WIDTH="31" HEIGHT="0" />
            <String ID="Word_168951" HPOS="1093" VPOS="876" WIDTH="246" HEIGHT="56" CONTENT="destroying" />
            <SP ID="SP_152330" HPOS="1339" VPOS="876" WIDTH="31" HEIGHT="0" />
            <String ID="Word_168952" HPOS="1370" VPOS="890" WIDTH="48" HEIGHT="28" CONTENT="or" />
            <SP ID="SP_152331" HPOS="1418" VPOS="879" WIDTH="32" HEIGHT="0" />
            <String ID="Word_168953" HPOS="1450" VPOS="879" WIDTH="274" HEIGHT="55" CONTENT="temporarily" />
            <SP ID="SP_152332" HPOS="1724" VPOS="879" WIDTH="22" HEIGHT="0" />
            <String ID="Word_168954" HPOS="1746" VPOS="880" WIDTH="213" HEIGHT="56" CONTENT="disabling" />
            <SP ID="SP_152333" HPOS="1959" VPOS="880" WIDTH="31" HEIGHT="0" />
            <String ID="Word_168955" HPOS="1990" VPOS="882" WIDTH="72" HEIGHT="43" CONTENT="the" />
          </TextLine>
          <TextLine ID="TextLine_16629" HPOS="453" VPOS="945" WIDTH="1608" HEIGHT="58">
            <String ID="Word_168956" HPOS="453" VPOS="945" WIDTH="291" HEIGHT="54" CONTENT="speech-tract" />
            <SP ID="SP_152334" HPOS="744" VPOS="945" WIDTH="21" HEIGHT="0" />
            <String ID="Word_168957" HPOS="765" VPOS="945" WIDTH="46" HEIGHT="41" CONTENT="in" />
            <SP ID="SP_152335" HPOS="811" VPOS="945" WIDTH="22" HEIGHT="0" />
            <String ID="Word_168958" HPOS="833" VPOS="959" WIDTH="81" HEIGHT="29" CONTENT="one" />
            <SP ID="SP_152336" HPOS="914" VPOS="959" WIDTH="22" HEIGHT="0" />
            <String ID="Word_168959" HPOS="936" VPOS="960" WIDTH="47" HEIGHT="27" CONTENT="or" />
            <SP ID="SP_152337" HPOS="983" VPOS="947" WIDTH="21" HEIGHT="0" />
            <String ID="Word_168960" HPOS="1004" VPOS="947" WIDTH="122" HEIGHT="41" CONTENT="other" />
            <SP ID="SP_152338" HPOS="1126" VPOS="947" WIDTH="31" HEIGHT="0" />
            <String ID="Word_168961" HPOS="1157" VPOS="947" WIDTH="44" HEIGHT="40" CONTENT="of" />
            <SP ID="SP_152339" HPOS="1201" VPOS="947" WIDTH="23" HEIGHT="0" />
            <String ID="Word_168962" HPOS="1224" VPOS="947" WIDTH="72" HEIGHT="41" CONTENT="the" />
            <SP ID="SP_152340" HPOS="1296" VPOS="947" WIDTH="23" HEIGHT="0" />
            <String ID="Word_168963" HPOS="1319" VPOS="947" WIDTH="187" HEIGHT="41" CONTENT="cerebral" />
            <SP ID="SP_152341" HPOS="1506" VPOS="947" WIDTH="33" HEIGHT="0" />
            <String ID="Word_168964" HPOS="1539" VPOS="948" WIDTH="300" HEIGHT="55" CONTENT="hemispheres." />
            <SP ID="SP_152342" HPOS="1839" VPOS="948" WIDTH="64" HEIGHT="0" />
            <String ID="Word_168965" HPOS="1903" VPOS="951" WIDTH="43" HEIGHT="41" CONTENT="It" />
            <SP ID="SP_152343" HPOS="1946" VPOS="951" WIDTH="31" HEIGHT="0" />
            <String ID="Word_168966" HPOS="1977" VPOS="952" WIDTH="84" HEIGHT="40" CONTENT="will" />
          </TextLine>
          <TextLine ID="TextLine_16630" HPOS="453" VPOS="1015" WIDTH="1612" HEIGHT="48">
            <String ID="Word_168967" HPOS="453" VPOS="1015" WIDTH="53" HEIGHT="43" CONTENT="be" />
            <SP ID="SP_152344" HPOS="506" VPOS="1015" WIDTH="43" HEIGHT="0" />
            <String ID="Word_168968" HPOS="549" VPOS="1015" WIDTH="217" HEIGHT="42" CONTENT="sufficient" />
            <SP ID="SP_152345" HPOS="766" VPOS="1015" WIDTH="42" HEIGHT="0" />
            <String ID="Word_168969" HPOS="808" VPOS="1020" WIDTH="42" HEIGHT="37" CONTENT="to" />
            <SP ID="SP_152346" HPOS="850" VPOS="1016" WIDTH="42" HEIGHT="0" />
            <String ID="Word_168970" HPOS="892" VPOS="1016" WIDTH="166" HEIGHT="42" CONTENT="remind" />
            <SP ID="SP_152347" HPOS="1058" VPOS="1016" WIDTH="33" HEIGHT="0" />
            <String ID="Word_168971" HPOS="1091" VPOS="1016" WIDTH="73" HEIGHT="42" CONTENT="the" />
            <SP ID="SP_152348" HPOS="1164" VPOS="1016" WIDTH="31" HEIGHT="0" />
            <String ID="Word_168972" HPOS="1195" VPOS="1016" WIDTH="146" HEIGHT="42" CONTENT="reader" />
            <SP ID="SP_152349" HPOS="1341" VPOS="1016" WIDTH="42" HEIGHT="0" />
            <String ID="Word_168973" HPOS="1383" VPOS="1017" WIDTH="94" HEIGHT="41" CONTENT="that" />
            <SP ID="SP_152350" HPOS="1477" VPOS="1017" WIDTH="38" HEIGHT="0" />
            <String ID="Word_168974" HPOS="1515" VPOS="1018" WIDTH="71" HEIGHT="41" CONTENT="the" />
            <SP ID="SP_152351" HPOS="1586" VPOS="1018" WIDTH="37" HEIGHT="0" />
            <String ID="Word_168975" HPOS="1623" VPOS="1018" WIDTH="116" HEIGHT="42" CONTENT="chief" />
            <SP ID="SP_152352" HPOS="1739" VPOS="1018" WIDTH="28" HEIGHT="0" />
            <String ID="Word_168976" HPOS="1767" VPOS="1020" WIDTH="43" HEIGHT="41" CONTENT="of" />
            <SP ID="SP_152353" HPOS="1810" VPOS="1020" WIDTH="31" HEIGHT="0" />
            <String ID="Word_168977" HPOS="1841" VPOS="1020" WIDTH="116" HEIGHT="42" CONTENT="them" />
            <SP ID="SP_152354" HPOS="1957" VPOS="1020" WIDTH="39" HEIGHT="0" />
            <String ID="Word_168978" HPOS="1996" VPOS="1035" WIDTH="69" HEIGHT="28" CONTENT="are" />
          </TextLine>
          <TextLine ID="TextLine_16631" HPOS="454" VPOS="1087" WIDTH="1611" HEIGHT="58">
            <String ID="Word_168979" HPOS="454" VPOS="1087" WIDTH="226" HEIGHT="55" CONTENT="apoplexy," />
            <SP ID="SP_152355" HPOS="680" VPOS="1087" WIDTH="32" HEIGHT="0" />
            <String ID="Word_168980" HPOS="712" VPOS="1087" WIDTH="228" HEIGHT="55" CONTENT="softening," />
            <SP ID="SP_152356" HPOS="940" VPOS="1087" WIDTH="33" HEIGHT="0" />
            <String ID="Word_168981" HPOS="973" VPOS="1087" WIDTH="84" HEIGHT="42" CONTENT="and" />
            <SP ID="SP_152357" HPOS="1057" VPOS="1087" WIDTH="32" HEIGHT="0" />
            <String ID="Word_168982" HPOS="1089" VPOS="1091" WIDTH="198" HEIGHT="38" CONTENT="tumour;" />
            <SP ID="SP_152358" HPOS="1287" VPOS="1087" WIDTH="31" HEIGHT="0" />
            <String ID="Word_168983" HPOS="1318" VPOS="1087" WIDTH="84" HEIGHT="42" CONTENT="and" />
            <SP ID="SP_152359" HPOS="1402" VPOS="1087" WIDTH="33" HEIGHT="0" />
            <String ID="Word_168984" HPOS="1435" VPOS="1088" WIDTH="95" HEIGHT="42" CONTENT="that" />
            <SP ID="SP_152360" HPOS="1530" VPOS="1088" WIDTH="30" HEIGHT="0" />
            <String ID="Word_168985" HPOS="1560" VPOS="1089" WIDTH="58" HEIGHT="55" CONTENT="by" />
            <SP ID="SP_152361" HPOS="1618" VPOS="1089" WIDTH="31" HEIGHT="0" />
            <String ID="Word_168986" HPOS="1649" VPOS="1103" WIDTH="83" HEIGHT="42" CONTENT="any" />
            <SP ID="SP_152362" HPOS="1732" VPOS="1102" WIDTH="23" HEIGHT="0" />
            <String ID="Word_168987" HPOS="1755" VPOS="1104" WIDTH="80" HEIGHT="28" CONTENT="one" />
            <SP ID="SP_152363" HPOS="1835" VPOS="1091" WIDTH="32" HEIGHT="0" />
            <String ID="Word_168988" HPOS="1867" VPOS="1091" WIDTH="43" HEIGHT="42" CONTENT="of" />
            <SP ID="SP_152364" HPOS="1910" VPOS="1091" WIDTH="36" HEIGHT="0" />
            <String ID="Word_168989" HPOS="1946" VPOS="1091" WIDTH="119" HEIGHT="43" CONTENT="these" />
          </TextLine>
          <TextLine ID="TextLine_16632" HPOS="452" VPOS="1157" WIDTH="1614" HEIGHT="56">
            <String ID="Word_168990" HPOS="452" VPOS="1157" WIDTH="245" HEIGHT="42" CONTENT="conditions" />
            <SP ID="SP_152365" HPOS="697" VPOS="1157" WIDTH="22" HEIGHT="0" />
            <String ID="Word_168991" HPOS="719" VPOS="1158" WIDTH="74" HEIGHT="41" CONTENT="the" />
            <SP ID="SP_152366" HPOS="793" VPOS="1158" WIDTH="22" HEIGHT="0" />
            <String ID="Word_168992" HPOS="815" VPOS="1158" WIDTH="287" HEIGHT="55" CONTENT="speech-tract" />
            <SP ID="SP_152367" HPOS="1102" VPOS="1158" WIDTH="22" HEIGHT="0" />
            <String ID="Word_168993" HPOS="1124" VPOS="1171" WIDTH="112" HEIGHT="42" CONTENT="may," />
            <SP ID="SP_152368" HPOS="1236" VPOS="1158" WIDTH="21" HEIGHT="0" />
            <String ID="Word_168994" HPOS="1257" VPOS="1158" WIDTH="47" HEIGHT="40" CONTENT="in" />
            <SP ID="SP_152369" HPOS="1304" VPOS="1158" WIDTH="22" HEIGHT="0" />
            <String ID="Word_168995" HPOS="1326" VPOS="1172" WIDTH="117" HEIGHT="28" CONTENT="some" />
            <SP ID="SP_152370" HPOS="1443" VPOS="1163" WIDTH="21" HEIGHT="0" />
            <String ID="Word_168996" HPOS="1464" VPOS="1163" WIDTH="96" HEIGHT="50" CONTENT="part" />
            <SP ID="SP_152371" HPOS="1560" VPOS="1160" WIDTH="27" HEIGHT="0" />
            <String ID="Word_168997" HPOS="1587" VPOS="1160" WIDTH="48" HEIGHT="41" CONTENT="of" />
            <SP ID="SP_152372" HPOS="1635" VPOS="1160" WIDTH="26" HEIGHT="0" />
            <String ID="Word_168998" HPOS="1661" VPOS="1160" WIDTH="57" HEIGHT="42" CONTENT="its" />
            <SP ID="SP_152373" HPOS="1718" VPOS="1160" WIDTH="31" HEIGHT="0" />
            <String ID="Word_168999" HPOS="1749" VPOS="1174" WIDTH="158" HEIGHT="39" CONTENT="course," />
            <SP ID="SP_152374" HPOS="1907" VPOS="1162" WIDTH="23" HEIGHT="0" />
            <String ID="Word_169000" HPOS="1930" VPOS="1167" WIDTH="136" HEIGHT="37" CONTENT="either" />
          </TextLine>
          <TextLine ID="TextLine_16633" HPOS="454" VPOS="1228" WIDTH="1611" HEIGHT="58">
            <String ID="Word_169001" HPOS="454" VPOS="1229" WIDTH="52" HEIGHT="41" CONTENT="be" />
            <SP ID="SP_152375" HPOS="506" VPOS="1228" WIDTH="23" HEIGHT="0" />
            <String ID="Word_169002" HPOS="529" VPOS="1228" WIDTH="182" HEIGHT="56" CONTENT="directly" />
            <SP ID="SP_152376" HPOS="711" VPOS="1228" WIDTH="22" HEIGHT="0" />
            <String ID="Word_169003" HPOS="733" VPOS="1229" WIDTH="204" HEIGHT="42" CONTENT="involved" />
            <SP ID="SP_152377" HPOS="937" VPOS="1228" WIDTH="22" HEIGHT="0" />
            <String ID="Word_169004" HPOS="959" VPOS="1228" WIDTH="83" HEIGHT="42" CONTENT="and" />
            <SP ID="SP_152378" HPOS="1042" VPOS="1228" WIDTH="24" HEIGHT="0" />
            <String ID="Word_169005" HPOS="1066" VPOS="1228" WIDTH="240" HEIGHT="56" CONTENT="destroyed," />
            <SP ID="SP_152379" HPOS="1306" VPOS="1228" WIDTH="21" HEIGHT="0" />
            <String ID="Word_169006" HPOS="1327" VPOS="1242" WIDTH="58" HEIGHT="38" CONTENT="or," />
            <SP ID="SP_152380" HPOS="1385" VPOS="1228" WIDTH="21" HEIGHT="0" />
            <String ID="Word_169007" HPOS="1406" VPOS="1228" WIDTH="120" HEIGHT="56" CONTENT="lying" />
            <SP ID="SP_152381" HPOS="1526" VPOS="1228" WIDTH="23" HEIGHT="0" />
            <String ID="Word_169008" HPOS="1549" VPOS="1230" WIDTH="40" HEIGHT="39" CONTENT="in" />
            <SP ID="SP_152382" HPOS="1589" VPOS="1230" WIDTH="37" HEIGHT="0" />
            <String ID="Word_169009" HPOS="1626" VPOS="1230" WIDTH="72" HEIGHT="42" CONTENT="the" />
            <SP ID="SP_152383" HPOS="1698" VPOS="1230" WIDTH="22" HEIGHT="0" />
            <String ID="Word_169010" HPOS="1720" VPOS="1231" WIDTH="345" HEIGHT="42" CONTENT="neighbourhood" />
          </TextLine>
          <TextLine ID="TextLine_16634" HPOS="453" VPOS="1298" WIDTH="1396" HEIGHT="56">
            <String ID="Word_169011" HPOS="453" VPOS="1300" WIDTH="44" HEIGHT="41" CONTENT="of" />
            <SP ID="SP_152384" HPOS="497" VPOS="1299" WIDTH="22" HEIGHT="0" />
            <String ID="Word_169012" HPOS="519" VPOS="1299" WIDTH="73" HEIGHT="41" CONTENT="the" />
            <SP ID="SP_152385" HPOS="592" VPOS="1298" WIDTH="22" HEIGHT="0" />
            <String ID="Word_169013" HPOS="614" VPOS="1298" WIDTH="149" HEIGHT="42" CONTENT="lesion," />
            <SP ID="SP_152386" HPOS="763" VPOS="1298" WIDTH="22" HEIGHT="0" />
            <String ID="Word_169014" HPOS="785" VPOS="1299" WIDTH="53" HEIGHT="41" CONTENT="be" />
            <SP ID="SP_152387" HPOS="838" VPOS="1298" WIDTH="22" HEIGHT="0" />
            <String ID="Word_169015" HPOS="860" VPOS="1298" WIDTH="160" HEIGHT="42" CONTENT="merely" />
            <SP ID="SP_152388" HPOS="1020" VPOS="1298" WIDTH="23" HEIGHT="0" />
            <String ID="Word_169016" HPOS="1043" VPOS="1298" WIDTH="194" HEIGHT="42" CONTENT="disabled" />
            <SP ID="SP_152389" HPOS="1237" VPOS="1298" WIDTH="23" HEIGHT="0" />
            <String ID="Word_169017" HPOS="1260" VPOS="1298" WIDTH="184" HEIGHT="41" CONTENT="without" />
            <SP ID="SP_152390" HPOS="1444" VPOS="1298" WIDTH="22" HEIGHT="0" />
            <String ID="Word_169018" HPOS="1466" VPOS="1299" WIDTH="128" HEIGHT="55" CONTENT="being" />
            <SP ID="SP_152391" HPOS="1594" VPOS="1299" WIDTH="21" HEIGHT="0" />
            <String ID="Word_169019" HPOS="1615" VPOS="1299" WIDTH="234" HEIGHT="43" CONTENT="destroyed." />
          </TextLine>
          <TextLine ID="TextLine_16635" HPOS="513" VPOS="1368" WIDTH="1551" HEIGHT="56">
            <String ID="Word_169020" HPOS="513" VPOS="1371" WIDTH="38" HEIGHT="41" CONTENT="2." />
            <SP ID="SP_152392" HPOS="551" VPOS="1370" WIDTH="32" HEIGHT="0" />
            <String ID="Word_169021" HPOS="583" VPOS="1370" WIDTH="208" HEIGHT="42" CONTENT="Bilateral" />
            <SP ID="SP_152393" HPOS="791" VPOS="1369" WIDTH="21" HEIGHT="0" />
            <String ID="Word_169022" HPOS="812" VPOS="1369" WIDTH="167" HEIGHT="41" CONTENT="Lesions" />
            <SP ID="SP_152394" HPOS="979" VPOS="1369" WIDTH="20" HEIGHT="0" />
            <String ID="Word_169023" HPOS="999" VPOS="1370" WIDTH="49" HEIGHT="40" CONTENT="in" />
            <SP ID="SP_152395" HPOS="1048" VPOS="1370" WIDTH="22" HEIGHT="0" />
            <String ID="Word_169024" HPOS="1070" VPOS="1370" WIDTH="64" HEIGHT="40" CONTENT="the" />
            <SP ID="SP_152396" HPOS="1134" VPOS="1369" WIDTH="25" HEIGHT="0" />
            <String ID="Word_169025" HPOS="1159" VPOS="1368" WIDTH="332" HEIGHT="43" CONTENT="Cerebrum.—A" />
            <SP ID="SP_152397" HPOS="1491" VPOS="1368" WIDTH="20" HEIGHT="0" />
            <String ID="Word_169026" HPOS="1511" VPOS="1383" WIDTH="118" HEIGHT="41" CONTENT="gross" />
            <SP ID="SP_152398" HPOS="1629" VPOS="1370" WIDTH="22" HEIGHT="0" />
            <String ID="Word_169027" HPOS="1651" VPOS="1370" WIDTH="186" HEIGHT="42" CONTENT="cerebral" />
            <SP ID="SP_152399" HPOS="1837" VPOS="1370" WIDTH="22" HEIGHT="0" />
            <String ID="Word_169028" HPOS="1859" VPOS="1371" WIDTH="136" HEIGHT="42" CONTENT="lesion" />
            <SP ID="SP_152400" HPOS="1995" VPOS="1371" WIDTH="22" HEIGHT="0" />
            <String ID="Word_169029" HPOS="2017" VPOS="1372" WIDTH="47" HEIGHT="52" CONTENT="is," />
          </TextLine>
          <TextLine ID="TextLine_16636" HPOS="453" VPOS="1439" WIDTH="1609" HEIGHT="56">
            <String ID="Word_169030" HPOS="453" VPOS="1442" WIDTH="45" HEIGHT="41" CONTENT="in" />
            <SP ID="SP_152401" HPOS="498" VPOS="1441" WIDTH="26" HEIGHT="0" />
            <String ID="Word_169031" HPOS="524" VPOS="1441" WIDTH="72" HEIGHT="42" CONTENT="the" />
            <SP ID="SP_152402" HPOS="596" VPOS="1441" WIDTH="18" HEIGHT="0" />
            <String ID="Word_169032" HPOS="614" VPOS="1445" WIDTH="96" HEIGHT="37" CONTENT="vast" />
            <SP ID="SP_152403" HPOS="710" VPOS="1440" WIDTH="21" HEIGHT="0" />
            <String ID="Word_169033" HPOS="731" VPOS="1440" WIDTH="202" HEIGHT="54" CONTENT="majority" />
            <SP ID="SP_152404" HPOS="933" VPOS="1439" WIDTH="16" HEIGHT="0" />
            <String ID="Word_169034" HPOS="949" VPOS="1439" WIDTH="47" HEIGHT="41" CONTENT="of" />
            <SP ID="SP_152405" HPOS="996" VPOS="1439" WIDTH="18" HEIGHT="0" />
            <String ID="Word_169035" HPOS="1014" VPOS="1453" WIDTH="127" HEIGHT="28" CONTENT="cases," />
            <SP ID="SP_152406" HPOS="1141" VPOS="1439" WIDTH="17" HEIGHT="0" />
            <String ID="Word_169036" HPOS="1158" VPOS="1439" WIDTH="252" HEIGHT="52" CONTENT="unilateral;" />
            <SP ID="SP_152407" HPOS="1410" VPOS="1453" WIDTH="23" HEIGHT="0" />
            <String ID="Word_169037" HPOS="1433" VPOS="1453" WIDTH="78" HEIGHT="28" CONTENT="one" />
            <SP ID="SP_152408" HPOS="1511" VPOS="1440" WIDTH="27" HEIGHT="0" />
            <String ID="Word_169038" HPOS="1538" VPOS="1440" WIDTH="135" HEIGHT="55" CONTENT="single" />
            <SP ID="SP_152409" HPOS="1673" VPOS="1440" WIDTH="24" HEIGHT="0" />
            <String ID="Word_169039" HPOS="1697" VPOS="1440" WIDTH="117" HEIGHT="42" CONTENT="focus" />
            <SP ID="SP_152410" HPOS="1814" VPOS="1440" WIDTH="22" HEIGHT="0" />
            <String ID="Word_169040" HPOS="1836" VPOS="1441" WIDTH="43" HEIGHT="41" CONTENT="of" />
            <SP ID="SP_152411" HPOS="1879" VPOS="1441" WIDTH="20" HEIGHT="0" />
            <String ID="Word_169041" HPOS="1899" VPOS="1441" WIDTH="163" HEIGHT="43" CONTENT="disease" />
          </TextLine>
          <TextLine ID="TextLine_16637" HPOS="454" VPOS="1509" WIDTH="1609" HEIGHT="59">
            <String ID="Word_169042" HPOS="454" VPOS="1513" WIDTH="128" HEIGHT="54" CONTENT="being" />
            <SP ID="SP_152412" HPOS="582" VPOS="1510" WIDTH="21" HEIGHT="0" />
            <String ID="Word_169043" HPOS="603" VPOS="1510" WIDTH="236" HEIGHT="43" CONTENT="developed" />
            <SP ID="SP_152413" HPOS="839" VPOS="1510" WIDTH="22" HEIGHT="0" />
            <String ID="Word_169044" HPOS="861" VPOS="1511" WIDTH="46" HEIGHT="40" CONTENT="in" />
            <SP ID="SP_152414" HPOS="907" VPOS="1511" WIDTH="23" HEIGHT="0" />
            <String ID="Word_169045" HPOS="930" VPOS="1524" WIDTH="79" HEIGHT="28" CONTENT="one" />
            <SP ID="SP_152415" HPOS="1009" VPOS="1524" WIDTH="23" HEIGHT="0" />
            <String ID="Word_169046" HPOS="1032" VPOS="1524" WIDTH="46" HEIGHT="27" CONTENT="or" />
            <SP ID="SP_152416" HPOS="1078" VPOS="1510" WIDTH="32" HEIGHT="0" />
            <String ID="Word_169047" HPOS="1110" VPOS="1510" WIDTH="121" HEIGHT="42" CONTENT="other" />
            <SP ID="SP_152417" HPOS="1231" VPOS="1510" WIDTH="21" HEIGHT="0" />
            <String ID="Word_169048" HPOS="1252" VPOS="1510" WIDTH="279" HEIGHT="54" CONTENT="hemisphere." />
            <SP ID="SP_152418" HPOS="1531" VPOS="1509" WIDTH="65" HEIGHT="0" />
            <String ID="Word_169049" HPOS="1596" VPOS="1509" WIDTH="88" HEIGHT="43" CONTENT="But" />
            <SP ID="SP_152419" HPOS="1684" VPOS="1509" WIDTH="31" HEIGHT="0" />
            <String ID="Word_169050" HPOS="1715" VPOS="1512" WIDTH="36" HEIGHT="40" CONTENT="it" />
            <SP ID="SP_152420" HPOS="1751" VPOS="1512" WIDTH="30" HEIGHT="0" />
            <String ID="Word_169051" HPOS="1781" VPOS="1512" WIDTH="282" HEIGHT="56" CONTENT="occasionally" />
          </TextLine>
          <TextLine ID="TextLine_16638" HPOS="453" VPOS="1580" WIDTH="1610" HEIGHT="58">
            <String ID="Word_169052" HPOS="453" VPOS="1583" WIDTH="195" HEIGHT="55" CONTENT="happens" />
            <SP ID="SP_152421" HPOS="648" VPOS="1581" WIDTH="23" HEIGHT="0" />
            <String ID="Word_169053" HPOS="671" VPOS="1581" WIDTH="96" HEIGHT="42" CONTENT="that" />
            <SP ID="SP_152422" HPOS="767" VPOS="1581" WIDTH="20" HEIGHT="0" />
            <String ID="Word_169054" HPOS="787" VPOS="1585" WIDTH="86" HEIGHT="37" CONTENT="two" />
            <SP ID="SP_152423" HPOS="873" VPOS="1580" WIDTH="30" HEIGHT="0" />
            <String ID="Word_169055" HPOS="903" VPOS="1580" WIDTH="81" HEIGHT="42" CONTENT="foci" />
            <SP ID="SP_152424" HPOS="984" VPOS="1580" WIDTH="32" HEIGHT="0" />
            <String ID="Word_169056" HPOS="1016" VPOS="1594" WIDTH="71" HEIGHT="28" CONTENT="are" />
            <SP ID="SP_152425" HPOS="1087" VPOS="1580" WIDTH="31" HEIGHT="0" />
            <String ID="Word_169057" HPOS="1118" VPOS="1580" WIDTH="246" HEIGHT="55" CONTENT="developed," />
            <SP ID="SP_152426" HPOS="1364" VPOS="1580" WIDTH="32" HEIGHT="0" />
            <String ID="Word_169058" HPOS="1396" VPOS="1580" WIDTH="136" HEIGHT="42" CONTENT="either" />
            <SP ID="SP_152427" HPOS="1532" VPOS="1580" WIDTH="30" HEIGHT="0" />
            <String ID="Word_169059" HPOS="1562" VPOS="1581" WIDTH="358" HEIGHT="43" CONTENT="simultaneously" />
            <SP ID="SP_152428" HPOS="1920" VPOS="1581" WIDTH="22" HEIGHT="0" />
            <String ID="Word_169060" HPOS="1942" VPOS="1597" WIDTH="46" HEIGHT="26" CONTENT="or" />
            <SP ID="SP_152429" HPOS="1988" VPOS="1583" WIDTH="30" HEIGHT="0" />
            <String ID="Word_169061" HPOS="2018" VPOS="1583" WIDTH="45" HEIGHT="41" CONTENT="in" />
          </TextLine>
          <TextLine ID="TextLine_16639" HPOS="454" VPOS="1650" WIDTH="1609" HEIGHT="55">
            <String ID="Word_169062" HPOS="454" VPOS="1651" WIDTH="240" HEIGHT="44" CONTENT="succession" />
            <SP ID="SP_152430" HPOS="694" VPOS="1651" WIDTH="21" HEIGHT="0" />
            <String ID="Word_169063" HPOS="715" VPOS="1667" WIDTH="7" HEIGHT="34" CONTENT=";" />
            <SP ID="SP_152431" HPOS="722" VPOS="1651" WIDTH="31" HEIGHT="0" />
            <String ID="Word_169064" HPOS="753" VPOS="1651" WIDTH="82" HEIGHT="40" CONTENT="and" />
            <SP ID="SP_152432" HPOS="835" VPOS="1651" WIDTH="26" HEIGHT="0" />
            <String ID="Word_169065" HPOS="861" VPOS="1665" WIDTH="108" HEIGHT="27" CONTENT="even" />
            <SP ID="SP_152433" HPOS="969" VPOS="1650" WIDTH="23" HEIGHT="0" />
            <String ID="Word_169066" HPOS="992" VPOS="1650" WIDTH="94" HEIGHT="41" CONTENT="that" />
            <SP ID="SP_152434" HPOS="1086" VPOS="1650" WIDTH="25" HEIGHT="0" />
            <String ID="Word_169067" HPOS="1111" VPOS="1650" WIDTH="73" HEIGHT="41" CONTENT="the" />
            <SP ID="SP_152435" HPOS="1184" VPOS="1650" WIDTH="24" HEIGHT="0" />
            <String ID="Word_169068" HPOS="1208" VPOS="1654" WIDTH="83" HEIGHT="37" CONTENT="two" />
            <SP ID="SP_152436" HPOS="1291" VPOS="1654" WIDTH="23" HEIGHT="0" />
            <String ID="Word_169069" HPOS="1314" VPOS="1664" WIDTH="161" HEIGHT="41" CONTENT="occupy" />
            <SP ID="SP_152437" HPOS="1475" VPOS="1650" WIDTH="24" HEIGHT="0" />
            <String ID="Word_169070" HPOS="1499" VPOS="1650" WIDTH="328" HEIGHT="55" CONTENT="corresponding" />
            <SP ID="SP_152438" HPOS="1827" VPOS="1650" WIDTH="28" HEIGHT="0" />
            <String ID="Word_169071" HPOS="1855" VPOS="1651" WIDTH="208" HEIGHT="54" CONTENT="positions" />
          </TextLine>
          <TextLine ID="TextLine_16640" HPOS="454" VPOS="1720" WIDTH="1609" HEIGHT="56">
            <String ID="Word_169072" HPOS="454" VPOS="1724" WIDTH="44" HEIGHT="40" CONTENT="in" />
            <SP ID="SP_152439" HPOS="498" VPOS="1723" WIDTH="35" HEIGHT="0" />
            <String ID="Word_169073" HPOS="533" VPOS="1723" WIDTH="73" HEIGHT="41" CONTENT="the" />
            <SP ID="SP_152440" HPOS="606" VPOS="1721" WIDTH="32" HEIGHT="0" />
            <String ID="Word_169074" HPOS="638" VPOS="1721" WIDTH="302" HEIGHT="42" CONTENT="hemispheres." />
            <SP ID="SP_152441" HPOS="940" VPOS="1720" WIDTH="64" HEIGHT="0" />
            <String ID="Word_169075" HPOS="1004" VPOS="1720" WIDTH="113" HEIGHT="41" CONTENT="Such" />
            <SP ID="SP_152442" HPOS="1117" VPOS="1720" WIDTH="36" HEIGHT="0" />
            <String ID="Word_169076" HPOS="1153" VPOS="1720" WIDTH="286" HEIGHT="55" CONTENT="symmetrical" />
            <SP ID="SP_152443" HPOS="1439" VPOS="1720" WIDTH="39" HEIGHT="0" />
            <String ID="Word_169077" HPOS="1478" VPOS="1720" WIDTH="156" HEIGHT="42" CONTENT="lesions" />
            <SP ID="SP_152444" HPOS="1634" VPOS="1720" WIDTH="35" HEIGHT="0" />
            <String ID="Word_169078" HPOS="1669" VPOS="1734" WIDTH="97" HEIGHT="42" CONTENT="may" />
            <SP ID="SP_152445" HPOS="1766" VPOS="1721" WIDTH="22" HEIGHT="0" />
            <String ID="Word_169079" HPOS="1788" VPOS="1721" WIDTH="170" HEIGHT="42" CONTENT="involve" />
            <SP ID="SP_152446" HPOS="1958" VPOS="1721" WIDTH="33" HEIGHT="0" />
            <String ID="Word_169080" HPOS="1991" VPOS="1722" WIDTH="72" HEIGHT="41" CONTENT="the" />
          </TextLine>
          <TextLine ID="TextLine_16641" HPOS="454" VPOS="1791" WIDTH="656" HEIGHT="58">
            <String ID="Word_169081" HPOS="454" VPOS="1793" WIDTH="308" HEIGHT="43" CONTENT="speech-tracts" />
            <SP ID="SP_152447" HPOS="762" VPOS="1793" WIDTH="23" HEIGHT="0" />
            <String ID="Word_169082" HPOS="785" VPOS="1806" WIDTH="55" HEIGHT="27" CONTENT="on" />
            <SP ID="SP_152448" HPOS="840" VPOS="1791" WIDTH="21" HEIGHT="0" />
            <String ID="Word_169083" HPOS="861" VPOS="1791" WIDTH="104" HEIGHT="42" CONTENT="both" />
            <SP ID="SP_152449" HPOS="965" VPOS="1791" WIDTH="24" HEIGHT="0" />
            <String ID="Word_169084" HPOS="989" VPOS="1791" WIDTH="121" HEIGHT="41" CONTENT="sides." />
          </TextLine>
          <TextLine ID="TextLine_16642" HPOS="514" VPOS="1860" WIDTH="1547" HEIGHT="57">
            <String ID="Word_169085" HPOS="514" VPOS="1865" WIDTH="21" HEIGHT="41" CONTENT="I" />
            <SP ID="SP_152450" HPOS="535" VPOS="1865" WIDTH="33" HEIGHT="0" />
            <String ID="Word_169086" HPOS="568" VPOS="1865" WIDTH="110" HEIGHT="41" CONTENT="have" />
            <SP ID="SP_152451" HPOS="678" VPOS="1862" WIDTH="22" HEIGHT="0" />
            <String ID="Word_169087" HPOS="700" VPOS="1862" WIDTH="187" HEIGHT="55" CONTENT="already," />
            <SP ID="SP_152452" HPOS="887" VPOS="1862" WIDTH="21" HEIGHT="0" />
            <String ID="Word_169088" HPOS="908" VPOS="1862" WIDTH="43" HEIGHT="40" CONTENT="in" />
            <SP ID="SP_152453" HPOS="951" VPOS="1862" WIDTH="26" HEIGHT="0" />
            <String ID="Word_169089" HPOS="977" VPOS="1876" WIDTH="24" HEIGHT="26" CONTENT="a" />
            <SP ID="SP_152454" HPOS="1001" VPOS="1862" WIDTH="32" HEIGHT="0" />
            <String ID="Word_169090" HPOS="1033" VPOS="1862" WIDTH="154" HEIGHT="40" CONTENT="former" />
            <SP ID="SP_152455" HPOS="1187" VPOS="1861" WIDTH="31" HEIGHT="0" />
            <String ID="Word_169091" HPOS="1218" VPOS="1874" WIDTH="189" HEIGHT="41" CONTENT="chapter," />
            <SP ID="SP_152456" HPOS="1407" VPOS="1860" WIDTH="32" HEIGHT="0" />
            <String ID="Word_169092" HPOS="1439" VPOS="1860" WIDTH="243" HEIGHT="42" CONTENT="illustrated" />
            <SP ID="SP_152457" HPOS="1682" VPOS="1860" WIDTH="23" HEIGHT="0" />
            <String ID="Word_169093" HPOS="1705" VPOS="1861" WIDTH="72" HEIGHT="42" CONTENT="the" />
            <SP ID="SP_152458" HPOS="1777" VPOS="1861" WIDTH="22" HEIGHT="0" />
            <String ID="Word_169094" HPOS="1799" VPOS="1861" WIDTH="145" HEIGHT="42" CONTENT="effects" />
            <SP ID="SP_152459" HPOS="1944" VPOS="1861" WIDTH="23" HEIGHT="0" />
            <String ID="Word_169095" HPOS="1967" VPOS="1876" WIDTH="94" HEIGHT="40" CONTENT="pro-" />
          </TextLine>
          <TextLine ID="TextLine_16643" HPOS="454" VPOS="1931" WIDTH="1609" HEIGHT="59">
            <String ID="Word_169096" HPOS="454" VPOS="1936" WIDTH="138" HEIGHT="43" CONTENT="duced" />
            <SP ID="SP_152460" HPOS="592" VPOS="1936" WIDTH="22" HEIGHT="0" />
            <String ID="Word_169097" HPOS="614" VPOS="1936" WIDTH="57" HEIGHT="54" CONTENT="by" />
            <SP ID="SP_152461" HPOS="671" VPOS="1932" WIDTH="23" HEIGHT="0" />
            <String ID="Word_169098" HPOS="694" VPOS="1932" WIDTH="293" HEIGHT="44" CONTENT="symmetrical" />
            <SP ID="SP_152462" HPOS="987" VPOS="1931" WIDTH="22" HEIGHT="0" />
            <String ID="Word_169099" HPOS="1009" VPOS="1931" WIDTH="265" HEIGHT="42" CONTENT="destruction" />
            <SP ID="SP_152463" HPOS="1274" VPOS="1931" WIDTH="31" HEIGHT="0" />
            <String ID="Word_169100" HPOS="1305" VPOS="1931" WIDTH="47" HEIGHT="42" CONTENT="of" />
            <SP ID="SP_152464" HPOS="1352" VPOS="1931" WIDTH="28" HEIGHT="0" />
            <String ID="Word_169101" HPOS="1380" VPOS="1931" WIDTH="73" HEIGHT="41" CONTENT="the" />
            <SP ID="SP_152465" HPOS="1453" VPOS="1931" WIDTH="34" HEIGHT="0" />
            <String ID="Word_169102" HPOS="1487" VPOS="1935" WIDTH="135" HEIGHT="37" CONTENT="motor" />
            <SP ID="SP_152466" HPOS="1622" VPOS="1931" WIDTH="31" HEIGHT="0" />
            <String ID="Word_169103" HPOS="1653" VPOS="1931" WIDTH="151" HEIGHT="55" CONTENT="speech" />
            <SP ID="SP_152467" HPOS="1804" VPOS="1931" WIDTH="23" HEIGHT="0" />
            <String ID="Word_169104" HPOS="1827" VPOS="1937" WIDTH="159" HEIGHT="45" CONTENT="centres," />
            <SP ID="SP_152468" HPOS="1986" VPOS="1933" WIDTH="23" HEIGHT="0" />
            <String ID="Word_169105" HPOS="2009" VPOS="1933" WIDTH="54" HEIGHT="54" CONTENT="by" />
          </TextLine>
          <TextLine ID="TextLine_16644" HPOS="454" VPOS="2000" WIDTH="1612" HEIGHT="57">
            <String ID="Word_169106" HPOS="454" VPOS="2009" WIDTH="216" HEIGHT="41" CONTENT="reference" />
            <SP ID="SP_152469" HPOS="670" VPOS="2009" WIDTH="31" HEIGHT="0" />
            <String ID="Word_169107" HPOS="701" VPOS="2009" WIDTH="45" HEIGHT="38" CONTENT="to" />
            <SP ID="SP_152470" HPOS="746" VPOS="2009" WIDTH="23" HEIGHT="0" />
            <String ID="Word_169108" HPOS="769" VPOS="2019" WIDTH="24" HEIGHT="27" CONTENT="a" />
            <SP ID="SP_152471" HPOS="793" VPOS="2003" WIDTH="33" HEIGHT="0" />
            <String ID="Word_169109" HPOS="826" VPOS="2003" WIDTH="278" HEIGHT="42" CONTENT="well-known" />
            <SP ID="SP_152472" HPOS="1104" VPOS="2003" WIDTH="22" HEIGHT="0" />
            <String ID="Word_169110" HPOS="1126" VPOS="2015" WIDTH="95" HEIGHT="29" CONTENT="case" />
            <SP ID="SP_152473" HPOS="1221" VPOS="2001" WIDTH="30" HEIGHT="0" />
            <String ID="Word_169111" HPOS="1251" VPOS="2001" WIDTH="198" HEIGHT="55" CONTENT="reported" />
            <SP ID="SP_152474" HPOS="1449" VPOS="2001" WIDTH="32" HEIGHT="0" />
            <String ID="Word_169112" HPOS="1481" VPOS="2001" WIDTH="56" HEIGHT="56" CONTENT="by" />
            <SP ID="SP_152475" HPOS="1537" VPOS="2001" WIDTH="22" HEIGHT="0" />
            <String ID="Word_169113" HPOS="1559" VPOS="2002" WIDTH="64" HEIGHT="40" CONTENT="Dr" />
            <SP ID="SP_152476" HPOS="1623" VPOS="2000" WIDTH="23" HEIGHT="0" />
            <String ID="Word_169114" HPOS="1646" VPOS="2000" WIDTH="178" HEIGHT="43" CONTENT="Barlow." />
            <SP ID="SP_152477" HPOS="1824" VPOS="2000" WIDTH="65" HEIGHT="0" />
            <String ID="Word_169115" HPOS="1889" VPOS="2002" WIDTH="52" HEIGHT="40" CONTENT="In" />
            <SP ID="SP_152478" HPOS="1941" VPOS="2002" WIDTH="33" HEIGHT="0" />
            <String ID="Word_169116" HPOS="1974" VPOS="2008" WIDTH="92" HEIGHT="35" CONTENT="that" />
          </TextLine>
          <TextLine ID="TextLine_16645" HPOS="454" VPOS="2072" WIDTH="1608" HEIGHT="55">
            <String ID="Word_169117" HPOS="454" VPOS="2091" WIDTH="108" HEIGHT="30" CONTENT="case," />
            <SP ID="SP_152479" HPOS="562" VPOS="2077" WIDTH="31" HEIGHT="0" />
            <String ID="Word_169118" HPOS="593" VPOS="2077" WIDTH="36" HEIGHT="40" CONTENT="it" />
            <SP ID="SP_152480" HPOS="629" VPOS="2074" WIDTH="23" HEIGHT="0" />
            <String ID="Word_169119" HPOS="652" VPOS="2074" WIDTH="89" HEIGHT="42" CONTENT="will" />
            <SP ID="SP_152481" HPOS="741" VPOS="2074" WIDTH="32" HEIGHT="0" />
            <String ID="Word_169120" HPOS="773" VPOS="2075" WIDTH="51" HEIGHT="41" CONTENT="be" />
            <SP ID="SP_152482" HPOS="824" VPOS="2072" WIDTH="31" HEIGHT="0" />
            <String ID="Word_169121" HPOS="855" VPOS="2072" WIDTH="305" HEIGHT="43" CONTENT="remembered," />
            <SP ID="SP_152483" HPOS="1160" VPOS="2072" WIDTH="23" HEIGHT="0" />
            <String ID="Word_169122" HPOS="1183" VPOS="2072" WIDTH="118" HEIGHT="42" CONTENT="there" />
            <SP ID="SP_152484" HPOS="1301" VPOS="2072" WIDTH="33" HEIGHT="0" />
            <String ID="Word_169123" HPOS="1334" VPOS="2086" WIDTH="97" HEIGHT="37" CONTENT="was," />
            <SP ID="SP_152485" HPOS="1431" VPOS="2072" WIDTH="23" HEIGHT="0" />
            <String ID="Word_169124" HPOS="1454" VPOS="2072" WIDTH="102" HEIGHT="50" CONTENT="first," />
            <SP ID="SP_152486" HPOS="1556" VPOS="2072" WIDTH="25" HEIGHT="0" />
            <String ID="Word_169125" HPOS="1581" VPOS="2076" WIDTH="138" HEIGHT="36" CONTENT="motor" />
            <SP ID="SP_152487" HPOS="1719" VPOS="2072" WIDTH="31" HEIGHT="0" />
            <String ID="Word_169126" HPOS="1750" VPOS="2072" WIDTH="175" HEIGHT="54" CONTENT="aphasia" />
            <SP ID="SP_152488" HPOS="1925" VPOS="2072" WIDTH="32" HEIGHT="0" />
            <String ID="Word_169127" HPOS="1957" VPOS="2073" WIDTH="105" HEIGHT="41" CONTENT="from" />
          </TextLine>
          <TextLine ID="TextLine_16646" HPOS="454" VPOS="2141" WIDTH="1610" HEIGHT="51">
            <String ID="Word_169128" HPOS="454" VPOS="2146" WIDTH="268" HEIGHT="44" CONTENT="destruction" />
            <SP ID="SP_152489" HPOS="722" VPOS="2145" WIDTH="22" HEIGHT="0" />
            <String ID="Word_169129" HPOS="744" VPOS="2145" WIDTH="47" HEIGHT="41" CONTENT="of" />
            <SP ID="SP_152490" HPOS="791" VPOS="2142" WIDTH="22" HEIGHT="0" />
            <String ID="Word_169130" HPOS="813" VPOS="2142" WIDTH="168" HEIGHT="43" CONTENT="Broca's" />
            <SP ID="SP_152491" HPOS="981" VPOS="2142" WIDTH="22" HEIGHT="0" />
            <String ID="Word_169131" HPOS="1003" VPOS="2142" WIDTH="288" HEIGHT="42" CONTENT="convolution." />
            <SP ID="SP_152492" HPOS="1291" VPOS="2142" WIDTH="64" HEIGHT="0" />
            <String ID="Word_169132" HPOS="1355" VPOS="2142" WIDTH="87" HEIGHT="41" CONTENT="But" />
            <SP ID="SP_152493" HPOS="1442" VPOS="2141" WIDTH="22" HEIGHT="0" />
            <String ID="Word_169133" HPOS="1464" VPOS="2141" WIDTH="86" HEIGHT="42" CONTENT="this" />
            <SP ID="SP_152494" HPOS="1550" VPOS="2141" WIDTH="24" HEIGHT="0" />
            <String ID="Word_169134" HPOS="1574" VPOS="2155" WIDTH="84" HEIGHT="27" CONTENT="was" />
            <SP ID="SP_152495" HPOS="1658" VPOS="2141" WIDTH="33" HEIGHT="0" />
            <String ID="Word_169135" HPOS="1691" VPOS="2141" WIDTH="222" HEIGHT="42" CONTENT="recovered" />
            <SP ID="SP_152496" HPOS="1913" VPOS="2141" WIDTH="32" HEIGHT="0" />
            <String ID="Word_169136" HPOS="1945" VPOS="2142" WIDTH="119" HEIGHT="50" CONTENT="from," />
          </TextLine>
          <TextLine ID="TextLine_16647" HPOS="456" VPOS="2212" WIDTH="1610" HEIGHT="62">
            <String ID="Word_169137" HPOS="456" VPOS="2219" WIDTH="58" HEIGHT="42" CONTENT="by" />
            <SP ID="SP_152497" HPOS="514" VPOS="2218" WIDTH="40" HEIGHT="0" />
            <String ID="Word_169138" HPOS="554" VPOS="2218" WIDTH="74" HEIGHT="41" CONTENT="the" />
            <SP ID="SP_152498" HPOS="628" VPOS="2215" WIDTH="52" HEIGHT="0" />
            <String ID="Word_169139" HPOS="680" VPOS="2219" WIDTH="277" HEIGHT="39" CONTENT="convolution" />
            <SP ID="SP_152499" HPOS="957" VPOS="2214" WIDTH="53" HEIGHT="0" />
            <String ID="Word_169140" HPOS="1010" VPOS="2214" WIDTH="46" HEIGHT="41" CONTENT="of" />
            <SP ID="SP_152500" HPOS="1056" VPOS="2213" WIDTH="47" HEIGHT="0" />
            <String ID="Word_169141" HPOS="1103" VPOS="2213" WIDTH="73" HEIGHT="42" CONTENT="the" />
            <SP ID="SP_152501" HPOS="1176" VPOS="2213" WIDTH="52" HEIGHT="0" />
            <String ID="Word_169142" HPOS="1228" VPOS="2216" WIDTH="195" HEIGHT="52" CONTENT="opposite" />
            <SP ID="SP_152502" HPOS="1423" VPOS="2212" WIDTH="45" HEIGHT="0" />
            <String ID="Word_169143" HPOS="1468" VPOS="2212" WIDTH="91" HEIGHT="42" CONTENT="side" />
            <SP ID="SP_152503" HPOS="1559" VPOS="2212" WIDTH="41" HEIGHT="0" />
            <String ID="Word_169144" HPOS="1600" VPOS="2212" WIDTH="126" HEIGHT="54" CONTENT="being" />
            <SP ID="SP_152504" HPOS="1726" VPOS="2212" WIDTH="50" HEIGHT="0" />
            <String ID="Word_169145" HPOS="1776" VPOS="2212" WIDTH="205" HEIGHT="42" CONTENT="educated" />
            <SP ID="SP_152505" HPOS="1981" VPOS="2212" WIDTH="42" HEIGHT="0" />
            <String ID="Word_169146" HPOS="2023" VPOS="2218" WIDTH="43" HEIGHT="36" CONTENT="to" />
          </TextLine>
          <TextLine ID="TextLine_16648" HPOS="455" VPOS="2282" WIDTH="1608" HEIGHT="56">
            <String ID="Word_169147" HPOS="455" VPOS="2301" WIDTH="170" HEIGHT="30" CONTENT="assume" />
            <SP ID="SP_152506" HPOS="625" VPOS="2286" WIDTH="37" HEIGHT="0" />
            <String ID="Word_169148" HPOS="662" VPOS="2286" WIDTH="73" HEIGHT="42" CONTENT="the" />
            <SP ID="SP_152507" HPOS="735" VPOS="2284" WIDTH="36" HEIGHT="0" />
            <String ID="Word_169149" HPOS="771" VPOS="2284" WIDTH="195" HEIGHT="42" CONTENT="function" />
            <SP ID="SP_152508" HPOS="966" VPOS="2283" WIDTH="43" HEIGHT="0" />
            <String ID="Word_169150" HPOS="1009" VPOS="2283" WIDTH="44" HEIGHT="42" CONTENT="of" />
            <SP ID="SP_152509" HPOS="1053" VPOS="2283" WIDTH="33" HEIGHT="0" />
            <String ID="Word_169151" HPOS="1086" VPOS="2283" WIDTH="164" HEIGHT="42" CONTENT="speech." />
            <SP ID="SP_152510" HPOS="1250" VPOS="2282" WIDTH="64" HEIGHT="0" />
            <String ID="Word_169152" HPOS="1314" VPOS="2282" WIDTH="118" HEIGHT="42" CONTENT="Then" />
            <SP ID="SP_152511" HPOS="1432" VPOS="2282" WIDTH="34" HEIGHT="0" />
            <String ID="Word_169153" HPOS="1466" VPOS="2282" WIDTH="121" HEIGHT="42" CONTENT="there" />
            <SP ID="SP_152512" HPOS="1587" VPOS="2282" WIDTH="35" HEIGHT="0" />
            <String ID="Word_169154" HPOS="1622" VPOS="2282" WIDTH="199" HEIGHT="41" CONTENT="occurred" />
            <SP ID="SP_152513" HPOS="1821" VPOS="2282" WIDTH="34" HEIGHT="0" />
            <String ID="Word_169155" HPOS="1855" VPOS="2297" WIDTH="25" HEIGHT="26" CONTENT="a" />
            <SP ID="SP_152514" HPOS="1880" VPOS="2283" WIDTH="30" HEIGHT="0" />
            <String ID="Word_169156" HPOS="1910" VPOS="2283" WIDTH="153" HEIGHT="41" CONTENT="second" />
          </TextLine>
          <TextLine ID="TextLine_16649" HPOS="456" VPOS="2351" WIDTH="1609" HEIGHT="58">
            <String ID="Word_169157" HPOS="456" VPOS="2358" WIDTH="148" HEIGHT="42" CONTENT="lesion," />
            <SP ID="SP_152515" HPOS="604" VPOS="2355" WIDTH="23" HEIGHT="0" />
            <String ID="Word_169158" HPOS="627" VPOS="2355" WIDTH="141" HEIGHT="43" CONTENT="which" />
            <SP ID="SP_152516" HPOS="768" VPOS="2353" WIDTH="23" HEIGHT="0" />
            <String ID="Word_169159" HPOS="791" VPOS="2353" WIDTH="227" HEIGHT="43" CONTENT="destroyed" />
            <SP ID="SP_152517" HPOS="1018" VPOS="2353" WIDTH="24" HEIGHT="0" />
            <String ID="Word_169160" HPOS="1042" VPOS="2353" WIDTH="72" HEIGHT="41" CONTENT="the" />
            <SP ID="SP_152518" HPOS="1114" VPOS="2351" WIDTH="23" HEIGHT="0" />
            <String ID="Word_169161" HPOS="1137" VPOS="2351" WIDTH="277" HEIGHT="43" CONTENT="convolution" />
            <SP ID="SP_152519" HPOS="1414" VPOS="2351" WIDTH="29" HEIGHT="0" />
            <String ID="Word_169162" HPOS="1443" VPOS="2351" WIDTH="44" HEIGHT="42" CONTENT="of" />
            <SP ID="SP_152520" HPOS="1487" VPOS="2351" WIDTH="22" HEIGHT="0" />
            <String ID="Word_169163" HPOS="1509" VPOS="2351" WIDTH="71" HEIGHT="41" CONTENT="the" />
            <SP ID="SP_152521" HPOS="1580" VPOS="2351" WIDTH="23" HEIGHT="0" />
            <String ID="Word_169164" HPOS="1603" VPOS="2351" WIDTH="192" HEIGHT="54" CONTENT="opposite" />
            <SP ID="SP_152522" HPOS="1795" VPOS="2351" WIDTH="22" HEIGHT="0" />
            <String ID="Word_169165" HPOS="1817" VPOS="2351" WIDTH="99" HEIGHT="42" CONTENT="side." />
            <SP ID="SP_152523" HPOS="1916" VPOS="2351" WIDTH="62" HEIGHT="0" />
            <String ID="Word_169166" HPOS="1978" VPOS="2352" WIDTH="87" HEIGHT="42" CONTENT="The" />
          </TextLine>
          <TextLine ID="TextLine_16650" HPOS="455" VPOS="2422" WIDTH="1607" HEIGHT="57">
            <String ID="Word_169167" HPOS="455" VPOS="2428" WIDTH="138" HEIGHT="43" CONTENT="result" />
            <SP ID="SP_152524" HPOS="593" VPOS="2428" WIDTH="16" HEIGHT="0" />
            <String ID="Word_169168" HPOS="609" VPOS="2440" WIDTH="87" HEIGHT="28" CONTENT="was" />
            <SP ID="SP_152525" HPOS="696" VPOS="2429" WIDTH="19" HEIGHT="0" />
            <String ID="Word_169169" HPOS="715" VPOS="2429" WIDTH="74" HEIGHT="38" CONTENT="not" />
            <SP ID="SP_152526" HPOS="789" VPOS="2424" WIDTH="17" HEIGHT="0" />
            <String ID="Word_169170" HPOS="806" VPOS="2424" WIDTH="102" HEIGHT="42" CONTENT="only" />
            <SP ID="SP_152527" HPOS="908" VPOS="2424" WIDTH="15" HEIGHT="0" />
            <String ID="Word_169171" HPOS="923" VPOS="2438" WIDTH="24" HEIGHT="27" CONTENT="a" />
            <SP ID="SP_152528" HPOS="947" VPOS="2428" WIDTH="16" HEIGHT="0" />
            <String ID="Word_169172" HPOS="963" VPOS="2428" WIDTH="147" HEIGHT="36" CONTENT="return" />
            <SP ID="SP_152529" HPOS="1110" VPOS="2423" WIDTH="18" HEIGHT="0" />
            <String ID="Word_169173" HPOS="1128" VPOS="2423" WIDTH="44" HEIGHT="41" CONTENT="of" />
            <SP ID="SP_152530" HPOS="1172" VPOS="2423" WIDTH="17" HEIGHT="0" />
            <String ID="Word_169174" HPOS="1189" VPOS="2427" WIDTH="137" HEIGHT="37" CONTENT="motor" />
            <SP ID="SP_152531" HPOS="1326" VPOS="2422" WIDTH="16" HEIGHT="0" />
            <String ID="Word_169175" HPOS="1342" VPOS="2422" WIDTH="374" HEIGHT="54" CONTENT="aphasia—which" />
            <SP ID="SP_152532" HPOS="1716" VPOS="2422" WIDTH="22" HEIGHT="0" />
            <String ID="Word_169176" HPOS="1738" VPOS="2435" WIDTH="92" HEIGHT="28" CONTENT="now" />
            <SP ID="SP_152533" HPOS="1830" VPOS="2422" WIDTH="19" HEIGHT="0" />
            <String ID="Word_169177" HPOS="1849" VPOS="2423" WIDTH="213" HEIGHT="41" CONTENT="remained" />
          </TextLine>
          <TextLine ID="TextLine_16651" HPOS="456" VPOS="2490" WIDTH="1608" HEIGHT="65">
            <String ID="Word_169178" HPOS="456" VPOS="2499" WIDTH="407" HEIGHT="56" CONTENT="permanent,—but" />
            <SP ID="SP_152534" HPOS="863" VPOS="2493" WIDTH="31" HEIGHT="0" />
            <String ID="Word_169179" HPOS="894" VPOS="2493" WIDTH="89" HEIGHT="42" CONTENT="also" />
            <SP ID="SP_152535" HPOS="983" VPOS="2493" WIDTH="24" HEIGHT="0" />
            <String ID="Word_169180" HPOS="1007" VPOS="2493" WIDTH="71" HEIGHT="41" CONTENT="the" />
            <SP ID="SP_152536" HPOS="1078" VPOS="2492" WIDTH="24" HEIGHT="0" />
            <String ID="Word_169181" HPOS="1102" VPOS="2492" WIDTH="329" HEIGHT="43" CONTENT="establishment" />
            <SP ID="SP_152537" HPOS="1431" VPOS="2491" WIDTH="21" HEIGHT="0" />
            <String ID="Word_169182" HPOS="1452" VPOS="2491" WIDTH="46" HEIGHT="41" CONTENT="of" />
            <SP ID="SP_152538" HPOS="1498" VPOS="2490" WIDTH="17" HEIGHT="0" />
            <String ID="Word_169183" HPOS="1515" VPOS="2490" WIDTH="209" HEIGHT="55" CONTENT="paralysis" />
            <SP ID="SP_152539" HPOS="1724" VPOS="2490" WIDTH="26" HEIGHT="0" />
            <String ID="Word_169184" HPOS="1750" VPOS="2491" WIDTH="43" HEIGHT="40" CONTENT="in" />
            <SP ID="SP_152540" HPOS="1793" VPOS="2490" WIDTH="24" HEIGHT="0" />
            <String ID="Word_169185" HPOS="1817" VPOS="2490" WIDTH="104" HEIGHT="41" CONTENT="both" />
            <SP ID="SP_152541" HPOS="1921" VPOS="2490" WIDTH="31" HEIGHT="0" />
            <String ID="Word_169186" HPOS="1952" VPOS="2491" WIDTH="112" HEIGHT="42" CONTENT="sides" />
          </TextLine>
          <TextLine ID="TextLine_16652" HPOS="456" VPOS="2560" WIDTH="1609" HEIGHT="58">
            <String ID="Word_169187" HPOS="456" VPOS="2570" WIDTH="44" HEIGHT="42" CONTENT="of" />
            <SP ID="SP_152542" HPOS="500" VPOS="2569" WIDTH="32" HEIGHT="0" />
            <String ID="Word_169188" HPOS="532" VPOS="2569" WIDTH="73" HEIGHT="41" CONTENT="the" />
            <SP ID="SP_152543" HPOS="605" VPOS="2565" WIDTH="32" HEIGHT="0" />
            <String ID="Word_169189" HPOS="637" VPOS="2565" WIDTH="153" HEIGHT="43" CONTENT="mouth" />
            <SP ID="SP_152544" HPOS="790" VPOS="2564" WIDTH="31" HEIGHT="0" />
            <String ID="Word_169190" HPOS="821" VPOS="2564" WIDTH="86" HEIGHT="42" CONTENT="and" />
            <SP ID="SP_152545" HPOS="907" VPOS="2564" WIDTH="33" HEIGHT="0" />
            <String ID="Word_169191" HPOS="940" VPOS="2569" WIDTH="243" HEIGHT="36" CONTENT="tongue—a" />
            <SP ID="SP_152546" HPOS="1183" VPOS="2563" WIDTH="32" HEIGHT="0" />
            <String ID="Word_169192" HPOS="1215" VPOS="2563" WIDTH="107" HEIGHT="40" CONTENT="form" />
            <SP ID="SP_152547" HPOS="1322" VPOS="2562" WIDTH="23" HEIGHT="0" />
            <String ID="Word_169193" HPOS="1345" VPOS="2562" WIDTH="43" HEIGHT="40" CONTENT="of" />
            <SP ID="SP_152548" HPOS="1388" VPOS="2560" WIDTH="32" HEIGHT="0" />
            <String ID="Word_169194" HPOS="1420" VPOS="2560" WIDTH="208" HEIGHT="55" CONTENT="paralysis" />
            <SP ID="SP_152549" HPOS="1628" VPOS="2560" WIDTH="31" HEIGHT="0" />
            <String ID="Word_169195" HPOS="1659" VPOS="2574" WIDTH="46" HEIGHT="28" CONTENT="so" />
            <SP ID="SP_152550" HPOS="1705" VPOS="2561" WIDTH="32" HEIGHT="0" />
            <String ID="Word_169196" HPOS="1737" VPOS="2561" WIDTH="165" HEIGHT="41" CONTENT="similar" />
            <SP ID="SP_152551" HPOS="1902" VPOS="2561" WIDTH="30" HEIGHT="0" />
            <String ID="Word_169197" HPOS="1932" VPOS="2562" WIDTH="43" HEIGHT="40" CONTENT="in" />
            <SP ID="SP_152552" HPOS="1975" VPOS="2562" WIDTH="34" HEIGHT="0" />
            <String ID="Word_169198" HPOS="2009" VPOS="2562" WIDTH="56" HEIGHT="41" CONTENT="its" />
          </TextLine>
          <TextLine ID="TextLine_16653" HPOS="456" VPOS="2630" WIDTH="1610" HEIGHT="66">
            <String ID="Word_169199" HPOS="456" VPOS="2643" WIDTH="241" HEIGHT="53" CONTENT="symptoms" />
            <SP ID="SP_152553" HPOS="697" VPOS="2643" WIDTH="24" HEIGHT="0" />
            <String ID="Word_169200" HPOS="721" VPOS="2644" WIDTH="43" HEIGHT="35" CONTENT="to" />
            <SP ID="SP_152554" HPOS="764" VPOS="2636" WIDTH="22" HEIGHT="0" />
            <String ID="Word_169201" HPOS="786" VPOS="2636" WIDTH="73" HEIGHT="41" CONTENT="the" />
            <SP ID="SP_152555" HPOS="859" VPOS="2633" WIDTH="21" HEIGHT="0" />
            <String ID="Word_169202" HPOS="880" VPOS="2633" WIDTH="212" HEIGHT="56" CONTENT="paralysis" />
            <SP ID="SP_152556" HPOS="1092" VPOS="2633" WIDTH="22" HEIGHT="0" />
            <String ID="Word_169203" HPOS="1114" VPOS="2633" WIDTH="154" HEIGHT="41" CONTENT="caused" />
            <SP ID="SP_152557" HPOS="1268" VPOS="2633" WIDTH="31" HEIGHT="0" />
            <String ID="Word_169204" HPOS="1299" VPOS="2633" WIDTH="54" HEIGHT="54" CONTENT="by" />
            <SP ID="SP_152558" HPOS="1353" VPOS="2631" WIDTH="24" HEIGHT="0" />
            <String ID="Word_169205" HPOS="1377" VPOS="2631" WIDTH="163" HEIGHT="42" CONTENT="disease" />
            <SP ID="SP_152559" HPOS="1540" VPOS="2631" WIDTH="23" HEIGHT="0" />
            <String ID="Word_169206" HPOS="1563" VPOS="2631" WIDTH="46" HEIGHT="41" CONTENT="of" />
            <SP ID="SP_152560" HPOS="1609" VPOS="2630" WIDTH="29" HEIGHT="0" />
            <String ID="Word_169207" HPOS="1638" VPOS="2630" WIDTH="73" HEIGHT="43" CONTENT="the" />
            <SP ID="SP_152561" HPOS="1711" VPOS="2630" WIDTH="32" HEIGHT="0" />
            <String ID="Word_169208" HPOS="1743" VPOS="2630" WIDTH="152" HEIGHT="44" CONTENT="bulbar" />
            <SP ID="SP_152562" HPOS="1895" VPOS="2630" WIDTH="30" HEIGHT="0" />
            <String ID="Word_169209" HPOS="1925" VPOS="2632" WIDTH="141" HEIGHT="41" CONTENT="nuclei" />
          </TextLine>
          <TextLine ID="TextLine_16654" HPOS="457" VPOS="2699" WIDTH="1609" HEIGHT="55">
            <String ID="Word_169210" HPOS="457" VPOS="2714" WIDTH="97" HEIGHT="38" CONTENT="that" />
            <SP ID="SP_152563" HPOS="554" VPOS="2709" WIDTH="40" HEIGHT="0" />
            <String ID="Word_169211" HPOS="594" VPOS="2709" WIDTH="36" HEIGHT="40" CONTENT="it" />
            <SP ID="SP_152564" HPOS="630" VPOS="2707" WIDTH="41" HEIGHT="0" />
            <String ID="Word_169212" HPOS="671" VPOS="2707" WIDTH="76" HEIGHT="40" CONTENT="has" />
            <SP ID="SP_152565" HPOS="747" VPOS="2705" WIDTH="41" HEIGHT="0" />
            <String ID="Word_169213" HPOS="788" VPOS="2705" WIDTH="107" HEIGHT="41" CONTENT="been" />
            <SP ID="SP_152566" HPOS="895" VPOS="2703" WIDTH="43" HEIGHT="0" />
            <String ID="Word_169214" HPOS="938" VPOS="2703" WIDTH="163" HEIGHT="42" CONTENT="termed" />
            <SP ID="SP_152567" HPOS="1101" VPOS="2700" WIDTH="44" HEIGHT="0" />
            <String ID="Word_169215" HPOS="1145" VPOS="2700" WIDTH="353" HEIGHT="44" CONTENT="Pseudo-Bulbar" />
            <SP ID="SP_152568" HPOS="1498" VPOS="2699" WIDTH="37" HEIGHT="0" />
            <String ID="Word_169216" HPOS="1535" VPOS="2699" WIDTH="223" HEIGHT="55" CONTENT="Paralysis." />
            <SP ID="SP_152569" HPOS="1758" VPOS="2699" WIDTH="73" HEIGHT="0" />
            <String ID="Word_169217" HPOS="1831" VPOS="2700" WIDTH="87" HEIGHT="42" CONTENT="The" />
            <SP ID="SP_152570" HPOS="1918" VPOS="2700" WIDTH="36" HEIGHT="0" />
            <String ID="Word_169218" HPOS="1954" VPOS="2701" WIDTH="112" HEIGHT="41" CONTENT="chief" />
          </TextLine>
          <TextLine ID="TextLine_16655" HPOS="457" VPOS="2769" WIDTH="1608" HEIGHT="56">
            <String ID="Word_169219" HPOS="457" VPOS="2782" WIDTH="227" HEIGHT="42" CONTENT="difference" />
            <SP ID="SP_152571" HPOS="684" VPOS="2778" WIDTH="23" HEIGHT="0" />
            <String ID="Word_169220" HPOS="707" VPOS="2778" WIDTH="192" HEIGHT="40" CONTENT="between" />
            <SP ID="SP_152572" HPOS="899" VPOS="2774" WIDTH="25" HEIGHT="0" />
            <String ID="Word_169221" HPOS="924" VPOS="2774" WIDTH="72" HEIGHT="42" CONTENT="the" />
            <SP ID="SP_152573" HPOS="996" VPOS="2774" WIDTH="23" HEIGHT="0" />
            <String ID="Word_169222" HPOS="1019" VPOS="2777" WIDTH="84" HEIGHT="37" CONTENT="two" />
            <SP ID="SP_152574" HPOS="1103" VPOS="2772" WIDTH="22" HEIGHT="0" />
            <String ID="Word_169223" HPOS="1125" VPOS="2772" WIDTH="36" HEIGHT="42" CONTENT="is" />
            <SP ID="SP_152575" HPOS="1161" VPOS="2772" WIDTH="23" HEIGHT="0" />
            <String ID="Word_169224" HPOS="1184" VPOS="2772" WIDTH="72" HEIGHT="42" CONTENT="the" />
            <SP ID="SP_152576" HPOS="1256" VPOS="2772" WIDTH="22" HEIGHT="0" />
            <String ID="Word_169225" HPOS="1278" VPOS="2784" WIDTH="180" HEIGHT="29" CONTENT="absence" />
            <SP ID="SP_152577" HPOS="1458" VPOS="2770" WIDTH="24" HEIGHT="0" />
            <String ID="Word_169226" HPOS="1482" VPOS="2770" WIDTH="43" HEIGHT="41" CONTENT="of" />
            <SP ID="SP_152578" HPOS="1525" VPOS="2770" WIDTH="24" HEIGHT="0" />
            <String ID="Word_169227" HPOS="1549" VPOS="2770" WIDTH="179" HEIGHT="55" CONTENT="wasting" />
            <SP ID="SP_152579" HPOS="1728" VPOS="2769" WIDTH="22" HEIGHT="0" />
            <String ID="Word_169228" HPOS="1750" VPOS="2769" WIDTH="43" HEIGHT="42" CONTENT="of" />
            <SP ID="SP_152580" HPOS="1793" VPOS="2769" WIDTH="24" HEIGHT="0" />
            <String ID="Word_169229" HPOS="1817" VPOS="2769" WIDTH="70" HEIGHT="42" CONTENT="the" />
            <SP ID="SP_152581" HPOS="1887" VPOS="2769" WIDTH="22" HEIGHT="0" />
            <String ID="Word_169230" HPOS="1909" VPOS="2775" WIDTH="156" HEIGHT="48" CONTENT="tongue" />
          </TextLine>
          <TextLine ID="TextLine_16656" HPOS="456" VPOS="2839" WIDTH="1609" HEIGHT="57">
            <String ID="Word_169231" HPOS="456" VPOS="2851" WIDTH="85" HEIGHT="44" CONTENT="and" />
            <SP ID="SP_152582" HPOS="541" VPOS="2850" WIDTH="23" HEIGHT="0" />
            <String ID="Word_169232" HPOS="564" VPOS="2850" WIDTH="121" HEIGHT="43" CONTENT="other" />
            <SP ID="SP_152583" HPOS="685" VPOS="2845" WIDTH="21" HEIGHT="0" />
            <String ID="Word_169233" HPOS="706" VPOS="2845" WIDTH="180" HEIGHT="45" CONTENT="affected" />
            <SP ID="SP_152584" HPOS="886" VPOS="2844" WIDTH="21" HEIGHT="0" />
            <String ID="Word_169234" HPOS="907" VPOS="2857" WIDTH="185" HEIGHT="30" CONTENT="muscles" />
            <SP ID="SP_152585" HPOS="1092" VPOS="2843" WIDTH="23" HEIGHT="0" />
            <String ID="Word_169235" HPOS="1115" VPOS="2843" WIDTH="42" HEIGHT="41" CONTENT="in" />
            <SP ID="SP_152586" HPOS="1157" VPOS="2842" WIDTH="27" HEIGHT="0" />
            <String ID="Word_169236" HPOS="1184" VPOS="2842" WIDTH="70" HEIGHT="42" CONTENT="the" />
            <SP ID="SP_152587" HPOS="1254" VPOS="2841" WIDTH="24" HEIGHT="0" />
            <String ID="Word_169237" HPOS="1278" VPOS="2841" WIDTH="335" HEIGHT="55" CONTENT="pseudo-bulbar" />
            <SP ID="SP_152588" HPOS="1613" VPOS="2840" WIDTH="22" HEIGHT="0" />
            <String ID="Word_169238" HPOS="1635" VPOS="2840" WIDTH="221" HEIGHT="55" CONTENT="paralysis," />
            <SP ID="SP_152589" HPOS="1856" VPOS="2839" WIDTH="21" HEIGHT="0" />
            <String ID="Word_169239" HPOS="1877" VPOS="2839" WIDTH="82" HEIGHT="42" CONTENT="and" />
            <SP ID="SP_152590" HPOS="1959" VPOS="2839" WIDTH="34" HEIGHT="0" />
            <String ID="Word_169240" HPOS="1993" VPOS="2840" WIDTH="72" HEIGHT="41" CONTENT="the" />
          </TextLine>
          <TextLine ID="TextLine_16657" HPOS="457" VPOS="2909" WIDTH="1612" HEIGHT="63">
            <String ID="Word_169241" HPOS="457" VPOS="2921" WIDTH="178" HEIGHT="44" CONTENT="marked" />
            <SP ID="SP_152591" HPOS="635" VPOS="2918" WIDTH="43" HEIGHT="0" />
            <String ID="Word_169242" HPOS="678" VPOS="2918" WIDTH="183" HEIGHT="43" CONTENT="wasting" />
            <SP ID="SP_152592" HPOS="861" VPOS="2915" WIDTH="50" HEIGHT="0" />
            <String ID="Word_169243" HPOS="911" VPOS="2919" WIDTH="95" HEIGHT="38" CONTENT="that" />
            <SP ID="SP_152593" HPOS="1006" VPOS="2913" WIDTH="40" HEIGHT="0" />
            <String ID="Word_169244" HPOS="1046" VPOS="2913" WIDTH="171" HEIGHT="43" CONTENT="attends" />
            <SP ID="SP_152594" HPOS="1217" VPOS="2913" WIDTH="53" HEIGHT="0" />
            <String ID="Word_169245" HPOS="1270" VPOS="2925" WIDTH="112" HEIGHT="41" CONTENT="upon" />
            <SP ID="SP_152595" HPOS="1382" VPOS="2916" WIDTH="55" HEIGHT="0" />
            <String ID="Word_169246" HPOS="1437" VPOS="2916" WIDTH="93" HEIGHT="37" CONTENT="true" />
            <SP ID="SP_152596" HPOS="1530" VPOS="2910" WIDTH="46" HEIGHT="0" />
            <String ID="Word_169247" HPOS="1576" VPOS="2910" WIDTH="151" HEIGHT="42" CONTENT="bulbar" />
            <SP ID="SP_152597" HPOS="1727" VPOS="2909" WIDTH="52" HEIGHT="0" />
            <String ID="Word_169248" HPOS="1779" VPOS="2923" WIDTH="290" HEIGHT="41" CONTENT="paralysis—a" />
          </TextLine>
          <TextLine ID="TextLine_16658" HPOS="457" VPOS="2978" WIDTH="1607" HEIGHT="57">
            <String ID="Word_169249" HPOS="457" VPOS="2993" WIDTH="229" HEIGHT="42" CONTENT="difference" />
            <SP ID="SP_152598" HPOS="686" VPOS="2989" WIDTH="23" HEIGHT="0" />
            <String ID="Word_169250" HPOS="709" VPOS="2989" WIDTH="83" HEIGHT="42" CONTENT="due" />
            <SP ID="SP_152599" HPOS="792" VPOS="2989" WIDTH="23" HEIGHT="0" />
            <String ID="Word_169251" HPOS="815" VPOS="2991" WIDTH="43" HEIGHT="38" CONTENT="to" />
            <SP ID="SP_152600" HPOS="858" VPOS="2986" WIDTH="24" HEIGHT="0" />
            <String ID="Word_169252" HPOS="882" VPOS="2986" WIDTH="72" HEIGHT="42" CONTENT="the" />
            <SP ID="SP_152601" HPOS="954" VPOS="2985" WIDTH="23" HEIGHT="0" />
            <String ID="Word_169253" HPOS="977" VPOS="2985" WIDTH="86" HEIGHT="41" CONTENT="fact" />
            <SP ID="SP_152602" HPOS="1063" VPOS="2984" WIDTH="23" HEIGHT="0" />
            <String ID="Word_169254" HPOS="1086" VPOS="2984" WIDTH="94" HEIGHT="41" CONTENT="that" />
            <SP ID="SP_152603" HPOS="1180" VPOS="2983" WIDTH="22" HEIGHT="0" />
            <String ID="Word_169255" HPOS="1202" VPOS="2983" WIDTH="43" HEIGHT="40" CONTENT="in" />
            <SP ID="SP_152604" HPOS="1245" VPOS="2982" WIDTH="26" HEIGHT="0" />
            <String ID="Word_169256" HPOS="1271" VPOS="2982" WIDTH="70" HEIGHT="41" CONTENT="the" />
            <SP ID="SP_152605" HPOS="1341" VPOS="2982" WIDTH="23" HEIGHT="0" />
            <String ID="Word_169257" HPOS="1364" VPOS="2995" WIDTH="79" HEIGHT="27" CONTENT="one" />
            <SP ID="SP_152606" HPOS="1443" VPOS="2994" WIDTH="23" HEIGHT="0" />
            <String ID="Word_169258" HPOS="1466" VPOS="2994" WIDTH="95" HEIGHT="28" CONTENT="case" />
            <SP ID="SP_152607" HPOS="1561" VPOS="2980" WIDTH="21" HEIGHT="0" />
            <String ID="Word_169259" HPOS="1582" VPOS="2980" WIDTH="34" HEIGHT="41" CONTENT="it" />
            <SP ID="SP_152608" HPOS="1616" VPOS="2979" WIDTH="21" HEIGHT="0" />
            <String ID="Word_169260" HPOS="1637" VPOS="2979" WIDTH="37" HEIGHT="42" CONTENT="is" />
            <SP ID="SP_152609" HPOS="1674" VPOS="2979" WIDTH="23" HEIGHT="0" />
            <String ID="Word_169261" HPOS="1697" VPOS="2979" WIDTH="71" HEIGHT="42" CONTENT="the" />
            <SP ID="SP_152610" HPOS="1768" VPOS="2979" WIDTH="25" HEIGHT="0" />
            <String ID="Word_169262" HPOS="1793" VPOS="2980" WIDTH="100" HEIGHT="48" CONTENT="first," />
            <SP ID="SP_152611" HPOS="1893" VPOS="2978" WIDTH="20" HEIGHT="0" />
            <String ID="Word_169263" HPOS="1913" VPOS="2978" WIDTH="83" HEIGHT="41" CONTENT="and" />
            <SP ID="SP_152612" HPOS="1996" VPOS="2978" WIDTH="26" HEIGHT="0" />
            <String ID="Word_169264" HPOS="2022" VPOS="2978" WIDTH="42" HEIGHT="40" CONTENT="in" />
          </TextLine>
          <TextLine ID="TextLine_16659" HPOS="458" VPOS="3048" WIDTH="1579" HEIGHT="64">
            <String ID="Word_169265" HPOS="458" VPOS="3065" WIDTH="73" HEIGHT="42" CONTENT="the" />
            <SP ID="SP_152613" HPOS="531" VPOS="3062" WIDTH="23" HEIGHT="0" />
            <String ID="Word_169266" HPOS="554" VPOS="3062" WIDTH="122" HEIGHT="42" CONTENT="other" />
            <SP ID="SP_152614" HPOS="676" VPOS="3060" WIDTH="23" HEIGHT="0" />
            <String ID="Word_169267" HPOS="699" VPOS="3060" WIDTH="71" HEIGHT="42" CONTENT="the" />
            <SP ID="SP_152615" HPOS="770" VPOS="3056" WIDTH="23" HEIGHT="0" />
            <String ID="Word_169268" HPOS="793" VPOS="3056" WIDTH="154" HEIGHT="44" CONTENT="second" />
            <SP ID="SP_152616" HPOS="947" VPOS="3054" WIDTH="24" HEIGHT="0" />
            <String ID="Word_169269" HPOS="971" VPOS="3054" WIDTH="167" HEIGHT="58" CONTENT="trophic" />
            <SP ID="SP_152617" HPOS="1138" VPOS="3052" WIDTH="21" HEIGHT="0" />
            <String ID="Word_169270" HPOS="1159" VPOS="3052" WIDTH="144" HEIGHT="43" CONTENT="realm," />
            <SP ID="SP_152618" HPOS="1303" VPOS="3052" WIDTH="24" HEIGHT="0" />
            <String ID="Word_169271" HPOS="1327" VPOS="3052" WIDTH="93" HEIGHT="41" CONTENT="that" />
            <SP ID="SP_152619" HPOS="1420" VPOS="3051" WIDTH="23" HEIGHT="0" />
            <String ID="Word_169272" HPOS="1443" VPOS="3051" WIDTH="34" HEIGHT="41" CONTENT="is" />
            <SP ID="SP_152620" HPOS="1477" VPOS="3050" WIDTH="26" HEIGHT="0" />
            <String ID="Word_169273" HPOS="1503" VPOS="3050" WIDTH="71" HEIGHT="42" CONTENT="the" />
            <SP ID="SP_152621" HPOS="1574" VPOS="3050" WIDTH="22" HEIGHT="0" />
            <String ID="Word_169274" HPOS="1596" VPOS="3055" WIDTH="91" HEIGHT="37" CONTENT="seat" />
            <SP ID="SP_152622" HPOS="1687" VPOS="3050" WIDTH="21" HEIGHT="0" />
            <String ID="Word_169275" HPOS="1708" VPOS="3050" WIDTH="45" HEIGHT="40" CONTENT="of" />
            <SP ID="SP_152623" HPOS="1753" VPOS="3049" WIDTH="20" HEIGHT="0" />
            <String ID="Word_169276" HPOS="1773" VPOS="3049" WIDTH="70" HEIGHT="41" CONTENT="the" />
            <SP ID="SP_152624" HPOS="1843" VPOS="3048" WIDTH="22" HEIGHT="0" />
            <String ID="Word_169277" HPOS="1865" VPOS="3048" WIDTH="172" HEIGHT="42" CONTENT="disease." />
          </TextLine>
        </TextBlock>
      </PrintSpace>
    </Page>
  </Layout>
</alto>
