2107 3450
1640 284 81 42 131

488 295 239 35 DUMBNESS
761 295 57 33 OR
851 296 244 31 DEFECTIVE
1128 295 179 33 SPEECH.

60 420 45 41 in
131 418 191 46 training
344 420 77 42 her
443 424 44 38 to
510 432 249 43 pronounce
785 428 81 43 pa,
890 415 81 52 ba,
995 427 99 38 ma,
1125 416 71 50 ta,
1229 414 81 53 da,
1341 426 96 40 na;
1472 416 80 42 but
1575 430 45 28 as
1643 420 77 52 yet

59 491 78 43 she
173 496 159 38 cannot
364 495 167 38 muster
570 504 183 29 courage
792 495 44 38 to
871 503 252 43 pronounce
1161 488 123 43 these
1320 487 209 57 syllables
1564 491 45 38 to
1644 487 76 42 the

58 562 182 44 doctors.
304 563 86 43 She
409 563 37 42 is
465 563 251 42 sometimes
734 576 312 29 mischievous:
1072 560 180 57 making
1274 559 281 43 inarticulate
1576 559 142 42 noises

57 635 159 57 during
237 649 176 43 prayers
436 635 46 41 in
505 634 75 43 the
607 634 148 53 wards,
779 634 86 43 and
898 633 294 57 occasionally
1217 632 176 56 waking
1414 645 73 43 up,
1502 634 72 39 too
1597 630 122 57 early

55 707 46 42 in
119 707 73 43 the
207 707 210 56 morning,
436 711 195 52 patients
651 706 96 43 who
770 720 72 29 are
860 706 189 43 friendly
1067 709 45 40 to
1127 705 89 44 her.
1266 705 70 43 On
1353 704 125 43 these
1493 703 224 43 occasions

55 778 76 43 she
150 778 77 43 has
245 792 106 29 once
370 792 48 28 cr
432 778 126 43 twice
573 777 129 44 cried,
719 781 22 18 "
760 778 86 43 Get
863 793 70 42 up,
951 778 99 42 Ba."
1104 778 92 42 The
1214 781 115 39 most
1346 790 244 43 surprising
1606 775 111 43 inci-

55 850 107 42 dent
183 850 46 42 in
254 850 245 43 connexion
522 850 108 42 with
653 850 89 43 this
765 865 99 29 case
887 851 208 43 occurred
1118 865 24 28 a
1165 851 84 42 few
1272 850 107 56 days
1402 863 91 29 ago.
1559 848 45 42 It
1627 862 88 29 was

54 922 75 43 the
152 922 169 43 sudden
344 922 338 56 pronunciation
707 923 44 43 of
784 928 86 38 two
905 924 86 42 bad
1015 938 153 29 words,
1190 937 130 28 when
1353 922 76 43 the
1462 920 184 58 patient,
1668 920 49 43 in

57 993 71 42 the
152 993 262 52 bath-room,
436 994 85 42 had
560 1008 119 30 some
704 999 134 39 water
870 995 173 43 thrown
1076 1010 104 28 over
1211 995 79 42 her
1321 994 60 43 by
1403 992 186 44 another
1619 991 96 57 girl.

55 1065 89 42 The
169 1066 138 42 words
342 1081 125 38 were,
504 1071 19 17 "
539 1067 99 42 You
677 1067 28 43 d
829 1068 27 43 d
891 1069 27 42 b
1054 1068 19 16 "
1091 1070 33 41 !!
1185 1066 177 44 During
1398 1066 75 43 the
1511 1065 87 43 last
1632 1065 85 42 few

55 1139 120 56 days,
198 1140 89 43 this
310 1141 170 55 patient
504 1140 77 44 has
618 1141 112 43 been
761 1141 135 44 heard
928 1141 252 57 practising,
1204 1142 66 41 for
1300 1140 80 43 her
1411 1154 98 28 own
1542 1152 172 29 amuse-

57 1216 133 48 ment,
213 1213 76 43 the
311 1213 339 57 pronunciation
673 1214 47 42 of
738 1214 75 43 the
842 1215 96 42 first
969 1215 44 42 of
1045 1214 122 43 these
1202 1218 86 38 two
1320 1212 87 43 bad
1430 1211 166 53 words;
1629 1211 88 42 and

55 1298 57 28 on
146 1299 81 29 one
261 1300 46 28 or
340 1291 86 37 two
465 1286 233 43 occasions,
722 1286 128 43 when
873 1286 183 57 slightly
1080 1285 215 57 annoyed,
1316 1284 78 44 she
1418 1285 78 42 has
1530 1288 186 38 emitted

18 1372 5 22 i
53 1356 107 43 both
184 1358 46 42 of
250 1357 120 43 them
393 1358 139 56 again.
597 1358 86 43 She
706 1358 78 43 has
807 1358 90 43 also
921 1373 121 28 once,
1064 1359 112 41 from
1198 1358 76 42 the
1309 1361 201 51 opposite
1545 1355 95 43 side
1673 1355 46 43 of

53 1429 75 43 the
148 1430 131 42 ward,
297 1430 139 42 called
455 1435 43 37 to
522 1430 73 42 the
619 1445 143 28 nurse,
780 1434 22 18 "
819 1430 305 43 Here—come
1142 1429 140 43 here."
1336 1428 96 43 Her
1452 1432 141 47 sister,
1608 1427 111 56 aged

18 1503 3 38 '.
53 1501 165 43 eleven,
243 1502 96 42 who
362 1502 37 42 is
421 1501 91 43 also
535 1516 25 28 a
582 1502 172 55 patient
775 1502 47 42 in
855 1502 89 43 this
967 1502 130 43 ward,
1125 1502 87 42 and
1236 1500 98 43 who
1357 1500 38 43 is
1417 1500 230 56 possessed
1670 1500 45 42 of

50 1573 111 56 good
180 1573 291 56 intelligence,
488 1580 135 36 states
640 1574 97 42 that
754 1574 72 43 the
842 1575 172 56 patient
1029 1588 87 29 was
1135 1587 146 30 never,
1299 1577 47 38 at
1360 1572 143 52 home,
1518 1572 134 43 heard
1671 1577 44 38 to

51 1648 118 38 utter
204 1645 143 42 either
384 1645 75 43 the
497 1646 141 42 words
673 1650 21 17 "
714 1646 134 43 Come
884 1645 136 43 here"
1065 1660 46 28 or
1145 1645 77 43 the
1255 1645 256 43 expression
1546 1645 169 43 before-

49 1717 266 43 mentioned.
381 1717 87 43 She
499 1717 38 43 is
563 1732 99 28 now
686 1719 227 56 acquiring
945 1718 127 42 other
1104 1732 97 29 new
1225 1717 153 43 words.
1444 1717 173 43 To-day
1639 1717 79 43 she

49 1790 106 50 said,
180 1795 19 15 "
216 1788 77 45 Go
314 1787 216 46 hame;"
564 1791 87 42 and
674 1791 78 43 she
775 1791 206 43 repeated
1005 1790 75 43 the
1104 1790 118 43 word
1248 1788 158 45 hame
1429 1794 44 39 to
1498 1804 69 29 me
1593 1796 124 50 quite

49 1860 244 52 distinctly.

253 1903 15 17 it

108 1935 67 42 Dr
198 1935 211 43 Charlton
433 1935 213 43 Bastian1
669 1936 173 43 records
863 1951 24 28 a
910 1950 97 29 case
1030 1934 47 45 in
1100 1950 119 29 some
1242 1939 194 39 respects
1469 1935 168 43 similar
1670 1940 44 38 to

46 2006 99 43 this.
210 2007 180 43 Patient
412 2023 88 28 was
524 2023 25 28 a
570 2009 88 42 boy
682 2008 97 43 who
803 2023 87 28 was
915 2008 172 43 subject
1110 2012 44 38 to
1187 2008 72 42 fits
1292 2008 48 41 in
1369 2007 249 43 childhood,
1642 2008 72 42 till

45 2079 136 42 about
203 2079 75 43 the
301 2080 87 43 end
410 2080 47 43 of
476 2080 75 43 the
574 2081 161 42 second
759 2095 114 42 year.
938 2080 149 44 When
1109 2080 153 43 nearly
1285 2081 85 42 five
1393 2094 125 42 years
1551 2080 85 53 old,
1658 2081 57 43 he

44 2150 88 43 had
156 2156 78 38 not
255 2152 168 56 spoken
447 2167 24 28 a
494 2153 140 56 single
659 2153 129 42 word,
811 2153 86 42 and
930 2153 256 56 physicians
1219 2153 89 42 had
1339 2153 112 43 been
1481 2159 232 37 consulted

44 2238 46 28 as
115 2228 43 38 to
182 2224 68 43 his
274 2225 253 43 dumbness.
592 2227 91 42 But
704 2240 119 28 some
845 2226 179 42 months
1059 2225 268 43 afterwards,
1350 2229 21 18 "
1390 2240 56 28 on
1482 2226 74 43 the
1589 2241 125 28 occa-

43 2295 97 43 sion
179 2296 45 42 of
260 2311 57 28 an
355 2297 202 43 accident
595 2297 253 58 happening
880 2302 45 38 to
964 2313 83 28 one
1080 2299 47 42 of
1157 2298 68 43 his
1263 2298 218 43 favourite
1513 2302 112 54 toys,
1657 2300 54 42 he

41 2368 246 44 exclaimed
322 2375 8 16 '
346 2370 138 43 What
506 2385 26 28 a
553 2370 123 57 pity,'
700 2371 169 43 though
893 2371 54 43 he
977 2371 88 42 had
1097 2385 135 29 never
1263 2371 256 57 previously
1542 2372 170 43 spoken

41 2455 25 29 a
89 2441 140 57 single
254 2442 129 44 word.
447 2443 92 43 The
562 2458 120 29 same
716 2444 140 42 words
890 2444 130 42 could
1052 2448 79 39 not
1169 2444 52 43 be
1254 2444 218 56 repeated,
1495 2459 81 29 nor
1599 2459 113 29 were

42 2513 146 44 others
211 2515 180 56 spoken,
415 2516 400 43 notwithstanding
838 2516 60 43 all
930 2517 250 43 entreaties,
1204 2517 66 42 for
1302 2531 25 28 a
1360 2517 152 56 period
1545 2518 46 42 of
1623 2523 88 38 two

42 2587 152 43 weeks.
258 2588 254 44 Thereafter
535 2589 73 43 the
626 2589 87 57 boy
730 2590 254 56 progressed
1002 2589 186 57 rapidly,
1207 2589 87 43 and
1313 2590 200 57 speedily
1532 2591 177 43 became

40 2659 250 44 talkative."
352 2660 160 45 When,
536 2667 45 37 at
605 2662 73 43 the
702 2677 78 42 age
795 2663 44 43 of
857 2662 166 44 eleven,
1046 2662 55 44 he
1121 2676 86 30 was
1226 2677 100 29 seen
1347 2663 59 42 by
1428 2663 68 42 Dr
1514 2664 196 51 Bastian,

40 2729 54 43 he
117 2731 135 55 spoke
276 2731 45 43 in
345 2746 55 29 an
424 2733 207 57 ordinary
655 2749 193 29 manner,
871 2734 191 43 without
1085 2734 75 43 the
1183 2733 112 44 least
1318 2734 98 56 sign
1445 2735 47 42 of
1521 2735 187 42 impedi-

38 2807 123 38 ment
183 2817 48 29 or
252 2803 155 44 defect.
471 2806 105 43 This
600 2820 96 30 case
719 2807 189 43 recalled
932 2812 44 38 to
1012 2807 68 42 Dr
1112 2805 220 44 Bastian's
1366 2806 125 43 mind
1522 2806 79 44 the
1633 2807 74 42 old

38 2880 120 51 story
181 2875 49 43 of
250 2876 72 44 the
346 2876 135 45 dumb
504 2893 78 28 son
606 2880 47 42 of
673 2879 188 52 Croesus,
884 2894 111 28 who,
1018 2879 128 43 when
1171 2883 45 38 at
1238 2879 76 43 the
1338 2878 116 44 siege
1481 2879 48 42 of
1559 2879 149 43 Sardis

37 2945 70 45 his
144 2948 144 43 father
327 2964 88 29 was
455 2950 256 45 threatened
748 2952 59 56 by
846 2967 24 28 a
909 2952 179 43 Persian
1124 2950 173 44 soldier,
1336 2950 37 43 is
1407 2951 204 56 reported
1649 2951 60 55 by

37 3017 252 47 Herodotus
333 3027 43 37 to
420 3022 112 44 have
576 3023 118 43 cried
737 3029 78 37 out
847 3023 233 57 suddenly,
1113 3028 20 16 "
1151 3023 81 52 Oh,
1272 3037 116 36 man,
1421 3022 54 42 do
1509 3026 79 38 not
1626 3021 83 42 kill

38 3091 236 56 Croesus;"
307 3093 91 44 also
437 3095 75 43 the
549 3102 122 37 story
703 3096 95 43 told
836 3096 59 43 by
931 3096 147 42 Aulus
1115 3095 173 43 Gellius
1328 3094 45 43 of
1407 3094 75 43 the
1528 3094 180 43 Samian

103 3177 8 20 1
140 3178 67 39 The
226 3181 120 37 Brain
364 3194 40 25 as
422 3195 50 24 an
493 3183 121 48 Organ
633 3183 41 48 of
687 3184 126 36 Mind,
835 3183 279 37 International
1134 3182 192 37 Scientific
1347 3182 132 46 Series,
1500 3193 34 37 p.
1557 3184 81 35 606*.
