<?xml version="1.0" encoding="UTF-8"?>
<alto xmlns="http://www.loc.gov/standards/alto/ns-v2#" xmlns:xsi="http://www.w3.org/2001/XMLSchema-instance" xsi:schemaLocation="http://www.loc.gov/standards/alto/ns-v2# http://www.loc.gov/standards/alto/alto.xsd">
  <Description>
    <MeasurementUnit>pixel</MeasurementUnit>
    <sourceImageInformation>
      <fileName>b20392321_abbyy.xml</fileName>
    </sourceImageInformation>
    <OCRProcessing ID="OCR_1">
      <preProcessingStep>
        <processingDateTime>2015-06-16T02:11:33</processingDateTime>
        <processingAgency>intranda GmbH, www.intranda.com</processingAgency>
        <processingSoftware>
          <softwareCreator>intranda GmbH, Germany</softwareCreator>
          <softwareName>intranda OCR Module for TaskManager</softwareName>
          <softwareVersion>1.0r42</softwareVersion>
        </processingSoftware>
      </preProcessingStep>
      <ocrProcessingStep>
        <processingSoftware>
          <softwareCreator>ABBYY (BIT Software), Russia</softwareCreator>
          <softwareName>FineReader Engine</softwareName>
          <softwareVersion>10</softwareVersion>
        </processingSoftware>
      </ocrProcessingStep>
    </OCRProcessing>
  </Description>
  <Layout>
    <Page PHYSICAL_IMG_NR="59" ID="PAGE_59" WIDTH="1933" HEIGHT="3302">
      <TopMargin ID="TopMargin_1" HPOS="524" VPOS="155" WIDTH="1157" HEIGHT="40">
        <TextBlock ID="TextBlock_219" HPOS="524" VPOS="155" WIDTH="1157" HEIGHT="40">
          <TextLine ID="TextLine_2513" HPOS="524" VPOS="156" WIDTH="712" HEIGHT="39">
            <String ID="Word_22267" HPOS="524" VPOS="159" WIDTH="225" HEIGHT="32" CONTENT="Erkrankung" />
            <SP ID="SP_19759" HPOS="749" VPOS="158" WIDTH="24" HEIGHT="0" />
            <String ID="Word_22268" HPOS="773" VPOS="158" WIDTH="60" HEIGHT="31" CONTENT="der" />
            <SP ID="SP_19760" HPOS="833" VPOS="156" WIDTH="24" HEIGHT="0" />
            <String ID="Word_22269" HPOS="857" VPOS="156" WIDTH="149" HEIGHT="39" CONTENT="Gefässe," />
            <SP ID="SP_19761" HPOS="1006" VPOS="156" WIDTH="24" HEIGHT="0" />
            <String ID="Word_22270" HPOS="1030" VPOS="156" WIDTH="206" HEIGHT="31" CONTENT="Blutungen." />
          </TextLine>
          <TextLine ID="TextLine_2514" HPOS="1631" VPOS="155" WIDTH="50" HEIGHT="38">
            <String ID="Word_22271" HPOS="1631" VPOS="155" WIDTH="50" HEIGHT="38" CONTENT="39" />
          </TextLine>
        </TextBlock>
      </TopMargin>
      <PrintSpace ID="PrintSpace_60" HPOS="57" VPOS="255" WIDTH="1633" HEIGHT="2731">
        <TextBlock ID="TextBlock_218" HPOS="57" VPOS="255" WIDTH="1633" HEIGHT="2731">
          <TextLine ID="TextLine_2515" HPOS="83" VPOS="261" WIDTH="1599" HEIGHT="59">
            <String ID="Word_22272" HPOS="83" VPOS="270" WIDTH="107" HEIGHT="39" CONTENT="Vena" />
            <SP ID="SP_19762" HPOS="190" VPOS="270" WIDTH="25" HEIGHT="0" />
            <String ID="Word_22273" HPOS="215" VPOS="270" WIDTH="125" HEIGHT="49" CONTENT="jugul." />
            <SP ID="SP_19763" HPOS="340" VPOS="270" WIDTH="32" HEIGHT="0" />
            <String ID="Word_22274" HPOS="372" VPOS="283" WIDTH="159" HEIGHT="24" CONTENT="interna." />
            <SP ID="SP_19764" HPOS="531" VPOS="267" WIDTH="41" HEIGHT="0" />
            <String ID="Word_22275" HPOS="572" VPOS="267" WIDTH="53" HEIGHT="37" CONTENT="Es" />
            <SP ID="SP_19765" HPOS="625" VPOS="267" WIDTH="29" HEIGHT="0" />
            <String ID="Word_22276" HPOS="654" VPOS="269" WIDTH="78" HEIGHT="35" CONTENT="trat" />
            <SP ID="SP_19766" HPOS="732" VPOS="265" WIDTH="29" HEIGHT="0" />
            <String ID="Word_22277" HPOS="761" VPOS="278" WIDTH="126" HEIGHT="26" CONTENT="weder" />
            <SP ID="SP_19767" HPOS="887" VPOS="263" WIDTH="19" HEIGHT="0" />
            <String ID="Word_22278" HPOS="906" VPOS="263" WIDTH="240" HEIGHT="39" CONTENT="Thi-ombose" />
            <SP ID="SP_19768" HPOS="1146" VPOS="263" WIDTH="20" HEIGHT="0" />
            <String ID="Word_22279" HPOS="1166" VPOS="263" WIDTH="101" HEIGHT="37" CONTENT="noch" />
            <SP ID="SP_19769" HPOS="1267" VPOS="263" WIDTH="19" HEIGHT="0" />
            <String ID="Word_22280" HPOS="1286" VPOS="263" WIDTH="176" HEIGHT="50" CONTENT="Blutung" />
            <SP ID="SP_19770" HPOS="1462" VPOS="263" WIDTH="21" HEIGHT="0" />
            <String ID="Word_22281" HPOS="1483" VPOS="263" WIDTH="72" HEIGHT="37" CONTENT="ein." />
            <SP ID="SP_19771" HPOS="1555" VPOS="261" WIDTH="46" HEIGHT="0" />
            <String ID="Word_22282" HPOS="1601" VPOS="261" WIDTH="81" HEIGHT="37" CONTENT="Pa-" />
          </TextLine>
          <TextLine ID="TextLine_2516" HPOS="85" VPOS="315" WIDTH="1599" HEIGHT="57">
            <String ID="Word_22283" HPOS="85" VPOS="324" WIDTH="96" HEIGHT="37" CONTENT="tient" />
            <SP ID="SP_19772" HPOS="181" VPOS="324" WIDTH="29" HEIGHT="0" />
            <String ID="Word_22284" HPOS="210" VPOS="324" WIDTH="104" HEIGHT="37" CONTENT="starb" />
            <SP ID="SP_19773" HPOS="314" VPOS="324" WIDTH="24" HEIGHT="0" />
            <String ID="Word_22285" HPOS="338" VPOS="326" WIDTH="128" HEIGHT="46" CONTENT="später" />
            <SP ID="SP_19774" HPOS="466" VPOS="326" WIDTH="20" HEIGHT="0" />
            <String ID="Word_22286" HPOS="486" VPOS="335" WIDTH="48" HEIGHT="24" CONTENT="an" />
            <SP ID="SP_19775" HPOS="534" VPOS="319" WIDTH="20" HEIGHT="0" />
            <String ID="Word_22287" HPOS="554" VPOS="319" WIDTH="218" HEIGHT="39" CONTENT="Schwäche." />
            <SP ID="SP_19776" HPOS="772" VPOS="318" WIDTH="45" HEIGHT="0" />
            <String ID="Word_22288" HPOS="817" VPOS="318" WIDTH="113" HEIGHT="39" CONTENT="Auch" />
            <SP ID="SP_19777" HPOS="930" VPOS="317" WIDTH="20" HEIGHT="0" />
            <String ID="Word_22289" HPOS="950" VPOS="317" WIDTH="60" HEIGHT="38" CONTENT="die" />
            <SP ID="SP_19778" HPOS="1010" VPOS="316" WIDTH="20" HEIGHT="0" />
            <String ID="Word_22290" HPOS="1030" VPOS="316" WIDTH="157" HEIGHT="38" CONTENT="Arteria" />
            <SP ID="SP_19779" HPOS="1187" VPOS="316" WIDTH="19" HEIGHT="0" />
            <String ID="Word_22291" HPOS="1206" VPOS="318" WIDTH="173" HEIGHT="47" CONTENT="poplitea" />
            <SP ID="SP_19780" HPOS="1379" VPOS="316" WIDTH="20" HEIGHT="0" />
            <String ID="Word_22292" HPOS="1399" VPOS="316" WIDTH="70" HEIGHT="40" CONTENT="sah" />
            <SP ID="SP_19781" HPOS="1469" VPOS="315" WIDTH="19" HEIGHT="0" />
            <String ID="Word_22293" HPOS="1488" VPOS="315" WIDTH="196" HEIGHT="39" CONTENT="Fischer" />
          </TextLine>
          <TextLine ID="TextLine_2517" HPOS="82" VPOS="369" WIDTH="1596" HEIGHT="54">
            <String ID="Word_22294" HPOS="82" VPOS="377" WIDTH="176" HEIGHT="37" CONTENT="inmitten" />
            <SP ID="SP_19782" HPOS="258" VPOS="377" WIDTH="44" HEIGHT="0" />
            <String ID="Word_22295" HPOS="302" VPOS="377" WIDTH="102" HEIGHT="37" CONTENT="eines" />
            <SP ID="SP_19783" HPOS="404" VPOS="372" WIDTH="46" HEIGHT="0" />
            <String ID="Word_22296" HPOS="450" VPOS="372" WIDTH="549" HEIGHT="51" CONTENT="Hospitalbrandgeschwüres" />
            <SP ID="SP_19784" HPOS="999" VPOS="371" WIDTH="44" HEIGHT="0" />
            <String ID="Word_22297" HPOS="1043" VPOS="371" WIDTH="67" HEIGHT="37" CONTENT="der" />
            <SP ID="SP_19785" HPOS="1110" VPOS="369" WIDTH="38" HEIGHT="0" />
            <String ID="Word_22298" HPOS="1148" VPOS="369" WIDTH="216" HEIGHT="39" CONTENT="Kniekehle" />
            <SP ID="SP_19786" HPOS="1364" VPOS="369" WIDTH="44" HEIGHT="0" />
            <String ID="Word_22299" HPOS="1408" VPOS="384" WIDTH="75" HEIGHT="24" CONTENT="von" />
            <SP ID="SP_19787" HPOS="1483" VPOS="369" WIDTH="35" HEIGHT="0" />
            <String ID="Word_22300" HPOS="1518" VPOS="369" WIDTH="160" HEIGHT="39" CONTENT="Weich-" />
          </TextLine>
          <TextLine ID="TextLine_2518" HPOS="83" VPOS="424" WIDTH="1595" HEIGHT="48">
            <String ID="Word_22301" HPOS="83" VPOS="430" WIDTH="144" HEIGHT="37" CONTENT="theilen" />
            <SP ID="SP_19788" HPOS="227" VPOS="430" WIDTH="30" HEIGHT="0" />
            <String ID="Word_22302" HPOS="257" VPOS="430" WIDTH="186" HEIGHT="38" CONTENT="entblösst" />
            <SP ID="SP_19789" HPOS="443" VPOS="427" WIDTH="29" HEIGHT="0" />
            <String ID="Word_22303" HPOS="472" VPOS="427" WIDTH="208" HEIGHT="38" CONTENT="verlaufen," />
            <SP ID="SP_19790" HPOS="680" VPOS="427" WIDTH="40" HEIGHT="0" />
            <String ID="Word_22304" HPOS="720" VPOS="428" WIDTH="98" HEIGHT="37" CONTENT="ohne" />
            <SP ID="SP_19791" HPOS="818" VPOS="426" WIDTH="39" HEIGHT="0" />
            <String ID="Word_22305" HPOS="857" VPOS="426" WIDTH="86" HEIGHT="37" CONTENT="dass" />
            <SP ID="SP_19792" HPOS="943" VPOS="424" WIDTH="30" HEIGHT="0" />
            <String ID="Word_22306" HPOS="973" VPOS="424" WIDTH="55" HEIGHT="38" CONTENT="sie" />
            <SP ID="SP_19793" HPOS="1028" VPOS="424" WIDTH="29" HEIGHT="0" />
            <String ID="Word_22307" HPOS="1057" VPOS="428" WIDTH="164" HEIGHT="33" CONTENT="zerstört" />
            <SP ID="SP_19794" HPOS="1221" VPOS="424" WIDTH="28" HEIGHT="0" />
            <String ID="Word_22308" HPOS="1249" VPOS="424" WIDTH="131" HEIGHT="37" CONTENT="wurde" />
            <SP ID="SP_19795" HPOS="1380" VPOS="424" WIDTH="30" HEIGHT="0" />
            <String ID="Word_22309" HPOS="1410" VPOS="424" WIDTH="77" HEIGHT="38" CONTENT="und" />
            <SP ID="SP_19796" HPOS="1487" VPOS="424" WIDTH="31" HEIGHT="0" />
            <String ID="Word_22310" HPOS="1518" VPOS="424" WIDTH="160" HEIGHT="38" CONTENT="blutete." />
          </TextLine>
          <TextLine ID="TextLine_2519" HPOS="83" VPOS="476" WIDTH="1597" HEIGHT="45">
            <String ID="Word_22311" HPOS="83" VPOS="483" WIDTH="52" HEIGHT="38" CONTENT="Es" />
            <SP ID="SP_19797" HPOS="135" VPOS="483" WIDTH="32" HEIGHT="0" />
            <String ID="Word_22312" HPOS="167" VPOS="483" WIDTH="84" HEIGHT="38" CONTENT="sind" />
            <SP ID="SP_19798" HPOS="251" VPOS="483" WIDTH="30" HEIGHT="0" />
            <String ID="Word_22313" HPOS="281" VPOS="483" WIDTH="79" HEIGHT="37" CONTENT="dies" />
            <SP ID="SP_19799" HPOS="360" VPOS="482" WIDTH="30" HEIGHT="0" />
            <String ID="Word_22314" HPOS="390" VPOS="482" WIDTH="118" HEIGHT="37" CONTENT="leider" />
            <SP ID="SP_19800" HPOS="508" VPOS="482" WIDTH="28" HEIGHT="0" />
            <String ID="Word_22315" HPOS="536" VPOS="494" WIDTH="72" HEIGHT="24" CONTENT="nur" />
            <SP ID="SP_19801" HPOS="608" VPOS="480" WIDTH="30" HEIGHT="0" />
            <String ID="Word_22316" HPOS="638" VPOS="480" WIDTH="262" HEIGHT="38" CONTENT="Ausnahmen." />
            <SP ID="SP_19802" HPOS="900" VPOS="477" WIDTH="66" HEIGHT="0" />
            <String ID="Word_22317" HPOS="966" VPOS="477" WIDTH="71" HEIGHT="39" CONTENT="Bei" />
            <SP ID="SP_19803" HPOS="1037" VPOS="477" WIDTH="39" HEIGHT="0" />
            <String ID="Word_22318" HPOS="1076" VPOS="478" WIDTH="72" HEIGHT="37" CONTENT="den" />
            <SP ID="SP_19804" HPOS="1148" VPOS="476" WIDTH="30" HEIGHT="0" />
            <String ID="Word_22319" HPOS="1178" VPOS="476" WIDTH="162" HEIGHT="38" CONTENT="meisten" />
            <SP ID="SP_19805" HPOS="1340" VPOS="476" WIDTH="30" HEIGHT="0" />
            <String ID="Word_22320" HPOS="1370" VPOS="477" WIDTH="135" HEIGHT="38" CONTENT="Fällen" />
            <SP ID="SP_19806" HPOS="1505" VPOS="477" WIDTH="30" HEIGHT="0" />
            <String ID="Word_22321" HPOS="1535" VPOS="477" WIDTH="145" HEIGHT="38" CONTENT="theilen" />
          </TextLine>
          <TextLine ID="TextLine_2520" HPOS="82" VPOS="529" WIDTH="1594" HEIGHT="57">
            <String ID="Word_22322" HPOS="82" VPOS="538" WIDTH="59" HEIGHT="37" CONTENT="die" />
            <SP ID="SP_19807" HPOS="141" VPOS="536" WIDTH="29" HEIGHT="0" />
            <String ID="Word_22323" HPOS="170" VPOS="536" WIDTH="244" HEIGHT="38" CONTENT="Blutgefässe" />
            <SP ID="SP_19808" HPOS="414" VPOS="535" WIDTH="37" HEIGHT="0" />
            <String ID="Word_22324" HPOS="451" VPOS="535" WIDTH="66" HEIGHT="37" CONTENT="das" />
            <SP ID="SP_19809" HPOS="517" VPOS="533" WIDTH="30" HEIGHT="0" />
            <String ID="Word_22325" HPOS="547" VPOS="533" WIDTH="196" HEIGHT="39" CONTENT="Schicksal" />
            <SP ID="SP_19810" HPOS="743" VPOS="533" WIDTH="38" HEIGHT="0" />
            <String ID="Word_22326" HPOS="781" VPOS="534" WIDTH="65" HEIGHT="37" CONTENT="des" />
            <SP ID="SP_19811" HPOS="846" VPOS="532" WIDTH="29" HEIGHT="0" />
            <String ID="Word_22327" HPOS="875" VPOS="545" WIDTH="55" HEIGHT="25" CONTENT="sie" />
            <SP ID="SP_19812" HPOS="930" VPOS="531" WIDTH="29" HEIGHT="0" />
            <String ID="Word_22328" HPOS="959" VPOS="531" WIDTH="269" HEIGHT="39" CONTENT="umgebenden" />
            <SP ID="SP_19813" HPOS="1228" VPOS="529" WIDTH="31" HEIGHT="0" />
            <String ID="Word_22329" HPOS="1259" VPOS="529" WIDTH="195" HEIGHT="39" CONTENT="Gewebes." />
            <SP ID="SP_19814" HPOS="1454" VPOS="529" WIDTH="69" HEIGHT="0" />
            <String ID="Word_22330" HPOS="1523" VPOS="530" WIDTH="153" HEIGHT="46" CONTENT="Grosse," />
          </TextLine>
          <TextLine ID="TextLine_2521" HPOS="83" VPOS="583" WIDTH="1597" HEIGHT="54">
            <String ID="Word_22331" HPOS="83" VPOS="589" WIDTH="163" HEIGHT="39" CONTENT="mittlere" />
            <SP ID="SP_19815" HPOS="246" VPOS="589" WIDTH="30" HEIGHT="0" />
            <String ID="Word_22332" HPOS="276" VPOS="590" WIDTH="76" HEIGHT="37" CONTENT="und" />
            <SP ID="SP_19816" HPOS="352" VPOS="588" WIDTH="29" HEIGHT="0" />
            <String ID="Word_22333" HPOS="381" VPOS="588" WIDTH="125" HEIGHT="38" CONTENT="kleine" />
            <SP ID="SP_19817" HPOS="506" VPOS="586" WIDTH="31" HEIGHT="0" />
            <String ID="Word_22334" HPOS="537" VPOS="586" WIDTH="158" HEIGHT="39" CONTENT="Gefässe" />
            <SP ID="SP_19818" HPOS="695" VPOS="586" WIDTH="30" HEIGHT="0" />
            <String ID="Word_22335" HPOS="725" VPOS="587" WIDTH="126" HEIGHT="50" CONTENT="gehen" />
            <SP ID="SP_19819" HPOS="851" VPOS="587" WIDTH="28" HEIGHT="0" />
            <String ID="Word_22336" HPOS="879" VPOS="599" WIDTH="46" HEIGHT="24" CONTENT="zu" />
            <SP ID="SP_19820" HPOS="925" VPOS="584" WIDTH="30" HEIGHT="0" />
            <String ID="Word_22337" HPOS="955" VPOS="584" WIDTH="165" HEIGHT="39" CONTENT="Grunde." />
            <SP ID="SP_19821" HPOS="1120" VPOS="584" WIDTH="67" HEIGHT="0" />
            <String ID="Word_22338" HPOS="1187" VPOS="584" WIDTH="61" HEIGHT="37" CONTENT="Da" />
            <SP ID="SP_19822" HPOS="1248" VPOS="584" WIDTH="29" HEIGHT="0" />
            <String ID="Word_22339" HPOS="1277" VPOS="584" WIDTH="67" HEIGHT="37" CONTENT="der" />
            <SP ID="SP_19823" HPOS="1344" VPOS="583" WIDTH="28" HEIGHT="0" />
            <String ID="Word_22340" HPOS="1372" VPOS="583" WIDTH="308" HEIGHT="39" CONTENT="Hospitalbrand" />
          </TextLine>
          <TextLine ID="TextLine_2522" HPOS="83" VPOS="637" WIDTH="1596" HEIGHT="55">
            <String ID="Word_22341" HPOS="83" VPOS="643" WIDTH="139" HEIGHT="37" CONTENT="einmal" />
            <SP ID="SP_19824" HPOS="222" VPOS="643" WIDTH="29" HEIGHT="0" />
            <String ID="Word_22342" HPOS="251" VPOS="643" WIDTH="58" HEIGHT="37" CONTENT="die" />
            <SP ID="SP_19825" HPOS="309" VPOS="640" WIDTH="30" HEIGHT="0" />
            <String ID="Word_22343" HPOS="339" VPOS="640" WIDTH="310" HEIGHT="52" CONTENT="Blutgerinnung" />
            <SP ID="SP_19826" HPOS="649" VPOS="640" WIDTH="29" HEIGHT="0" />
            <String ID="Word_22344" HPOS="678" VPOS="641" WIDTH="39" HEIGHT="37" CONTENT="in" />
            <SP ID="SP_19827" HPOS="717" VPOS="641" WIDTH="31" HEIGHT="0" />
            <String ID="Word_22345" HPOS="748" VPOS="641" WIDTH="73" HEIGHT="37" CONTENT="den" />
            <SP ID="SP_19828" HPOS="821" VPOS="638" WIDTH="30" HEIGHT="0" />
            <String ID="Word_22346" HPOS="851" VPOS="638" WIDTH="187" HEIGHT="40" CONTENT="Gefässen" />
            <SP ID="SP_19829" HPOS="1038" VPOS="638" WIDTH="29" HEIGHT="0" />
            <String ID="Word_22347" HPOS="1067" VPOS="638" WIDTH="89" HEIGHT="38" CONTENT="sehr" />
            <SP ID="SP_19830" HPOS="1156" VPOS="637" WIDTH="30" HEIGHT="0" />
            <String ID="Word_22348" HPOS="1186" VPOS="637" WIDTH="127" HEIGHT="50" CONTENT="wenig" />
            <SP ID="SP_19831" HPOS="1313" VPOS="637" WIDTH="28" HEIGHT="0" />
            <String ID="Word_22349" HPOS="1341" VPOS="651" WIDTH="46" HEIGHT="23" CONTENT="zu" />
            <SP ID="SP_19832" HPOS="1387" VPOS="638" WIDTH="30" HEIGHT="0" />
            <String ID="Word_22350" HPOS="1417" VPOS="638" WIDTH="262" HEIGHT="38" CONTENT="begünstigen" />
          </TextLine>
          <TextLine ID="TextLine_2523" HPOS="80" VPOS="690" WIDTH="1598" HEIGHT="53">
            <String ID="Word_22351" HPOS="80" VPOS="709" WIDTH="158" HEIGHT="25" CONTENT="scheint," />
            <SP ID="SP_19833" HPOS="238" VPOS="694" WIDTH="42" HEIGHT="0" />
            <String ID="Word_22352" HPOS="280" VPOS="694" WIDTH="252" HEIGHT="39" CONTENT="andererseits" />
            <SP ID="SP_19834" HPOS="532" VPOS="694" WIDTH="37" HEIGHT="0" />
            <String ID="Word_22353" HPOS="569" VPOS="694" WIDTH="93" HEIGHT="37" CONTENT="aber" />
            <SP ID="SP_19835" HPOS="662" VPOS="694" WIDTH="34" HEIGHT="0" />
            <String ID="Word_22354" HPOS="696" VPOS="706" WIDTH="181" HEIGHT="26" CONTENT="vermöge" />
            <SP ID="SP_19836" HPOS="877" VPOS="693" WIDTH="37" HEIGHT="0" />
            <String ID="Word_22355" HPOS="914" VPOS="705" WIDTH="126" HEIGHT="26" CONTENT="seiner" />
            <SP ID="SP_19837" HPOS="1040" VPOS="690" WIDTH="28" HEIGHT="0" />
            <String ID="Word_22356" HPOS="1068" VPOS="690" WIDTH="256" HEIGHT="52" CONTENT="Eigenschaft" />
            <SP ID="SP_19838" HPOS="1324" VPOS="690" WIDTH="30" HEIGHT="0" />
            <String ID="Word_22357" HPOS="1354" VPOS="692" WIDTH="123" HEIGHT="49" CONTENT="junge" />
            <SP ID="SP_19839" HPOS="1477" VPOS="691" WIDTH="39" HEIGHT="0" />
            <String ID="Word_22358" HPOS="1516" VPOS="691" WIDTH="162" HEIGHT="39" CONTENT="Narben" />
          </TextLine>
          <TextLine ID="TextLine_2524" HPOS="79" VPOS="743" WIDTH="1599" HEIGHT="53">
            <String ID="Word_22359" HPOS="79" VPOS="749" WIDTH="111" HEIGHT="37" CONTENT="rasch" />
            <SP ID="SP_19840" HPOS="190" VPOS="749" WIDTH="29" HEIGHT="0" />
            <String ID="Word_22360" HPOS="219" VPOS="762" WIDTH="44" HEIGHT="24" CONTENT="zu" />
            <SP ID="SP_19841" HPOS="263" VPOS="751" WIDTH="29" HEIGHT="0" />
            <String ID="Word_22361" HPOS="292" VPOS="753" WIDTH="204" HEIGHT="33" CONTENT="zerstören," />
            <SP ID="SP_19842" HPOS="496" VPOS="747" WIDTH="46" HEIGHT="0" />
            <String ID="Word_22362" HPOS="542" VPOS="747" WIDTH="86" HEIGHT="38" CONTENT="dem" />
            <SP ID="SP_19843" HPOS="628" VPOS="747" WIDTH="43" HEIGHT="0" />
            <String ID="Word_22363" HPOS="671" VPOS="750" WIDTH="99" HEIGHT="35" CONTENT="etwa" />
            <SP ID="SP_19844" HPOS="770" VPOS="747" WIDTH="42" HEIGHT="0" />
            <String ID="Word_22364" HPOS="812" VPOS="747" WIDTH="118" HEIGHT="37" CONTENT="schon" />
            <SP ID="SP_19845" HPOS="930" VPOS="746" WIDTH="29" HEIGHT="0" />
            <String ID="Word_22365" HPOS="959" VPOS="746" WIDTH="233" HEIGHT="50" CONTENT="gebildeten," />
            <SP ID="SP_19846" HPOS="1192" VPOS="745" WIDTH="37" HEIGHT="0" />
            <String ID="Word_22366" HPOS="1229" VPOS="745" WIDTH="40" HEIGHT="37" CONTENT="in" />
            <SP ID="SP_19847" HPOS="1269" VPOS="743" WIDTH="36" HEIGHT="0" />
            <String ID="Word_22367" HPOS="1305" VPOS="743" WIDTH="271" HEIGHT="51" CONTENT="Organisation" />
            <SP ID="SP_19848" HPOS="1576" VPOS="743" WIDTH="34" HEIGHT="0" />
            <String ID="Word_22368" HPOS="1610" VPOS="746" WIDTH="68" HEIGHT="38" CONTENT="be-" />
          </TextLine>
          <TextLine ID="TextLine_2525" HPOS="78" VPOS="798" WIDTH="1600" HEIGHT="53">
            <String ID="Word_22369" HPOS="78" VPOS="802" WIDTH="187" HEIGHT="49" CONTENT="griffenen" />
            <SP ID="SP_19849" HPOS="265" VPOS="801" WIDTH="30" HEIGHT="0" />
            <String ID="Word_22370" HPOS="295" VPOS="801" WIDTH="216" HEIGHT="38" CONTENT="Thrombus" />
            <SP ID="SP_19850" HPOS="511" VPOS="800" WIDTH="30" HEIGHT="0" />
            <String ID="Word_22371" HPOS="541" VPOS="800" WIDTH="89" HEIGHT="38" CONTENT="sehr" />
            <SP ID="SP_19851" HPOS="630" VPOS="800" WIDTH="36" HEIGHT="0" />
            <String ID="Word_22372" HPOS="666" VPOS="800" WIDTH="216" HEIGHT="51" CONTENT="gefährlich" />
            <SP ID="SP_19852" HPOS="882" VPOS="800" WIDTH="29" HEIGHT="0" />
            <String ID="Word_22373" HPOS="911" VPOS="800" WIDTH="66" HEIGHT="37" CONTENT="ist," />
            <SP ID="SP_19853" HPOS="977" VPOS="800" WIDTH="40" HEIGHT="0" />
            <String ID="Word_22374" HPOS="1017" VPOS="813" WIDTH="41" HEIGHT="23" CONTENT="so" />
            <SP ID="SP_19854" HPOS="1058" VPOS="799" WIDTH="35" HEIGHT="0" />
            <String ID="Word_22375" HPOS="1093" VPOS="799" WIDTH="149" HEIGHT="37" CONTENT="kommt" />
            <SP ID="SP_19855" HPOS="1242" VPOS="799" WIDTH="37" HEIGHT="0" />
            <String ID="Word_22376" HPOS="1279" VPOS="811" WIDTH="39" HEIGHT="25" CONTENT="es" />
            <SP ID="SP_19856" HPOS="1318" VPOS="798" WIDTH="38" HEIGHT="0" />
            <String ID="Word_22377" HPOS="1356" VPOS="798" WIDTH="132" HEIGHT="51" CONTENT="häufig" />
            <SP ID="SP_19857" HPOS="1488" VPOS="798" WIDTH="38" HEIGHT="0" />
            <String ID="Word_22378" HPOS="1526" VPOS="812" WIDTH="46" HEIGHT="25" CONTENT="zu" />
            <SP ID="SP_19858" HPOS="1572" VPOS="800" WIDTH="31" HEIGHT="0" />
            <String ID="Word_22379" HPOS="1603" VPOS="800" WIDTH="75" HEIGHT="37" CONTENT="den" />
          </TextLine>
          <TextLine ID="TextLine_2526" HPOS="79" VPOS="852" WIDTH="1599" HEIGHT="52">
            <String ID="Word_22380" HPOS="79" VPOS="854" WIDTH="131" HEIGHT="38" CONTENT="früher" />
            <SP ID="SP_19859" HPOS="210" VPOS="854" WIDTH="29" HEIGHT="0" />
            <String ID="Word_22381" HPOS="239" VPOS="855" WIDTH="140" HEIGHT="37" CONTENT="ebenso" />
            <SP ID="SP_19860" HPOS="379" VPOS="855" WIDTH="23" HEIGHT="0" />
            <String ID="Word_22382" HPOS="402" VPOS="855" WIDTH="219" HEIGHT="37" CONTENT="bekannten" />
            <SP ID="SP_19861" HPOS="621" VPOS="855" WIDTH="20" HEIGHT="0" />
            <String ID="Word_22383" HPOS="641" VPOS="855" WIDTH="78" HEIGHT="37" CONTENT="und" />
            <SP ID="SP_19862" HPOS="719" VPOS="854" WIDTH="20" HEIGHT="0" />
            <String ID="Word_22384" HPOS="739" VPOS="860" WIDTH="269" HEIGHT="44" CONTENT="gefürchteten" />
            <SP ID="SP_19863" HPOS="1008" VPOS="852" WIDTH="21" HEIGHT="0" />
            <String ID="Word_22385" HPOS="1029" VPOS="852" WIDTH="234" HEIGHT="50" CONTENT="Blutungen," />
            <SP ID="SP_19864" HPOS="1263" VPOS="852" WIDTH="31" HEIGHT="0" />
            <String ID="Word_22386" HPOS="1294" VPOS="852" WIDTH="145" HEIGHT="38" CONTENT="welche" />
            <SP ID="SP_19865" HPOS="1439" VPOS="852" WIDTH="31" HEIGHT="0" />
            <String ID="Word_22387" HPOS="1470" VPOS="866" WIDTH="34" HEIGHT="23" CONTENT="v." />
            <SP ID="SP_19866" HPOS="1504" VPOS="852" WIDTH="23" HEIGHT="0" />
            <String ID="Word_22388" HPOS="1527" VPOS="852" WIDTH="31" HEIGHT="38" CONTENT="P" />
            <SP ID="SP_19867" HPOS="1558" VPOS="852" WIDTH="10" HEIGHT="0" />
            <String ID="Word_22389" HPOS="1568" VPOS="853" WIDTH="12" HEIGHT="37" CONTENT="i" />
            <SP ID="SP_19868" HPOS="1580" VPOS="853" WIDTH="12" HEIGHT="0" />
            <String ID="Word_22390" HPOS="1592" VPOS="855" WIDTH="16" HEIGHT="35" CONTENT="t" />
            <SP ID="SP_19869" HPOS="1608" VPOS="853" WIDTH="10" HEIGHT="0" />
            <String ID="Word_22391" HPOS="1618" VPOS="853" WIDTH="26" HEIGHT="37" CONTENT="h" />
            <SP ID="SP_19870" HPOS="1644" VPOS="853" WIDTH="11" HEIGHT="0" />
            <String ID="Word_22392" HPOS="1655" VPOS="867" WIDTH="23" HEIGHT="23" CONTENT="a" />
          </TextLine>
          <TextLine ID="TextLine_2527" HPOS="78" VPOS="905" WIDTH="1599" HEIGHT="53">
            <String ID="Word_22393" HPOS="78" VPOS="909" WIDTH="58" HEIGHT="37" CONTENT="die" />
            <SP ID="SP_19871" HPOS="136" VPOS="907" WIDTH="31" HEIGHT="0" />
            <String ID="Word_22394" HPOS="167" VPOS="907" WIDTH="483" HEIGHT="50" CONTENT="Schreckensprärogative" />
            <SP ID="SP_19872" HPOS="650" VPOS="907" WIDTH="30" HEIGHT="0" />
            <String ID="Word_22395" HPOS="680" VPOS="909" WIDTH="65" HEIGHT="36" CONTENT="des" />
            <SP ID="SP_19873" HPOS="745" VPOS="906" WIDTH="24" HEIGHT="0" />
            <String ID="Word_22396" HPOS="769" VPOS="906" WIDTH="345" HEIGHT="39" CONTENT="Hospitalbrandes" />
            <SP ID="SP_19874" HPOS="1114" VPOS="906" WIDTH="29" HEIGHT="0" />
            <String ID="Word_22397" HPOS="1143" VPOS="908" WIDTH="131" HEIGHT="36" CONTENT="nennt." />
            <SP ID="SP_19875" HPOS="1274" VPOS="905" WIDTH="60" HEIGHT="0" />
            <String ID="Word_22398" HPOS="1334" VPOS="905" WIDTH="87" HEIGHT="38" CONTENT="Wir" />
            <SP ID="SP_19876" HPOS="1421" VPOS="905" WIDTH="21" HEIGHT="0" />
            <String ID="Word_22399" HPOS="1442" VPOS="906" WIDTH="235" HEIGHT="38" CONTENT="entnehmen" />
          </TextLine>
          <TextLine ID="TextLine_2528" HPOS="77" VPOS="959" WIDTH="1139" HEIGHT="52">
            <String ID="Word_22400" HPOS="77" VPOS="961" WIDTH="211" HEIGHT="38" CONTENT="Marmy's" />
            <SP ID="SP_19877" HPOS="288" VPOS="961" WIDTH="30" HEIGHT="0" />
            <String ID="Word_22401" HPOS="318" VPOS="961" WIDTH="158" HEIGHT="38" CONTENT="Bericht" />
            <SP ID="SP_19878" HPOS="476" VPOS="961" WIDTH="34" HEIGHT="0" />
            <String ID="Word_22402" HPOS="510" VPOS="962" WIDTH="60" HEIGHT="37" CONTENT="ein" />
            <SP ID="SP_19879" HPOS="570" VPOS="961" WIDTH="31" HEIGHT="0" />
            <String ID="Word_22403" HPOS="601" VPOS="964" WIDTH="208" HEIGHT="35" CONTENT="eclatantes" />
            <SP ID="SP_19880" HPOS="809" VPOS="960" WIDTH="29" HEIGHT="0" />
            <String ID="Word_22404" HPOS="838" VPOS="960" WIDTH="169" HEIGHT="38" CONTENT="Beispiel" />
            <SP ID="SP_19881" HPOS="1007" VPOS="960" WIDTH="30" HEIGHT="0" />
            <String ID="Word_22405" HPOS="1037" VPOS="960" WIDTH="66" HEIGHT="38" CONTENT="der" />
            <SP ID="SP_19882" HPOS="1103" VPOS="959" WIDTH="29" HEIGHT="0" />
            <String ID="Word_22406" HPOS="1132" VPOS="959" WIDTH="84" HEIGHT="38" CONTENT="Art." />
          </TextLine>
          <TextLine ID="TextLine_2529" HPOS="205" VPOS="1043" WIDTH="1471" HEIGHT="42">
            <String ID="Word_22407" HPOS="205" VPOS="1045" WIDTH="123" HEIGHT="30" CONTENT="Scliuss" />
            <SP ID="SP_19883" HPOS="328" VPOS="1045" WIDTH="32" HEIGHT="0" />
            <String ID="Word_22408" HPOS="360" VPOS="1047" WIDTH="45" HEIGHT="28" CONTENT="im" />
            <SP ID="SP_19884" HPOS="405" VPOS="1045" WIDTH="31" HEIGHT="0" />
            <String ID="Word_22409" HPOS="436" VPOS="1045" WIDTH="129" HEIGHT="30" CONTENT="Niveau" />
            <SP ID="SP_19885" HPOS="565" VPOS="1045" WIDTH="31" HEIGHT="0" />
            <String ID="Word_22410" HPOS="596" VPOS="1045" WIDTH="58" HEIGHT="30" CONTENT="des" />
            <SP ID="SP_19886" HPOS="654" VPOS="1045" WIDTH="23" HEIGHT="0" />
            <String ID="Word_22411" HPOS="677" VPOS="1045" WIDTH="164" HEIGHT="40" CONTENT="Jugulum" />
            <SP ID="SP_19887" HPOS="841" VPOS="1045" WIDTH="30" HEIGHT="0" />
            <String ID="Word_22412" HPOS="871" VPOS="1046" WIDTH="121" HEIGHT="29" CONTENT="sterni," />
            <SP ID="SP_19888" HPOS="992" VPOS="1044" WIDTH="36" HEIGHT="0" />
            <String ID="Word_22413" HPOS="1028" VPOS="1044" WIDTH="146" HEIGHT="30" CONTENT="welcher" />
            <SP ID="SP_19889" HPOS="1174" VPOS="1043" WIDTH="32" HEIGHT="0" />
            <String ID="Word_22414" HPOS="1206" VPOS="1043" WIDTH="65" HEIGHT="30" CONTENT="den" />
            <SP ID="SP_19890" HPOS="1271" VPOS="1043" WIDTH="24" HEIGHT="0" />
            <String ID="Word_22415" HPOS="1295" VPOS="1044" WIDTH="127" HEIGHT="31" CONTENT="Ansatz" />
            <SP ID="SP_19891" HPOS="1422" VPOS="1044" WIDTH="24" HEIGHT="0" />
            <String ID="Word_22416" HPOS="1446" VPOS="1045" WIDTH="57" HEIGHT="31" CONTENT="des" />
            <SP ID="SP_19892" HPOS="1503" VPOS="1045" WIDTH="31" HEIGHT="0" />
            <String ID="Word_22417" HPOS="1534" VPOS="1049" WIDTH="142" HEIGHT="28" CONTENT="rechten" />
          </TextLine>
          <TextLine ID="TextLine_2530" HPOS="80" VPOS="1086" WIDTH="1594" HEIGHT="39">
            <String ID="Word_22418" HPOS="80" VPOS="1090" WIDTH="95" HEIGHT="29" CONTENT="Muse," />
            <SP ID="SP_19893" HPOS="175" VPOS="1088" WIDTH="31" HEIGHT="0" />
            <String ID="Word_22419" HPOS="206" VPOS="1088" WIDTH="324" HEIGHT="30" CONTENT="sternocleidomast." />
            <SP ID="SP_19894" HPOS="530" VPOS="1088" WIDTH="33" HEIGHT="0" />
            <String ID="Word_22420" HPOS="563" VPOS="1089" WIDTH="178" HEIGHT="29" CONTENT="zerstörte," />
            <SP ID="SP_19895" HPOS="741" VPOS="1087" WIDTH="29" HEIGHT="0" />
            <String ID="Word_22421" HPOS="770" VPOS="1087" WIDTH="54" HEIGHT="31" CONTENT="die" />
            <SP ID="SP_19896" HPOS="824" VPOS="1086" WIDTH="31" HEIGHT="0" />
            <String ID="Word_22422" HPOS="855" VPOS="1086" WIDTH="173" HEIGHT="32" CONTENT="Clavicula" />
            <SP ID="SP_19897" HPOS="1028" VPOS="1086" WIDTH="38" HEIGHT="0" />
            <String ID="Word_22423" HPOS="1066" VPOS="1087" WIDTH="187" HEIGHT="30" CONTENT="entblösste" />
            <SP ID="SP_19898" HPOS="1253" VPOS="1087" WIDTH="41" HEIGHT="0" />
            <String ID="Word_22424" HPOS="1294" VPOS="1087" WIDTH="68" HEIGHT="31" CONTENT="und" />
            <SP ID="SP_19899" HPOS="1362" VPOS="1087" WIDTH="41" HEIGHT="0" />
            <String ID="Word_22425" HPOS="1403" VPOS="1089" WIDTH="74" HEIGHT="30" CONTENT="eine" />
            <SP ID="SP_19900" HPOS="1477" VPOS="1089" WIDTH="39" HEIGHT="0" />
            <String ID="Word_22426" HPOS="1516" VPOS="1090" WIDTH="158" HEIGHT="29" CONTENT="ziemlich" />
          </TextLine>
          <TextLine ID="TextLine_2531" HPOS="76" VPOS="1128" WIDTH="1597" HEIGHT="45">
            <String ID="Word_22427" HPOS="76" VPOS="1142" WIDTH="116" HEIGHT="31" CONTENT="grosse" />
            <SP ID="SP_19901" HPOS="192" VPOS="1131" WIDTH="25" HEIGHT="0" />
            <String ID="Word_22428" HPOS="217" VPOS="1131" WIDTH="131" HEIGHT="30" CONTENT="Wunde" />
            <SP ID="SP_19902" HPOS="348" VPOS="1131" WIDTH="24" HEIGHT="0" />
            <String ID="Word_22429" HPOS="372" VPOS="1131" WIDTH="232" HEIGHT="30" CONTENT="verursachte," />
            <SP ID="SP_19903" HPOS="604" VPOS="1131" WIDTH="24" HEIGHT="0" />
            <String ID="Word_22430" HPOS="628" VPOS="1132" WIDTH="33" HEIGHT="28" CONTENT="in" />
            <SP ID="SP_19904" HPOS="661" VPOS="1131" WIDTH="27" HEIGHT="0" />
            <String ID="Word_22431" HPOS="688" VPOS="1131" WIDTH="103" HEIGHT="29" CONTENT="deren" />
            <SP ID="SP_19905" HPOS="791" VPOS="1128" WIDTH="23" HEIGHT="0" />
            <String ID="Word_22432" HPOS="814" VPOS="1128" WIDTH="137" HEIGHT="33" CONTENT="Grunde" />
            <SP ID="SP_19906" HPOS="951" VPOS="1128" WIDTH="25" HEIGHT="0" />
            <String ID="Word_22433" HPOS="976" VPOS="1139" WIDTH="78" HEIGHT="21" CONTENT="man" />
            <SP ID="SP_19907" HPOS="1054" VPOS="1129" WIDTH="31" HEIGHT="0" />
            <String ID="Word_22434" HPOS="1085" VPOS="1129" WIDTH="65" HEIGHT="31" CONTENT="den" />
            <SP ID="SP_19908" HPOS="1150" VPOS="1129" WIDTH="24" HEIGHT="0" />
            <String ID="Word_22435" HPOS="1174" VPOS="1130" WIDTH="79" HEIGHT="30" CONTENT="Puls" />
            <SP ID="SP_19909" HPOS="1253" VPOS="1129" WIDTH="31" HEIGHT="0" />
            <String ID="Word_22436" HPOS="1284" VPOS="1129" WIDTH="58" HEIGHT="31" CONTENT="des" />
            <SP ID="SP_19910" HPOS="1342" VPOS="1129" WIDTH="25" HEIGHT="0" />
            <String ID="Word_22437" HPOS="1367" VPOS="1131" WIDTH="124" HEIGHT="31" CONTENT="Trunc." />
            <SP ID="SP_19911" HPOS="1491" VPOS="1131" WIDTH="26" HEIGHT="0" />
            <String ID="Word_22438" HPOS="1517" VPOS="1132" WIDTH="156" HEIGHT="31" CONTENT="brachio-" />
          </TextLine>
          <TextLine ID="TextLine_2532" HPOS="76" VPOS="1172" WIDTH="1599" HEIGHT="43">
            <String ID="Word_22439" HPOS="76" VPOS="1184" WIDTH="117" HEIGHT="21" CONTENT="cephal" />
            <SP ID="SP_19912" HPOS="193" VPOS="1174" WIDTH="26" HEIGHT="0" />
            <String ID="Word_22440" HPOS="219" VPOS="1174" WIDTH="67" HEIGHT="30" CONTENT="und" />
            <SP ID="SP_19913" HPOS="286" VPOS="1174" WIDTH="25" HEIGHT="0" />
            <String ID="Word_22441" HPOS="311" VPOS="1174" WIDTH="59" HEIGHT="30" CONTENT="der" />
            <SP ID="SP_19914" HPOS="370" VPOS="1174" WIDTH="25" HEIGHT="0" />
            <String ID="Word_22442" HPOS="395" VPOS="1174" WIDTH="179" HEIGHT="30" CONTENT="Subclavia" />
            <SP ID="SP_19915" HPOS="574" VPOS="1174" WIDTH="24" HEIGHT="0" />
            <String ID="Word_22443" HPOS="598" VPOS="1174" WIDTH="118" HEIGHT="30" CONTENT="fühlte." />
            <SP ID="SP_19916" HPOS="716" VPOS="1174" WIDTH="39" HEIGHT="0" />
            <String ID="Word_22444" HPOS="755" VPOS="1174" WIDTH="18" HEIGHT="31" CONTENT="5" />
            <SP ID="SP_19917" HPOS="773" VPOS="1173" WIDTH="22" HEIGHT="0" />
            <String ID="Word_22445" HPOS="795" VPOS="1173" WIDTH="91" HEIGHT="31" CONTENT="Tage" />
            <SP ID="SP_19918" HPOS="886" VPOS="1173" WIDTH="23" HEIGHT="0" />
            <String ID="Word_22446" HPOS="909" VPOS="1173" WIDTH="151" HEIGHT="30" CONTENT="nachher" />
            <SP ID="SP_19919" HPOS="1060" VPOS="1172" WIDTH="22" HEIGHT="0" />
            <String ID="Word_22447" HPOS="1082" VPOS="1172" WIDTH="277" HEIGHT="40" CONTENT="Hospitalbrand." />
            <SP ID="SP_19920" HPOS="1359" VPOS="1172" WIDTH="46" HEIGHT="0" />
            <String ID="Word_22448" HPOS="1405" VPOS="1174" WIDTH="64" HEIGHT="31" CONTENT="Die" />
            <SP ID="SP_19921" HPOS="1469" VPOS="1174" WIDTH="24" HEIGHT="0" />
            <String ID="Word_22449" HPOS="1493" VPOS="1174" WIDTH="96" HEIGHT="31" CONTENT="Nähe" />
            <SP ID="SP_19922" HPOS="1589" VPOS="1174" WIDTH="25" HEIGHT="0" />
            <String ID="Word_22450" HPOS="1614" VPOS="1175" WIDTH="61" HEIGHT="31" CONTENT="der" />
          </TextLine>
          <TextLine ID="TextLine_2533" HPOS="76" VPOS="1214" WIDTH="1597" HEIGHT="44">
            <String ID="Word_22451" HPOS="76" VPOS="1227" WIDTH="142" HEIGHT="31" CONTENT="grossen" />
            <SP ID="SP_19923" HPOS="218" VPOS="1217" WIDTH="23" HEIGHT="0" />
            <String ID="Word_22452" HPOS="241" VPOS="1217" WIDTH="158" HEIGHT="29" CONTENT="Arterien" />
            <SP ID="SP_19924" HPOS="399" VPOS="1216" WIDTH="24" HEIGHT="0" />
            <String ID="Word_22453" HPOS="423" VPOS="1216" WIDTH="84" HEIGHT="30" CONTENT="hielt" />
            <SP ID="SP_19925" HPOS="507" VPOS="1216" WIDTH="22" HEIGHT="0" />
            <String ID="Word_22454" HPOS="529" VPOS="1217" WIDTH="164" HEIGHT="39" CONTENT="Marmy" />
            <SP ID="SP_19926" HPOS="693" VPOS="1217" WIDTH="23" HEIGHT="0" />
            <String ID="Word_22455" HPOS="716" VPOS="1225" WIDTH="67" HEIGHT="21" CONTENT="von" />
            <SP ID="SP_19927" HPOS="783" VPOS="1216" WIDTH="24" HEIGHT="0" />
            <String ID="Word_22456" HPOS="807" VPOS="1216" WIDTH="60" HEIGHT="30" CONTENT="der" />
            <SP ID="SP_19928" HPOS="867" VPOS="1216" WIDTH="22" HEIGHT="0" />
            <String ID="Word_22457" HPOS="889" VPOS="1216" WIDTH="229" HEIGHT="40" CONTENT="Anwendung" />
            <SP ID="SP_19929" HPOS="1118" VPOS="1215" WIDTH="30" HEIGHT="0" />
            <String ID="Word_22458" HPOS="1148" VPOS="1215" WIDTH="58" HEIGHT="31" CONTENT="des" />
            <SP ID="SP_19930" HPOS="1206" VPOS="1214" WIDTH="26" HEIGHT="0" />
            <String ID="Word_22459" HPOS="1232" VPOS="1214" WIDTH="202" HEIGHT="33" CONTENT="Glüheisens" />
            <SP ID="SP_19931" HPOS="1434" VPOS="1214" WIDTH="26" HEIGHT="0" />
            <String ID="Word_22460" HPOS="1460" VPOS="1218" WIDTH="53" HEIGHT="30" CONTENT="ab." />
            <SP ID="SP_19932" HPOS="1513" VPOS="1218" WIDTH="47" HEIGHT="0" />
            <String ID="Word_22461" HPOS="1560" VPOS="1218" WIDTH="113" HEIGHT="31" CONTENT="Hoch-" />
          </TextLine>
          <TextLine ID="TextLine_2534" HPOS="76" VPOS="1258" WIDTH="1596" HEIGHT="44">
            <String ID="Word_22462" HPOS="76" VPOS="1262" WIDTH="142" HEIGHT="39" CONTENT="gradige" />
            <SP ID="SP_19933" HPOS="218" VPOS="1259" WIDTH="24" HEIGHT="0" />
            <String ID="Word_22463" HPOS="242" VPOS="1259" WIDTH="155" HEIGHT="31" CONTENT="Fäulniss" />
            <SP ID="SP_19934" HPOS="397" VPOS="1259" WIDTH="23" HEIGHT="0" />
            <String ID="Word_22464" HPOS="420" VPOS="1261" WIDTH="37" HEIGHT="28" CONTENT="in" />
            <SP ID="SP_19935" HPOS="457" VPOS="1259" WIDTH="24" HEIGHT="0" />
            <String ID="Word_22465" HPOS="481" VPOS="1259" WIDTH="59" HEIGHT="31" CONTENT="der" />
            <SP ID="SP_19936" HPOS="540" VPOS="1259" WIDTH="24" HEIGHT="0" />
            <String ID="Word_22466" HPOS="564" VPOS="1259" WIDTH="142" HEIGHT="30" CONTENT="Wunde." />
            <SP ID="SP_19937" HPOS="706" VPOS="1259" WIDTH="44" HEIGHT="0" />
            <String ID="Word_22467" HPOS="750" VPOS="1259" WIDTH="67" HEIGHT="30" CONTENT="Am" />
            <SP ID="SP_19938" HPOS="817" VPOS="1259" WIDTH="23" HEIGHT="0" />
            <String ID="Word_22468" HPOS="840" VPOS="1260" WIDTH="30" HEIGHT="31" CONTENT="4." />
            <SP ID="SP_19939" HPOS="870" VPOS="1259" WIDTH="24" HEIGHT="0" />
            <String ID="Word_22469" HPOS="894" VPOS="1259" WIDTH="91" HEIGHT="41" CONTENT="Tage" />
            <SP ID="SP_19940" HPOS="985" VPOS="1259" WIDTH="24" HEIGHT="0" />
            <String ID="Word_22470" HPOS="1009" VPOS="1259" WIDTH="58" HEIGHT="31" CONTENT="des" />
            <SP ID="SP_19941" HPOS="1067" VPOS="1258" WIDTH="24" HEIGHT="0" />
            <String ID="Word_22471" HPOS="1091" VPOS="1258" WIDTH="306" HEIGHT="40" CONTENT="Hospitalbrandes" />
            <SP ID="SP_19942" HPOS="1397" VPOS="1258" WIDTH="24" HEIGHT="0" />
            <String ID="Word_22472" HPOS="1421" VPOS="1260" WIDTH="251" HEIGHT="42" CONTENT="Hämorrhagie" />
          </TextLine>
          <TextLine ID="TextLine_2535" HPOS="78" VPOS="1302" WIDTH="1526" HEIGHT="43">
            <String ID="Word_22473" HPOS="78" VPOS="1308" WIDTH="59" HEIGHT="26" CONTENT="mit" />
            <SP ID="SP_19943" HPOS="137" VPOS="1304" WIDTH="25" HEIGHT="0" />
            <String ID="Word_22474" HPOS="162" VPOS="1306" WIDTH="199" HEIGHT="27" CONTENT="sofortigem" />
            <SP ID="SP_19944" HPOS="361" VPOS="1302" WIDTH="22" HEIGHT="0" />
            <String ID="Word_22475" HPOS="383" VPOS="1302" WIDTH="103" HEIGHT="31" CONTENT="Tode." />
            <SP ID="SP_19945" HPOS="486" VPOS="1302" WIDTH="40" HEIGHT="0" />
            <String ID="Word_22476" HPOS="526" VPOS="1302" WIDTH="64" HEIGHT="30" CONTENT="Die" />
            <SP ID="SP_19946" HPOS="590" VPOS="1302" WIDTH="24" HEIGHT="0" />
            <String ID="Word_22477" HPOS="614" VPOS="1305" WIDTH="113" HEIGHT="27" CONTENT="rechte" />
            <SP ID="SP_19947" HPOS="727" VPOS="1302" WIDTH="24" HEIGHT="0" />
            <String ID="Word_22478" HPOS="751" VPOS="1302" WIDTH="180" HEIGHT="30" CONTENT="Subclavia" />
            <SP ID="SP_19948" HPOS="931" VPOS="1302" WIDTH="24" HEIGHT="0" />
            <String ID="Word_22479" HPOS="955" VPOS="1312" WIDTH="70" HEIGHT="20" CONTENT="war" />
            <SP ID="SP_19949" HPOS="1025" VPOS="1302" WIDTH="23" HEIGHT="0" />
            <String ID="Word_22480" HPOS="1048" VPOS="1302" WIDTH="88" HEIGHT="30" CONTENT="nahe" />
            <SP ID="SP_19950" HPOS="1136" VPOS="1302" WIDTH="25" HEIGHT="0" />
            <String ID="Word_22481" HPOS="1161" VPOS="1311" WIDTH="41" HEIGHT="21" CONTENT="an" />
            <SP ID="SP_19951" HPOS="1202" VPOS="1302" WIDTH="25" HEIGHT="0" />
            <String ID="Word_22482" HPOS="1227" VPOS="1302" WIDTH="110" HEIGHT="30" CONTENT="ihrem" />
            <SP ID="SP_19952" HPOS="1337" VPOS="1302" WIDTH="24" HEIGHT="0" />
            <String ID="Word_22483" HPOS="1361" VPOS="1303" WIDTH="179" HEIGHT="42" CONTENT="Ursprung" />
            <SP ID="SP_19953" HPOS="1540" VPOS="1303" WIDTH="23" HEIGHT="0" />
            <String ID="Word_22484" HPOS="1563" VPOS="1315" WIDTH="41" HEIGHT="20" CONTENT="zu" />
          </TextLine>
          <TextLine ID="TextLine_2536" HPOS="77" VPOS="1345" WIDTH="981" HEIGHT="40">
            <String ID="Word_22485" HPOS="77" VPOS="1347" WIDTH="89" HEIGHT="29" CONTENT="ihres" />
            <SP ID="SP_19954" HPOS="166" VPOS="1346" WIDTH="24" HEIGHT="0" />
            <String ID="Word_22486" HPOS="190" VPOS="1346" WIDTH="182" HEIGHT="30" CONTENT="Umfanges" />
            <SP ID="SP_19955" HPOS="372" VPOS="1345" WIDTH="25" HEIGHT="0" />
            <String ID="Word_22487" HPOS="397" VPOS="1345" WIDTH="105" HEIGHT="30" CONTENT="durch" />
            <SP ID="SP_19956" HPOS="502" VPOS="1345" WIDTH="24" HEIGHT="0" />
            <String ID="Word_22488" HPOS="526" VPOS="1345" WIDTH="64" HEIGHT="31" CONTENT="den" />
            <SP ID="SP_19957" HPOS="590" VPOS="1345" WIDTH="26" HEIGHT="0" />
            <String ID="Word_22489" HPOS="616" VPOS="1345" WIDTH="264" HEIGHT="40" CONTENT="Hospitalbrand" />
            <SP ID="SP_19958" HPOS="880" VPOS="1345" WIDTH="24" HEIGHT="0" />
            <String ID="Word_22490" HPOS="904" VPOS="1347" WIDTH="154" HEIGHT="29" CONTENT="zerstört." />
          </TextLine>
          <TextLine ID="TextLine_2537" HPOS="203" VPOS="1420" WIDTH="1466" HEIGHT="51">
            <String ID="Word_22491" HPOS="203" VPOS="1421" WIDTH="137" HEIGHT="38" CONTENT="Leider" />
            <SP ID="SP_19959" HPOS="340" VPOS="1421" WIDTH="35" HEIGHT="0" />
            <String ID="Word_22492" HPOS="375" VPOS="1421" WIDTH="110" HEIGHT="37" CONTENT="weist" />
            <SP ID="SP_19960" HPOS="485" VPOS="1421" WIDTH="37" HEIGHT="0" />
            <String ID="Word_22493" HPOS="522" VPOS="1421" WIDTH="58" HEIGHT="37" CONTENT="die" />
            <SP ID="SP_19961" HPOS="580" VPOS="1420" WIDTH="39" HEIGHT="0" />
            <String ID="Word_22494" HPOS="619" VPOS="1420" WIDTH="117" HEIGHT="38" CONTENT="ältere" />
            <SP ID="SP_19962" HPOS="736" VPOS="1420" WIDTH="37" HEIGHT="0" />
            <String ID="Word_22495" HPOS="773" VPOS="1420" WIDTH="196" HEIGHT="38" CONTENT="Literatur" />
            <SP ID="SP_19963" HPOS="969" VPOS="1420" WIDTH="35" HEIGHT="0" />
            <String ID="Word_22496" HPOS="1004" VPOS="1421" WIDTH="112" HEIGHT="38" CONTENT="keine" />
            <SP ID="SP_19964" HPOS="1116" VPOS="1420" WIDTH="30" HEIGHT="0" />
            <String ID="Word_22497" HPOS="1146" VPOS="1420" WIDTH="192" HEIGHT="51" CONTENT="Angaben" />
            <SP ID="SP_19965" HPOS="1338" VPOS="1420" WIDTH="38" HEIGHT="0" />
            <String ID="Word_22498" HPOS="1376" VPOS="1421" WIDTH="70" HEIGHT="38" CONTENT="auf" />
            <SP ID="SP_19966" HPOS="1446" VPOS="1421" WIDTH="30" HEIGHT="0" />
            <String ID="Word_22499" HPOS="1476" VPOS="1422" WIDTH="96" HEIGHT="38" CONTENT="über" />
            <SP ID="SP_19967" HPOS="1572" VPOS="1422" WIDTH="37" HEIGHT="0" />
            <String ID="Word_22500" HPOS="1609" VPOS="1423" WIDTH="60" HEIGHT="38" CONTENT="die" />
          </TextLine>
          <TextLine ID="TextLine_2538" HPOS="77" VPOS="1474" WIDTH="1594" HEIGHT="51">
            <String ID="Word_22501" HPOS="77" VPOS="1474" WIDTH="227" HEIGHT="51" CONTENT="Häufigkeit" />
            <SP ID="SP_19968" HPOS="304" VPOS="1474" WIDTH="29" HEIGHT="0" />
            <String ID="Word_22502" HPOS="333" VPOS="1475" WIDTH="66" HEIGHT="37" CONTENT="der" />
            <SP ID="SP_19969" HPOS="399" VPOS="1474" WIDTH="18" HEIGHT="0" />
            <String ID="Word_22503" HPOS="417" VPOS="1474" WIDTH="223" HEIGHT="50" CONTENT="Blutungen" />
            <SP ID="SP_19970" HPOS="640" VPOS="1474" WIDTH="27" HEIGHT="0" />
            <String ID="Word_22504" HPOS="667" VPOS="1474" WIDTH="101" HEIGHT="38" CONTENT="beim" />
            <SP ID="SP_19971" HPOS="768" VPOS="1474" WIDTH="21" HEIGHT="0" />
            <String ID="Word_22505" HPOS="789" VPOS="1474" WIDTH="313" HEIGHT="38" CONTENT="Hospitalbrand." />
            <SP ID="SP_19972" HPOS="1102" VPOS="1474" WIDTH="57" HEIGHT="0" />
            <String ID="Word_22506" HPOS="1159" VPOS="1474" WIDTH="68" HEIGHT="38" CONTENT="Ich" />
            <SP ID="SP_19973" HPOS="1227" VPOS="1474" WIDTH="28" HEIGHT="0" />
            <String ID="Word_22507" HPOS="1255" VPOS="1475" WIDTH="92" HEIGHT="37" CONTENT="fand" />
            <SP ID="SP_19974" HPOS="1347" VPOS="1475" WIDTH="29" HEIGHT="0" />
            <String ID="Word_22508" HPOS="1376" VPOS="1488" WIDTH="72" HEIGHT="24" CONTENT="nur" />
            <SP ID="SP_19975" HPOS="1448" VPOS="1476" WIDTH="28" HEIGHT="0" />
            <String ID="Word_22509" HPOS="1476" VPOS="1476" WIDTH="63" HEIGHT="37" CONTENT="bei" />
            <SP ID="SP_19976" HPOS="1539" VPOS="1476" WIDTH="23" HEIGHT="0" />
            <String ID="Word_22510" HPOS="1562" VPOS="1476" WIDTH="109" HEIGHT="38" CONTENT="Hei-" />
          </TextLine>
          <TextLine ID="TextLine_2539" HPOS="75" VPOS="1526" WIDTH="1597" HEIGHT="52">
            <String ID="Word_22511" HPOS="75" VPOS="1528" WIDTH="123" HEIGHT="50" CONTENT="berg" />
            <SP ID="SP_19977" HPOS="198" VPOS="1528" WIDTH="29" HEIGHT="0" />
            <String ID="Word_22512" HPOS="227" VPOS="1529" WIDTH="59" HEIGHT="36" CONTENT="die" />
            <SP ID="SP_19978" HPOS="286" VPOS="1528" WIDTH="29" HEIGHT="0" />
            <String ID="Word_22513" HPOS="315" VPOS="1528" WIDTH="251" HEIGHT="37" CONTENT="interessante" />
            <SP ID="SP_19979" HPOS="566" VPOS="1526" WIDTH="30" HEIGHT="0" />
            <String ID="Word_22514" HPOS="596" VPOS="1526" WIDTH="174" HEIGHT="51" CONTENT="Angabe," />
            <SP ID="SP_19980" HPOS="770" VPOS="1526" WIDTH="40" HEIGHT="0" />
            <String ID="Word_22515" HPOS="810" VPOS="1528" WIDTH="85" HEIGHT="37" CONTENT="dass" />
            <SP ID="SP_19981" HPOS="895" VPOS="1528" WIDTH="39" HEIGHT="0" />
            <String ID="Word_22516" HPOS="934" VPOS="1541" WIDTH="40" HEIGHT="24" CONTENT="er" />
            <SP ID="SP_19982" HPOS="974" VPOS="1530" WIDTH="36" HEIGHT="0" />
            <String ID="Word_22517" HPOS="1010" VPOS="1530" WIDTH="113" HEIGHT="35" CONTENT="unter" />
            <SP ID="SP_19983" HPOS="1123" VPOS="1528" WIDTH="38" HEIGHT="0" />
            <String ID="Word_22518" HPOS="1161" VPOS="1528" WIDTH="49" HEIGHT="37" CONTENT="89" />
            <SP ID="SP_19984" HPOS="1210" VPOS="1527" WIDTH="29" HEIGHT="0" />
            <String ID="Word_22519" HPOS="1239" VPOS="1527" WIDTH="433" HEIGHT="40" CONTENT="Hospitalbrandfällen" />
          </TextLine>
          <TextLine ID="TextLine_2540" HPOS="75" VPOS="1580" WIDTH="1594" HEIGHT="51">
            <String ID="Word_22520" HPOS="75" VPOS="1581" WIDTH="101" HEIGHT="37" CONTENT="7mal" />
            <SP ID="SP_19985" HPOS="176" VPOS="1581" WIDTH="28" HEIGHT="0" />
            <String ID="Word_22521" HPOS="204" VPOS="1581" WIDTH="171" HEIGHT="49" CONTENT="Blutung" />
            <SP ID="SP_19986" HPOS="375" VPOS="1580" WIDTH="30" HEIGHT="0" />
            <String ID="Word_22522" HPOS="405" VPOS="1580" WIDTH="247" HEIGHT="38" CONTENT="beobachtete" />
            <SP ID="SP_19987" HPOS="652" VPOS="1580" WIDTH="38" HEIGHT="0" />
            <String ID="Word_22523" HPOS="690" VPOS="1581" WIDTH="77" HEIGHT="37" CONTENT="und" />
            <SP ID="SP_19988" HPOS="767" VPOS="1581" WIDTH="37" HEIGHT="0" />
            <String ID="Word_22524" HPOS="804" VPOS="1595" WIDTH="99" HEIGHT="23" CONTENT="zwar" />
            <SP ID="SP_19989" HPOS="903" VPOS="1581" WIDTH="38" HEIGHT="0" />
            <String ID="Word_22525" HPOS="941" VPOS="1581" WIDTH="140" HEIGHT="37" CONTENT="einmal" />
            <SP ID="SP_19990" HPOS="1081" VPOS="1581" WIDTH="35" HEIGHT="0" />
            <String ID="Word_22526" HPOS="1116" VPOS="1581" WIDTH="82" HEIGHT="38" CONTENT="eine" />
            <SP ID="SP_19991" HPOS="1198" VPOS="1581" WIDTH="28" HEIGHT="0" />
            <String ID="Word_22527" HPOS="1226" VPOS="1582" WIDTH="366" HEIGHT="49" CONTENT="parenchymatöse;" />
            <SP ID="SP_19992" HPOS="1592" VPOS="1582" WIDTH="38" HEIGHT="0" />
            <String ID="Word_22528" HPOS="1630" VPOS="1584" WIDTH="39" HEIGHT="38" CONTENT="in" />
          </TextLine>
          <TextLine ID="TextLine_2541" HPOS="72" VPOS="1633" WIDTH="1598" HEIGHT="50">
            <String ID="Word_22529" HPOS="72" VPOS="1635" WIDTH="23" HEIGHT="36" CONTENT="6" />
            <SP ID="SP_19993" HPOS="95" VPOS="1634" WIDTH="31" HEIGHT="0" />
            <String ID="Word_22530" HPOS="126" VPOS="1634" WIDTH="132" HEIGHT="37" CONTENT="Fällen" />
            <SP ID="SP_19994" HPOS="258" VPOS="1634" WIDTH="29" HEIGHT="0" />
            <String ID="Word_22531" HPOS="287" VPOS="1634" WIDTH="68" HEIGHT="38" CONTENT="sah" />
            <SP ID="SP_19995" HPOS="355" VPOS="1634" WIDTH="28" HEIGHT="0" />
            <String ID="Word_22532" HPOS="383" VPOS="1648" WIDTH="89" HEIGHT="23" CONTENT="man" />
            <SP ID="SP_19996" HPOS="472" VPOS="1634" WIDTH="30" HEIGHT="0" />
            <String ID="Word_22533" HPOS="502" VPOS="1634" WIDTH="82" HEIGHT="37" CONTENT="eine" />
            <SP ID="SP_19997" HPOS="584" VPOS="1633" WIDTH="30" HEIGHT="0" />
            <String ID="Word_22534" HPOS="614" VPOS="1633" WIDTH="154" HEIGHT="38" CONTENT="Arterie" />
            <SP ID="SP_19998" HPOS="768" VPOS="1633" WIDTH="29" HEIGHT="0" />
            <String ID="Word_22535" HPOS="797" VPOS="1634" WIDTH="178" HEIGHT="49" CONTENT="spritzen." />
            <SP ID="SP_19999" HPOS="975" VPOS="1634" WIDTH="59" HEIGHT="0" />
            <String ID="Word_22536" HPOS="1034" VPOS="1634" WIDTH="125" HEIGHT="38" CONTENT="Unter" />
            <SP ID="SP_20000" HPOS="1159" VPOS="1634" WIDTH="24" HEIGHT="0" />
            <String ID="Word_22537" HPOS="1183" VPOS="1635" WIDTH="130" HEIGHT="37" CONTENT="diesen" />
            <SP ID="SP_20001" HPOS="1313" VPOS="1635" WIDTH="23" HEIGHT="0" />
            <String ID="Word_22538" HPOS="1336" VPOS="1636" WIDTH="19" HEIGHT="37" CONTENT="7" />
            <SP ID="SP_20002" HPOS="1355" VPOS="1635" WIDTH="23" HEIGHT="0" />
            <String ID="Word_22539" HPOS="1378" VPOS="1635" WIDTH="135" HEIGHT="39" CONTENT="Fällen" />
            <SP ID="SP_20003" HPOS="1513" VPOS="1635" WIDTH="20" HEIGHT="0" />
            <String ID="Word_22540" HPOS="1533" VPOS="1637" WIDTH="137" HEIGHT="38" CONTENT="hatten" />
          </TextLine>
          <TextLine ID="TextLine_2542" HPOS="73" VPOS="1686" WIDTH="1597" HEIGHT="53">
            <String ID="Word_22541" HPOS="73" VPOS="1688" WIDTH="21" HEIGHT="36" CONTENT="2" />
            <SP ID="SP_20004" HPOS="94" VPOS="1688" WIDTH="32" HEIGHT="0" />
            <String ID="Word_22542" HPOS="126" VPOS="1688" WIDTH="109" HEIGHT="37" CONTENT="einen" />
            <SP ID="SP_20005" HPOS="235" VPOS="1687" WIDTH="28" HEIGHT="0" />
            <String ID="Word_22543" HPOS="263" VPOS="1687" WIDTH="212" HEIGHT="38" CONTENT="tödtlichen" />
            <SP ID="SP_20006" HPOS="475" VPOS="1686" WIDTH="29" HEIGHT="0" />
            <String ID="Word_22544" HPOS="504" VPOS="1686" WIDTH="198" HEIGHT="51" CONTENT="Ausgang." />
            <SP ID="SP_20007" HPOS="702" VPOS="1686" WIDTH="58" HEIGHT="0" />
            <String ID="Word_22545" HPOS="760" VPOS="1687" WIDTH="72" HEIGHT="38" CONTENT="Die" />
            <SP ID="SP_20008" HPOS="832" VPOS="1687" WIDTH="28" HEIGHT="0" />
            <String ID="Word_22546" HPOS="860" VPOS="1687" WIDTH="196" HEIGHT="38" CONTENT="Literatur" />
            <SP ID="SP_20009" HPOS="1056" VPOS="1687" WIDTH="35" HEIGHT="0" />
            <String ID="Word_22547" HPOS="1091" VPOS="1691" WIDTH="109" HEIGHT="35" CONTENT="weist" />
            <SP ID="SP_20010" HPOS="1200" VPOS="1688" WIDTH="39" HEIGHT="0" />
            <String ID="Word_22548" HPOS="1239" VPOS="1688" WIDTH="83" HEIGHT="38" CONTENT="eine" />
            <SP ID="SP_20011" HPOS="1322" VPOS="1688" WIDTH="30" HEIGHT="0" />
            <String ID="Word_22549" HPOS="1352" VPOS="1702" WIDTH="134" HEIGHT="37" CONTENT="grosse" />
            <SP ID="SP_20012" HPOS="1486" VPOS="1690" WIDTH="30" HEIGHT="0" />
            <String ID="Word_22550" HPOS="1516" VPOS="1690" WIDTH="154" HEIGHT="39" CONTENT="Anzahl" />
          </TextLine>
          <TextLine ID="TextLine_2543" HPOS="70" VPOS="1740" WIDTH="1593" HEIGHT="51">
            <String ID="Word_22551" HPOS="70" VPOS="1753" WIDTH="75" HEIGHT="25" CONTENT="von" />
            <SP ID="SP_20013" HPOS="145" VPOS="1740" WIDTH="18" HEIGHT="0" />
            <String ID="Word_22552" HPOS="163" VPOS="1740" WIDTH="328" HEIGHT="39" CONTENT="Beobachtungen" />
            <SP ID="SP_20014" HPOS="491" VPOS="1740" WIDTH="20" HEIGHT="0" />
            <String ID="Word_22553" HPOS="511" VPOS="1754" WIDTH="75" HEIGHT="24" CONTENT="von" />
            <SP ID="SP_20015" HPOS="586" VPOS="1740" WIDTH="20" HEIGHT="0" />
            <String ID="Word_22554" HPOS="606" VPOS="1740" WIDTH="224" HEIGHT="51" CONTENT="Blutungen" />
            <SP ID="SP_20016" HPOS="830" VPOS="1740" WIDTH="29" HEIGHT="0" />
            <String ID="Word_22555" HPOS="859" VPOS="1754" WIDTH="67" HEIGHT="24" CONTENT="aus" />
            <SP ID="SP_20017" HPOS="926" VPOS="1741" WIDTH="22" HEIGHT="0" />
            <String ID="Word_22556" HPOS="948" VPOS="1741" WIDTH="89" HEIGHT="37" CONTENT="sehr" />
            <SP ID="SP_20018" HPOS="1037" VPOS="1741" WIDTH="19" HEIGHT="0" />
            <String ID="Word_22557" HPOS="1056" VPOS="1742" WIDTH="299" HEIGHT="38" CONTENT="verschiedenen" />
            <SP ID="SP_20019" HPOS="1355" VPOS="1742" WIDTH="21" HEIGHT="0" />
            <String ID="Word_22558" HPOS="1376" VPOS="1742" WIDTH="183" HEIGHT="39" CONTENT="Arterien" />
            <SP ID="SP_20020" HPOS="1559" VPOS="1742" WIDTH="21" HEIGHT="0" />
            <String ID="Word_22559" HPOS="1580" VPOS="1745" WIDTH="83" HEIGHT="45" CONTENT="auf;" />
          </TextLine>
          <TextLine ID="TextLine_2544" HPOS="200" VPOS="1824" WIDTH="1465" HEIGHT="46">
            <String ID="Word_22560" HPOS="200" VPOS="1824" WIDTH="42" HEIGHT="31" CONTENT="So" />
            <SP ID="SP_20021" HPOS="242" VPOS="1824" WIDTH="25" HEIGHT="0" />
            <String ID="Word_22561" HPOS="267" VPOS="1835" WIDTH="26" HEIGHT="21" CONTENT="z." />
            <SP ID="SP_20022" HPOS="293" VPOS="1825" WIDTH="18" HEIGHT="0" />
            <String ID="Word_22562" HPOS="311" VPOS="1825" WIDTH="35" HEIGHT="30" CONTENT="B." />
            <SP ID="SP_20023" HPOS="346" VPOS="1825" WIDTH="25" HEIGHT="0" />
            <String ID="Word_22563" HPOS="371" VPOS="1834" WIDTH="59" HEIGHT="21" CONTENT="aus" />
            <SP ID="SP_20024" HPOS="430" VPOS="1825" WIDTH="25" HEIGHT="0" />
            <String ID="Word_22564" HPOS="455" VPOS="1825" WIDTH="59" HEIGHT="30" CONTENT="der" />
            <SP ID="SP_20025" HPOS="514" VPOS="1825" WIDTH="23" HEIGHT="0" />
            <String ID="Word_22565" HPOS="537" VPOS="1825" WIDTH="179" HEIGHT="31" CONTENT="Subclavia" />
            <SP ID="SP_20026" HPOS="716" VPOS="1825" WIDTH="22" HEIGHT="0" />
            <String ID="Word_22566" HPOS="738" VPOS="1827" WIDTH="36" HEIGHT="29" CONTENT="in" />
            <SP ID="SP_20027" HPOS="774" VPOS="1826" WIDTH="25" HEIGHT="0" />
            <String ID="Word_22567" HPOS="799" VPOS="1826" WIDTH="77" HEIGHT="30" CONTENT="dem" />
            <SP ID="SP_20028" HPOS="876" VPOS="1826" WIDTH="25" HEIGHT="0" />
            <String ID="Word_22568" HPOS="901" VPOS="1827" WIDTH="88" HEIGHT="30" CONTENT="oben" />
            <SP ID="SP_20029" HPOS="989" VPOS="1827" WIDTH="26" HEIGHT="0" />
            <String ID="Word_22569" HPOS="1015" VPOS="1827" WIDTH="252" HEIGHT="40" CONTENT="mitgetlieilten" />
            <SP ID="SP_20030" HPOS="1267" VPOS="1827" WIDTH="23" HEIGHT="0" />
            <String ID="Word_22570" HPOS="1290" VPOS="1828" WIDTH="94" HEIGHT="31" CONTENT="Falle" />
            <SP ID="SP_20031" HPOS="1384" VPOS="1828" WIDTH="26" HEIGHT="0" />
            <String ID="Word_22571" HPOS="1410" VPOS="1839" WIDTH="65" HEIGHT="21" CONTENT="von" />
            <SP ID="SP_20032" HPOS="1475" VPOS="1830" WIDTH="26" HEIGHT="0" />
            <String ID="Word_22572" HPOS="1501" VPOS="1830" WIDTH="164" HEIGHT="40" CONTENT="Marmy." />
          </TextLine>
          <TextLine ID="TextLine_2545" HPOS="73" VPOS="1867" WIDTH="1593" HEIGHT="43">
            <String ID="Word_22573" HPOS="73" VPOS="1867" WIDTH="70" HEIGHT="30" CONTENT="Aus" />
            <SP ID="SP_20033" HPOS="143" VPOS="1867" WIDTH="24" HEIGHT="0" />
            <String ID="Word_22574" HPOS="167" VPOS="1868" WIDTH="60" HEIGHT="29" CONTENT="der" />
            <SP ID="SP_20034" HPOS="227" VPOS="1868" WIDTH="22" HEIGHT="0" />
            <String ID="Word_22575" HPOS="249" VPOS="1868" WIDTH="41" HEIGHT="30" CONTENT="A." />
            <SP ID="SP_20035" HPOS="290" VPOS="1867" WIDTH="25" HEIGHT="0" />
            <String ID="Word_22576" HPOS="315" VPOS="1867" WIDTH="172" HEIGHT="31" CONTENT="femoralis" />
            <SP ID="SP_20036" HPOS="487" VPOS="1867" WIDTH="24" HEIGHT="0" />
            <String ID="Word_22577" HPOS="511" VPOS="1868" WIDTH="136" HEIGHT="30" CONTENT="werden" />
            <SP ID="SP_20037" HPOS="647" VPOS="1868" WIDTH="24" HEIGHT="0" />
            <String ID="Word_22578" HPOS="671" VPOS="1869" WIDTH="19" HEIGHT="32" CONTENT="3" />
            <SP ID="SP_20038" HPOS="690" VPOS="1869" WIDTH="24" HEIGHT="0" />
            <String ID="Word_22579" HPOS="714" VPOS="1869" WIDTH="92" HEIGHT="30" CONTENT="Fälle" />
            <SP ID="SP_20039" HPOS="806" VPOS="1869" WIDTH="24" HEIGHT="0" />
            <String ID="Word_22580" HPOS="830" VPOS="1878" WIDTH="66" HEIGHT="21" CONTENT="von" />
            <SP ID="SP_20040" HPOS="896" VPOS="1869" WIDTH="24" HEIGHT="0" />
            <String ID="Word_22581" HPOS="920" VPOS="1869" WIDTH="151" HEIGHT="41" CONTENT="Blutung" />
            <SP ID="SP_20041" HPOS="1071" VPOS="1869" WIDTH="23" HEIGHT="0" />
            <String ID="Word_22582" HPOS="1094" VPOS="1879" WIDTH="68" HEIGHT="21" CONTENT="von" />
            <SP ID="SP_20042" HPOS="1162" VPOS="1871" WIDTH="23" HEIGHT="0" />
            <String ID="Word_22583" HPOS="1185" VPOS="1871" WIDTH="179" HEIGHT="39" CONTENT="Wenzel," />
            <SP ID="SP_20043" HPOS="1364" VPOS="1871" WIDTH="32" HEIGHT="0" />
            <String ID="Word_22584" HPOS="1396" VPOS="1872" WIDTH="167" HEIGHT="31" CONTENT="Hennen" />
            <SP ID="SP_20044" HPOS="1563" VPOS="1872" WIDTH="33" HEIGHT="0" />
            <String ID="Word_22585" HPOS="1596" VPOS="1874" WIDTH="70" HEIGHT="30" CONTENT="und" />
          </TextLine>
          <TextLine ID="TextLine_2546" HPOS="72" VPOS="1910" WIDTH="1593" HEIGHT="43">
            <String ID="Word_22586" HPOS="72" VPOS="1910" WIDTH="142" HEIGHT="40" CONTENT="König" />
            <SP ID="SP_20045" HPOS="214" VPOS="1910" WIDTH="23" HEIGHT="0" />
            <String ID="Word_22587" HPOS="237" VPOS="1910" WIDTH="179" HEIGHT="39" CONTENT="berichtet;" />
            <SP ID="SP_20046" HPOS="416" VPOS="1910" WIDTH="25" HEIGHT="0" />
            <String ID="Word_22588" HPOS="441" VPOS="1920" WIDTH="59" HEIGHT="20" CONTENT="aus" />
            <SP ID="SP_20047" HPOS="500" VPOS="1911" WIDTH="25" HEIGHT="0" />
            <String ID="Word_22589" HPOS="525" VPOS="1911" WIDTH="59" HEIGHT="30" CONTENT="der" />
            <SP ID="SP_20048" HPOS="584" VPOS="1911" WIDTH="24" HEIGHT="0" />
            <String ID="Word_22590" HPOS="608" VPOS="1912" WIDTH="39" HEIGHT="29" CONTENT="A." />
            <SP ID="SP_20049" HPOS="647" VPOS="1912" WIDTH="26" HEIGHT="0" />
            <String ID="Word_22591" HPOS="673" VPOS="1912" WIDTH="152" HEIGHT="30" CONTENT="axillaris" />
            <SP ID="SP_20050" HPOS="825" VPOS="1912" WIDTH="30" HEIGHT="0" />
            <String ID="Word_22592" HPOS="855" VPOS="1912" WIDTH="18" HEIGHT="31" CONTENT="2" />
            <SP ID="SP_20051" HPOS="873" VPOS="1912" WIDTH="25" HEIGHT="0" />
            <String ID="Word_22593" HPOS="898" VPOS="1912" WIDTH="92" HEIGHT="30" CONTENT="Fälle" />
            <SP ID="SP_20052" HPOS="990" VPOS="1912" WIDTH="25" HEIGHT="0" />
            <String ID="Word_22594" HPOS="1015" VPOS="1922" WIDTH="67" HEIGHT="21" CONTENT="von" />
            <SP ID="SP_20053" HPOS="1082" VPOS="1913" WIDTH="24" HEIGHT="0" />
            <String ID="Word_22595" HPOS="1106" VPOS="1913" WIDTH="200" HEIGHT="40" CONTENT="Delpech" />
            <SP ID="SP_20054" HPOS="1306" VPOS="1913" WIDTH="32" HEIGHT="0" />
            <String ID="Word_22596" HPOS="1338" VPOS="1915" WIDTH="68" HEIGHT="30" CONTENT="und" />
            <SP ID="SP_20055" HPOS="1406" VPOS="1915" WIDTH="26" HEIGHT="0" />
            <String ID="Word_22597" HPOS="1432" VPOS="1916" WIDTH="19" HEIGHT="31" CONTENT="2" />
            <SP ID="SP_20056" HPOS="1451" VPOS="1916" WIDTH="24" HEIGHT="0" />
            <String ID="Word_22598" HPOS="1475" VPOS="1916" WIDTH="93" HEIGHT="30" CONTENT="Fälle" />
            <SP ID="SP_20057" HPOS="1568" VPOS="1916" WIDTH="30" HEIGHT="0" />
            <String ID="Word_22599" HPOS="1598" VPOS="1926" WIDTH="67" HEIGHT="21" CONTENT="von" />
          </TextLine>
          <TextLine ID="TextLine_2547" HPOS="72" VPOS="1952" WIDTH="1594" HEIGHT="47">
            <String ID="Word_22600" HPOS="72" VPOS="1952" WIDTH="182" HEIGHT="40" CONTENT="Hennen;" />
            <SP ID="SP_20058" HPOS="254" VPOS="1952" WIDTH="25" HEIGHT="0" />
            <String ID="Word_22601" HPOS="279" VPOS="1962" WIDTH="59" HEIGHT="20" CONTENT="aus" />
            <SP ID="SP_20059" HPOS="338" VPOS="1953" WIDTH="24" HEIGHT="0" />
            <String ID="Word_22602" HPOS="362" VPOS="1953" WIDTH="59" HEIGHT="29" CONTENT="der" />
            <SP ID="SP_20060" HPOS="421" VPOS="1953" WIDTH="25" HEIGHT="0" />
            <String ID="Word_22603" HPOS="446" VPOS="1953" WIDTH="132" HEIGHT="30" CONTENT="ülnaris" />
            <SP ID="SP_20061" HPOS="578" VPOS="1953" WIDTH="24" HEIGHT="0" />
            <String ID="Word_22604" HPOS="602" VPOS="1954" WIDTH="19" HEIGHT="32" CONTENT="3" />
            <SP ID="SP_20062" HPOS="621" VPOS="1953" WIDTH="25" HEIGHT="0" />
            <String ID="Word_22605" HPOS="646" VPOS="1953" WIDTH="91" HEIGHT="31" CONTENT="Fälle" />
            <SP ID="SP_20063" HPOS="737" VPOS="1953" WIDTH="25" HEIGHT="0" />
            <String ID="Word_22606" HPOS="762" VPOS="1963" WIDTH="65" HEIGHT="21" CONTENT="von" />
            <SP ID="SP_20064" HPOS="827" VPOS="1963" WIDTH="24" HEIGHT="0" />
            <String ID="Word_22607" HPOS="851" VPOS="1965" WIDTH="30" HEIGHT="20" CONTENT="v." />
            <SP ID="SP_20065" HPOS="881" VPOS="1954" WIDTH="25" HEIGHT="0" />
            <String ID="Word_22608" HPOS="906" VPOS="1954" WIDTH="141" HEIGHT="40" CONTENT="Pitha," />
            <SP ID="SP_20066" HPOS="1047" VPOS="1954" WIDTH="24" HEIGHT="0" />
            <String ID="Word_22609" HPOS="1071" VPOS="1956" WIDTH="152" HEIGHT="39" CONTENT="Marmy" />
            <SP ID="SP_20067" HPOS="1223" VPOS="1956" WIDTH="23" HEIGHT="0" />
            <String ID="Word_22610" HPOS="1246" VPOS="1957" WIDTH="71" HEIGHT="30" CONTENT="und" />
            <SP ID="SP_20068" HPOS="1317" VPOS="1957" WIDTH="24" HEIGHT="0" />
            <String ID="Word_22611" HPOS="1341" VPOS="1957" WIDTH="151" HEIGHT="42" CONTENT="König;" />
            <SP ID="SP_20069" HPOS="1492" VPOS="1957" WIDTH="28" HEIGHT="0" />
            <String ID="Word_22612" HPOS="1520" VPOS="1968" WIDTH="60" HEIGHT="21" CONTENT="aus" />
            <SP ID="SP_20070" HPOS="1580" VPOS="1960" WIDTH="25" HEIGHT="0" />
            <String ID="Word_22613" HPOS="1605" VPOS="1960" WIDTH="61" HEIGHT="30" CONTENT="der" />
          </TextLine>
          <TextLine ID="TextLine_2548" HPOS="68" VPOS="1995" WIDTH="1595" HEIGHT="48">
            <String ID="Word_22614" HPOS="68" VPOS="1995" WIDTH="141" HEIGHT="30" CONTENT="Tibialis" />
            <SP ID="SP_20071" HPOS="209" VPOS="1995" WIDTH="33" HEIGHT="0" />
            <String ID="Word_22615" HPOS="242" VPOS="1997" WIDTH="110" HEIGHT="28" CONTENT="antica" />
            <SP ID="SP_20072" HPOS="352" VPOS="1997" WIDTH="30" HEIGHT="0" />
            <String ID="Word_22616" HPOS="382" VPOS="2005" WIDTH="63" HEIGHT="20" CONTENT="von" />
            <SP ID="SP_20073" HPOS="445" VPOS="1996" WIDTH="32" HEIGHT="0" />
            <String ID="Word_22617" HPOS="477" VPOS="1996" WIDTH="175" HEIGHT="40" CONTENT="Marmy;" />
            <SP ID="SP_20074" HPOS="652" VPOS="1996" WIDTH="35" HEIGHT="0" />
            <String ID="Word_22618" HPOS="687" VPOS="2006" WIDTH="58" HEIGHT="21" CONTENT="aus" />
            <SP ID="SP_20075" HPOS="745" VPOS="1997" WIDTH="32" HEIGHT="0" />
            <String ID="Word_22619" HPOS="777" VPOS="1997" WIDTH="59" HEIGHT="30" CONTENT="der" />
            <SP ID="SP_20076" HPOS="836" VPOS="1997" WIDTH="30" HEIGHT="0" />
            <String ID="Word_22620" HPOS="866" VPOS="1997" WIDTH="203" HEIGHT="31" CONTENT="Malleolaris" />
            <SP ID="SP_20077" HPOS="1069" VPOS="1997" WIDTH="31" HEIGHT="0" />
            <String ID="Word_22621" HPOS="1100" VPOS="1999" WIDTH="57" HEIGHT="30" CONTENT="lat." />
            <SP ID="SP_20078" HPOS="1157" VPOS="1999" WIDTH="31" HEIGHT="0" />
            <String ID="Word_22622" HPOS="1188" VPOS="1999" WIDTH="69" HEIGHT="30" CONTENT="und" />
            <SP ID="SP_20079" HPOS="1257" VPOS="1999" WIDTH="25" HEIGHT="0" />
            <String ID="Word_22623" HPOS="1282" VPOS="2000" WIDTH="88" HEIGHT="31" CONTENT="med." />
            <SP ID="SP_20080" HPOS="1370" VPOS="2000" WIDTH="30" HEIGHT="0" />
            <String ID="Word_22624" HPOS="1400" VPOS="2010" WIDTH="67" HEIGHT="21" CONTENT="von" />
            <SP ID="SP_20081" HPOS="1467" VPOS="2002" WIDTH="32" HEIGHT="0" />
            <String ID="Word_22625" HPOS="1499" VPOS="2002" WIDTH="164" HEIGHT="41" CONTENT="Moore;" />
          </TextLine>
          <TextLine ID="TextLine_2549" HPOS="69" VPOS="2038" WIDTH="1595" HEIGHT="47">
            <String ID="Word_22626" HPOS="69" VPOS="2047" WIDTH="60" HEIGHT="20" CONTENT="aus" />
            <SP ID="SP_20082" HPOS="129" VPOS="2038" WIDTH="24" HEIGHT="0" />
            <String ID="Word_22627" HPOS="153" VPOS="2038" WIDTH="59" HEIGHT="30" CONTENT="der" />
            <SP ID="SP_20083" HPOS="212" VPOS="2038" WIDTH="24" HEIGHT="0" />
            <String ID="Word_22628" HPOS="236" VPOS="2038" WIDTH="149" HEIGHT="30" CONTENT="Radialis" />
            <SP ID="SP_20084" HPOS="385" VPOS="2038" WIDTH="27" HEIGHT="0" />
            <String ID="Word_22629" HPOS="412" VPOS="2038" WIDTH="66" HEIGHT="30" CONTENT="und" />
            <SP ID="SP_20085" HPOS="478" VPOS="2038" WIDTH="24" HEIGHT="0" />
            <String ID="Word_22630" HPOS="502" VPOS="2039" WIDTH="192" HEIGHT="30" CONTENT="Interossea" />
            <SP ID="SP_20086" HPOS="694" VPOS="2039" WIDTH="22" HEIGHT="0" />
            <String ID="Word_22631" HPOS="716" VPOS="2040" WIDTH="69" HEIGHT="30" CONTENT="und" />
            <SP ID="SP_20087" HPOS="785" VPOS="2040" WIDTH="31" HEIGHT="0" />
            <String ID="Word_22632" HPOS="816" VPOS="2049" WIDTH="60" HEIGHT="21" CONTENT="aus" />
            <SP ID="SP_20088" HPOS="876" VPOS="2041" WIDTH="29" HEIGHT="0" />
            <String ID="Word_22633" HPOS="905" VPOS="2041" WIDTH="157" HEIGHT="30" CONTENT="letzterer" />
            <SP ID="SP_20089" HPOS="1062" VPOS="2041" WIDTH="24" HEIGHT="0" />
            <String ID="Word_22634" HPOS="1086" VPOS="2042" WIDTH="100" HEIGHT="30" CONTENT="allein" />
            <SP ID="SP_20090" HPOS="1186" VPOS="2042" WIDTH="28" HEIGHT="0" />
            <String ID="Word_22635" HPOS="1214" VPOS="2043" WIDTH="166" HEIGHT="30" CONTENT="ebenfalls" />
            <SP ID="SP_20091" HPOS="1380" VPOS="2043" WIDTH="24" HEIGHT="0" />
            <String ID="Word_22636" HPOS="1404" VPOS="2053" WIDTH="67" HEIGHT="21" CONTENT="von" />
            <SP ID="SP_20092" HPOS="1471" VPOS="2045" WIDTH="24" HEIGHT="0" />
            <String ID="Word_22637" HPOS="1495" VPOS="2045" WIDTH="169" HEIGHT="40" CONTENT="Moore;" />
          </TextLine>
          <TextLine ID="TextLine_2550" HPOS="69" VPOS="2081" WIDTH="1591" HEIGHT="47">
            <String ID="Word_22638" HPOS="69" VPOS="2089" WIDTH="59" HEIGHT="20" CONTENT="aus" />
            <SP ID="SP_20093" HPOS="128" VPOS="2082" WIDTH="24" HEIGHT="0" />
            <String ID="Word_22639" HPOS="152" VPOS="2089" WIDTH="92" HEIGHT="21" CONTENT="einer" />
            <SP ID="SP_20094" HPOS="244" VPOS="2081" WIDTH="16" HEIGHT="0" />
            <String ID="Word_22640" HPOS="260" VPOS="2081" WIDTH="254" HEIGHT="30" CONTENT="Scrolalarterie" />
            <SP ID="SP_20095" HPOS="514" VPOS="2081" WIDTH="25" HEIGHT="0" />
            <String ID="Word_22641" HPOS="539" VPOS="2091" WIDTH="65" HEIGHT="21" CONTENT="von" />
            <SP ID="SP_20096" HPOS="604" VPOS="2091" WIDTH="18" HEIGHT="0" />
            <String ID="Word_22642" HPOS="622" VPOS="2092" WIDTH="28" HEIGHT="20" CONTENT="v." />
            <SP ID="SP_20097" HPOS="650" VPOS="2083" WIDTH="18" HEIGHT="0" />
            <String ID="Word_22643" HPOS="668" VPOS="2083" WIDTH="136" HEIGHT="30" CONTENT="Pitha;" />
            <SP ID="SP_20098" HPOS="804" VPOS="2083" WIDTH="24" HEIGHT="0" />
            <String ID="Word_22644" HPOS="828" VPOS="2092" WIDTH="59" HEIGHT="21" CONTENT="aus" />
            <SP ID="SP_20099" HPOS="887" VPOS="2083" WIDTH="25" HEIGHT="0" />
            <String ID="Word_22645" HPOS="912" VPOS="2083" WIDTH="60" HEIGHT="31" CONTENT="der" />
            <SP ID="SP_20100" HPOS="972" VPOS="2083" WIDTH="16" HEIGHT="0" />
            <String ID="Word_22646" HPOS="988" VPOS="2083" WIDTH="208" HEIGHT="31" CONTENT="Transversa" />
            <SP ID="SP_20101" HPOS="1196" VPOS="2083" WIDTH="16" HEIGHT="0" />
            <String ID="Word_22647" HPOS="1212" VPOS="2087" WIDTH="130" HEIGHT="37" CONTENT="perinei" />
            <SP ID="SP_20102" HPOS="1342" VPOS="2087" WIDTH="16" HEIGHT="0" />
            <String ID="Word_22648" HPOS="1358" VPOS="2095" WIDTH="67" HEIGHT="21" CONTENT="von" />
            <SP ID="SP_20103" HPOS="1425" VPOS="2087" WIDTH="19" HEIGHT="0" />
            <String ID="Word_22649" HPOS="1444" VPOS="2087" WIDTH="216" HEIGHT="41" CONTENT="demselben;" />
          </TextLine>
          <TextLine ID="TextLine_2551" HPOS="69" VPOS="2123" WIDTH="1593" HEIGHT="46">
            <String ID="Word_22650" HPOS="69" VPOS="2131" WIDTH="59" HEIGHT="21" CONTENT="aus" />
            <SP ID="SP_20104" HPOS="128" VPOS="2124" WIDTH="24" HEIGHT="0" />
            <String ID="Word_22651" HPOS="152" VPOS="2124" WIDTH="109" HEIGHT="29" CONTENT="einem" />
            <SP ID="SP_20105" HPOS="261" VPOS="2124" WIDTH="23" HEIGHT="0" />
            <String ID="Word_22652" HPOS="284" VPOS="2124" WIDTH="63" HEIGHT="29" CONTENT="Ast" />
            <SP ID="SP_20106" HPOS="347" VPOS="2123" WIDTH="28" HEIGHT="0" />
            <String ID="Word_22653" HPOS="375" VPOS="2123" WIDTH="59" HEIGHT="30" CONTENT="der" />
            <SP ID="SP_20107" HPOS="434" VPOS="2123" WIDTH="22" HEIGHT="0" />
            <String ID="Word_22654" HPOS="456" VPOS="2123" WIDTH="142" HEIGHT="31" CONTENT="Glutaea" />
            <SP ID="SP_20108" HPOS="598" VPOS="2123" WIDTH="23" HEIGHT="0" />
            <String ID="Word_22655" HPOS="621" VPOS="2133" WIDTH="66" HEIGHT="22" CONTENT="von" />
            <SP ID="SP_20109" HPOS="687" VPOS="2125" WIDTH="25" HEIGHT="0" />
            <String ID="Word_22656" HPOS="712" VPOS="2125" WIDTH="200" HEIGHT="31" CONTENT="Fischer;" />
            <SP ID="SP_20110" HPOS="912" VPOS="2125" WIDTH="36" HEIGHT="0" />
            <String ID="Word_22657" HPOS="948" VPOS="2136" WIDTH="59" HEIGHT="20" CONTENT="aus" />
            <SP ID="SP_20111" HPOS="1007" VPOS="2126" WIDTH="26" HEIGHT="0" />
            <String ID="Word_22658" HPOS="1033" VPOS="2126" WIDTH="59" HEIGHT="31" CONTENT="der" />
            <SP ID="SP_20112" HPOS="1092" VPOS="2126" WIDTH="23" HEIGHT="0" />
            <String ID="Word_22659" HPOS="1115" VPOS="2127" WIDTH="74" HEIGHT="31" CONTENT="Art." />
            <SP ID="SP_20113" HPOS="1189" VPOS="2127" WIDTH="26" HEIGHT="0" />
            <String ID="Word_22660" HPOS="1215" VPOS="2129" WIDTH="169" HEIGHT="30" CONTENT="articular." />
            <SP ID="SP_20114" HPOS="1384" VPOS="2129" WIDTH="26" HEIGHT="0" />
            <String ID="Word_22661" HPOS="1410" VPOS="2139" WIDTH="91" HEIGHT="30" CONTENT="genu" />
            <SP ID="SP_20115" HPOS="1501" VPOS="2131" WIDTH="24" HEIGHT="0" />
            <String ID="Word_22662" HPOS="1525" VPOS="2131" WIDTH="19" HEIGHT="30" CONTENT="2" />
            <SP ID="SP_20116" HPOS="1544" VPOS="2131" WIDTH="24" HEIGHT="0" />
            <String ID="Word_22663" HPOS="1568" VPOS="2131" WIDTH="94" HEIGHT="30" CONTENT="Fälle" />
          </TextLine>
          <TextLine ID="TextLine_2552" HPOS="70" VPOS="2165" WIDTH="1590" HEIGHT="43">
            <String ID="Word_22664" HPOS="70" VPOS="2173" WIDTH="65" HEIGHT="21" CONTENT="von" />
            <SP ID="SP_20117" HPOS="135" VPOS="2173" WIDTH="30" HEIGHT="0" />
            <String ID="Word_22665" HPOS="165" VPOS="2175" WIDTH="29" HEIGHT="20" CONTENT="V." />
            <SP ID="SP_20118" HPOS="194" VPOS="2165" WIDTH="24" HEIGHT="0" />
            <String ID="Word_22666" HPOS="218" VPOS="2165" WIDTH="130" HEIGHT="30" CONTENT="Pitha" />
            <SP ID="SP_20119" HPOS="348" VPOS="2165" WIDTH="23" HEIGHT="0" />
            <String ID="Word_22667" HPOS="371" VPOS="2166" WIDTH="69" HEIGHT="30" CONTENT="und" />
            <SP ID="SP_20120" HPOS="440" VPOS="2166" WIDTH="23" HEIGHT="0" />
            <String ID="Word_22668" HPOS="463" VPOS="2166" WIDTH="199" HEIGHT="42" CONTENT="Fischer;" />
            <SP ID="SP_20121" HPOS="662" VPOS="2166" WIDTH="26" HEIGHT="0" />
            <String ID="Word_22669" HPOS="688" VPOS="2177" WIDTH="58" HEIGHT="21" CONTENT="aus" />
            <SP ID="SP_20122" HPOS="746" VPOS="2168" WIDTH="26" HEIGHT="0" />
            <String ID="Word_22670" HPOS="772" VPOS="2168" WIDTH="58" HEIGHT="30" CONTENT="der" />
            <SP ID="SP_20123" HPOS="830" VPOS="2168" WIDTH="23" HEIGHT="0" />
            <String ID="Word_22671" HPOS="853" VPOS="2169" WIDTH="249" HEIGHT="30" CONTENT="Infraorbitalis" />
            <SP ID="SP_20124" HPOS="1102" VPOS="2169" WIDTH="25" HEIGHT="0" />
            <String ID="Word_22672" HPOS="1127" VPOS="2179" WIDTH="67" HEIGHT="21" CONTENT="von" />
            <SP ID="SP_20125" HPOS="1194" VPOS="2170" WIDTH="24" HEIGHT="0" />
            <String ID="Word_22673" HPOS="1218" VPOS="2170" WIDTH="191" HEIGHT="32" CONTENT="Fischer." />
            <SP ID="SP_20126" HPOS="1409" VPOS="2170" WIDTH="48" HEIGHT="0" />
            <String ID="Word_22674" HPOS="1457" VPOS="2173" WIDTH="125" HEIGHT="30" CONTENT="Ferner" />
            <SP ID="SP_20127" HPOS="1582" VPOS="2173" WIDTH="25" HEIGHT="0" />
            <String ID="Word_22675" HPOS="1607" VPOS="2175" WIDTH="53" HEIGHT="29" CONTENT="be-" />
          </TextLine>
          <TextLine ID="TextLine_2553" HPOS="71" VPOS="2207" WIDTH="1434" HEIGHT="43">
            <String ID="Word_22676" HPOS="71" VPOS="2207" WIDTH="126" HEIGHT="30" CONTENT="richten" />
            <SP ID="SP_20128" HPOS="197" VPOS="2207" WIDTH="25" HEIGHT="0" />
            <String ID="Word_22677" HPOS="222" VPOS="2207" WIDTH="82" HEIGHT="30" CONTENT="über" />
            <SP ID="SP_20129" HPOS="304" VPOS="2207" WIDTH="25" HEIGHT="0" />
            <String ID="Word_22678" HPOS="329" VPOS="2208" WIDTH="190" HEIGHT="39" CONTENT="Blutungen" />
            <SP ID="SP_20130" HPOS="519" VPOS="2208" WIDTH="24" HEIGHT="0" />
            <String ID="Word_22679" HPOS="543" VPOS="2209" WIDTH="190" HEIGHT="41" CONTENT="Guthrie," />
            <SP ID="SP_20131" HPOS="733" VPOS="2209" WIDTH="24" HEIGHT="0" />
            <String ID="Word_22680" HPOS="757" VPOS="2210" WIDTH="122" HEIGHT="39" CONTENT="Groh," />
            <SP ID="SP_20132" HPOS="879" VPOS="2210" WIDTH="25" HEIGHT="0" />
            <String ID="Word_22681" HPOS="904" VPOS="2212" WIDTH="211" HEIGHT="38" CONTENT="Hawkins," />
            <SP ID="SP_20133" HPOS="1115" VPOS="2212" WIDTH="24" HEIGHT="0" />
            <String ID="Word_22682" HPOS="1139" VPOS="2212" WIDTH="181" HEIGHT="38" CONTENT="Heiberg" />
            <SP ID="SP_20134" HPOS="1320" VPOS="2212" WIDTH="23" HEIGHT="0" />
            <String ID="Word_22683" HPOS="1343" VPOS="2223" WIDTH="31" HEIGHT="21" CONTENT="u." />
            <SP ID="SP_20135" HPOS="1374" VPOS="2213" WIDTH="25" HEIGHT="0" />
            <String ID="Word_22684" HPOS="1399" VPOS="2213" WIDTH="38" HEIGHT="32" CONTENT="A." />
            <SP ID="SP_20136" HPOS="1437" VPOS="2213" WIDTH="26" HEIGHT="0" />
            <String ID="Word_22685" HPOS="1463" VPOS="2225" WIDTH="42" HEIGHT="21" CONTENT="m." />
          </TextLine>
          <TextLine ID="TextLine_2554" HPOS="195" VPOS="2291" WIDTH="1463" HEIGHT="55">
            <String ID="Word_22686" HPOS="195" VPOS="2291" WIDTH="112" HEIGHT="38" CONTENT="Auch" />
            <SP ID="SP_20137" HPOS="307" VPOS="2291" WIDTH="29" HEIGHT="0" />
            <String ID="Word_22687" HPOS="336" VPOS="2307" WIDTH="65" HEIGHT="23" CONTENT="aus" />
            <SP ID="SP_20138" HPOS="401" VPOS="2294" WIDTH="26" HEIGHT="0" />
            <String ID="Word_22688" HPOS="427" VPOS="2294" WIDTH="134" HEIGHT="38" CONTENT="Venen" />
            <SP ID="SP_20139" HPOS="561" VPOS="2294" WIDTH="29" HEIGHT="0" />
            <String ID="Word_22689" HPOS="590" VPOS="2296" WIDTH="251" HEIGHT="38" CONTENT="beobachtete" />
            <SP ID="SP_20140" HPOS="841" VPOS="2296" WIDTH="30" HEIGHT="0" />
            <String ID="Word_22690" HPOS="871" VPOS="2311" WIDTH="99" HEIGHT="32" CONTENT="man," />
            <SP ID="SP_20141" HPOS="970" VPOS="2311" WIDTH="31" HEIGHT="0" />
            <String ID="Word_22691" HPOS="1001" VPOS="2311" WIDTH="113" HEIGHT="24" CONTENT="wenn" />
            <SP ID="SP_20142" HPOS="1114" VPOS="2299" WIDTH="29" HEIGHT="0" />
            <String ID="Word_22692" HPOS="1143" VPOS="2299" WIDTH="98" HEIGHT="37" CONTENT="auch" />
            <SP ID="SP_20143" HPOS="1241" VPOS="2299" WIDTH="30" HEIGHT="0" />
            <String ID="Word_22693" HPOS="1271" VPOS="2300" WIDTH="133" HEIGHT="46" CONTENT="selten," />
            <SP ID="SP_20144" HPOS="1404" VPOS="2300" WIDTH="35" HEIGHT="0" />
            <String ID="Word_22694" HPOS="1439" VPOS="2302" WIDTH="219" HEIGHT="39" CONTENT="erhebliche" />
          </TextLine>
          <TextLine ID="TextLine_2555" HPOS="68" VPOS="2344" WIDTH="1588" HEIGHT="57">
            <String ID="Word_22695" HPOS="68" VPOS="2344" WIDTH="231" HEIGHT="50" CONTENT="Blutungen." />
            <SP ID="SP_20145" HPOS="299" VPOS="2344" WIDTH="56" HEIGHT="0" />
            <String ID="Word_22696" HPOS="355" VPOS="2346" WIDTH="150" HEIGHT="38" CONTENT="Moore" />
            <SP ID="SP_20146" HPOS="505" VPOS="2346" WIDTH="29" HEIGHT="0" />
            <String ID="Word_22697" HPOS="534" VPOS="2348" WIDTH="68" HEIGHT="37" CONTENT="sah" />
            <SP ID="SP_20147" HPOS="602" VPOS="2348" WIDTH="29" HEIGHT="0" />
            <String ID="Word_22698" HPOS="631" VPOS="2349" WIDTH="58" HEIGHT="37" CONTENT="die" />
            <SP ID="SP_20148" HPOS="689" VPOS="2349" WIDTH="30" HEIGHT="0" />
            <String ID="Word_22699" HPOS="719" VPOS="2349" WIDTH="108" HEIGHT="38" CONTENT="Vena" />
            <SP ID="SP_20149" HPOS="827" VPOS="2349" WIDTH="20" HEIGHT="0" />
            <String ID="Word_22700" HPOS="847" VPOS="2350" WIDTH="141" HEIGHT="38" CONTENT="tibialis" />
            <SP ID="SP_20150" HPOS="988" VPOS="2350" WIDTH="29" HEIGHT="0" />
            <String ID="Word_22701" HPOS="1017" VPOS="2352" WIDTH="78" HEIGHT="37" CONTENT="und" />
            <SP ID="SP_20151" HPOS="1095" VPOS="2352" WIDTH="28" HEIGHT="0" />
            <String ID="Word_22702" HPOS="1123" VPOS="2365" WIDTH="167" HEIGHT="36" CONTENT="peronea" />
            <SP ID="SP_20152" HPOS="1290" VPOS="2354" WIDTH="30" HEIGHT="0" />
            <String ID="Word_22703" HPOS="1320" VPOS="2354" WIDTH="121" HEIGHT="38" CONTENT="durch" />
            <SP ID="SP_20153" HPOS="1441" VPOS="2354" WIDTH="30" HEIGHT="0" />
            <String ID="Word_22704" HPOS="1471" VPOS="2356" WIDTH="73" HEIGHT="37" CONTENT="den" />
            <SP ID="SP_20154" HPOS="1544" VPOS="2356" WIDTH="28" HEIGHT="0" />
            <String ID="Word_22705" HPOS="1572" VPOS="2356" WIDTH="84" HEIGHT="38" CONTENT="Ho-" />
          </TextLine>
          <TextLine ID="TextLine_2556" HPOS="67" VPOS="2398" WIDTH="1590" HEIGHT="52">
            <String ID="Word_22706" HPOS="67" VPOS="2398" WIDTH="237" HEIGHT="48" CONTENT="spitalbrand" />
            <SP ID="SP_20155" HPOS="304" VPOS="2398" WIDTH="28" HEIGHT="0" />
            <String ID="Word_22707" HPOS="332" VPOS="2399" WIDTH="74" HEIGHT="37" CONTENT="frei" />
            <SP ID="SP_20156" HPOS="406" VPOS="2399" WIDTH="28" HEIGHT="0" />
            <String ID="Word_22708" HPOS="434" VPOS="2399" WIDTH="130" HEIGHT="50" CONTENT="gelegt" />
            <SP ID="SP_20157" HPOS="564" VPOS="2399" WIDTH="35" HEIGHT="0" />
            <String ID="Word_22709" HPOS="599" VPOS="2402" WIDTH="78" HEIGHT="37" CONTENT="und" />
            <SP ID="SP_20158" HPOS="677" VPOS="2402" WIDTH="37" HEIGHT="0" />
            <String ID="Word_22710" HPOS="714" VPOS="2402" WIDTH="101" HEIGHT="38" CONTENT="ihrer" />
            <SP ID="SP_20159" HPOS="815" VPOS="2402" WIDTH="30" HEIGHT="0" />
            <String ID="Word_22711" HPOS="845" VPOS="2402" WIDTH="159" HEIGHT="39" CONTENT="Scheide" />
            <SP ID="SP_20160" HPOS="1004" VPOS="2402" WIDTH="37" HEIGHT="0" />
            <String ID="Word_22712" HPOS="1041" VPOS="2405" WIDTH="163" HEIGHT="38" CONTENT="beraubt" />
            <SP ID="SP_20161" HPOS="1204" VPOS="2405" WIDTH="28" HEIGHT="0" />
            <String ID="Word_22713" HPOS="1232" VPOS="2407" WIDTH="164" HEIGHT="37" CONTENT="werden." />
            <SP ID="SP_20162" HPOS="1396" VPOS="2407" WIDTH="58" HEIGHT="0" />
            <String ID="Word_22714" HPOS="1454" VPOS="2408" WIDTH="203" HEIGHT="40" CONTENT="Nachdem" />
          </TextLine>
          <TextLine ID="TextLine_2557" HPOS="68" VPOS="2450" WIDTH="1587" HEIGHT="57">
            <String ID="Word_22715" HPOS="68" VPOS="2450" WIDTH="53" HEIGHT="37" CONTENT="sie" />
            <SP ID="SP_20163" HPOS="121" VPOS="2450" WIDTH="39" HEIGHT="0" />
            <String ID="Word_22716" HPOS="160" VPOS="2451" WIDTH="121" HEIGHT="50" CONTENT="einige" />
            <SP ID="SP_20164" HPOS="281" VPOS="2451" WIDTH="38" HEIGHT="0" />
            <String ID="Word_22717" HPOS="319" VPOS="2452" WIDTH="104" HEIGHT="50" CONTENT="Tage" />
            <SP ID="SP_20165" HPOS="423" VPOS="2452" WIDTH="37" HEIGHT="0" />
            <String ID="Word_22718" HPOS="460" VPOS="2453" WIDTH="72" HEIGHT="37" CONTENT="frei" />
            <SP ID="SP_20166" HPOS="532" VPOS="2453" WIDTH="35" HEIGHT="0" />
            <String ID="Word_22719" HPOS="567" VPOS="2455" WIDTH="163" HEIGHT="49" CONTENT="gelegen" />
            <SP ID="SP_20167" HPOS="730" VPOS="2455" WIDTH="36" HEIGHT="0" />
            <String ID="Word_22720" HPOS="766" VPOS="2455" WIDTH="143" HEIGHT="46" CONTENT="hatten," />
            <SP ID="SP_20168" HPOS="909" VPOS="2455" WIDTH="40" HEIGHT="0" />
            <String ID="Word_22721" HPOS="949" VPOS="2457" WIDTH="163" HEIGHT="50" CONTENT="erfolgte" />
            <SP ID="SP_20169" HPOS="1112" VPOS="2457" WIDTH="38" HEIGHT="0" />
            <String ID="Word_22722" HPOS="1150" VPOS="2459" WIDTH="121" HEIGHT="37" CONTENT="durch" />
            <SP ID="SP_20170" HPOS="1271" VPOS="2459" WIDTH="35" HEIGHT="0" />
            <String ID="Word_22723" HPOS="1306" VPOS="2460" WIDTH="61" HEIGHT="38" CONTENT="ihr" />
            <SP ID="SP_20171" HPOS="1367" VPOS="2460" WIDTH="34" HEIGHT="0" />
            <String ID="Word_22724" HPOS="1401" VPOS="2460" WIDTH="254" HEIGHT="41" CONTENT="Aufbrechen" />
          </TextLine>
          <TextLine ID="TextLine_2558" HPOS="68" VPOS="2502" WIDTH="355" HEIGHT="52">
            <String ID="Word_22725" HPOS="68" VPOS="2502" WIDTH="144" HEIGHT="51" CONTENT="heftige" />
            <SP ID="SP_20172" HPOS="212" VPOS="2502" WIDTH="28" HEIGHT="0" />
            <String ID="Word_22726" HPOS="240" VPOS="2504" WIDTH="183" HEIGHT="50" CONTENT="Blutung." />
          </TextLine>
          <TextLine ID="TextLine_2559" HPOS="194" VPOS="2557" WIDTH="1459" HEIGHT="56">
            <String ID="Word_22727" HPOS="194" VPOS="2557" WIDTH="72" HEIGHT="38" CONTENT="Die" />
            <SP ID="SP_20173" HPOS="266" VPOS="2557" WIDTH="27" HEIGHT="0" />
            <String ID="Word_22728" HPOS="293" VPOS="2557" WIDTH="299" HEIGHT="52" CONTENT="Untersuchung" />
            <SP ID="SP_20174" HPOS="592" VPOS="2557" WIDTH="29" HEIGHT="0" />
            <String ID="Word_22729" HPOS="621" VPOS="2561" WIDTH="66" HEIGHT="36" CONTENT="der" />
            <SP ID="SP_20175" HPOS="687" VPOS="2561" WIDTH="29" HEIGHT="0" />
            <String ID="Word_22730" HPOS="716" VPOS="2562" WIDTH="119" HEIGHT="37" CONTENT="durch" />
            <SP ID="SP_20176" HPOS="835" VPOS="2562" WIDTH="35" HEIGHT="0" />
            <String ID="Word_22731" HPOS="870" VPOS="2563" WIDTH="73" HEIGHT="37" CONTENT="den" />
            <SP ID="SP_20177" HPOS="943" VPOS="2563" WIDTH="28" HEIGHT="0" />
            <String ID="Word_22732" HPOS="971" VPOS="2563" WIDTH="303" HEIGHT="50" CONTENT="Hospitalbrand" />
            <SP ID="SP_20178" HPOS="1274" VPOS="2563" WIDTH="39" HEIGHT="0" />
            <String ID="Word_22733" HPOS="1313" VPOS="2567" WIDTH="234" HEIGHT="38" CONTENT="erkrankten" />
            <SP ID="SP_20179" HPOS="1547" VPOS="2567" WIDTH="30" HEIGHT="0" />
            <String ID="Word_22734" HPOS="1577" VPOS="2567" WIDTH="76" HEIGHT="39" CONTENT="Ge-" />
          </TextLine>
          <TextLine ID="TextLine_2560" HPOS="64" VPOS="2609" WIDTH="1591" HEIGHT="52">
            <String ID="Word_22735" HPOS="64" VPOS="2609" WIDTH="103" HEIGHT="37" CONTENT="fässe" />
            <SP ID="SP_20180" HPOS="167" VPOS="2609" WIDTH="31" HEIGHT="0" />
            <String ID="Word_22736" HPOS="198" VPOS="2610" WIDTH="115" HEIGHT="49" CONTENT="ergab" />
            <SP ID="SP_20181" HPOS="313" VPOS="2610" WIDTH="30" HEIGHT="0" />
            <String ID="Word_22737" HPOS="343" VPOS="2611" WIDTH="226" HEIGHT="50" CONTENT="Folgendes." />
            <SP ID="SP_20182" HPOS="569" VPOS="2611" WIDTH="45" HEIGHT="0" />
            <String ID="Word_22738" HPOS="614" VPOS="2613" WIDTH="182" HEIGHT="39" CONTENT="Meistens" />
            <SP ID="SP_20183" HPOS="796" VPOS="2613" WIDTH="30" HEIGHT="0" />
            <String ID="Word_22739" HPOS="826" VPOS="2615" WIDTH="100" HEIGHT="38" CONTENT="sieht" />
            <SP ID="SP_20184" HPOS="926" VPOS="2615" WIDTH="28" HEIGHT="0" />
            <String ID="Word_22740" HPOS="954" VPOS="2631" WIDTH="89" HEIGHT="23" CONTENT="man" />
            <SP ID="SP_20185" HPOS="1043" VPOS="2618" WIDTH="31" HEIGHT="0" />
            <String ID="Word_22741" HPOS="1074" VPOS="2618" WIDTH="58" HEIGHT="38" CONTENT="die" />
            <SP ID="SP_20186" HPOS="1132" VPOS="2618" WIDTH="20" HEIGHT="0" />
            <String ID="Word_22742" HPOS="1152" VPOS="2618" WIDTH="181" HEIGHT="39" CONTENT="Arterien" />
            <SP ID="SP_20187" HPOS="1333" VPOS="2618" WIDTH="29" HEIGHT="0" />
            <String ID="Word_22743" HPOS="1362" VPOS="2621" WIDTH="77" HEIGHT="37" CONTENT="und" />
            <SP ID="SP_20188" HPOS="1439" VPOS="2621" WIDTH="20" HEIGHT="0" />
            <String ID="Word_22744" HPOS="1459" VPOS="2621" WIDTH="135" HEIGHT="38" CONTENT="Venen" />
            <SP ID="SP_20189" HPOS="1594" VPOS="2621" WIDTH="20" HEIGHT="0" />
            <String ID="Word_22745" HPOS="1614" VPOS="2622" WIDTH="41" HEIGHT="38" CONTENT="in" />
          </TextLine>
          <TextLine ID="TextLine_2561" HPOS="65" VPOS="2662" WIDTH="1587" HEIGHT="61">
            <String ID="Word_22746" HPOS="65" VPOS="2662" WIDTH="66" HEIGHT="37" CONTENT="der" />
            <SP ID="SP_20190" HPOS="131" VPOS="2662" WIDTH="28" HEIGHT="0" />
            <String ID="Word_22747" HPOS="159" VPOS="2675" WIDTH="146" HEIGHT="37" CONTENT="ganzen" />
            <SP ID="SP_20191" HPOS="305" VPOS="2663" WIDTH="27" HEIGHT="0" />
            <String ID="Word_22748" HPOS="332" VPOS="2663" WIDTH="199" HEIGHT="40" CONTENT="innerhalb" />
            <SP ID="SP_20192" HPOS="531" VPOS="2663" WIDTH="36" HEIGHT="0" />
            <String ID="Word_22749" HPOS="567" VPOS="2666" WIDTH="65" HEIGHT="37" CONTENT="des" />
            <SP ID="SP_20193" HPOS="632" VPOS="2666" WIDTH="29" HEIGHT="0" />
            <String ID="Word_22750" HPOS="661" VPOS="2666" WIDTH="546" HEIGHT="54" CONTENT="Hospitalbrandgeschwüres" />
            <SP ID="SP_20194" HPOS="1207" VPOS="2666" WIDTH="39" HEIGHT="0" />
            <String ID="Word_22751" HPOS="1246" VPOS="2673" WIDTH="206" HEIGHT="50" CONTENT="liegenden" />
            <SP ID="SP_20195" HPOS="1452" VPOS="2673" WIDTH="41" HEIGHT="0" />
            <String ID="Word_22752" HPOS="1493" VPOS="2674" WIDTH="159" HEIGHT="40" CONTENT="Strecke" />
          </TextLine>
          <TextLine ID="TextLine_2562" HPOS="64" VPOS="2717" WIDTH="1589" HEIGHT="55">
            <String ID="Word_22753" HPOS="64" VPOS="2717" WIDTH="162" HEIGHT="36" CONTENT="zerstört" />
            <SP ID="SP_20196" HPOS="226" VPOS="2717" WIDTH="27" HEIGHT="0" />
            <String ID="Word_22754" HPOS="253" VPOS="2717" WIDTH="77" HEIGHT="36" CONTENT="und" />
            <SP ID="SP_20197" HPOS="330" VPOS="2717" WIDTH="27" HEIGHT="0" />
            <String ID="Word_22755" HPOS="357" VPOS="2717" WIDTH="40" HEIGHT="37" CONTENT="in" />
            <SP ID="SP_20198" HPOS="397" VPOS="2717" WIDTH="34" HEIGHT="0" />
            <String ID="Word_22756" HPOS="431" VPOS="2717" WIDTH="85" HEIGHT="39" CONTENT="dem" />
            <SP ID="SP_20199" HPOS="516" VPOS="2717" WIDTH="37" HEIGHT="0" />
            <String ID="Word_22757" HPOS="553" VPOS="2718" WIDTH="195" HEIGHT="48" CONTENT="Faulbrei," />
            <SP ID="SP_20200" HPOS="748" VPOS="2718" WIDTH="40" HEIGHT="0" />
            <String ID="Word_22758" HPOS="788" VPOS="2722" WIDTH="164" HEIGHT="38" CONTENT="welcher" />
            <SP ID="SP_20201" HPOS="952" VPOS="2722" WIDTH="38" HEIGHT="0" />
            <String ID="Word_22759" HPOS="990" VPOS="2724" WIDTH="65" HEIGHT="37" CONTENT="das" />
            <SP ID="SP_20202" HPOS="1055" VPOS="2724" WIDTH="40" HEIGHT="0" />
            <String ID="Word_22760" HPOS="1095" VPOS="2724" WIDTH="207" HEIGHT="40" CONTENT="Geschwür" />
            <SP ID="SP_20203" HPOS="1302" VPOS="2724" WIDTH="37" HEIGHT="0" />
            <String ID="Word_22761" HPOS="1339" VPOS="2727" WIDTH="185" HEIGHT="45" CONTENT="bedeckt," />
            <SP ID="SP_20204" HPOS="1524" VPOS="2727" WIDTH="42" HEIGHT="0" />
            <String ID="Word_22762" HPOS="1566" VPOS="2728" WIDTH="87" HEIGHT="38" CONTENT="auf-" />
          </TextLine>
          <TextLine ID="TextLine_2563" HPOS="65" VPOS="2780" WIDTH="214" HEIGHT="38">
            <String ID="Word_22763" HPOS="65" VPOS="2780" WIDTH="214" HEIGHT="38" CONTENT="gegangen." />
          </TextLine>
          <TextLine ID="TextLine_2564" HPOS="190" VPOS="2820" WIDTH="1461" HEIGHT="54">
            <String ID="Word_22764" HPOS="190" VPOS="2835" WIDTH="33" HEIGHT="23" CONTENT="V." />
            <SP ID="SP_20205" HPOS="223" VPOS="2820" WIDTH="22" HEIGHT="0" />
            <String ID="Word_22765" HPOS="245" VPOS="2820" WIDTH="135" HEIGHT="39" CONTENT="Pitha" />
            <SP ID="SP_20206" HPOS="380" VPOS="2820" WIDTH="30" HEIGHT="0" />
            <String ID="Word_22766" HPOS="410" VPOS="2824" WIDTH="186" HEIGHT="50" CONTENT="verfolgte" />
            <SP ID="SP_20207" HPOS="596" VPOS="2824" WIDTH="17" HEIGHT="0" />
            <String ID="Word_22767" HPOS="613" VPOS="2825" WIDTH="62" HEIGHT="38" CONTENT="bei" />
            <SP ID="SP_20208" HPOS="675" VPOS="2825" WIDTH="21" HEIGHT="0" />
            <String ID="Word_22768" HPOS="696" VPOS="2826" WIDTH="65" HEIGHT="37" CONTENT="der" />
            <SP ID="SP_20209" HPOS="761" VPOS="2826" WIDTH="19" HEIGHT="0" />
            <String ID="Word_22769" HPOS="780" VPOS="2826" WIDTH="154" HEIGHT="40" CONTENT="Section" />
            <SP ID="SP_20210" HPOS="934" VPOS="2826" WIDTH="21" HEIGHT="0" />
            <String ID="Word_22770" HPOS="955" VPOS="2830" WIDTH="59" HEIGHT="37" CONTENT="die" />
            <SP ID="SP_20211" HPOS="1014" VPOS="2829" WIDTH="15" HEIGHT="0" />
            <String ID="Word_22771" HPOS="1029" VPOS="2829" WIDTH="181" HEIGHT="40" CONTENT="Arterien" />
            <SP ID="SP_20212" HPOS="1210" VPOS="2829" WIDTH="20" HEIGHT="0" />
            <String ID="Word_22772" HPOS="1230" VPOS="2832" WIDTH="61" HEIGHT="37" CONTENT="bei" />
            <SP ID="SP_20213" HPOS="1291" VPOS="2832" WIDTH="22" HEIGHT="0" />
            <String ID="Word_22773" HPOS="1313" VPOS="2833" WIDTH="124" HEIGHT="37" CONTENT="einem" />
            <SP ID="SP_20214" HPOS="1437" VPOS="2833" WIDTH="20" HEIGHT="0" />
            <String ID="Word_22774" HPOS="1457" VPOS="2833" WIDTH="194" HEIGHT="39" CONTENT="Kranken" />
          </TextLine>
          <TextLine ID="TextLine_2565" HPOS="63" VPOS="2873" WIDTH="1590" HEIGHT="63">
            <String ID="Word_22775" HPOS="63" VPOS="2873" WIDTH="69" HEIGHT="37" CONTENT="mit" />
            <SP ID="SP_20215" HPOS="132" VPOS="2873" WIDTH="35" HEIGHT="0" />
            <String ID="Word_22776" HPOS="167" VPOS="2874" WIDTH="221" HEIGHT="50" CONTENT="Blutungen" />
            <SP ID="SP_20216" HPOS="388" VPOS="2874" WIDTH="38" HEIGHT="0" />
            <String ID="Word_22777" HPOS="426" VPOS="2890" WIDTH="65" HEIGHT="24" CONTENT="aus" />
            <SP ID="SP_20217" HPOS="491" VPOS="2878" WIDTH="31" HEIGHT="0" />
            <String ID="Word_22778" HPOS="522" VPOS="2878" WIDTH="123" HEIGHT="37" CONTENT="einem" />
            <SP ID="SP_20218" HPOS="645" VPOS="2878" WIDTH="28" HEIGHT="0" />
            <String ID="Word_22779" HPOS="673" VPOS="2891" WIDTH="169" HEIGHT="37" CONTENT="grossen," />
            <SP ID="SP_20219" HPOS="842" VPOS="2881" WIDTH="32" HEIGHT="0" />
            <String ID="Word_22780" HPOS="874" VPOS="2881" WIDTH="119" HEIGHT="39" CONTENT="tiefen" />
            <SP ID="SP_20220" HPOS="993" VPOS="2881" WIDTH="40" HEIGHT="0" />
            <String ID="Word_22781" HPOS="1033" VPOS="2883" WIDTH="510" HEIGHT="53" CONTENT="Hospitalbrandgeschwür" />
            <SP ID="SP_20221" HPOS="1543" VPOS="2883" WIDTH="46" HEIGHT="0" />
            <String ID="Word_22782" HPOS="1589" VPOS="2902" WIDTH="64" HEIGHT="25" CONTENT="am" />
          </TextLine>
          <TextLine ID="TextLine_2566" HPOS="65" VPOS="2925" WIDTH="1582" HEIGHT="55">
            <String ID="Word_22783" HPOS="65" VPOS="2925" WIDTH="227" HEIGHT="39" CONTENT="Vorderarm" />
            <SP ID="SP_20222" HPOS="292" VPOS="2925" WIDTH="18" HEIGHT="0" />
            <String ID="Word_22784" HPOS="348" VPOS="2928" WIDTH="70" HEIGHT="44" CONTENT="Die" />
            <SP ID="SP_20223" HPOS="418" VPOS="2928" WIDTH="30" HEIGHT="0" />
            <String ID="Word_22785" HPOS="448" VPOS="2929" WIDTH="153" HEIGHT="39" CONTENT="Arteria" />
            <SP ID="SP_20224" HPOS="601" VPOS="2929" WIDTH="28" HEIGHT="0" />
            <String ID="Word_22786" HPOS="629" VPOS="2931" WIDTH="154" HEIGHT="39" CONTENT="radialis" />
            <SP ID="SP_20225" HPOS="783" VPOS="2931" WIDTH="30" HEIGHT="0" />
            <String ID="Word_22787" HPOS="813" VPOS="2946" WIDTH="77" HEIGHT="25" CONTENT="war" />
            <SP ID="SP_20226" HPOS="890" VPOS="2946" WIDTH="29" HEIGHT="0" />
            <String ID="Word_22788" HPOS="919" VPOS="2949" WIDTH="75" HEIGHT="24" CONTENT="von" />
            <SP ID="SP_20227" HPOS="994" VPOS="2937" WIDTH="30" HEIGHT="0" />
            <String ID="Word_22789" HPOS="1024" VPOS="2937" WIDTH="65" HEIGHT="37" CONTENT="der" />
            <SP ID="SP_20228" HPOS="1089" VPOS="2937" WIDTH="29" HEIGHT="0" />
            <String ID="Word_22790" HPOS="1118" VPOS="2937" WIDTH="85" HEIGHT="38" CONTENT="Art." />
            <SP ID="SP_20229" HPOS="1203" VPOS="2937" WIDTH="37" HEIGHT="0" />
            <String ID="Word_22791" HPOS="1240" VPOS="2951" WIDTH="199" HEIGHT="26" CONTENT="recurrens" />
            <SP ID="SP_20230" HPOS="1439" VPOS="2948" WIDTH="39" HEIGHT="0" />
            <String ID="Word_22792" HPOS="1478" VPOS="2953" WIDTH="48" HEIGHT="25" CONTENT="an" />
            <SP ID="SP_20231" HPOS="1526" VPOS="2941" WIDTH="30" HEIGHT="0" />
            <String ID="Word_22793" HPOS="1556" VPOS="2941" WIDTH="91" HEIGHT="39" CONTENT="sehr" />
          </TextLine>
        </TextBlock>
      </PrintSpace>
    </Page>
  </Layout>
</alto>
