1895 3217
357 302 56 41 10

780 312 187 33 MEMOIR
1001 313 53 32 OF
1089 313 197 32 BUFFON.

350 444 318 56 productions;
702 439 90 45 and
815 444 49 40 at
893 439 90 46 this
1015 455 122 29 same
1168 440 152 59 period
1355 455 141 30 seems
1529 445 47 40 to
1602 440 118 46 have

350 514 201 47 imbibed
572 531 142 46 many
738 515 50 47 of
814 522 78 39 the
915 516 192 45 theories
1131 516 91 45 and
1244 515 138 55 ideasj
1408 516 148 45 which
1581 515 141 49 fancU

351 591 133 63 fully,
516 594 83 45 but
630 600 276 53 eloquently,
940 594 138 44 adorn
1109 599 79 39 the
1220 593 204 45 chapters
1449 592 50 46 of
1524 594 78 45 the
1624 593 97 47 first

352 685 202 31 volumes
579 669 50 47 of
643 671 69 44 his
735 676 124 56 gi’eat
883 671 138 45 work.

417 748 178 61 During
627 754 79 39 the
732 747 153 62 period
915 747 51 46 of
991 748 127 45 these
1149 748 166 45 travels
1340 747 163 46 Buffon
1533 748 86 45 lost
1653 748 70 46 his

352 831 177 39 mother
543 825 46 54 ;*
614 826 92 45 and
727 827 62 59 by
811 826 81 45 her
915 826 151 53 death,
1092 824 146 47 before
1256 825 56 45 he
1326 825 92 45 had
1435 825 205 45 attained
1654 825 70 46 his

352 902 229 61 majority,
618 903 242 45 succeeded
892 909 47 39 to
975 918 58 30 an
1070 902 174 46 income
1279 901 50 47 of
1364 902 159 61 nearly
1556 902 168 46 twelve

352 979 227 45 thousand
596 994 173 46 pounds
788 980 172 60 yearly.
1003 979 78 45 An
1099 994 221 31 accession
1336 977 50 47 of
1401 979 109 45 such
1534 986 190 38 amount

351 1062 53 39 to,
423 1056 70 45 his
516 1056 190 54 fortune,
733 1056 190 45 enabled
944 1056 97 45 him
1064 1062 46 39 to
1133 1055 151 46 follow
1307 1062 78 38 out
1410 1071 135 46 every
1571 1055 153 61 design

353 1132 150 45 which
525 1132 71 46 his
620 1131 171 46 studies
819 1132 94 46 had
943 1133 264 61 suggested;
1243 1134 83 43 but
1349 1132 37 45 it
1410 1147 92 31 also
1534 1133 191 44 allowed

352 1209 98 45 him
474 1215 46 39 to
550 1224 181 45 pursue,
757 1209 115 45 with
906 1210 163 44 almost
1100 1208 243 46 unlimited
1373 1215 182 47 control,
1589 1223 136 47 every

354 1286 265 45 indulgence
665 1286 149 44 which
859 1286 70 46 his
975 1285 287 47 inclinations
1306 1287 248 59 prompted.
1637 1286 87 45 His

356 1363 237 45 European
616 1369 167 39 travels
808 1363 92 46 still
925 1379 164 45 appear
1111 1369 45 39 to
1180 1363 116 45 have
1326 1364 111 44 been
1466 1364 256 52 continued,

353 1440 91 44 and
478 1438 114 46 after
625 1439 70 45 his
729 1446 154 38 return
925 1446 46 38 to
1012 1440 260 53 Montbard,
1310 1441 133 59 being
1482 1439 244 45 embroiled

353 1516 48 45 in
436 1532 120 29 some
587 1515 129 46 affair
747 1516 49 46 of
821 1516 173 46 honour
1016 1516 148 46 which
1196 1516 207 45 required
1436 1517 70 44 his
1538 1517 187 44 absence

352 1594 121 44 until
490 1600 189 38 matters
694 1608 118 30 were
830 1593 231 61 arranged,
1080 1593 58 45 he
1161 1592 166 46 visited
1344 1593 125 45 Paris
1494 1593 90 45 and
1602 1593 124 60 Eng-

353 1671 122 53 land,
513 1671 90 45 and
634 1671 77 45 did
741 1676 79 40 not
853 1669 162 62 finally
1038 1676 133 40 settle
1198 1676 48 39 at
1275 1670 71 45 his
1380 1670 205 60 paternal
1616 1670 111 45 resi-

354 1748 151 53 dence,
525 1747 72 45 till
622 1749 137 44 about
782 1753 79 39 the
885 1762 79 46 age
988 1746 52 47 of
1066 1746 307 62 twenty-five,
1399 1747 134 44 when
1561 1747 57 45 he
1647 1747 79 45 de-

353 1824 224 46 teiTnined
600 1824 176 61 quietly
794 1830 46 40 to
858 1839 165 46 pursue
1040 1830 79 39 the
1138 1823 170 46 studies
1326 1823 48 46 in
1392 1823 150 45 which
1559 1824 59 45 he
1635 1824 91 46 had

355 1917 46 30 so
416 1902 137 45 much
568 1901 243 46 delighted.
896 1901 75 45 He
995 1916 143 30 seems
1165 1906 46 40 to
1237 1901 118 45 have
1386 1900 95 45 laid
1504 1901 133 44 down
1662 1900 65 46 for

354 1980 196 54 himself,
576 1994 118 31 even
717 1984 47 40 at
787 1978 93 46 this
904 1993 125 46 early
1046 1977 167 61 period,
1234 1993 27 30 a
1280 1978 185 45 decided
1482 1978 90 45 and
1589 1977 138 46 rigor-

356 2073 79 29 ous
455 2057 191 45 division
663 2054 50 47 of
727 2056 71 45 his
816 2061 127 48 time,
963 2055 90 45 and
1068 2061 46 39 to
1131 2055 117 46 have
1264 2055 217 46 attended
1497 2056 230 60 generally

356 2142 45 37 to
417 2134 77 44 the
509 2133 217 46 Sciences,
746 2132 200 45 Natural
966 2133 206 59 History,
1189 2132 92 45 and
1296 2132 145 44 Polite
1458 2132 268 45 Literature.

425 2209 96 46 The
546 2208 191 46 division
760 2207 51 46 of
824 2208 71 45 his
918 2214 112 38 time
1046 2208 90 44 and
1158 2208 158 44 labour
1338 2207 37 45 is
1399 2208 107 45 thus
1531 2208 196 46 detailed

357 2287 62 59 by
443 2301 27 29 a
492 2285 184 45 modern
699 2283 286 62 biographer:
1039 2289 31 20 ‘‘
1093 2282 134 46 After
1249 2284 58 44 he
1331 2298 93 31 was
1448 2283 195 55 dressed,
1669 2285 57 45 he

360 2363 198 45 dictated
585 2362 172 52 letters,
797 2360 89 46 and
920 2360 232 46 regulated
1184 2361 71 45 his
1293 2361 214 45 domestic
1542 2360 182 55 affairs;

418 2535 19 21 •
469 2535 80 37 The
587 2536 146 36 maiden
769 2546 107 26 name
915 2534 41 38 of
988 2533 55 38 his
1080 2538 145 32 mother
1262 2544 70 26 was
1362 2531 281 38 Mademoiselle
1682 2534 45 36 d©

361 2598 152 41 Merlin.
