2107 3450
1767 220 86 42 425

494 234 266 32 PATHOLOGY
793 235 54 30 OF
878 235 88 30 THE
1000 234 153 31 MOTOR
1187 235 368 31 SPEECH-TRACTS.

258 355 351 46 Pseudobulbar
648 355 212 57 paralysis
898 355 131 43 being
1066 355 104 42 thus
1209 354 74 43 the
1323 354 282 42 well-known
1647 352 129 43 effect
1814 352 46 39 of

200 429 197 42 bilateral
422 428 269 42 destruction
724 429 48 41 of
801 428 74 41 the
908 431 143 38 motor
1081 440 155 29 centres
1268 426 68 42 for
1367 431 244 50 phonation
1646 424 86 42 and
1766 423 90 42 oral

198 500 292 42 articulation,
509 500 35 42 it
570 499 87 43 will
681 499 53 43 be
759 499 165 42 readily
950 513 265 28 understood
1241 497 96 43 that
1360 497 74 42 the
1460 511 103 41 very
1588 510 119 28 same
1730 495 129 43 effect

198 587 101 41 may
332 573 52 42 be
417 571 220 57 produced
670 571 59 42 by
751 570 203 42 bilateral
987 570 138 42 lesion
1160 570 45 41 of
1239 569 74 42 the
1346 572 143 38 motor
1521 572 129 38 tracts
1681 566 177 56 leading

200 645 108 41 from
333 644 120 42 these
477 647 180 39 centres.
711 642 91 42 But
820 643 43 41 in
889 642 89 42 this
1003 656 96 28 case
1122 641 122 43 there
1270 641 158 42 would,
1446 654 161 29 almost
1630 637 229 51 certainly,

198 717 51 42 be
272 716 126 43 other
419 715 216 56 paralytic
657 720 416 37 accompaniments.
1137 714 140 43 There
1300 713 155 56 might,
1478 713 67 42 for
1567 724 216 42 example,
1804 709 54 43 be

198 788 249 56 paraplegia
468 788 40 41 in
530 802 116 27 arms
664 787 85 42 and
769 787 177 56 legs—a
963 786 334 57 pseudo-spinal
1313 786 132 42 along
1462 784 105 43 with
1584 784 75 42 the
1673 795 187 45 pseudo-

201 860 152 41 bulbar
377 859 213 57 paralysis
607 874 256 39 ;—because
881 859 75 42 the
975 859 175 42 various
1170 865 142 36 motor
1329 857 175 44 strands
1523 857 44 42 in
1588 856 77 43 the
1683 853 177 58 general

201 946 138 26 motor
379 937 111 36 tract
528 932 58 42 lie
624 946 138 29 closer
795 931 200 43 together
1032 931 106 42 than
1179 931 74 42 the
1290 945 178 28 various
1501 928 181 44 cortical
1720 931 142 38 motor

198 1007 170 39 centres
393 1004 109 42 from
526 1004 143 42 which
696 1004 105 56 they
825 1004 163 56 spring,
1011 1003 88 42 and
1121 1018 71 28 are
1223 1003 216 43 therefore
1464 1003 65 41 far
1550 1002 86 42 less
1659 999 133 43 liable
1815 1003 45 37 to

199 1076 51 42 be
273 1075 170 56 singled
468 1080 77 37 out
569 1076 58 56 by
650 1091 24 27 a
697 1090 119 41 gross
840 1076 140 42 lesion
1003 1076 86 42 and
1113 1075 234 56 destroyed
1371 1074 257 55 separately.

258 1147 139 43 These
430 1148 303 56 symmetrical
765 1163 121 41 gross
919 1148 163 43 lesions
1112 1162 72 28 are
1207 1162 107 36 rare,
1334 1147 90 45 and
1447 1162 73 28 are
1543 1146 219 43 therefore
1784 1148 79 38 not

200 1234 102 42 very
321 1220 251 55 important.
639 1220 61 43 Of
720 1221 65 41 far
806 1225 169 52 greater
991 1221 185 42 interest
1198 1221 87 42 and
1305 1221 283 55 importance,
1605 1219 47 41 in
1671 1216 187 45 relation

201 1299 43 35 to
277 1292 173 56 speech,
472 1307 72 27 are
579 1292 73 42 the
674 1293 95 55 fine
801 1292 272 43 lesions—of
1103 1292 75 43 the
1210 1297 158 37 nature
1400 1292 48 42 of
1476 1305 201 29 sclerosis
1710 1290 47 42 of
1786 1289 77 43 the

198 1364 257 43 connective
489 1364 346 42 tissue—which
869 1364 129 43 affect
1025 1364 107 42 both
1156 1364 300 56 hemispheres
1479 1361 384 50 simultaneously,

200 1435 86 41 and
309 1435 121 42 often
454 1435 215 43 seriously
694 1435 206 43 interfere
925 1435 107 42 with
1066 1435 76 42 the
1172 1435 268 43 conduction
1473 1435 47 42 of
1548 1439 144 37 motor
1719 1447 145 42 power

199 1507 129 42 along
361 1508 105 41 both
500 1507 330 55 speech-tracts.
897 1508 62 42 As
982 1522 24 27 a
1029 1507 168 56 typical
1230 1507 203 43 example
1456 1508 45 42 of
1530 1507 108 43 such
1662 1505 202 43 bilateral

198 1578 212 42 sclerosis,
436 1579 19 41 I
490 1578 115 42 shall
636 1578 137 43 select
807 1578 73 43 the
913 1578 168 43 disease
1115 1579 162 41 known
1303 1593 46 28 as
1373 1577 214 44 Multiple
1609 1592 48 28 or
1686 1576 180 43 Insular

200 1650 219 44 Sclerosis.
485 1651 45 42 It
551 1651 38 43 is
613 1651 74 42 the
712 1656 114 38 most
849 1651 252 43 commonly
1124 1657 91 37 met
1239 1652 106 42 with
1371 1652 48 42 of
1447 1651 75 43 the
1545 1665 152 43 group,
1720 1649 87 43 and
1831 1649 36 42 it

201 1723 211 56 produces
437 1723 303 43 well-marked
765 1724 150 43 effects
940 1738 117 42 upon
1080 1724 75 43 the
1180 1724 263 57 production
1467 1724 47 42 of
1533 1723 170 57 speech.

258 1795 208 42 Without
487 1795 269 56 attempting
780 1799 45 39 to
848 1795 197 43 describe
1071 1795 74 43 the
1168 1801 247 51 symptoms
1439 1795 88 43 and
1560 1794 241 56 pathology
1823 1793 45 43 of

200 1867 202 56 Multiple
433 1867 208 43 Sclerosis,
679 1868 18 41 I
733 1883 102 41 may
869 1868 173 43 remind
1077 1868 74 43 the
1186 1882 155 29 reader
1373 1868 98 42 that
1504 1868 35 41 it
1572 1867 36 42 is
1642 1881 24 28 a
1699 1866 169 43 disease

202 1945 113 37 most
347 1954 201 28 common
586 1940 200 43 between
824 1940 73 43 the
932 1955 101 41 ages
1073 1940 48 42 of
1154 1941 54 41 20
1246 1940 87 42 and
1368 1940 82 43 35;
1482 1940 99 42 that
1615 1953 160 42 among
1809 1939 58 41 its

202 2017 113 37 most
343 2012 327 43 characteristic
700 2018 248 51 symptoms
972 2013 235 42 are:—the
1230 2027 371 28 embarrassment
1623 2012 45 42 of
1697 2011 171 51 speech,

202 2090 42 36 to
269 2085 51 42 be
343 2085 228 55 presently
594 2085 159 53 noted;
786 2090 287 51 nystagmus;
1104 2099 148 29 coarse
1277 2085 237 43 trembling
1541 2100 46 27 or
1612 2085 254 55 jactitation

199 2158 46 41 of
276 2157 74 43 the
383 2172 115 27 arms
531 2158 85 41 and
652 2157 153 51 hands,
838 2157 162 57 during
1032 2158 302 55 performance
1369 2158 47 41 of
1447 2158 238 42 voluntary
1721 2171 146 29 move-

201 2236 169 47 ments;
403 2229 238 52 weakness,
666 2230 364 42 incoordination,
1054 2231 84 41 and
1174 2231 253 42 sometimes
1460 2230 233 56 spasticity
1716 2231 45 41 of
1793 2230 75 43 the

203 2302 113 55 legs;
349 2301 327 44 enfeeblement
708 2302 45 42 of
786 2303 75 42 the
894 2302 224 55 intellect;
1151 2303 99 42 and,
1280 2304 47 41 in
1361 2303 75 42 the
1470 2303 111 42 later
1613 2308 157 52 stages,
1794 2304 74 42 the

201 2389 260 28 occurrence
485 2375 46 42 of
550 2375 335 55 apoplectiform
910 2375 185 52 attacks,
1120 2375 74 44 the
1217 2375 314 44 development
1553 2376 46 42 of
1621 2380 248 51 symptoms

205 2448 198 54 pointing
437 2453 44 37 to
506 2448 302 42 involvement
831 2449 46 41 of
897 2448 75 43 the
997 2449 279 42 bulb—such
1301 2463 46 28 as
1370 2449 88 42 loss
1481 2449 48 42 of
1558 2448 76 43 the
1658 2463 147 41 power
1827 2450 47 42 of

203 2519 431 57 swallowing,—and
652 2535 24 27 a
693 2520 178 56 general
896 2521 158 42 failure
1073 2521 47 41 of
1139 2522 220 41 nutrition
1384 2521 142 43 which
1554 2521 177 57 betrays
1748 2522 124 42 itself

201 2590 46 43 in
278 2605 26 29 a
337 2591 220 57 tendency
582 2598 43 37 to
659 2592 76 44 the
769 2593 235 42 formation
1038 2592 49 44 of
1116 2593 237 43 bed-sores.
1419 2594 67 42 Dr
1520 2593 182 44 Gowers
1734 2598 137 39 states

203 2665 97 41 that
331 2663 76 44 the
439 2664 207 43 duration
680 2666 48 41 of
757 2666 75 42 the
855 2665 170 43 disease
1049 2666 37 42 is
1111 2666 110 43 from
1247 2671 86 38 two
1367 2670 46 40 to
1448 2666 150 44 fifteen
1632 2681 139 42 years,
1796 2667 75 42 the

204 2749 182 44 average
409 2736 206 43 duration
640 2737 131 44 being
796 2738 112 42 from
932 2743 88 38 two
1044 2742 45 39 to
1112 2739 68 42 six
1203 2754 139 42 years.

268 2808 359 56 Pathologically,
664 2809 74 43 the
781 2810 167 43 disease
991 2810 188 43 consists
1215 2810 49 43 in
1301 2825 55 28 an
1396 2810 276 43 overgrowth
1710 2811 46 41 of
1798 2810 75 43 the

207 2880 258 43 connective
505 2881 135 43 tissue
678 2882 47 42 of
760 2882 74 43 the
874 2882 125 43 brain
1039 2883 87 42 and
1160 2882 148 57 spinal
1340 2882 222 44 cord—an
1597 2883 276 56 overgrowth

210 2950 95 44 that
335 2952 38 43 is
406 2957 79 39 not
515 2953 159 44 diffuse
706 2968 48 28 or
785 2954 192 57 general,
1000 2955 81 43 but
1114 2955 36 43 is
1173 2955 176 43 limited
1373 2960 45 38 to
1442 2954 218 44 scattered
1682 2959 123 52 spots
1828 2969 47 29 or

212 3024 178 54 patches
413 3025 45 42 in
483 3025 74 43 the
583 3026 133 43 white
740 3031 160 38 matter
922 3027 45 42 of
990 3027 74 43 the
1087 3027 125 43 brain
1238 3027 87 43 and
1348 3027 114 43 cord,
1485 3027 86 42 and
1595 3026 92 44 also
1719 3027 48 43 in
1799 3027 77 43 the

210 3096 131 42 white
381 3103 160 39 matter
572 3098 48 43 of
654 3098 74 44 the
763 3113 139 39 crura,
942 3113 124 44 pons,
1104 3099 208 44 medulla,
1350 3099 88 44 and
1471 3098 276 45 cerebellum.
1812 3101 65 42 As

1618 3160 25 43 3
1668 3170 31 32 H
