2107 3450
260 316 88 37 Tilt
380 313 325 39 DEVELOPMENT
738 316 53 33 OF
824 315 168 33 SPEECH
1026 315 45 32 IN
1107 315 88 32 THE
1231 308 161 39 HUMAN
1427 315 126 33 PACE.
1651 296 85 54 15?

139 444 140 42 Many
302 442 46 43 of
366 441 75 43 the
463 439 153 57 higher
638 452 198 29 animals,
860 437 107 43 such
991 450 47 30 as
1062 436 137 53 fowls,
1221 436 162 51 horses,
1406 436 88 43 and
1526 436 118 56 dogs,
1667 450 72 29 are

77 514 212 44 endowed
312 511 105 47 with
441 526 25 28 a
487 524 145 43 power
654 510 45 43 of
721 514 217 51 emitting,
963 508 127 44 when
1115 508 141 43 under
1273 508 281 51 excitement,
1571 508 168 42 certain

79 599 250 30 expressive
352 582 278 44 inarticulate
652 582 125 43 vocal
800 581 188 44 sounds;
1020 581 86 42 and
1139 580 48 43 in
1219 580 108 44 such
1362 580 164 43 sounds
1553 594 119 29 some
1696 580 48 42 of

79 657 134 43 them,
256 656 107 43 such
405 669 47 29 as
493 654 77 43 the
612 654 94 57 dog,
742 668 80 29 can
860 667 180 29 express
1078 667 24 28 a
1141 651 301 45 considerable
1485 652 173 56 variety
1696 652 47 42 of

77 727 235 44 emotional
335 726 195 44 feelings.
593 725 110 43 Man
726 739 220 43 possesses
969 725 89 43 this
1081 738 119 30 same
1217 738 147 42 power
1386 723 46 45 in
1452 723 94 44 still
1568 727 172 53 greater

78 801 164 41 degree.
308 799 71 43 He
412 797 332 56 involuntarily,
782 797 46 42 in
862 811 136 43 many
1021 797 353 51 circumstances,
1408 810 228 30 expresses
1669 796 70 42 his

77 886 150 29 strong
266 871 192 44 emotion
501 871 59 42 by
602 869 282 44 inarticulate
928 870 126 43 vocal
1096 884 309 29 exclamation,
1447 869 146 43 which
1637 883 103 42 may

78 946 42 40 in
145 959 81 29 one
250 958 97 30 case
370 957 176 43 express
568 943 116 56 pain,
707 943 47 42 in
778 942 184 44 another
983 943 183 57 disgust,
1189 942 47 44 in
1259 943 184 43 another
1464 942 166 52 horror,
1653 942 87 42 and

76 1032 47 29 so
155 1032 81 28 on;
268 1017 76 43 the
366 1016 295 44 exclamation
691 1016 133 43 being
846 1015 47 44 in
917 1016 106 43 each
1057 1031 98 29 case
1189 1015 243 44 associated
1450 1015 107 43 with
1582 1029 159 42 appro-

79 1095 141 50 priate
246 1089 126 43 facial
394 1089 254 43 expression
671 1089 86 43 and
780 1093 184 52 gesture.
1029 1089 91 42 The
1143 1088 317 44 exclamations
1479 1088 104 43 thus
1601 1088 140 51 made,

76 1176 48 29 so
146 1162 104 43 long
272 1176 47 29 as
341 1161 107 44 they
470 1176 71 29 are
563 1161 281 43 inarticulate
866 1161 87 43 and
975 1161 300 57 involuntary,
1297 1165 162 39 cannot
1481 1161 53 43 be
1560 1160 182 53 ranked,

77 1234 47 42 in
158 1249 89 42 any
278 1248 157 43 proper
467 1248 137 29 sense,
636 1248 47 29 as
713 1234 150 43 words.
929 1234 127 51 Soon,
1087 1233 215 43 however,
1335 1233 76 43 the
1449 1233 230 43 discovery
1703 1233 37 43 is

80 1307 126 42 made
230 1307 97 42 that
350 1306 122 43 these
494 1306 174 42 natural
701 1306 329 43 exclamations,
1053 1307 38 41 if
1120 1305 205 56 repeated
1357 1305 287 58 voluntarily,
1667 1320 73 28 are

79 1379 182 56 capable
284 1379 45 42 of
351 1378 162 43 calling
534 1378 113 43 back
679 1383 44 37 to
756 1378 75 42 the
864 1378 165 42 human
1063 1378 126 42 mind
1220 1377 76 44 the
1329 1382 137 39 states
1500 1378 48 42 of
1576 1378 167 57 feeling

79 1456 98 37 that
201 1449 233 58 originally
455 1450 221 57 produced
698 1450 121 43 them
839 1465 10 38 ;
881 1450 98 53 and,
1003 1450 183 52 further,
1208 1450 110 42 that,
1341 1450 36 42 if
1407 1450 105 43 thus
1535 1451 207 56 repeated

78 1524 46 41 in
149 1523 74 43 the
247 1536 206 44 presence
475 1523 45 42 of
546 1522 159 51 others,
728 1522 106 43 they
856 1536 72 29 are
960 1522 181 43 capable
1175 1522 45 42 of
1252 1522 164 57 calling
1449 1537 74 42 up,
1544 1523 48 42 in
1625 1523 118 43 their

77 1596 147 42 minds
261 1595 104 43 also,
399 1595 74 42 the
506 1609 119 29 same
658 1600 136 37 states
827 1595 45 42 of
904 1594 174 44 feeling.
1143 1594 123 44 Used
1299 1595 47 42 in
1378 1595 91 43 this
1500 1600 243 52 voluntary

74 1683 195 29 manner,
291 1668 122 42 these
437 1666 176 44 natural
635 1667 318 43 exclamations
970 1667 179 43 become
1165 1667 325 56 Interjections.
1545 1667 196 44 Accord-

76 1742 76 41 ing
173 1745 44 38 to
240 1740 74 43 the
348 1739 228 43 Imitative
610 1738 169 53 School,
802 1739 108 43 such
942 1739 307 57 interjections
1281 1754 53 43 go
1368 1745 45 38 to
1451 1741 125 43 form,
1599 1740 47 44 in
1680 1741 61 43 all

77 1812 282 58 probability,
383 1826 81 29 one
487 1812 44 42 of
554 1811 74 43 the
652 1812 94 42 first
767 1811 250 44 rudiments
1050 1812 47 42 of
1126 1817 97 38 true
1256 1812 171 57 speech.
1493 1814 56 42 In
1588 1828 154 29 course

78 1887 47 41 of
143 1886 119 42 time,
285 1884 121 43 these
428 1883 302 56 interjections
752 1883 249 58 inevitably
1015 1883 112 44 have
1151 1885 433 44 consonant-sounds
1600 1886 141 44 added

80 1964 45 36 to
150 1958 133 43 them,
300 1956 87 43 and
409 1956 103 43 thus
535 1957 177 42 become
735 1956 412 44 conventionalized
1174 1957 87 43 and
1283 1958 276 54 verbalized;
1592 1959 81 43 but
1705 1959 39 43 it

78 2034 121 39 must
211 2030 54 42 be
280 2029 132 43 noted
425 2033 97 38 that
536 2028 74 44 the
626 2029 140 43 added
781 2033 264 39 consonants
1060 2029 129 43 differ
1202 2030 134 43 much
1351 2030 47 43 in
1413 2031 75 43 the
1503 2031 239 44 languages

80 2104 48 41 of
153 2102 205 42 different
380 2101 190 56 peoples,
599 2101 211 57 although
833 2102 76 43 the
931 2102 177 43 natural
1139 2103 283 44 inarticulate
1444 2111 297 37 exclamation

79 2179 99 38 that
206 2173 231 58 suggested
460 2173 75 43 the
557 2174 281 56 interjection
871 2174 79 43 has
973 2174 111 43 been
1107 2175 75 43 the
1205 2189 119 30 same
1346 2176 48 43 in
1417 2177 61 42 all
1500 2192 131 29 cases.

139 2247 96 43 One
267 2261 48 28 or
346 2251 87 38 two
465 2245 223 57 examples
721 2259 102 43 may
859 2245 55 44 be
944 2245 132 58 given
1114 2246 111 44 from
1264 2248 76 43 the
1375 2250 181 43 treatise
1589 2251 47 42 of
1664 2251 77 43 Mr

75 2319 281 57 Wedgwood.
420 2318 118 44 Take
562 2318 75 43 the
659 2318 282 57 interjection
964 2321 21 20 "
1004 2319 151 56 pooh."
1218 2320 118 53 This,
1353 2321 56 45 he
1427 2322 206 53 believes,
1652 2338 88 30 was

76 2391 233 59 originally
332 2390 232 58 suggested
595 2390 60 57 by
686 2390 76 43 the
794 2390 287 56 spitting-out
1112 2393 48 42 of
1188 2407 57 28 an
1279 2408 253 45 unsavoury
1556 2396 187 55 morsel;

75 2465 89 43 and
185 2464 55 43 he
263 2468 154 52 quotes
440 2477 25 29 a
485 2462 111 58 good
617 2462 98 44 deal
737 2463 45 43 of
796 2463 209 44 evidence
1028 2468 44 39 to
1096 2464 121 44 show
1237 2465 98 44 that
1357 2467 90 44 this
1464 2483 87 29 was
1573 2469 59 44 its
1650 2470 91 43 real

76 2537 151 57 origin.
307 2537 70 42 He
415 2536 133 57 gives,
585 2536 67 43 for
689 2536 213 56 example,
936 2551 25 28 a
1000 2537 232 56 quotation
1271 2539 112 43 from
1418 2540 76 44 the
1533 2542 209 44 traveller

75 2608 246 52 Leichardt,
336 2608 96 43 who
448 2613 89 39 met
556 2614 105 37 with
685 2608 89 45 this
797 2609 127 44 mode
947 2609 48 43 of
1013 2611 254 56 expression
1286 2627 161 44 among
1463 2613 76 45 the
1558 2629 181 31 savages

74 2682 47 43 of
142 2680 236 44 Australia.
442 2686 20 16 "
481 2681 90 43 The
606 2696 99 29 men
739 2682 284 44 commenced
1056 2683 175 59 talking
1262 2689 45 39 to
1340 2685 136 56 them,
1499 2688 82 44 but
1615 2703 123 30 occa-

73 2752 190 57 sionally
286 2753 273 57 interrupted
582 2753 114 44 their
717 2754 207 57 speeches
946 2755 60 57 by
1029 2755 188 59 spitting
1239 2757 85 44 and
1350 2760 196 57 uttering
1568 2775 26 29 a
1616 2762 122 44 noise

73 2826 93 43 like
207 2826 241 56 pooh-pooh,
498 2826 262 58 apparently
803 2828 253 56 expressive
1105 2829 48 42 of
1202 2830 117 44 their
1371 2831 210 59 disgust."
1664 2834 73 44 He

73 2912 145 30 shows
252 2898 181 52 further,
467 2912 56 29 on
558 2899 74 43 the
667 2900 226 58 authority
915 2901 48 42 of
994 2901 190 57 Captain
1220 2903 184 53 Burton,
1439 2905 100 43 that
1570 2907 168 43 certain

70 2971 186 43 African
289 2970 133 44 tribes
456 2984 74 30 use
561 2969 252 46 tooh-tuh
844 2973 48 43 in
925 2973 75 44 the
1034 2988 120 29 same
1189 2989 140 39 sense,
1363 2977 189 56 spitting
1583 2982 47 40 at
1660 2979 78 44 the

71 3058 121 30 same
215 3043 106 43 time
344 3057 116 43 upon
483 3043 75 45 the
590 3045 179 57 ground.
833 3045 73 44 He
929 3046 128 44 finds,
1080 3047 46 43 in
1151 3049 167 43 certain
1342 3050 126 44 other
1485 3050 253 59 languages,

71 3120 99 40 that
206 3115 76 44 the
319 3115 119 44 word
474 3118 346 56 representative
857 3119 46 42 of
937 3119 189 58 spitting
1163 3135 104 43 may
1302 3121 54 45 be
1394 3123 109 43 used
1539 3123 108 43 with
1680 3138 57 28 an

68 3187 145 45 initial
237 3201 46 44 p,
309 3202 45 30 as
376 3188 45 43 in
446 3188 74 44 the
543 3189 145 44 Maori
720 3188 212 57 puhwa,
958 3194 44 39 to
1037 3193 90 56 spit
1159 3198 102 50 out;
1295 3209 48 28 or
1365 3195 108 43 with
1509 3206 76 44 sp,
1611 3210 47 29 as
1691 3196 47 43 in
