1895 3217
1455 307 62 49 97

673 310 91 31 THE
799 311 219 33 HOOLOCK.

162 446 96 32 arm
282 447 72 31 are
379 432 161 48 within
563 449 82 31 one
668 435 103 47 inch
794 443 272 40 two-tenths
1090 437 51 47 of
1166 440 130 60 being
1319 442 130 58 equal
1472 442 46 46 in

161 507 169 61 length.

226 584 97 45 The
339 584 219 48 dentition
582 586 48 47 of
646 588 90 46 this
761 604 163 46 species
939 606 157 44 nearly
1113 607 149 30 agrees
1282 592 113 46 with
1415 594 104 45 that

159 659 51 46 of
236 659 58 46 its
317 676 264 46 congeners;
616 665 82 45 but
732 665 37 46 is
803 667 279 47 remarkable
1115 668 47 46 in
1195 670 79 44 the
1295 669 157 46 length
1478 669 53 44 of

157 742 79 39 the
260 737 155 46 canine
438 740 139 45 teeth.

223 1883 90 46 We
335 1897 103 30 now
461 1882 88 46 add
571 1882 78 46 the
672 1882 262 62 interesting
955 1883 135 46 letter
1112 1883 50 46 of
1187 1884 66 45 Dr
1283 1884 232 61 Burrough

159 1958 350 60 accompanying
530 1964 79 40 the
632 1959 244 60 specimens
900 1959 226 45 described
1148 1961 62 59 by
1234 1960 66 44 Dr
1314 1960 189 45 Harlan.

283 2035 97 44 The
403 2049 244 45 specimens
678 2033 50 46 of
758 2041 78 38 the
870 2050 326 46 orang-outang
1230 2050 46 30 or
1299 2035 215 53 Gibbons,

161 2109 232 46 furnished
420 2125 105 45 you,
551 2125 116 30 were
701 2110 209 45 obtained
942 2111 62 60 by
1032 2126 73 30 me
1135 2110 159 62 during
1321 2126 81 45 m}^
1426 2111 91 45 late

162 2186 231 45 excursion
415 2186 95 46 into
525 2186 78 45 the
620 2186 182 46 interior
819 2185 50 47 of
884 2187 182 45 Bengal.
1136 2187 130 61 They
1286 2202 116 30 were
1416 2203 99 45 pre-

161 2263 156 45 sented
340 2269 45 39 to
408 2278 72 30 me
503 2264 63 60 by
590 2263 193 46 Captain
805 2262 262 47 Alexander
1093 2263 245 55 Davidson,
1363 2263 51 46 of
1437 2264 79 45 the

161 2340 287 46 Honourable
478 2341 109 45 East
617 2341 132 46 India
773 2341 249 61 Company,
1055 2341 223 45 stationed
1306 2346 47 40 at
1377 2340 139 46 Goal-

159 2435 123 45 para,
321 2419 164 46 situate
516 2434 56 30 on
601 2420 79 44 the
711 2420 344 45 Burrampooter
1085 2417 131 55 river,
1251 2417 49 46 in
1334 2417 180 45 Assam.

162 2498 111 45 This
296 2497 172 45 district
492 2496 50 46 of
567 2512 188 45 country
780 2512 93 30 was
903 2495 210 62 formerly
1136 2494 210 47 attached
1367 2500 47 40 to
1436 2494 80 45 the

162 2574 213 47 Burmese
398 2574 181 61 empire,
603 2575 82 45 but
709 2580 47 40 at
778 2580 178 54 present
979 2573 38 46 is
1040 2572 48 47 in
1109 2587 246 47 possession
1372 2570 52 48 of
1436 2568 79 49 the
