1817 3171
352 199 89 40 150

794 208 91 30 THE
909 208 221 30 BARBARY
1156 208 102 31 APE.

413 332 203 46 Frederic
650 332 166 46 Cuvier
848 349 120 45 says,
1004 333 101 45 that
1139 340 111 53 they
1285 335 120 43 walk
1437 339 117 40 most
1590 349 121 31 com-

346 425 157 46 monly
543 425 56 29 on
638 410 219 53 all-fours,
894 410 135 45 while
1069 416 48 38 at
1163 416 79 39 the
1287 426 121 29 same
1447 417 112 39 time
1598 412 112 61 they

346 502 76 30 are
460 502 110 45 very
617 493 145 38 active
809 487 216 44 climbers.
1117 487 73 44 He
1241 485 202 47 confirms
1494 494 77 39 the
1614 489 96 59 opi-

345 563 107 45 nion
496 562 51 46 of
581 563 127 45 them
752 564 132 60 being
933 563 263 61 gregarious,
1242 562 145 61 filling
1431 564 77 44 the
1555 563 154 46 forests

347 640 116 45 with
499 640 117 45 their
653 645 100 39 vast
789 646 161 54 troops,
992 640 91 44 and
1119 639 164 61 openly
1319 641 231 60 attacking
1582 640 128 46 those

346 732 195 29 enemies
576 715 148 46 which
758 722 112 54 they
893 716 134 44 think
1054 722 112 55 they
1190 731 82 29 can
1307 731 242 39 overcome,
1574 717 135 45 while

345 794 112 60 they
476 793 124 44 drive
618 798 46 39 to
683 808 27 29 a
728 792 214 54 distance,
959 793 63 60 by
1040 793 117 44 their
1173 808 213 30 numbers
1404 793 91 45 and
1518 809 191 29 scream-

344 870 77 60 ing
454 885 58 29 an
546 869 201 45 intruder
777 868 49 46 of
854 869 149 45 whose
1037 884 170 45 powers
1244 876 111 54 they
1379 885 74 30 are
1488 869 220 46 doubtful.

346 947 55 45 In
438 962 28 29 a
505 952 117 39 state
661 944 49 47 of
741 945 221 61 captivity
995 945 36 45 it
1071 945 36 45 is
1147 947 181 59 capable
1362 945 50 47 of
1441 962 119 30 more
1594 947 114 45 than

345 1024 209 59 ordinary
584 1037 171 46 powers
786 1021 51 46 of
859 1022 392 61 comprehension;
1292 1024 98 51 but,
1425 1030 47 37 to
1508 1023 199 46 improve

344 1106 127 39 those
494 1100 194 45 abilities
712 1114 48 30 as
783 1097 67 47 far
872 1114 48 30 as
944 1098 206 62 possible,
1175 1099 37 45 it
1236 1099 161 45 should
1419 1101 55 43 be
1496 1101 212 60 procured

343 1192 166 46 young,
545 1192 48 29 as
619 1176 114 45 with
766 1176 230 46 advanced
1029 1192 79 29 age
1142 1183 112 54 they
1277 1177 228 61 generally
1528 1178 180 44 become

342 1269 122 30 more
488 1254 145 44 sullen
657 1253 90 45 and
769 1268 185 39 morose,
991 1253 90 45 and
1104 1269 112 29 even
1241 1253 254 45 sometimes
1519 1253 188 61 danger-

343 1346 93 30 ous.
505 1331 45 45 It
573 1330 37 45 is
634 1346 110 45 very
762 1329 258 62 frequently
1039 1346 104 29 seen
1161 1336 47 39 at
1231 1330 145 54 home,
1403 1346 103 38 and,
1531 1337 110 38 next
1660 1337 45 38 to

342 1414 79 39 the
455 1423 132 45 green
624 1408 213 60 monkey,
874 1407 82 45 has
995 1413 79 39 the
1110 1406 264 46 misfortune
1413 1413 45 39 to
1497 1408 55 43 be
1588 1414 118 38 most

342 1485 257 60 frequently
623 1484 193 45 selected
838 1490 46 39 to
914 1499 274 46 accompany
1212 1484 201 60 strolling
1435 1485 157 52 bands,
1617 1484 89 45 and

343 1577 118 30 owes
483 1568 118 38 most
625 1560 50 46 of
690 1560 57 45 its
771 1566 218 39 torments
1022 1567 47 39 to
1092 1567 78 38 the
1206 1560 197 46 superior
1425 1560 281 46 intelligence

342 1639 36 44 it
402 1638 36 44 is
463 1638 216 45 endowed
702 1644 127 38 with.

409 1716 55 43 In
488 1714 237 61 captivity,
751 1714 37 45 it
812 1729 149 30 agi’ees
984 1712 115 46 with
1116 1712 146 55 fruits,
1281 1714 151 53 bread,
1453 1713 90 45 and
1559 1714 147 45 boiled

343 1793 270 59 vegetables,
638 1791 292 61 particularly
954 1797 163 38 carrots
1152 1790 90 45 and
1267 1796 231 55 potatoes;
1535 1791 89 44 and
1647 1791 59 45 its

343 1868 182 45 natural
559 1868 250 61 gregarious
833 1867 283 61 dispositions
1148 1883 165 46 appear
1336 1867 91 45 also
1460 1874 46 39 to
1530 1869 54 43 be
1607 1883 100 45 pre-

344 1946 155 44 served
530 1945 45 44 in
605 1945 58 44 its
701 1944 249 61 delighting
985 1945 47 44 in
1062 1951 79 38 the
1166 1945 167 61 society
1357 1943 50 47 of
1435 1960 120 29 some
1587 1944 119 45 little

343 2022 183 53 animal,
553 2022 147 44 which
734 2021 37 45 is
807 2020 121 46 often
963 2037 156 45 placed
1152 2021 47 45 in
1228 2021 59 45 its
1310 2037 234 45 company.
1612 2021 95 45 Our

341 2105 122 54 plate
498 2098 114 45 from
644 2098 204 45 Frederic
878 2098 166 46 Cuvier
1074 2098 94 45 will
1204 2098 100 61 give
1340 2114 58 29 an
1435 2098 100 44 idea
1570 2097 50 45 of
1647 2097 59 45 its

341 2175 110 45 form
471 2176 89 44 and
579 2191 282 45 appearance.
936 2176 97 44 The
1051 2174 183 46 females
1253 2191 73 29 are
1345 2175 156 61 nearly
1520 2174 184 53 similar,

341 2253 169 60 though
533 2252 228 61 generally
785 2252 86 45 less
894 2251 46 45 in
965 2251 102 46 size.

408 2330 144 44 There
576 2329 37 45 is
644 2336 186 38 another
859 2329 194 45 tail-less
1081 2329 167 45 animal
1278 2328 146 45 which
1457 2342 67 29 we
1555 2327 151 44 would

342 2406 228 45 introduce
601 2406 46 45 in
671 2406 90 45 this
785 2407 138 59 place,
954 2422 48 29 as
1026 2405 191 61 forming
1239 2412 77 38 the
1339 2405 89 44 real
1452 2418 183 46 passage
1659 2410 45 37 to

342 2490 76 38 the
443 2490 97 38 true
569 2483 311 60 Cynocephali.
951 2484 43 44 It
1029 2483 36 45 is
1099 2482 77 45 the
1205 2481 333 61 Cynocephalus
1572 2494 130 45 niger
