1895 3217
1487 291 57 40 13

617 295 186 32 MEMOIR
836 295 54 32 OF
923 296 200 32 BUFFON.

176 425 65 61 by
262 436 156 34 means
441 423 51 47 of
516 424 195 59 burning
732 436 194 40 mirrors^
964 437 48 30 as
1041 422 81 47 has
1150 423 116 46 been
1294 425 250 44 recorded.*

178 501 165 46 Buffon
388 501 287 46 commenced
718 499 71 46 his
835 513 252 31 researches
1133 497 114 47 with
1291 499 71 45 his
1416 503 130 43 usual

176 594 162 30 ardour
368 579 91 46 and
491 591 331 49 perseverance^
858 576 92 48 and
983 576 73 49 his
1094 576 303 63 experiments
1428 596 119 32 were

176 655 253 62 eminently
469 654 252 48 successful.
799 656 132 61 They
967 670 75 31 are
1084 662 79 40 the
1199 663 118 39 most
1356 656 189 47 import-

176 739 80 39 ant
296 733 149 45 which
483 733 58 45 he
579 731 264 63 performed^
885 732 48 45 in
966 733 128 46 those
1123 733 217 46 branches
1374 749 171 31 uncon-

174 810 161 45 nected
379 810 115 45 with
544 810 183 45 natural
776 810 206 61 history;
1028 810 92 45 and
1170 809 37 46 it
1246 810 37 45 is
1317 812 225 59 probable,

174 887 118 53 that,
333 887 92 45 had
460 887 57 45 he
552 893 80 39 not
667 888 114 44 been
821 886 244 62 appointed
1098 887 251 45 Intendant
1389 886 50 46 of
1465 888 80 45 the

175 964 147 45 Royal
356 963 182 46 Garden
569 964 91 46 and
692 964 207 54 Cabinet,
931 970 80 39 the
1045 963 177 47 various
1257 965 216 45 branches
1503 964 49 46 of

173 1041 335 54 mathematics,
551 1041 155 61 optics,
745 1040 95 55 &c.,
877 1040 153 46 would
1067 1041 119 45 have
1224 1040 203 47 received
1465 1042 79 44 the

172 1124 196 55 greatest
401 1125 102 54 part
535 1118 49 46 of
605 1118 72 45 his
706 1124 241 47 attention,
981 1117 93 46 and
1102 1117 147 45 might
1279 1117 117 46 have
1429 1118 114 45 been

174 1195 218 45 attended
414 1194 116 45 with
552 1201 80 38 the
654 1200 119 40 most
797 1193 205 45 splendid
1024 1193 177 46 results.
1236 1193 91 46 We
1345 1194 200 45 consider

173 1271 219 46 therefore
421 1277 103 40 that
548 1286 27 30 a
598 1272 123 44 short
752 1270 156 46 sketch
940 1269 50 47 of
1013 1277 77 38 the
1118 1285 197 46 progress
1345 1269 51 46 of
1418 1270 125 46 these

173 1347 303 61 experiments
499 1363 110 46 may
632 1349 55 44 be
710 1346 280 61 interesting.

237 1424 164 46 Buffon
425 1424 289 46 commenced
736 1423 71 45 his
830 1438 264 38 researches,
1121 1422 115 46 with
1258 1429 79 40 the
1360 1439 118 30 view
1501 1424 50 46 of

173 1507 302 55 constructing
508 1516 27 30 a
567 1502 196 59 burning
794 1515 172 39 miiTor,
993 1498 150 47 which
1177 1500 154 46 would
1359 1501 55 45 be
1437 1516 106 46 cap-

173 1578 98 44 able
287 1576 50 47 of
350 1577 282 61 performing,
651 1577 125 45 what
794 1577 92 45 had
902 1578 114 44 been
1033 1576 194 46 thought
1247 1576 295 48 Archimedes

172 1654 131 45 could
324 1660 80 39 not
426 1654 117 45 have
566 1654 248 54 executed;
839 1655 99 53 but,
964 1654 147 46 before
1136 1654 306 61 commencing
1463 1655 79 45 the

171 1730 123 60 plan,
318 1730 37 45 it
380 1746 93 30 was
507 1745 235 46 necessary
776 1736 47 40 to
857 1746 192 45 perform
1079 1746 144 45 many
1245 1730 298 62 preliminary

173 1807 316 61 experiments,
508 1807 194 61 relating
724 1813 47 39 to
797 1807 80 45 the
899 1807 87 45 loss
1011 1806 50 46 of
1077 1807 113 61 light
1218 1808 64 60 by
1299 1807 241 55 reflection,

173 1884 90 46 and
280 1885 79 44 the
381 1885 99 45 best
497 1884 232 45 materials
747 1884 150 45 which
915 1884 132 45 could
1063 1884 55 45 be
1132 1884 113 45 used
1262 1883 65 46 for
1340 1890 79 39 the
1438 1899 105 30 con-

230 2012 20 19 •
281 2010 131 37 When
440 2011 63 36 the
530 2011 87 36 fleet
636 2013 41 34 of
700 2009 202 38 Marcellus
931 2023 72 24 was
1029 2011 130 36 ■within
1184 2012 193 45 bow-shot,
1397 2016 63 31 the
1481 2020 57 29 old

170 2089 86 23 man
277 2073 278 53 (Archimedes)
576 2077 156 35 brought
760 2081 63 31 out
842 2089 21 23 a
880 2076 204 36 hexagonal
1110 2077 132 35 mirror
1265 2076 119 38 which
1404 2077 47 36 he
1470 2077 72 37 had

170 2155 105 23 made
292 2155 8 23 :
322 2142 46 36 he
384 2142 127 48 placed
530 2148 37 30 at
581 2154 129 36 proper
729 2142 177 36 distances
923 2142 95 36 from
1034 2142 71 36 this
1120 2154 130 24 mirror
1269 2147 105 31 other
1392 2143 150 37 smaller

169 2220 158 34 mirrors,
350 2208 119 37 which
488 2220 94 25 were
602 2209 41 35 of
667 2213 61 31 the
744 2220 97 24 same
859 2208 105 46 kind,
983 2209 72 35 and
1074 2207 120 38 which
1222 2220 94 25 were
1341 2210 133 34 moved
1493 2210 49 46 by

168 2286 125 25 means
321 2275 42 35 of
384 2274 95 36 their
504 2274 139 47 hinges,
675 2275 72 35 and
776 2279 135 31 certain
939 2286 126 35 square
1093 2274 115 47 plates
1227 2275 41 35 of
1290 2274 125 36 metal.
1478 2273 62 37 He

169 2340 206 36 afterwards
393 2339 127 48 placed
538 2340 56 36 his
621 2341 146 35 mirrors
794 2341 39 35 in
861 2346 63 30 the
951 2341 111 35 midst
1090 2340 41 36 of
1153 2345 63 31 the
1236 2339 94 37 solar
1347 2352 94 33 rays,
1460 2352 79 35 pre-

169 2405 110 47 cisely
298 2411 37 29 at
360 2406 176 35 noonday.
606 2405 81 37 The
715 2417 79 25 rays
822 2407 40 34 of
884 2412 64 30 the
976 2418 68 24 sun
1069 2406 108 46 being
1203 2406 171 36 reflected
1400 2405 49 47 by
1468 2406 72 34 this

169 2470 142 44 mirror,
322 2470 48 36 he
388 2471 154 36 kindled
561 2483 21 23 a
602 2471 164 36 dreadful
786 2471 65 36 fire
869 2471 39 35 in
927 2476 63 31 the
1009 2471 109 47 ships,
1134 2470 119 37 which
1272 2483 94 25 were
1381 2482 155 25 reduced

169 2539 37 31 to
225 2547 113 34 ashes,
368 2541 37 30 at
437 2548 21 23 a
488 2537 158 36 distance
677 2536 107 37 equal
817 2542 38 31 to
882 2541 80 31 that
990 2537 40 37 of
1053 2548 22 23 a
1098 2535 438 45 bow-shot.—Tzetzes^

172 2598 171 49 Chiliad^
368 2601 57 37 II.
455 2601 85 37 119.
