2125 3524
818 301 86 31 THE
935 302 243 33 DISORDERS
1211 305 53 31 OF
1296 305 176 32 SPEECH.

337 285 54 44 50

333 417 225 55 accepting
594 418 90 42 also
725 419 88 43 this
856 420 302 43 classification
1200 423 47 41 of
1285 416 71 51 £Ee
1395 423 199 42 varieties
1634 423 44 42 of
1719 422 226 43 hysterical

334 486 179 45 mutism
533 503 9 37 ;
573 488 80 42 but
674 489 37 42 if
729 490 53 43 he
805 491 122 42 takes
949 491 74 43 the
1045 492 124 42 other
1190 493 109 41 view
1321 493 44 41 of
1387 492 271 55 whispering,
1674 493 85 41 and
1782 492 167 45 regards

331 556 37 42 it
389 571 46 28 as
458 571 55 28 an
534 563 71 37 act
626 560 44 41 of
702 560 74 42 the
810 561 88 41 oral
937 561 264 42 mechanism
1237 562 135 42 alone,
1395 562 182 41 without
1599 563 287 54 co-operation
1909 565 44 41 of

335 627 76 43 the
452 628 170 56 larynx,
658 629 54 43 he
755 630 90 41 will
888 635 75 38 not
1003 632 53 41 he
1097 631 95 42 able
1233 636 45 37 to
1329 636 148 37 accept
1517 631 74 42 the
1642 632 310 53 classification,

332 698 80 41 but
435 703 117 37 must
571 699 111 43 refer
703 700 57 41 all
783 701 200 42 varieties
1005 702 43 41 of
1081 702 178 41 mutism
1289 705 45 38 to
1365 701 287 42 disablement
1682 702 44 41 of
1757 702 72 42 the
1853 703 98 43 Oral

333 769 293 42 Articulative
648 770 283 43 Mechanism.

391 839 238 42 Whatever
649 840 110 42 view
776 841 52 41 be
851 841 268 42 entertained
1140 842 226 55 regarding
1386 842 75 43 the
1483 841 261 56 Physiology
1760 843 47 41 of
1824 844 124 42 whis-

332 909 163 54 pering,
519 910 21 40 I
564 910 128 40 think
715 910 120 42 there
856 924 80 28 can
958 911 52 41 be
1031 924 55 28 no
1109 911 134 42 doubt
1264 912 96 42 that
1382 912 245 56 Hysterical
1648 912 203 54 Aphonia
1867 914 82 42 and

332 979 186 41 Mutism
541 979 115 42 alike
679 983 117 38 must
818 981 51 40 be
890 981 200 41 referred,
1112 986 76 36 not
1218 986 44 36 to
1294 996 25 27 a
1350 996 114 28 mere
1500 982 240 55 peripheral
1772 982 177 43 disable-

332 1053 121 37 ment
474 1049 46 41 of
538 1049 73 41 the
633 1048 288 43 mechanisms
943 1050 46 41 of
1011 1051 168 54 speech,
1201 1051 79 41 but
1300 1056 44 37 to
1376 1066 24 27 a
1422 1052 287 41 disablement
1730 1051 46 42 of
1803 1065 80 28 one
1905 1066 45 28 or

330 1118 125 42 other
476 1132 46 28 or
543 1118 104 41 both
665 1119 44 40 of
731 1119 72 41 the
822 1119 175 42 cortical
1015 1126 167 36 centres
1196 1121 109 41 from
1321 1121 137 41 which
1479 1121 104 41 they
1597 1135 69 27 are
1683 1121 264 42 innervated.

331 1188 137 56 Many
504 1188 166 43 believe
702 1189 97 41 that
830 1189 74 42 the
937 1190 89 41 will
1057 1190 121 42 itself
1208 1191 37 41 is
1279 1191 234 42 enfeebled,
1545 1191 85 42 and
1662 1191 95 42 that
1787 1191 163 42 sudden

332 1273 121 28 cures
485 1273 71 28 are
586 1259 178 42 effected
787 1259 162 56 merely
970 1261 59 55 by
1050 1261 74 42 the
1146 1261 328 55 strengthening
1496 1262 44 41 of
1564 1261 69 42 the
1656 1275 140 41 power
1817 1262 45 40 of
1881 1261 69 42 the

331 1329 101 52 will,
456 1329 184 56 through
663 1330 74 42 the
758 1330 215 42 influence
996 1332 46 40 of
1070 1332 111 41 faith
1203 1332 46 41 in
1271 1332 73 42 the
1368 1332 237 55 physician,
1626 1331 85 42 and
1732 1331 74 42 the
1836 1332 115 41 tonic

332 1400 148 42 effects
502 1400 217 55 produced
740 1400 58 56 by
821 1414 24 28 a
866 1402 256 41 restoration
1145 1403 44 40 of
1210 1402 257 42 confidence.

390 1473 45 40 If
454 1470 233 56 hysterical
709 1472 177 41 mutism
911 1473 46 40 of
974 1472 74 42 the
1070 1473 93 41 first
1185 1472 109 42 class
1315 1472 84 42 and
1420 1471 234 56 hysterical
1675 1471 185 42 aphonia
1881 1485 68 27 are

330 1541 253 55 essentially
608 1541 219 42 identical,
857 1541 74 42 the
963 1546 232 38 treatment
1225 1542 173 55 already
1428 1542 230 42 explained
1688 1556 47 27 as
1766 1546 183 37 suitable

329 1613 66 41 for
441 1611 187 42 aphonia
662 1611 142 42 would
848 1613 52 41 be
946 1612 188 55 equally
1154 1613 271 55 appropriate
1470 1614 65 40 for
1580 1612 88 42 this
1708 1611 166 42 variety
1907 1613 45 40 of

329 1683 179 41 mutism
528 1698 8 26 :
579 1682 37 41 it
651 1682 133 41 ought
817 1686 44 37 to
898 1682 172 42 include
1105 1683 106 41 both
1243 1683 72 42 the
1347 1683 295 54 employment
1673 1683 45 40 of
1746 1682 73 41 the
1840 1681 108 42 local

328 1766 218 28 measures
597 1752 97 41 that
746 1752 110 42 have
909 1753 109 41 been
1076 1752 221 43 described
1348 1754 84 40 and
1487 1753 73 41 the
1612 1766 75 28 use
1740 1752 46 40 of
1833 1753 113 39 tonic

329 1823 210 42 remedies
573 1822 83 42 and
694 1822 192 55 regimen
919 1823 184 41 suitable
1142 1828 42 37 to
1221 1824 73 41 the
1326 1822 326 43 constitutional
1683 1826 124 38 state.
1869 1823 79 40 For

328 1907 118 28 cases
469 1893 47 41 of
533 1892 74 42 the
629 1892 157 42 second
809 1892 121 42 class,
943 1893 36 40 it
997 1893 141 41 would
1160 1907 114 28 seem
1295 1893 185 41 rational
1501 1897 45 37 to
1562 1892 131 54 apply
1710 1896 236 50 electricity

328 1963 84 42 and
436 1962 123 42 other
579 1962 111 41 local
713 1967 233 36 treatment
968 1967 44 37 to
1034 1963 74 41 the
1130 1977 150 41 organs
1303 1964 46 40 of
1367 1963 89 41 oral
1477 1962 287 42 articulation,
1780 1961 104 42 such
1902 1975 44 27 as

326 2034 75 42 the
424 2034 176 41 Tongue
623 2031 86 43 and
732 2032 115 55 Lips,
864 2033 171 41 instead
1057 2033 46 41 of
1122 2039 44 36 to
1188 2033 74 42 the
1280 2034 200 54 Larynx;
1500 2033 84 41 and
1607 2033 45 40 in
1674 2046 116 28 cases
1811 2032 47 41 of
1876 2031 70 42 the

327 2103 120 43 third
470 2103 109 42 class
603 2102 73 42 the
705 2102 111 42 local
848 2107 235 38 treatment
1105 2104 46 41 of
1171 2103 103 42 both
1297 2117 287 28 mechanisms
1607 2101 139 43 would
1769 2115 113 28 seem
1905 2106 42 37 to

329 2175 53 41 be
406 2173 230 43 indicated.

388 2245 85 41 For
489 2244 73 42 the
580 2243 295 42 examination
893 2243 46 41 of
952 2257 24 27 a
994 2257 95 29 case
1106 2245 44 41 of
1163 2243 234 57 hysterical
1413 2243 190 42 mutism,
1619 2241 105 42 with
1742 2256 23 26 a
1780 2242 106 41 view
1905 2246 41 36 to

330 2315 238 41 determine
592 2314 74 41 the
689 2313 110 42 class
815 2318 43 37 to
874 2313 141 42 which
1034 2314 35 41 it
1086 2314 189 55 belongs,
1293 2314 22 40 I
1333 2313 142 42 would
1492 2326 179 41 propose
1693 2312 96 41 that
1808 2316 137 37 atten-

328 2386 95 41 tion
445 2384 156 42 should
624 2384 93 41 first
736 2383 53 42 be
811 2383 102 55 paid
935 2387 43 37 to
1001 2384 73 41 the
1096 2384 237 55 Laryngeal
1355 2383 231 42 functions,
1608 2382 84 41 and
1716 2381 105 52 that,
1842 2381 104 41 with

330 2455 73 41 the
425 2454 111 41 view
559 2454 46 41 of
634 2452 163 56 testing
828 2453 132 49 these,
991 2453 74 42 the
1098 2458 169 50 patient
1301 2452 154 42 should
1489 2452 51 41 be
1573 2451 132 41 asked
1742 2456 44 36 to
1823 2464 122 27 make

330 2539 117 28 some
469 2524 221 55 laryngeal
713 2523 149 42 sound,
885 2523 103 41 such
1013 2537 45 27 as
1088 2535 44 31 a.
1204 2523 44 41 If
1283 2536 56 28 no
1371 2522 106 42 such
1512 2521 136 42 sound
1681 2535 79 27 can
1782 2521 51 42 be
1854 2534 91 41 pro-

329 2595 153 42 duced,
504 2607 107 29 even
633 2594 46 40 in
702 2607 24 27 a
749 2593 197 54 whisper,
967 2593 75 42 the
1066 2592 221 56 laryngeal
1318 2593 198 41 function
1546 2592 38 42 is
1615 2591 226 55 obviously
1862 2591 82 41 dis-

328 2665 136 43 abled.
527 2663 44 42 If
591 2664 75 42 the
686 2663 170 55 patient
877 2677 77 27 can
977 2663 187 55 produce
1186 2677 25 27 a
1241 2663 122 42 vocal
1388 2662 138 43 sound
1548 2669 45 35 at
1614 2661 236 43 command,
1873 2661 71 41 the

328 2735 198 42 function
548 2734 37 41 is
603 2733 207 55 probably
827 2733 147 41 intact.
1039 2732 225 56 Secondly,
1280 2733 45 41 in
1343 2733 161 42 testing
1526 2733 73 40 the
1623 2731 101 42 Oral
1747 2730 194 42 mechan-

325 2806 96 42 ism,
453 2805 74 42 the
548 2817 228 42 physician
798 2802 157 43 should
978 2802 76 42 ask
1076 2802 73 42 the
1172 2803 168 54 patient
1362 2807 44 37 to
1429 2807 70 37 try
1521 2802 74 42 the
1616 2806 326 50 pronunciation

325 2877 45 42 of
388 2877 73 42 the
483 2874 208 43 voiceless
713 2886 259 29 consonants
995 2872 44 41 of
1061 2872 72 41 the
1155 2873 95 41 first
1271 2872 173 42 column
1467 2872 46 41 of
1530 2885 77 27 our
1623 2870 215 55 alphabet,
1854 2869 89 48 viz.,

324 2949 124 43 those
465 2945 143 43 which
626 2958 71 29 are
718 2942 275 57 represented
1016 2943 56 54 by
1095 2942 73 42 the
1189 2942 166 42 initials
1382 2942 45 42 of
1454 2941 74 42 the
1559 2945 237 46 sentences,
1827 2945 19 16 "
1865 2941 79 40 Far

326 3020 148 43 shores
491 3030 114 28 seem
623 3014 146 55 thinly
786 3013 145 56 hazy,"
948 3012 84 42 and
1050 3012 129 42 "Two
1197 3026 104 41 poor
1317 3011 254 42 comrades."
1624 3011 52 41 In
1692 3010 73 42 the
1780 3007 161 44 normal

323 3087 235 47 condition,
579 3086 74 42 the
671 3084 120 44 vocal
809 3098 122 29 cords
948 3083 99 43 take
1070 3097 55 27 no
1146 3086 96 52 part
1264 3082 44 42 in
1331 3081 236 56 producing
1589 3080 119 42 these
1738 3079 203 43 voiceless
