1933 3217
454 246 93 40 200

847 259 89 30 THE
962 259 205 32 LEONINE
1193 261 237 31 TAMARIN.

452 397 146 46 raged^
625 399 46 30 or
693 386 266 52 tormented,
985 386 36 45 it
1040 387 175 44 bristles
1235 403 59 44 up
1313 387 77 45 the
1409 387 98 45 hair
1524 386 49 46 of
1589 394 76 38 the
1686 388 126 53 neck,

452 459 90 45 and
579 460 215 47 increases
831 461 58 46 its
929 464 301 44 resemblance
1261 470 45 38 to
1352 479 27 29 a
1417 463 118 45 little
1574 463 104 45 lion.
1748 464 66 44 Its

452 536 190 62 activity
666 554 91 29 was
787 555 139 45 great,
963 540 90 44 and
1088 555 132 29 when
1256 539 203 45 confined
1492 539 47 45 in
1574 556 26 29 a
1634 556 118 45 cage,
1778 540 36 45 it

453 627 91 32 was
568 614 112 45 with
713 615 223 61 difficulty
970 622 78 38 the
1083 617 155 44 sketch
1273 632 93 29 was
1401 617 145 44 made.
1617 617 96 44 The
1737 632 77 45 cry

449 692 247 43 resembled
728 698 78 39 the
840 692 174 60 chirrup
1052 691 50 47 of
1130 708 119 29 some
1286 693 132 44 small
1462 692 111 45 bird.
1641 693 45 45 It
1721 708 92 29 was

451 766 138 46 found
621 773 46 39 to
701 768 134 45 breed
869 769 295 60 occasionally
1188 770 133 43 when
1344 770 109 44 kept
1477 768 47 46 in
1547 769 78 45 the
1650 769 164 45 Indian

450 844 120 44 huts.

517 921 110 44 This
646 921 36 44 is
701 927 76 39 the
796 936 201 38 account,
1018 921 91 45 and
1126 927 78 39 the
1223 937 106 45 only
1345 937 95 38 one,
1462 921 50 46 of
1527 922 90 44 this
1640 921 173 45 curious

451 997 230 61 monkey;
717 996 86 47 few
828 1013 245 30 specimens
1109 1004 115 39 exist
1260 997 47 46 in
1332 999 191 59 Europe,
1560 998 89 45 and
1680 998 22 45 I
1736 1000 77 43 be-

451 1074 115 45 lieve
589 1074 35 45 it
649 1075 82 44 has
754 1090 136 29 never
914 1076 112 43 been
1051 1090 102 30 seen
1189 1075 131 44 alive.
1388 1075 134 44 With
1547 1074 35 45 it
1607 1089 68 30 we
1699 1075 115 44 shall

451 1151 210 45 conclude
693 1167 79 30 our
803 1150 165 46 review
993 1151 51 45 of
1065 1151 91 45 this
1185 1151 264 60 interesting
1472 1158 165 38 section
1662 1150 50 45 of
1737 1151 76 44 the

452 1243 364 44 quadrumanous
862 1227 207 54 animals,
1112 1228 90 45 and
1248 1227 112 45 refer
1398 1234 46 38 to
1484 1228 78 44 the
1598 1227 214 61 Synopsis

452 1305 148 44 which
624 1304 305 46 accompanies
953 1305 89 44 this
1073 1305 194 53 volume,
1303 1303 65 47 for
1400 1311 79 38 the
1512 1319 191 29 number
1725 1304 89 44 and

452 1381 246 45 characters
717 1380 50 46 of
781 1388 78 38 the
878 1397 164 29 species
1058 1381 148 45 which
1222 1381 117 45 have
1356 1382 113 44 been
1486 1380 325 60 authentically

453 1458 239 44 described.
762 1458 45 44 It
841 1457 82 45 has
956 1460 113 44 been
1104 1457 220 61 compiled
1354 1456 114 49 from
1500 1461 79 39 the
1603 1456 144 44 works
1767 1453 53 49 of

454 1534 226 61 Geoffroy,
718 1534 270 52 Humboldt,
1024 1533 111 47 Spix
1159 1534 91 44 and
1273 1534 213 53 Martins,
1509 1532 90 45 and
1621 1534 193 43 Desma-

452 1626 119 38 rest;
608 1611 89 44 and
721 1626 231 29 whatever
974 1609 58 45 its
1056 1607 326 46 imperfections
1404 1623 109 45 may
1536 1608 70 53 be,
1642 1607 36 45 it
1703 1607 109 53 will,

454 1694 47 38 at
535 1688 129 52 least,
706 1686 178 46 contain
918 1692 77 38 the
1028 1686 236 44 substance
1303 1683 50 46 of
1379 1690 79 39 the
1491 1684 249 45 researches
1774 1681 51 46 of

455 1764 125 45 these
603 1763 244 45 illustrious
882 1761 244 47 zoologists.
1195 1761 97 45 The
1314 1759 249 62 remaining
1592 1759 160 60 family
1775 1756 49 46 of

456 1841 78 44 the
561 1840 282 53 Lemuridce,
879 1854 70 31 we
978 1838 116 46 shall
1128 1837 255 46 endeavour
1402 1842 47 42 to
1472 1836 224 46 illustrate
1720 1834 46 45 in
1790 1848 27 30 a

457 1916 150 48 future
631 1931 192 32 volume.
