1895 3217
339 266 91 31 THE
455 264 87 30 RED
568 263 58 31 OR
649 262 182 31 ASIATIC
855 262 386 33 ORANG-OUTANG.

1420 256 55 41 81

117 405 217 38 screams;
360 389 89 45 and
463 395 109 39 then
596 389 221 60 suddenly
836 394 190 54 starting
1045 404 74 44 up,
1137 389 108 44 rush
1260 386 220 66 furiously

115 482 106 30 over
252 473 79 38 the
366 466 92 45 side
494 465 49 46 of
570 472 78 38 the
685 465 114 60 ship,
838 465 87 45 and
962 464 245 60 disappear.
1277 464 72 46 On
1382 466 96 46 first

116 542 260 61 witnessing
406 543 89 44 this
520 558 85 38 act,
631 558 69 29 we
732 543 194 44 thought
956 541 103 45 that
1094 542 57 43 he
1181 541 93 46 had
1299 542 179 46 thrown

114 618 187 46 himself
328 619 94 45 into
450 625 79 39 the
561 634 102 38 sea;
699 620 97 52 hut,
834 634 56 29 on
924 633 28 29 a
986 617 151 45 search
1169 618 133 61 being
1327 619 150 53 made,

114 694 138 46 found
274 696 96 44 him
394 695 232 46 concealed
648 696 143 44 under
813 702 77 38 the
915 693 166 46 chains.

234 773 22 44 I
291 772 116 45 have
442 788 103 29 seen
577 773 97 44 him
709 771 173 45 exhibit
916 770 169 46 violent
1119 771 142 44 alarni
1298 786 56 30 on
1385 777 93 39 two

114 864 218 30 occasions
362 864 121 45 only,
511 849 132 44 when
677 849 57 44 he
768 848 220 60 appeared
1021 854 47 39 to
1103 849 105 43 seek
1241 847 66 46 for
1331 854 146 55 safety

113 925 45 44 in
183 925 180 60 gaining
386 940 47 29 as
456 925 107 60 high
592 940 58 30 an
682 925 222 45 elevation
933 940 48 29 as
1011 924 205 60 possible.
1285 924 73 46 On
1381 940 96 30 see-

114 1000 74 61 ing
202 1001 121 45 eight
338 1001 119 45 large
471 1002 139 44 turtle
625 1003 191 44 brought
831 1017 56 29 on
902 1003 151 51 board,
1070 1001 154 45 whilst
1239 1001 77 45 the
1326 1001 152 47 Caesar

114 1093 93 29 was
231 1076 65 46 off
319 1077 77 45 the
422 1078 155 44 Island
600 1077 50 46 of
674 1077 262 54 Ascension,
961 1077 57 45 he
1052 1077 192 45 climbed
1276 1077 113 46 with
1417 1079 61 44 all

113 1153 191 61 possible
328 1155 134 44 speed
485 1161 46 38 to
555 1170 27 29 a
603 1155 157 60 higher
782 1161 100 54 part
902 1153 49 46 of
966 1160 78 39 the
1068 1154 98 60 ship
1184 1155 112 44 than
1313 1155 57 45 he
1388 1155 91 45 had

115 1245 103 30 ever
251 1232 145 44 before
424 1232 219 52 reached;
684 1232 91 44 and
807 1231 179 60 looking
1016 1231 132 44 down
1179 1247 121 44 upon
1333 1232 144 53 them,

114 1306 225 60 projected
361 1307 70 45 his
454 1307 102 61 long
577 1308 85 44 lips
686 1307 94 45 into
803 1307 79 45 the
909 1305 112 47 form
1046 1306 50 46 of
1120 1322 28 30 a
1176 1307 122 45 hog’s
1329 1314 148 46 snout,

113 1389 200 54 uttering
335 1390 47 37 at
405 1390 79 38 the
523 1399 122 29 same
675 1390 112 38 time
823 1398 28 30 a
889 1383 143 45 sound
1065 1383 149 45 which
1247 1383 144 45 might
1424 1385 54 43 be

114 1459 227 45 described
370 1475 48 29 as
451 1461 205 44 between
683 1467 79 39 the
796 1461 208 61 croaking
1027 1459 49 47 of
1099 1476 27 29 a
1155 1460 92 61 frog
1280 1461 90 44 and
1399 1461 78 44 the

113 1542 212 55 grunting
348 1535 49 46 of
427 1553 27 28 a
479 1536 85 61 pig.
633 1536 133 47 After
797 1553 120 29 some
950 1537 112 45 time
1095 1537 57 45 he
1181 1537 221 45 ventured
1432 1544 46 37 to

116 1613 202 52 descend,
339 1614 82 43 but
437 1613 112 44 with
569 1620 123 54 great
711 1620 195 46 caution,
926 1613 188 61 peeping
1131 1612 280 62 continually
1430 1620 48 39 at

113 1695 79 38 the
215 1689 152 54 turtle,
387 1691 82 43 but
488 1691 129 44 could
636 1697 78 38 not
732 1692 54 43 be
804 1690 193 45 induced
1013 1696 46 39 to
1078 1690 220 61 approach
1314 1697 162 38 within

113 1781 141 46 many
284 1781 134 45 yards
453 1765 50 47 of
527 1767 139 44 them.
735 1768 75 45 He
845 1783 82 29 ran
958 1773 47 40 to
1034 1773 80 39 the
1148 1782 123 30 same
1303 1767 172 53 height,

114 1842 90 44 and
243 1843 178 44 uttered
459 1850 79 38 the
570 1859 122 29 same
732 1859 179 39 sounds,
941 1859 56 30 on
1035 1859 148 45 seeing
1217 1858 120 30 some
1370 1859 106 29 men

114 1919 188 60 bathing
326 1920 89 44 and
439 1920 227 60 splashing
688 1920 46 45 in
757 1926 79 38 the
855 1935 103 38 sea;
985 1920 90 44 and
1091 1919 117 45 since
1225 1920 70 44 his
1314 1921 162 43 arrival

116 1994 47 44 in
188 1995 222 59 England,
433 1995 83 44 has
540 2011 156 29 shown
719 1996 157 60 nearly
899 2002 79 38 the
1002 2010 122 30 same
1149 1995 154 45 degi’ee
1322 1995 49 45 of
1385 1994 93 46 fear

117 2076 47 37 at
187 2076 78 38 the
290 2070 116 60 sight
431 2069 49 46 of
495 2085 26 30 a
543 2071 89 45 live
655 2071 194 46 tortoise.

235 2147 118 45 Such
384 2162 116 29 w'ere
530 2153 78 39 the
642 2154 169 39 actions
845 2147 50 46 of
921 2148 92 45 this
1049 2147 169 46 animal
1252 2163 48 30 as
1333 2147 67 46 far
1426 2164 48 29 as

114 2222 111 61 they
249 2221 76 46 fell
354 2223 144 45 under
521 2223 194 46 Captain
750 2225 258 44 Methuen’s
1040 2224 146 46 notice
1220 2225 159 60 duiing
1404 2225 70 45 his

115 2313 170 46 voyage
311 2297 112 47 from
446 2300 132 45 Java.
647 2301 22 45 I
694 2307 162 39 cannot
878 2300 109 54 find,
1008 2301 117 45 since
1148 2302 70 44 his
1241 2301 162 45 arrival
1427 2301 46 45 in

116 2374 222 60 England,
376 2375 102 45 that
517 2377 56 45 he
606 2377 82 45 has
721 2378 145 44 learnt
900 2384 46 38 to
980 2392 190 46 perform
1204 2393 122 29 more
1359 2378 114 44 than

115 2457 91 37 two
240 2449 112 46 feats
387 2452 148 45 which
568 2453 56 45 he
664 2453 77 45 did
774 2460 78 38 not
881 2460 188 53 practise
1100 2469 56 29 on
1186 2454 136 44 board
1356 2453 114 54 ship,

115 2526 214 45 although
343 2527 69 46 his
428 2528 234 47 education
676 2530 81 45 has
773 2531 112 44 been
903 2531 61 59 by
981 2545 57 30 no
1055 2545 156 30 means
1228 2536 243 55 neglected.
