2411 3372
117 431 222 54 Gene
361 430 185 54 sind
565 430 444 66 gekoppelt
1030 434 167 52 und
1220 434 322 53 werden
1566 434 582 64 au^getauiseht

138 746 101 50 Mit
295 744 209 51 Erbsen
560 744 113 50 und
729 744 486 62 Wunderblumen,
1270 747 487 50 Löwenmäulchen
1812 748 113 49 und
1978 747 228 50 Mäusen

70 819 527 63 experimentierten
638 817 85 49 die
764 817 390 63 europäischen
1191 819 377 50 Erbforscher.
1609 819 193 50 Einem
1840 818 366 51 Amerikaner

72 891 129 50 aber
233 892 123 61 ging
390 889 91 50 das
516 888 131 51 alles
679 888 144 50 nicht
856 889 199 50 schnell
1087 910 193 44 genug,
1312 911 58 30 er
1403 892 183 49 suchte
1617 891 133 49 nach
1784 893 179 47 einem
1995 891 212 57 Wesen,

35 962 123 51 'bei
210 962 122 49 dem
383 980 126 30 man
561 960 145 50 nicht
758 960 225 51 Monate
1036 962 125 63 lang
1214 963 94 49 auf
1360 962 587 50 Nachkommenschaft
1999 974 208 38 warten

71 1034 210 59 mußte;
315 1052 53 37 es
402 1032 160 51 sollte
596 1032 106 50 sich
735 1033 212 49 einfach
979 1032 113 51 und
1121 1034 161 49 leicht
1314 1034 226 49 züchten
1571 1035 177 49 lassen
1781 1034 113 49 und
1925 1033 283 65 möglichst

71 1105 300 52 zahlreiche
405 1103 409 51 Nachkommen
847 1104 452 65 hervorbringen.
1333 1105 235 51 Thomas
1602 1107 153 48 Hunt
1786 1105 233 64 Morgan
2049 1136 70 5 —
2151 1124 55 31 so

72 1178 124 51 hieß
233 1178 96 49 der
366 1175 431 51 amerikanisdie
832 1176 372 65 Tierkundige
1235 1207 72 5 —
1340 1177 135 49 fand
1511 1178 92 50 das
1641 1180 284 61 geeignete
1961 1178 143 49 Tier.
2140 1176 68 50 Es

72 1270 109 30 war
214 1252 119 47 eine
366 1250 228 61 winzige
626 1247 203 64 Fliege,
864 1248 85 49 die
983 1248 135 49 Tau-
1154 1248 134 50 oder
1320 1248 331 64 Essigfliege,
1684 1251 99 47 mit
1814 1249 394 50 wissenschaft¬

72 1323 189 49 lichem
297 1320 211 50 Namen
543 1320 337 64 Drosophila
917 1320 421 63 melanogaster,
1377 1320 85 50 die
1502 1319 533 65 „schwarzbäuchige
2074 1321 135 48 Tau¬

73 1392 294 51 freundin"
406 1403 256 53 genannt.
700 1391 62 49 In
799 1392 138 49 zehn
973 1391 181 63 Tagen
1190 1394 70 48 ist
1298 1394 119 48 eine
1454 1411 140 31 neue
1633 1392 339 50 Generation
2011 1393 64 48 da
2112 1394 98 46 mit

74 1465 323 50 Hunderten
440 1484 106 30 von
590 1463 425 51 Nachkommen.
1059 1463 285 51 Tausende
1386 1483 108 30 von
1534 1464 223 63 Fliegen
1799 1463 147 50 kann
1988 1484 126 29 man
2156 1465 55 47 in

74 1540 86 48 ein
196 1557 132 44 paar
366 1536 285 51 einfachen
685 1536 259 51 Flaschen
979 1535 416 64 unterbringen,
1430 1538 56 46 in
1523 1535 173 50 denen
1732 1535 120 49 ihre
1889 1535 213 50 Larven
2138 1537 73 46 im

75 1609 270 64 gärenden
389 1608 384 51 Bananenmus
817 1608 245 64 prächtig
1107 1608 281 63 gedeihen.
1431 1637 72 5 —
1543 1607 102 49 Ein
1687 1606 277 50 wahrhaft
2007 1606 204 51 ideales

75 1681 375 51 Versuchstier
481 1701 113 29 war
624 1683 55 47 in
712 1681 96 50 der
839 1681 333 64 Drosophila
1206 1683 297 64 gefunden!

145 1753 116 51 Wie
290 1754 144 49 ideal
463 1756 116 48 sein
607 1753 159 50 Fund
797 1753 129 51 aber
955 1752 244 52 wirklich
1228 1774 129 41 war,
1389 1755 164 50 ahnte
1583 1755 231 64 Morgan
1848 1755 203 52 damals
2083 1756 128 50 frei¬

78 1826 95 50 lich
215 1826 133 50 noch
390 1825 161 50 nicht.
595 1825 73 50 Er
708 1845 113 31 war
864 1825 160 51 schon
1069 1826 274 63 glücklich,
1387 1827 103 50 daß
1535 1828 105 50 sich
1682 1840 164 37 unter
1890 1828 102 49 den
2035 1828 175 50 vielen

75 1896 319 51 Tausenden
438 1899 319 62 rotäugiger
802 1897 313 64 Taufliegen
1160 1899 254 62 plötzlich
1461 1901 119 48 eine
1626 1902 97 46 mit
1767 1900 210 49 weißen
2023 1899 190 64 Augen

77 1969 147 51 fand.
251 1970 126 50 Nun
402 1969 210 50 konnte
638 1989 126 30 man
789 1969 248 51 Mendels
1064 1969 274 52 Versuche
1364 1973 56 46 in
1445 1972 134 49 noch
1609 1971 289 63 größerem
1924 1970 289 51 Maßstabe

75 2042 352 62 nachprüfen.
480 2041 350 51 Wunderbar
879 2042 296 63 bestätigte
1226 2042 124 60 sich,
1398 2063 108 30 was
1558 2043 105 50 sich
1713 2042 89 50 bei
1854 2042 102 50 den
2005 2042 210 51 Erbsen

77 2114 234 64 ergeben
339 2114 172 60 hatte,
541 2114 131 50 auch
701 2114 90 50 bei
821 2114 102 50 den
949 2113 239 64 Fliegen.
1218 2114 109 50 Das
1356 2114 273 50 Merkmal
1660 2115 96 49 der
1783 2115 211 49 weißen
2023 2114 191 64 Augen

77 2190 232 60 genügte
342 2186 122 50 dem
496 2185 468 51 amerikanischen
992 2186 263 50 Forscher
1288 2186 129 50 aber
1447 2187 145 49 nicht
1622 2187 174 63 lange.
1830 2186 171 50 Schon
2032 2187 183 50 suchte

75 2259 230 63 Morgan
333 2259 132 50 nach
493 2261 264 47 weiteren
786 2258 529 50 unterscheidenden
1344 2259 417 63 Eigenschaften
1791 2258 113 50 und
1931 2259 135 49 fand
2096 2260 120 48 eine

75 2331 183 64 b'liege
293 2334 99 47 mit
429 2331 380 51 absonderlich
845 2332 331 63 geformtem
1209 2331 210 63 Flügel,
1455 2333 120 47 eine
1614 2330 201 50 andere
1851 2332 100 48 mit
1988 2330 229 50 abnorm

77 2403 309 64 gefärbtem
420 2403 358 61 Brustschild,
812 2406 121 47 eine
968 2402 168 51 dritte
1169 2406 99 46 mit
1301 2403 304 50 Stummeln
1640 2413 205 39 anstatt
1881 2402 95 50 der
2008 2401 209 64 Flügel,

78 2478 118 48 eine
245 2475 509 65 schwarzgefärbte.
805 2475 135 56 Jede
990 2475 179 50 dieser
1215 2495 178 30 neuen
1440 2474 206 50 Rassen
1692 2473 189 50 wurde
1930 2474 288 63 sorgfältig

78 2568 105 30 von
216 2549 101 49 den
352 2548 241 50 anderen
626 2560 274 53 getrennt.
932 2547 289 50 Fünfzehn
1252 2548 386 51 verschiedene
1670 2549 205 51 Rassen
1907 2552 135 49 fand
2073 2551 144 49 Mor¬

80 2640 100 44 gan
208 2623 73 47 im
310 2633 184 38 ersten
523 2621 135 55 Jahr
687 2623 180 49 seiner
896 2620 276 52 Versuche
1199 2651 72 6 —
1299 2623 87 48 ein
1415 2621 327 50 Riesenmaß
1775 2641 66 30 an
1870 2622 348 51 Kleinarbeit

81 2693 312 50 erforderte
423 2694 120 50 ihre
574 2692 299 65 Züchtung,
906 2693 92 50 das
1030 2692 312 51 Auszählen
1375 2693 95 51 der
1500 2697 55 46 in
1588 2694 84 50 die
1704 2694 285 50 Tausende
2023 2694 195 65 gehen¬

82 2765 100 50 den
236 2765 680 61 Nachkommenschaften,
973 2765 93 52 das
1122 2765 336 50 Ausdenken
1512 2786 171 29 neuer
1737 2766 480 50 Versuchsreihen.

81 2835 146 53 Aber
269 2858 54 31 es
364 2838 191 51 lohnte
598 2839 129 50 sich!
769 2839 201 49 Immer
1010 2857 141 31 neue
1192 2838 397 50 Erkenntnisse
1630 2838 225 50 wurden
1898 2857 321 45 gewonnen;

84 2909 127 51 aber
239 2910 143 51 dann
409 2910 252 52 schienen
687 2911 255 64 plötzlich
968 2910 249 51 Mendels
1246 2910 230 51 Gesetze
1503 2910 144 50 nicht
1673 2909 156 51 mehr
1856 2930 65 29 zu
1949 2913 268 48 stimmen.

149 2981 230 67 Morgan
429 2983 155 51 hatte
614 2982 433 66 .graugefärbte,
1097 2982 348 65 langflüglige
1496 2982 372 51 Normaltiere
1919 2984 99 48 mit
2070 2985 150 47 einer

82 3053 161 53 Form
276 3055 283 66 gekreuzt,
595 3056 85 51 die
715 3056 232 52 schwarz
982 3075 111 30 war
1127 3055 113 50 und
1275 3055 433 63 Stummelflügel
1741 3054 170 50 hatte.
1946 3055 120 49 Daß
2102 3054 118 50 ihre

1119 3200 64 51 25

1433 3220 14 10 V
