1895 3217
778 271 65 53 67

264 763 111 39 THE
400 763 109 39 RED
541 765 73 39 OR
639 764 223 39 ASIATIC
889 763 463 40 ORANG-OUTANG.

452 873 192 36 Pithecus
661 881 161 29 satyrus
888 871 33 37 G
933 884 198 24 eoffroy.

570 979 155 36 Plates
748 977 57 37 II.
840 978 71 35 and
933 978 86 36 II*.

117 1084 113 39 Simia
251 1099 149 37 satjnis,
429 1088 195 36 Linncsus
698 1087 132 46 Jocko,
848 1087 209 45 Audibert,
1074 1086 181 36 Ilistoire
1270 1085 218 37 Naiurelle

169 1153 65 37 des
271 1154 155 36 Singes.
444 1153 236 36 —Pithecus
727 1166 151 35 satyrus,
915 1154 231 35 Desmarets
1194 1152 294 45 Mammologie,

168 1232 35 34 p.
229 1219 79 44 50;
331 1219 191 47 Geoffrey
537 1220 119 36 Saint
677 1219 177 41 Hilaire.,
878 1219 183 35 Annales
1085 1219 55 35 du
1167 1219 207 44 Museum.,
1402 1219 77 34 xix.

169 1298 33 33 p.
231 1285 201 36 88.—The
464 1284 82 37 R«d
579 1298 39 23 or
639 1285 139 36 Asiatic
799 1284 302 48 Oran^-Outang,
1131 1285 139 35 James
1296 1283 189 37 JVilso7i's

168 1350 274 36 Illustrations
462 1350 48 46 of
522 1351 182 46 Zoology.,
728 1364 49 34 pi.
804 1364 33 22 v.
862 1352 74 45 figs.
963 1350 15 35 1
995 1352 70 33 and
1081 1348 401 49 3—Orang-Outang,

170 1415 110 45 Abel.,
300 1417 194 45 Embassy
514 1421 36 32 to
573 1417 145 45 China,
742 1429 104 35 pages
867 1416 73 36 319
962 1417 70 35 and
1054 1416 87 36 365.

180 1559 91 44 We
303 1575 73 29 are
401 1558 276 63 fortunately
700 1560 229 60 possessed
951 1558 51 46 of
1019 1575 121 29 more
1165 1575 149 29 ample
1337 1565 148 39 mate-

113 1636 105 45 rials
241 1643 45 38 to
311 1636 221 46 illustrate
556 1637 78 45 the
664 1637 174 60 history
862 1635 50 48 of
937 1637 91 45 this
1063 1637 199 45 singular
1296 1637 185 53 animal,

111 1720 113 39 than
262 1714 49 45 of
347 1715 78 44 the
461 1715 130 45 black
630 1730 136 46 orang
788 1713 51 47 of
866 1714 185 54 Africa;
1089 1715 83 45 but
1206 1714 37 45 it
1274 1714 38 45 is
1343 1720 45 40 to
1428 1715 55 45 be

112 1792 222 60 regretted
363 1792 102 45 that
503 1792 124 45 what
670 1808 68 28 we
769 1792 131 54 have,
934 1807 92 30 also
1061 1792 140 45 relate
1234 1798 47 39 to
1315 1791 168 46 indivi-

113 1868 128 46 duals
271 1869 46 44 in
342 1885 27 29 a
391 1869 354 60 comparatively
769 1885 150 45 young
951 1884 130 30 state.
1150 1868 99 46 One
1279 1868 203 46 instance

113 1960 106 45 only
236 1945 49 45 of
300 1952 78 38 the
397 1952 182 54 capture
595 1944 49 46 of
663 1946 121 44 what
800 1961 109 45 may
933 1947 55 43 be
1007 1945 256 45 considered
1278 1961 58 29 an
1351 1946 130 44 adult

113 2022 223 44 specimen
354 2022 38 44 is
410 2022 328 60 authentically
755 2022 240 53 recorded;
1022 2022 89 45 and
1134 2023 79 44 the
1235 2021 245 47 fragments

111 2098 50 46 of
185 2099 102 45 that
312 2114 238 45 specimen,
576 2097 113 46 with
720 2105 78 38 the
831 2099 118 44 skull
973 2097 50 47 of
1045 2114 27 30 a
1102 2099 219 60 supposed
1350 2100 130 45 adult

109 2175 45 46 in
179 2182 77 39 the
288 2177 228 44 collection
547 2183 47 38 at
623 2176 139 54 Paris,
800 2191 73 29 are
897 2176 60 45 all
987 2174 112 47 from
1124 2176 148 46 which
1296 2192 69 30 we
1396 2192 83 30 can

110 2254 123 45 draw
272 2260 79 39 the
390 2260 100 38 true
527 2254 247 44 characters
808 2252 51 46 of
889 2254 91 44 this
1020 2268 213 30 creature.
1302 2252 67 48 Of
1399 2254 79 45 the

109 2331 224 45 existence
359 2330 48 47 of
438 2346 26 30 a
491 2337 116 39 most
636 2330 193 62 gigantic
860 2331 170 45 animal
1060 2338 126 38 there
1215 2346 81 31 can
1331 2332 54 45 be
1418 2346 59 29 no

110 2408 172 53 doubt;
308 2410 82 43 but
413 2408 37 45 it
472 2414 124 39 must
620 2408 143 45 either
784 2409 55 44 be
863 2424 57 29 an
944 2408 260 46 inhabitant
1228 2407 50 47 of
1303 2408 78 45 the
1404 2407 73 45 in-

110 2492 131 38 terior
275 2501 120 45 only,
428 2501 47 30 or
507 2491 122 39 must
664 2485 83 45 flee
780 2492 116 39 most
931 2486 176 60 rapidly
1142 2484 112 46 from
1282 2491 78 39 the
1394 2499 82 31 en-
