1933 3302
187 65 51 39 66
392 64 290 41 Steinkohltheer,
706 65 189 41 Holzessig,
919 66 158 40 Kreosot,
1102 65 239 43 Carbolsäure,
1363 67 232 32 Terpentinöl.

320 172 390 39 Steinkohltheer
727 172 191 52 mitGyps
935 173 154 39 machte
1107 174 85 37 eine
1207 174 87 38 Zeit
1308 175 93 37 lang
1417 175 56 37 als
1483 175 314 40 Verbandrnittel

186 226 81 38 viel
286 240 75 24 von
383 226 83 38 sich
486 226 133 38 reden.
659 226 114 39 Nach
794 227 231 38 Demme's
1046 226 161 39 Bericht
1228 229 131 37 wurde
1381 242 41 25 es
1443 242 47 24 zu
1514 229 96 38 1—3
1633 229 162 39 Theilen

189 280 130 38 Theer
350 279 71 38 auf
450 280 76 37 100
549 280 138 39 Theile
710 280 111 51 Gyps
850 281 53 37 im
934 280 226 39 Hospedale
1191 280 55 39 St.
1269 281 215 39 Francesco
1514 283 77 37 und
1621 282 55 39 St.
1698 284 97 37 Am-

189 335 137 37 brogio
357 334 63 37 bei
442 335 50 37 20
515 333 492 51 Hospitalbrandkranken
1034 334 194 39 versucht.
1268 336 74 38 Ein
1373 336 215 50 günstiger,
1619 341 177 33 nament-

186 387 79 39 lich
296 388 325 38 desodorirender
651 388 141 39 Erfolg
822 402 80 23 war
933 388 73 38 wie
1036 388 64 38 bei
1130 389 170 38 anderen
1329 389 158 38 Mitteln
1522 390 98 38 auch
1650 390 148 38 hierbei

189 441 235 39 ersichtlich.
476 442 282 38 Vornehmlich
789 455 129 25 waren
950 456 40 24 es
1021 441 156 39 Corne
1208 443 79 38 und
1315 444 237 38 Demeau,
1584 443 145 39 welche
1759 444 39 38 in

187 495 176 39 Mailand
394 497 68 38 das
493 496 146 39 Pulver
669 509 75 26 von
776 495 321 39 Steinkohltheer
1126 497 79 37 und
1236 495 109 51 Gyps
1375 498 51 37 im
1448 496 246 40 Verhältniss
1725 511 73 25 von

190 551 18 37 1
243 564 48 24 zu
321 550 51 38 20
422 553 254 36 anwandten,
727 549 98 39 ohne
873 550 85 38 ihre
1002 550 289 51 Erwartungen
1334 551 193 39 bestätigt
1574 565 46 24 zu
1667 564 130 25 sehen.

187 605 363 39 Jacqueminot
586 604 135 38 rühmt
759 604 60 38 die
851 603 203 51 Wirkung
1094 604 66 38 des
1190 603 186 40 Pulvers,
1415 606 51 37 ist
1504 605 93 38 aber
1626 605 174 38 offenbar

189 658 122 39 durch
343 659 140 38 dessen
513 658 302 38 desodorirende
838 658 202 49 Wirkung
1069 658 224 38 bestochen.
1338 659 209 39 Velpeau
1577 661 222 36 verwandte

189 713 86 38 eine
312 713 181 46 ,Pasta",
539 713 63 37 Le
641 712 165 38 Boeuf
843 712 85 38 eine
971 712 245 46 „Emulsion"
1262 714 77 37 und
1377 713 186 38 Marmy
1605 713 84 37 eine
1732 726 68 24 aus

190 767 130 39 Theer
350 768 79 37 und
463 766 183 39 Olivenöl
674 766 240 38 bestehende
951 766 193 46 »Pomade
1175 767 46 37 de
1249 765 223 40 Goudron".
1512 767 184 37 Demme
1727 779 74 37 zog

190 822 61 38 die
272 822 204 38 Emulsion
504 822 89 37 dem
615 819 407 51 Theer-Gypspulver
1051 834 81 24 vor,
1164 820 89 38 weil
1283 821 123 38 dieses
1435 834 82 25 sich
1546 820 149 38 schwer
1725 834 74 24 von

190 877 74 38 den
295 875 188 39 Wunden
513 875 207 38 entfernen
748 874 104 38 Hess.

320 930 89 38 Von
441 929 256 39 Holzessig
726 928 70 38 sah
824 928 198 38 Demme
1052 929 64 37 bei
1146 928 276 39 anfänglichen
1442 928 167 38 Formen
1637 927 163 38 raschen

188 984 154 39 Erfolg.
402 984 115 38 Auch
547 983 256 39 Drescher
834 982 138 50 (1844)
1013 983 108 38 stellt
1156 983 68 38 ihn
1260 984 40 36 in
1339 983 125 37 seiner
1495 982 199 50 Wirkung
1729 983 74 35 mit

190 1039 216 38 Chlorkalk
443 1039 80 37 und
553 1037 308 39 Kampherwein
896 1038 41 37 in
975 1038 85 38 eine
1090 1037 124 38 Linie,
1273 1052 35 23 v.
1340 1036 147 39 Pitha
1522 1035 85 39 hält
1643 1036 66 37 ihn
1738 1035 64 37 für

189 1093 90 39 sehr
309 1093 198 38 wirksam.

319 1147 205 38 Kreosot
555 1147 133 38 wurde
715 1159 78 26 von
813 1146 280 38 Eisenmann
1125 1145 243 50 empfohlen;
1398 1144 188 38 Ranque
1616 1142 94 38 fand
1739 1142 60 38 ein

190 1201 175 39 Product
394 1202 205 38 wirksam,
631 1201 68 37 das
731 1200 122 38 durch
883 1200 253 38 Destillation
1165 1213 77 25 von
1270 1199 214 38 Leinwand
1513 1199 39 36 in
1582 1195 218 39 verschlos-

192 1270 121 25 senen
344 1255 193 39 Gefässen
567 1269 219 38 gewonnen
817 1255 156 37 wurde;
1004 1269 35 23 v.
1071 1254 148 38 Pitha
1249 1253 69 38 sah
1349 1252 121 38 durch
1490 1252 169 37 Kreosot
1688 1251 111 37 deut-

189 1310 102 39 liche
322 1310 243 51 Besserung;
598 1309 99 39 auch
727 1309 165 38 Schuh
921 1309 93 38 fand
1035 1308 239 39 Umschläge
1297 1308 67 37 der
1384 1318 238 37 wässerigen
1642 1304 161 49 Lösung

192 1365 38 50 (1
255 1365 198 38 Drachme
485 1365 71 38 auf
585 1366 19 36 1
633 1362 147 40 Pfund)
810 1363 110 38 nicht
948 1363 254 38 unwirksam,
1235 1362 97 38 doch
1362 1373 137 38 wegen
1530 1360 66 37 des
1627 1357 175 39 Geruchs

192 1421 74 37 den
296 1420 191 38 Kranken
516 1420 133 50 lästig.

324 1474 311 39 Carbolsäure
655 1473 41 37 in
717 1477 239 34 verdünnter
977 1472 161 38 Lösung
1159 1471 56 38 als
1236 1469 288 50 Antisepticum
1546 1467 132 50 dringt
1696 1478 108 25 nicht

191 1529 41 38 in
263 1529 60 38 die
356 1528 114 38 Tiefe
502 1529 68 37 der
601 1527 171 39 Gewebe
804 1527 62 37 ein
901 1527 78 37 und
1022 1526 51 38 ist
1114 1525 120 38 daher
1273 1538 74 24 nur
1386 1523 60 38 bei
1477 1519 323 41 oberflächlichen

191 1583 141 39 Fällen
362 1597 49 24 zu
440 1582 220 39 versuchen
690 1580 209 49 (König).
960 1580 229 38 Christot
1217 1579 40 37 in
1277 1578 117 38 Nuits
1417 1578 151 36 wandte
1590 1574 210 49 L-rigation

192 1651 77 25 von
311 1637 285 39 Carbollösung
638 1637 81 37 und
760 1635 153 38 endlich
956 1635 108 37 reine
1112 1633 255 39 Carbolsäure
1413 1644 98 25 ohne
1553 1640 249 26 erheblichen

192 1692 159 39 Nutzen
383 1706 59 23 an.
502 1691 163 38 Hüter
694 1691 186 37 benutzte
912 1689 85 38 eine
1029 1686 260 52 5—10°/oige
1320 1686 160 49 Lösung
1509 1686 72 34 mit
1609 1680 192 40 Alkohol-

193 1749 133 36 zusatz
363 1746 127 48 (Acid.
523 1745 163 47 carbol.,
723 1743 136 51 Spirit.
891 1746 175 36 saponat.
1104 1756 73 24 ana
1215 1742 48 37 10
1295 1754 25 36 g
1364 1739 70 38 auf
1460 1738 77 37 200
1568 1750 26 36 g
1626 1733 176 51 Wasser)

194 1815 88 24 zum
312 1801 208 38 Abspülen
558 1800 79 38 und
676 1812 87 25 zum
794 1798 198 37 Verband.
1050 1796 141 38 Dieser
1227 1795 132 38 wurde
1396 1792 148 51 täglich
1575 1789 121 46 2mal,
1740 1788 62 38 bei

193 1856 168 38 tieferen
391 1855 170 38 Formen
592 1852 189 39 4—5mal
811 1854 203 36 erneuert;
1046 1851 63 37 bei
1140 1850 230 38 schlimmen
1398 1847 138 38 Fällen
1565 1846 147 36 rausste
1742 1843 61 37 die

194 1910 164 51 Lösung
395 1910 151 38 täglich
584 1908 140 39 etliche
762 1906 104 38 Male
907 1909 72 35 mit
1019 1906 125 37 einem
1176 1903 133 39 Pinsel
1347 1914 248 38 eingerieben
1633 1910 169 26 werden.

194 1965 165 38 Heine
379 1964 93 38 fand
497 1964 103 38 1—2
618 1963 113 50 "/oige
752 1961 214 50 Lösungen
987 1959 165 38 nutzlos,
1175 1958 132 38 5—10
1324 1956 112 49 "/oige
1458 1955 166 36 wirkten
1646 1951 155 38 ätzend:

195 2019 54 39 sie
277 2020 157 37 können
455 2019 40 37 in
515 2015 444 41 Baumwollebäuschen
981 2014 70 38 auf
1068 2014 60 37 die
1151 2013 262 37 abgewischte
1435 2008 155 38 Wunde
1611 2005 194 51 gedrückt

195 2075 94 38 oder
310 2073 226 52 gestrichen
557 2085 169 25 werden.
767 2069 161 38 Heine
960 2068 68 38 sah
1048 2068 40 37 in
1107 2067 181 38 leichten,
1321 2060 326 42 oberflächlichen
1666 2058 137 39 Fällen

195 2128 160 40 Nutzen
386 2129 139 37 davon.
584 2124 196 41 Aehnlich
810 2125 226 37 verwandte
1067 2121 58 39 So
1137 2121 78 38 ein
1246 2115 460 49 Carbolsäurelösungen.

330 2181 312 40 Terpentinöl
672 2192 134 26 wurde
836 2177 118 39 schon
981 2190 76 25 von
1077 2176 294 38 Dussaussoy
1402 2171 39 38 in
1463 2171 67 37 der
1550 2168 133 38 Weise
1715 2179 87 24 ver-

194 2238 154 38 wandt,
393 2238 87 37 dass
525 2250 41 24 er
611 2235 61 38 die
707 2233 160 39 Wunde
905 2234 72 36 mit
1017 2243 105 25 einer
1152 2229 109 38 Lage
1300 2241 75 24 von
1405 2220 400 51 Chinarindenpulver

196 2292 186 39 ausfüllte
414 2292 79 38 und
524 2291 126 37 dieses
680 2291 72 36 mit
783 2285 257 41 Terpentinöl
1068 2283 261 39 befeuchtete.
1387 2280 116 38 Diese
1534 2277 108 50 Lage
1671 2286 134 26 wurde

195 2347 101 39 nach
336 2347 41 50 je
419 2346 52 38 24
513 2344 179 40 Stunden
736 2343 194 38 erneuert.
989 2337 225 41 Delpech
1258 2337 206 37 versuchte
1509 2332 123 38 dieses
1676 2326 129 40 Mittel

196 2402 101 38 ohne
327 2401 153 38 Erfolg.
533 2399 112 39 Auch
677 2397 190 39 Gerson
897 2397 154 36 wandte
1083 2393 59 38 die
1164 2390 240 49 Ausfüllung
1434 2389 67 36 der
1522 2384 184 38 Wunden
1735 2383 71 35 mit

198 2454 407 41 Chinarindenpulver
636 2456 72 34 mit
736 2452 78 37 und
845 2463 99 25 ohne
975 2449 237 38 Benutzung
1242 2459 75 24 von
1349 2438 254 53 Terpentinöl
1632 2451 60 24 an.
1751 2435 54 37 Er

197 2511 94 38 fand
313 2511 105 37 diese
440 2507 263 49 Behandlung
733 2505 181 52 gänzlich
944 2514 274 38 wirkungslos,
1245 2500 42 50 ja
1318 2494 248 42 entschieden
1596 2490 207 39 schädlich.

198 2565 206 39 Während
427 2563 221 39 Nelaton
671 2560 82 39 sich
775 2560 127 37 dieser
922 2556 168 40 Ansicht
1110 2554 241 40 anschliesst,
1374 2550 144 38 konnte
1542 2546 262 47 Thompson

200 2618 259 52 Terpentinöl
490 2615 236 41 empfehlen.
785 2613 158 38 Heine
983 2612 110 49 giebt
1130 2620 196 40 genauere
1357 2603 168 40 Notizen
1555 2600 95 38 über
1681 2599 124 36 dieses

198 2674 143 40 Mittel.
382 2673 56 38 Er
470 2672 152 38 wandte
655 2683 39 24 es
724 2669 41 37 in
795 2670 101 36 etwa
917 2667 51 38 50
990 2665 137 39 Fällen
1157 2677 74 24 von
1261 2655 320 43 oberfläclüicher
1602 2654 202 47 Hospital-

198 2727 387 41 branderkrankung
628 2738 49 25 an
720 2723 78 37 und
842 2721 70 38 sah
951 2720 65 38 bei
1058 2716 194 41 ungefähr
1297 2714 67 37 der
1408 2710 133 39 Hälfte
1586 2708 67 37 der
1697 2706 108 36 taUe

199 2783 228 51 Reinigung
458 2782 68 38 der
556 2779 171 39 Wunde.
786 2776 123 38 Hatte
948 2775 180 37 indessen
1167 2784 83 25 eine
1283 2767 172 38 dichtere
1486 2764 318 43 Fibrinautlage-

199 2851 104 25 rung
324 2838 94 37 oder
439 2849 72 36 gar
532 2833 213 40 brandiger
767 2829 145 39 Zerfall
942 2829 218 50 begonnen,
1192 2837 41 25 so
1262 2822 92 38 fand
1386 2834 40 25 er
1457 2832 39 24 es
1526 2816 161 38 nutzlos.
1732 2816 73 33 Die

200 2892 266 38 Anwendung
498 2891 67 37 des
598 2884 275 42 Terpentinöls
904 2883 50 38 ist
983 2892 255 29 schmerzlos,
1279 2875 95 39 doch
1415 2872 89 39 darf
1538 2883 39 25 es
1608 2872 59 33 die
1700 2872 108 31 Idaut
