2113 3404
862 308 86 31 THE
980 308 242 32 DISORDERS
1255 309 52 31 OF
1339 308 174 33 SPEECH.

364 295 83 41 138

364 424 149 56 meln).
574 426 185 56 Lalling,
802 441 45 29 as
893 427 77 43 has
1013 428 110 43 been
1165 428 162 42 shown,
1368 428 37 41 is
1453 432 83 38 due
1583 432 43 38 to
1661 433 116 39 want
1809 430 43 42 of
1887 443 92 42 pre-

366 496 136 43 cision
554 499 85 41 and
690 505 118 36 want
858 500 46 42 of
949 500 241 42 cleverness
1242 501 45 40 iu
1339 500 74 42 the
1464 500 143 42 action
1660 502 47 40 of
1753 501 74 42 the
1878 501 101 43 Oral

365 567 290 43 Articulative
706 569 298 53 Mechanism;
1055 570 85 42 and
1190 569 88 42 this
1331 573 116 38 want
1498 568 45 42 of
1590 569 223 55 precision,
1856 570 122 42 when

366 638 247 54 persistent,
651 639 84 41 and
778 639 225 55 displayed
1044 640 45 40 in
1132 640 74 41 the
1248 639 277 42 enunciation
1568 640 47 41 of
1653 654 129 27 many
1822 640 44 41 of
1907 640 71 43 the

367 715 272 45 consonants,
659 710 50 41 is,
730 709 46 42 in
808 709 73 43 the
912 714 120 51 great
1062 710 201 54 majority
1295 709 46 41 of
1360 722 129 30 cases,
1509 723 46 29 as
1585 709 77 43 has
1690 710 108 42 been
1821 723 158 37 shown,

366 779 74 43 the
462 779 136 43 result
628 779 47 42 of
701 780 225 54 imperfect
959 779 230 43 education
1210 780 47 41 of
1285 779 74 42 the
1380 779 364 55 Speech-centres,
1766 780 141 56 owing
1936 785 43 37 to

367 848 212 44 defective
612 849 277 42 intelligence
911 849 85 41 and
1018 862 144 41 power
1187 849 46 41 of
1263 850 225 41 attention.
1550 850 139 42 Apart
1719 850 110 42 from
1860 850 120 43 those

367 932 117 29 cases
506 920 46 40 in
576 919 140 41 which
739 919 211 42 defective
973 919 277 42 articulation
1267 920 35 41 is
1322 919 223 56 displayed
1563 920 102 42 only
1682 921 43 40 in
1744 921 236 41 connexion

368 989 107 42 with
496 1003 80 28 one
608 993 250 38 consonant,
885 989 84 42 and
1003 989 121 42 those
1155 989 123 42 other
1309 1003 116 29 cases
1460 990 141 42 where
1634 990 109 42 local
1776 991 205 54 paralysis

366 1074 47 28 or
434 1060 233 42 deformity
688 1059 37 43 is
748 1059 216 42 sufficient
985 1063 43 38 to
1060 1063 183 38 account
1264 1059 65 42 for
1359 1061 47 48 it,
1438 1060 167 54 Lalling
1637 1060 282 41 articulation,
1940 1062 40 39 in

366 1130 74 42 the
461 1135 121 51 great
602 1130 203 55 majority
827 1130 47 41 of
901 1143 129 29 cases,
1052 1145 147 27 means
1229 1131 238 41 imbecility
1490 1132 46 40 of
1555 1131 131 41 mind.
1749 1131 42 40 It
1814 1131 34 40 is
1881 1143 99 43 very

367 1200 200 42 different
612 1201 103 41 with
758 1201 290 55 Stammering
1090 1201 245 55 (Stottern).
1413 1201 299 55 Stammering,
1748 1206 231 36 associated

368 1271 106 41 with
506 1270 187 57 Lalling,
714 1272 37 41 is
781 1271 157 42 indeed
970 1271 120 42 often
1122 1271 169 42 enough
1323 1272 133 41 found
1489 1273 44 40 in
1566 1271 243 43 imbeciles;
1839 1272 74 40 but
1941 1273 37 38 in

367 1342 74 42 the
462 1346 119 51 great
604 1343 202 54 majority
829 1342 44 41 of
904 1356 116 28 cases
1054 1341 289 43 Stammering
1364 1342 134 42 exists
1528 1342 57 55 by
1606 1341 129 43 itself,
1756 1342 82 41 and
1871 1342 35 40 is
1938 1342 41 39 in

367 1427 55 26 no
458 1427 95 27 way
586 1413 235 41 indicative
856 1413 46 41 of
933 1412 200 42 deficient
1166 1412 285 42 intelligence.
1514 1412 44 41 It
1582 1412 48 49 is,
1652 1411 206 51 however,
1881 1425 98 42 very

367 1483 248 55 frequently
641 1483 236 41 connected
900 1483 103 41 with
1031 1483 74 42 the
1138 1483 295 42 Neuropathic
1455 1482 232 52 diathesis;
1721 1482 127 53 being
1869 1494 112 30 more

366 1552 232 55 especially
620 1556 76 51 apt
717 1557 43 37 to
783 1553 51 41 be
857 1552 236 42 associated
1116 1552 103 42 with
1245 1552 309 42 Nervousness,
1571 1551 84 42 and
1677 1550 242 55 instability
1940 1550 44 41 of

367 1623 73 41 the
457 1623 246 41 Emotional
725 1627 164 37 nature.
943 1623 88 41 The
1046 1623 201 41 frequent
1260 1627 254 37 association
1529 1622 43 41 of
1589 1622 87 41 this
1695 1621 139 42 defect
1851 1623 45 38 of
1911 1621 68 41 the

368 1692 121 42 vocal
525 1692 266 41 mechanism
825 1692 104 41 with
965 1706 24 27 a
1021 1693 163 41 certain
1215 1693 240 41 Weakness
1487 1692 44 41 of
1564 1691 242 42 Inhibition
1834 1692 43 40 in
1910 1690 70 43 the

367 1768 567 42 emotionalnature,recalls
950 1774 42 36 to
1007 1769 114 41 one's
1138 1768 119 42 mind
1271 1769 73 41 the
1359 1767 309 56 physiological
1682 1781 298 40 relationships

367 1838 44 41 of
429 1837 73 42 the
520 1838 120 41 voice
658 1852 44 27 as
721 1852 23 27 a
761 1851 148 28 means
932 1838 46 41 of
996 1851 250 42 expressing
1266 1838 199 41 emotion.
1529 1836 53 42 In
1600 1837 88 42 like
1706 1850 186 28 manner,
1910 1837 70 41 the

366 1905 174 55 equally
563 1906 202 43 intimate
787 1907 243 41 connexion
1052 1907 44 41 of
1129 1906 173 42 Lalling
1326 1914 105 34 with
1454 1907 260 55 Imbecility,
1736 1906 151 42 recalls
1911 1907 68 40 the

367 1976 242 41 connexion
633 1975 140 42 which
796 1976 76 42 has
895 1976 108 43 been
1022 1977 150 42 shown
1191 1982 43 37 to
1251 1977 113 42 exist
1381 1977 193 42 between
1592 1977 74 42 the
1683 1976 297 55 development

367 2045 46 41 of
429 2045 101 42 Oral
546 2045 294 42 Articulation
858 2047 85 41 and
960 2047 73 42 the
1052 2047 304 42 development
1373 2047 42 41 of
1433 2047 72 41 the
1524 2047 212 41 Intellect.
1799 2046 123 41 Some
1940 2045 42 41 of

366 2114 73 42 the
470 2114 189 43 German
690 2115 207 42 authors1
929 2116 110 42 have
1071 2116 222 43 described
1324 2116 287 55 Stammering
1641 2114 228 57 (Stottern)
1893 2128 44 28 as
1958 2128 23 26 a

367 2186 262 53 Dysarthria
660 2186 236 54 Syllabaris
931 2187 40 53 (a
1004 2187 214 41 difficulty
1251 2188 45 40 of
1325 2186 278 55 articulating
1634 2185 232 56 syllables),
1898 2184 79 41 and

367 2254 171 55 Lalling
569 2269 46 27 as
648 2269 24 27 a
701 2255 262 55 Dysarthria
997 2256 197 42 lateralis
1223 2255 231 55 (difficulty
1477 2256 43 41 of
1552 2254 275 43 articulating
1856 2253 123 41 letter

367 2324 192 56 sounds),
582 2325 80 41 but
683 2325 22 41 I
727 2326 148 54 regard
899 2325 87 43 this
1008 2340 46 27 as
1076 2340 54 27 an
1153 2340 227 29 erroneous
1401 2325 175 42 method
1597 2325 44 42 of
1671 2336 305 30 classification.

367 2394 145 41 When
535 2408 24 27 a
576 2395 167 54 patient
767 2399 179 37 stutters
969 2409 53 27 on
1046 2410 25 27 a
1092 2396 149 42 voiced
1264 2401 247 37 consonant,
1533 2395 104 42 such
1660 2409 44 27 as
1726 2404 52 30 m
1800 2407 45 27 or
1866 2391 33 42 d
1921 2393 57 40 for

368 2463 209 56 example,
610 2465 180 42 because
823 2465 54 42 he
908 2465 101 42 does
1040 2470 78 38 not
1149 2466 136 42 throw
1309 2466 73 43 the
1405 2466 117 42 voice
1545 2466 92 41 into
1659 2465 48 51 it,
1729 2466 53 40 he
1803 2469 175 37 stutters

367 2548 116 40 upon
520 2548 25 27 a
579 2534 139 42 letter,
761 2539 76 37 not
877 2549 117 27 upon
1036 2549 25 27 a
1102 2536 192 54 syllable.
1382 2537 89 40 The
1507 2536 135 41 above
1677 2534 225 42 definition
1937 2532 43 40 of

368 2603 290 55 Stammering
675 2602 232 56 (Stottern)
928 2605 34 41 is
981 2604 210 44 therefore
1207 2606 189 42 founded
1418 2620 115 28 upon
1557 2620 24 27 a
1597 2605 103 42 false
1718 2605 122 41 basis.
1891 2601 84 43 The

369 2680 94 36 true
487 2674 311 55 physiological
821 2675 111 41 basis
957 2689 114 40 upon
1095 2675 141 43 which
1259 2682 42 36 to
1323 2676 135 42 found
1489 2676 272 42 distinctions
1791 2675 185 41 between

368 2744 74 42 the
465 2749 85 37 two
579 2744 175 42 defects,
776 2745 36 41 is
834 2744 72 42 the
936 2745 190 55 analysis
1156 2747 46 40 of
1232 2745 166 44 Speech
1426 2747 92 41 into
1540 2747 57 41 its
1620 2751 84 37 two
1726 2744 250 55 component

367 2815 222 51 elements,
611 2815 91 52 viz.,
726 2815 72 42 the
820 2815 135 41 Vocal
979 2815 84 41 and
1087 2816 71 42 the
1183 2816 102 42 Oral
1316 2816 297 42 Articulative.
1676 2816 87 41 The
1787 2823 185 34 common

367 2886 167 43 variety
557 2886 44 42 of
622 2885 291 56 Stammering
935 2885 231 55 (Stottern)
1203 2886 37 42 is
1273 2886 83 42 due
1389 2891 44 38 to
1465 2892 118 36 want
1613 2887 43 41 of
1689 2879 285 62 promptitude

365 2958 47 41 in
434 2956 75 44 the
531 2956 143 43 action
696 2957 47 41 of
760 2956 74 42 the
855 2955 135 43 Vocal
1012 2956 271 42 Mechanism
1300 2972 9 36 ;
1339 2957 85 41 and
1447 2956 72 43 the
1543 2956 140 42 faulty
1704 2951 269 46 articulation

415 3048 13 23 1
454 3048 69 36 See
541 3047 215 47 Kussmatil,
776 3059 51 35 op.
848 3047 70 46 cit.,
935 3059 34 36 p.
991 3048 79 35 633.
1122 3045 92 37 Also
1238 3046 128 36 article
1391 3047 160 45 Stottern,
1569 3047 50 48 by
1636 3046 134 36 Arnclt,
1788 3044 40 35 in
1846 3040 128 37 Eulen-

364 3108 122 48 burg's
504 3106 378 49 Real-Encyclopiidie,
901 3105 72 38 vol.
993 3105 73 37 xix.
1085 3117 37 39 p.
1145 3107 79 36 173.
