2107 3450
1725 303 82 44 179

660 310 211 32 PRINTING
907 310 84 30 FOR
1023 310 90 31 THE
1147 310 146 31 BLIND.

150 435 141 43 think,
324 450 71 27 are
419 434 99 42 well
550 431 245 45 caleulatcd
821 437 43 36 to
897 429 221 43 illustrate
1152 430 74 42 the
1260 430 314 56 relationships
1608 433 199 42 between

148 507 158 55 speech
341 506 86 42 and
462 504 198 56 thought.
724 503 118 51 This,
877 502 215 50 however,
1126 502 38 42 is
1203 515 24 28 a
1260 501 190 43 difficult
1485 506 320 53 metaphysical

147 578 171 55 subject
351 577 154 43 which,
539 577 66 41 for
639 575 74 43 the
750 579 178 51 present
962 577 46 39 at
1041 573 124 51 least,
1199 573 23 42 I
1256 580 162 35 cannot
1454 574 55 42 do
1542 589 120 28 more
1697 576 110 42 than

145 649 152 56 glance
329 649 75 43 at.1
468 649 20 42 I
512 647 114 44 shall
660 647 213 43 therefore
897 645 105 57 only
1025 659 79 42 say
1127 659 24 28 a
1175 645 83 42 few
1279 645 142 43 words
1443 645 137 43 about
1603 647 75 42 the
1695 648 110 42 rela-

147 721 115 42 tions
284 722 46 41 of
351 734 143 29 nouns
527 725 43 37 to
595 732 213 43 percepts.

205 792 90 43 The
332 793 110 42 facts
481 791 145 44 before
665 805 52 28 us
756 790 121 42 show
915 804 108 42 very
1045 789 166 56 clearly
1236 789 98 43 that
1367 789 74 43 the
1475 790 168 42 human
1681 792 124 42 mind

146 865 134 41 forms
303 865 164 42 images
499 864 45 42 of
576 863 161 57 things,
762 862 143 43 which
928 862 38 44 it
988 877 81 27 can
1092 862 134 43 recall
1249 863 47 41 in
1318 862 290 57 imagination
1632 869 46 37 at
1702 864 102 43 will.

144 935 137 43 These
299 936 165 56 images
486 951 72 27 are
581 935 232 43 memories
837 935 47 42 of
902 949 126 29 sense
1051 935 297 56 impressions.
1413 936 140 43 There
1576 951 71 28 are
1667 937 137 56 sight-

145 1009 163 54 images
340 1009 87 43 and
459 1008 330 57 sound-images
809 1023 8 38 ;
850 1007 87 43 and
959 1007 124 44 there
1106 1022 72 28 are
1201 1007 92 44 also
1315 1008 165 56 images
1504 1023 47 28 or
1573 1009 232 43 memories

146 1081 47 41 of
215 1085 125 49 taste,
365 1081 144 43 touch,
533 1080 86 43 and
643 1080 138 43 smell.
846 1080 68 56 By
932 1080 256 56 combining
1210 1080 124 43 these
1357 1095 126 29 sense
1505 1081 302 43 impressions,

148 1152 73 43 the
254 1153 124 43 mind
411 1154 134 42 forms
567 1158 202 51 percepts
792 1152 47 43 of
868 1152 175 56 objects.
1107 1152 43 42 A
1183 1157 179 51 percept
1384 1153 104 43 thus
1511 1158 247 52 represents
1782 1169 25 27 a

148 1224 256 44 knowledge
427 1226 45 42 of
506 1226 74 42 the
615 1224 191 44 sensible
839 1224 245 56 properties
1118 1225 44 41 of
1195 1224 75 43 the
1303 1225 156 55 object,
1496 1240 46 28 so
1576 1226 66 42 far
1676 1241 60 28 as,
1758 1227 47 42 in

147 1311 88 41 any
263 1298 131 55 given
427 1312 110 28 case,
559 1297 123 43 these
711 1297 112 42 have
854 1296 107 43 been
1002 1296 284 43 ascertained.
1350 1296 65 43 As
1454 1297 60 42 all
1551 1297 254 57 intelligent

150 1368 145 42 minds
318 1369 111 41 form
452 1368 108 42 such
592 1373 201 51 percepts
816 1367 46 42 in
890 1367 75 43 the
983 1381 119 29 same
1127 1381 109 42 way,
1254 1367 88 43 and
1365 1367 105 43 hold
1503 1367 123 43 them
1649 1369 47 41 in
1730 1369 76 43 the

148 1453 196 42 memory
366 1440 134 42 ready
524 1445 43 37 to
604 1441 51 41 be
689 1438 193 44 revived,
915 1453 56 27 no
1007 1438 220 43 elaborate
1262 1438 270 56 description
1565 1440 38 42 is
1637 1441 168 42 needed

148 1518 45 35 to
231 1512 201 54 revivify,
475 1512 48 41 in
563 1511 75 43 the
675 1511 125 42 mind
836 1511 47 42 of
916 1510 186 43 another
1135 1524 173 42 person,
1343 1525 25 27 a
1410 1518 182 49 percept
1629 1512 179 56 already

147 1583 191 41 familiar
360 1588 44 37 to
437 1583 103 42 him.
604 1582 43 42 A
670 1596 117 29 mere
821 1581 100 43 hint
942 1582 38 42 is
1007 1582 233 42 sufficient.
1305 1582 91 42 The
1420 1582 248 44 deaf-mute
1703 1584 104 42 thus

144 1659 197 52 suggests
364 1670 24 27 a
411 1655 192 42 familiar
626 1658 179 52 percept
828 1658 44 39 to
895 1653 75 43 the
1005 1654 123 42 mind
1161 1654 46 42 of
1241 1654 186 42 another
1460 1669 160 41 person
1656 1656 60 42 by
1739 1655 68 43 his

144 1728 218 42 imitative
398 1733 176 50 gesture
612 1741 48 28 or
693 1726 173 56 picture
898 1726 45 42 in
978 1726 75 43 the
1091 1726 76 44 air.
1231 1726 92 43 The
1356 1726 122 57 early
1502 1727 229 44 inventors
1765 1729 48 41 of

143 1804 385 51 picture-writing,
564 1799 47 42 in
642 1798 91 43 like
767 1813 195 37 manner,
997 1798 235 56 suggested
1268 1798 192 43 familiar
1496 1805 204 51 percepts
1749 1801 58 56 by

148 1872 177 55 making
359 1871 147 43 actual
543 1871 218 43 drawings
810 1871 46 42 of
897 1871 76 42 the
1009 1871 179 55 objects,
1226 1885 47 29 as
1321 1871 159 43 visible
1516 1877 45 37 to
1602 1873 76 43 the
1716 1888 91 41 eye.

146 1943 194 42 Audible
363 1942 159 43 speech
545 1942 137 43 fulfils
705 1943 58 42 its
797 1942 201 43 function
1038 1942 168 56 largely
1230 1942 58 57 by
1312 1942 164 56 calling
1509 1957 61 41 up
1605 1950 204 50 percepts

146 2015 47 41 in
216 2015 74 42 the
312 2015 135 42 mind.
511 2015 104 42 And
648 2015 35 42 it
718 2015 102 42 does
853 2028 47 29 so
923 2014 134 42 much
1091 2029 119 27 more
1246 2014 243 43 efficiently
1521 2015 109 42 than
1666 2022 142 37 either

147 2092 197 50 gestures
381 2101 47 27 or
462 2087 205 55 pictures.
731 2087 91 42 The
856 2086 246 43 wonderful
1138 2086 85 43 law
1261 2087 45 42 of
1342 2087 264 43 association
1650 2090 48 41 in
1731 2089 76 43 the

147 2159 167 41 human
336 2158 125 42 mind
484 2159 182 55 permits
684 2159 47 41 of
749 2158 76 43 the
846 2158 176 56 linking
1039 2158 201 56 together
1258 2158 45 41 of
1324 2172 25 28 a
1372 2158 165 42 certain
1560 2159 142 42 sound
1720 2161 86 41 and

147 2245 26 28 a
195 2231 166 43 certain
381 2235 189 51 percept,
593 2230 87 42 and
703 2231 89 42 this
815 2229 283 43 word-sound
1121 2233 246 39 represents
1386 2234 77 37 not
1487 2230 167 43 merely
1671 2245 75 28 one
1763 2232 46 41 of

148 2301 74 43 the
246 2301 189 43 sensible
458 2302 242 55 properties
722 2302 47 41 of
788 2301 75 43 the
895 2301 156 55 object,
1075 2300 106 43 such
1213 2315 46 28 as
1292 2301 58 42 its
1383 2301 203 43 external
1619 2302 187 52 form,

147 2374 35 42 it
214 2374 38 42 is
275 2373 256 43 equivalent
553 2378 44 38 to
619 2374 75 42 the
718 2373 141 43 whole
882 2373 292 56 percept,it
1195 2373 37 42 is
1254 2373 59 43 its
1336 2373 173 55 symbol
1542 2388 48 28 or
1622 2375 181 55 equiva-

145 2445 103 43 lent.
311 2445 132 43 Thus,
467 2451 43 37 to
534 2445 84 43 call
642 2460 60 28 up
725 2446 47 42 in
794 2445 76 43 the
893 2445 123 43 mind
1040 2445 44 43 of
1110 2445 186 43 another
1329 2459 157 42 person
1510 2446 75 42 the
1608 2454 197 50 percept,

144 2532 90 41 say,
267 2518 47 42 of
342 2533 25 27 a
399 2517 138 44 horse,
571 2518 75 43 the
679 2518 127 43 horse
837 2519 112 42 need
986 2523 77 38 not
1096 2518 53 42 be
1182 2518 252 43 described:
1468 2533 24 27 a
1519 2518 143 57 single
1684 2521 121 42 word

143 2590 37 42 is
204 2589 228 44 sufficient.
497 2591 260 42 Something
778 2591 79 42 has
890 2590 178 43 already
1098 2590 112 43 been
1233 2590 95 43 said
1350 2604 47 29 as
1429 2595 45 38 to
1507 2591 75 43 the
1605 2593 198 42 specula-

147 2662 114 42 tions
283 2663 230 56 regarding
532 2663 73 43 the
628 2677 184 29 manner
833 2663 45 43 in
902 2663 145 43 which
1068 2663 121 43 these
1208 2663 337 56 word-symbols
1564 2665 95 42 first
1681 2679 123 30 came

145 2739 44 37 to
204 2734 53 42 be
279 2733 252 57 developed.
594 2735 45 43 It
660 2735 78 43 has
761 2735 111 43 been
895 2735 152 43 shown
1071 2735 99 43 that
1192 2734 235 44 according
1448 2740 45 38 to
1517 2750 82 28 one
1622 2738 180 42 opinion

146 2804 76 43 the
255 2805 93 43 first
369 2806 142 43 words
544 2821 112 29 were
679 2807 238 43 voluntary
939 2807 248 43 imitations
1220 2807 48 43 of
1296 2807 178 43 natural
1507 2808 178 52 sounds,
1717 2810 87 42 and

148 2875 96 42 that
278 2877 231 57 according
532 2883 43 37 to
608 2879 185 43 another
828 2879 75 43 the
936 2883 22 18 "
972 2884 119 38 roots
1110 2879 21 16 "
1170 2879 48 43 of
1248 2879 252 57 languages,
1524 2879 145 43 which
1701 2895 104 43 may

149 2947 51 42 be
222 2948 209 55 regarded
463 2963 46 29 as
540 2951 48 43 in
619 2964 120 31 some
772 2966 199 29 measure
1005 2951 347 44 representative
1387 2952 45 42 of
1468 2952 74 42 the
1578 2954 227 54 primitive

150 3018 150 52 words,
323 3020 136 56 ought
480 3026 44 37 to
549 3022 52 42 be
623 3023 208 56 regarded
853 3037 47 29 as
923 3024 242 42 "ultimate
1188 3023 148 43 facts"
1369 3024 46 41 in
1450 3023 246 56 Philology,
1729 3026 75 42 ad-

194 3117 12 23 1
233 3116 82 37 The
345 3117 145 49 subject
519 3120 81 36 will
629 3121 47 37 be
710 3122 119 37 found
864 3127 38 32 to
933 3123 46 36 be
1011 3123 100 36 fully
1141 3122 193 37 discussed
1364 3122 93 37 both
1484 3123 53 47 by
1568 3123 135 37 Farrar
1727 3125 77 37 and

147 3177 49 49 by
221 3178 196 46 Romanes,
436 3192 52 34 op.
510 3184 58 34 tit.
