2420 3378
270 418 1176 108 HISTORISCHES
1490 420 706 108 LEXIKON

273 629 122 49 Das
422 628 596 59 Nachschlagewerk
1058 626 102 50 für
1201 627 109 49 das
1342 626 178 50 »Bild
1561 626 110 50 der
1700 627 500 53 Jahrhunderte«

436 805 88 36 Das
543 804 194 38 Lexikon
759 803 170 38 enthält
946 803 222 48 Angaben
1194 803 109 38 über
1322 804 101 37 1300
1441 803 269 38 historische
1729 803 312 46 Schauplätze,

435 877 103 37 4600
576 876 177 38 Namen
803 876 290 38 historischer
1133 875 430 45 Persönlichkeiten,
1627 876 101 37 1300
1770 875 275 40 historische

431 948 209 50 Begriííe,
655 959 262 27 zusammen
937 949 104 38 7200
1054 948 261 39 Stichworte
1328 948 92 38 und
1439 949 134 38 22000
1596 949 160 38 Daten.
1783 948 263 39 Zahlreiche

434 1020 338 49 Abbildungen,
798 1021 334 48 Zeichnungen,
1157 1021 229 38 Tabellen.
1416 1021 196 49 Umfang
1636 1024 115 35 etwa
1774 1021 78 38 480
1874 1020 167 40 Seiten.

436 1145 49 39 In
508 1147 174 37 diesem
713 1146 328 40 umfassenden
1060 1148 441 50 Nachschlagewerk
1531 1149 113 37 wird
1675 1149 74 37 die
1773 1149 272 48 Gesamtge¬

435 1219 203 44 schichte,
666 1220 72 37 die
768 1220 61 37 im
860 1219 123 39 »Bild
1007 1221 78 37 der
1105 1221 368 38 Jahrhunderte«
1503 1222 48 36 in
1580 1221 146 37 ihrem
1747 1220 175 38 Ablauf
1944 1221 97 37 dar¬

438 1293 183 49 gestellt
631 1294 70 43 ist,
717 1294 48 37 in
778 1293 375 49 alphabetischen
1165 1294 296 38 Stichworten
1474 1294 309 50 lexikonartig
1802 1294 238 49 geordnet.

439 1366 82 37 Für
542 1366 79 37 das
644 1366 255 37 Zierersche
921 1366 139 38 Werk
1079 1367 60 36 ist
1161 1367 81 37 das
1266 1367 304 37 »Historische
1593 1366 230 38 Lexikon«
1842 1366 204 50 zugleich

437 1438 79 37 der
535 1438 342 49 Registerband.
902 1439 79 41 Bei
1002 1439 157 47 jedem
1179 1439 184 38 Namen
1394 1439 220 38 befinden
1636 1440 92 37 sich
1746 1450 184 39 genaue
1954 1439 91 37 An¬

437 1510 162 49 gaben,
624 1511 47 36 in
693 1510 218 38 welchem
931 1511 126 37 Band
1083 1512 80 37 des
1185 1506 124 43 »Bild
1332 1512 80 38 der
1436 1511 368 39 Jahrhunderte«
1825 1511 212 38 Näheres

441 1582 193 37 darüber
654 1582 304 38 nachzulesen
987 1583 71 38 ist.
1089 1584 90 37 Das
1214 1584 301 45 „Historische
1547 1583 231 39 Lexikon«
1802 1582 178 39 enthält
2000 1604 52 5 —

439 1654 198 38 sinnvoll
660 1656 232 48 geordnet,
921 1656 403 38 wissenschaftlich
1348 1657 299 49 zuverlässig,
1674 1656 119 38 reich
1815 1655 237 38 illustriert

437 1749 51 5 —
520 1728 72 36 die
632 1728 285 49 wichtigsten
950 1728 199 49 Begriffe
1188 1739 82 27 aus
1308 1730 90 37 den
1432 1729 376 38 Jahrtausenden
1844 1728 80 38 der
1963 1728 88 37 Ge¬

438 1800 205 38 schichte.
668 1800 87 37 Mit
774 1801 163 37 seinen
958 1801 195 45 Bildern,
1179 1801 323 50 Zeichnungen
1523 1801 93 38 und
1637 1800 226 39 Tabellen
1888 1801 60 37 ist
1971 1801 80 37 das

438 1872 200 38 Lexikon
669 1873 201 49 zugleich
904 1874 74 37 ein
1009 1874 263 38 wertvolles
1304 1873 251 39 Handbuch
1590 1873 71 39 für
1693 1874 145 49 jeden
1874 1873 177 37 Freund

440 1946 91 37 und
552 1945 334 38 Studierenden
910 1947 77 37 der
1009 1947 279 39 Geschichte.

1600 2014 19 18 «

1226 2092 42 43 *

442 2277 171 49 Jeder
656 2280 279 57 Bezieher,
998 2280 97 49 der
1144 2281 99 50 das
1296 2282 396 50 Gesamtwerk
1750 2281 157 51 »Bild
1956 2281 98 48 der

442 2368 449 51 Jahrhunderte«
922 2372 132 60 jetzt
1084 2373 348 57 vorbestellt,
1460 2373 183 49 erhält
1669 2373 208 49 bereits
1909 2370 141 50 nach

396 2459 7 4 '
444 2457 127 49 dem
628 2459 76 50 17.
755 2460 155 49 Band
961 2461 99 49 das
1116 2463 171 61 große
1345 2464 376 49 »Historische
1766 2463 286 50 Lexikon«

444 2547 90 49 als
557 2548 907 68 Subskriptions-Vergünstigung
1491 2551 391 52 unberechnet
1911 2547 147 67 (spä¬

640 2642 145 46 terer
815 2641 150 49 Preis
995 2641 184 50 dieses
1207 2643 278 49 Lexikons
1515 2645 115 49 DM
1668 2638 192 63 15.50).

280 2918 328 78 VERLAG
658 2920 456 80 $EBA§TIAN
1160 2924 160 78 LUX
1362 2956 24 24 •
1432 2924 346 80 MDRNAD
1794 2926 20 80 /
1830 2910 388 94 MÜNCHEN
