1895 3217
327 285 60 40 52

880 285 239 32 MONKEYS.

325 411 143 55 mind^
493 412 57 46 he
570 427 94 31 was
682 410 232 63 incapable
931 411 50 48 of
995 412 246 63 extending
1255 419 78 40 the
1348 427 150 48 pow'er
1512 411 183 55 farther,

325 505 47 31 or
395 488 51 48 of
469 506 245 45 reasoning
735 505 121 47 upon
889 496 103 40 that
1028 490 162 54 action,
1228 491 160 61 during
1420 497 79 39 the
1533 489 166 63 perfor-

324 582 159 31 mance
507 567 51 46 of
577 567 146 46 which
745 567 70 46 his
839 566 202 47 intellect
1064 567 92 46 had
1178 583 111 46 gone
1312 568 192 45 through
1529 567 170 46 several

327 644 185 46 distinct
551 660 235 46 processes.
871 644 82 47 All
991 645 120 45 their
1146 644 170 47 actions
1352 645 48 45 in
1440 660 27 30 a
1503 651 118 39 state
1658 644 51 46 of

324 721 305 47 confinement
650 738 111 46 may
784 724 56 44 be
864 722 152 46 traced
1041 729 45 39 to
1109 729 79 39 the
1212 738 124 30 same
1360 738 166 38 source,
1563 721 137 47 while

299 799 7 12 '
324 799 129 46 those
476 799 48 46 in
548 815 28 31 a
599 807 117 39 state
741 799 49 47 of
805 816 162 30 nature
986 799 95 47 will
1100 801 53 45 be
1172 816 121 30 more
1309 801 107 44 akin
1432 806 46 40 to
1497 799 201 55 instinct,

330 878 90 46 and
460 877 96 47 will
591 880 55 45 be
684 878 250 62 performed
973 879 145 44 under
1156 879 78 44 the
1280 878 214 45 impulses
1536 877 49 46 of
1622 878 79 45 the

330 971 178 31 various
531 956 215 61 passions.

395 1034 213 61 Cunning
641 1034 156 60 joined
837 1034 115 45 with
992 1040 195 48 caution,
1220 1049 59 30 an
1314 1033 266 46 inquisitive
1611 1035 91 44 and

328 1111 163 61 prying
513 1117 123 48 tiuTi,
666 1110 91 46 and
782 1110 344 55 imitativeness,
1151 1125 74 31 are
1249 1117 79 39 the
1353 1116 151 55 strong
1522 1112 180 44 charac-

329 1196 92 38 ters
462 1189 46 45 in
550 1188 80 45 the
673 1187 263 62 disposition
978 1188 50 45 of
1065 1195 80 38 the
1192 1187 146 46 whole
1375 1186 174 47 family.
1624 1188 79 45 All

326 1268 129 44 these
479 1265 205 47 faculties
708 1265 91 46 and
816 1266 293 61 propensities
1124 1267 180 45 become
1319 1281 122 30 more
1461 1266 244 60 developed

327 1344 47 46 in
399 1361 26 29 a
449 1350 118 40 state
591 1343 51 46 of
656 1342 316 55 confinement,
999 1344 90 44 and
1107 1349 323 55 consequently
1455 1342 51 46 of
1521 1343 181 53 tuition,

327 1423 114 45 than
460 1422 48 46 in
531 1422 119 45 their
672 1421 183 45 natural
873 1420 213 47 wildness
1105 1437 13 37 ;
1145 1421 91 45 and
1261 1421 136 44 while
1418 1421 79 45 the
1518 1420 112 55 first,
1657 1421 47 44 in

333 1501 104 45 Doth
478 1505 157 48 states,
677 1499 37 45 is
753 1498 333 46 indispensable
1125 1497 64 46 for
1228 1499 119 44 their
1381 1498 323 61 preservation,

331 1579 37 45 it
393 1578 37 45 is
453 1579 63 60 by
539 1578 79 44 the
642 1576 222 46 influence
888 1575 51 47 of
953 1582 78 39 the
1055 1582 148 39 others
1221 1582 103 39 that
1346 1582 114 54 they
1484 1591 74 29 are
1582 1576 124 60 prin-

334 1656 167 60 cipally
518 1654 216 46 indebted
751 1660 46 39 to
816 1653 316 54 confinement,
1153 1654 90 45 and
1258 1659 78 39 the
1354 1660 123 54 parts
1495 1659 114 55 they
1633 1668 74 31 are

332 1734 134 44 made
497 1739 46 39 to
568 1730 193 63 perform
785 1731 47 45 in
855 1731 79 45 the
958 1731 212 61 beggarly
1189 1731 179 45 dramas
1386 1729 250 62 performed
1660 1731 48 44 in

331 1818 79 38 the
434 1816 160 40 streets
618 1808 51 47 of
684 1825 80 29 our
785 1815 126 55 great
935 1815 159 39 towns.
1155 1808 138 45 Their
1314 1823 151 46 power
1488 1807 50 46 of
1553 1808 156 45 imita-

333 1888 94 45 tion
452 1888 38 45 is
514 1903 110 45 very
642 1902 140 46 great,
808 1887 89 45 and
922 1884 124 48 often
1068 1885 225 46 ludicrous
1317 1885 48 46 in
1387 1892 80 38 the
1491 1892 217 48 extreme,

331 1965 115 46 from
470 1972 79 38 the
573 1979 257 31 expressive
853 1963 111 53 face,
991 1963 90 45 and
1104 1963 292 45 human-like
1420 1962 113 47 form
1558 1962 50 47 of
1630 1964 78 45 the

336 2059 142 44 upper
499 2049 139 54 parts.
709 2041 111 46 This
844 2040 139 46 talent
1004 2041 81 45 has
1110 2057 113 29 even
1253 2042 113 44 been
1398 2040 97 45 said
1525 2047 46 40 to
1595 2041 117 45 have

335 2121 114 43 been
472 2120 113 43 used
607 2125 46 39 to
678 2119 118 44 their
819 2134 101 30 own
946 2119 443 45 destiTiction;—we
1423 2119 116 44 have
1574 2118 139 45 heard

337 2195 50 47 of
409 2211 221 30 monkeys
655 2201 177 54 cutting
861 2195 118 44 their
1009 2195 188 53 throats,
1225 2195 47 44 in
1302 2195 228 45 imitation
1562 2194 51 46 of
1633 2196 80 45 the

339 2273 176 46 feigned
554 2278 147 40 action
742 2271 50 45 of
828 2278 79 39 the
943 2287 158 45 person
1142 2272 149 44 whom
1332 2278 112 54 they
1484 2274 226 44 annoyed,

340 2350 91 46 and
455 2348 49 47 of
530 2365 82 30 one
637 2349 102 45 who
762 2348 139 46 killed
931 2348 190 45 himself
1147 2350 60 60 by
1231 2348 199 61 infusmg
1453 2364 26 29 a
1513 2365 138 44 paper
1674 2350 51 46 of

341 2435 180 39 tobacco
546 2426 113 46 with
682 2425 114 46 milk
813 2426 90 45 and
922 2441 144 46 sugar,
1083 2425 179 47 instead
1279 2424 50 47 of
1344 2432 88 47 tea,
1451 2426 89 45 and
1560 2426 156 46 drink-

340 2505 77 53 ing
446 2506 37 44 it
515 2520 48 30 as
593 2504 57 45 he
673 2504 93 45 had
789 2504 214 45 observed
1026 2519 121 30 some
1171 2503 94 47 sick
1289 2503 132 46 sailor
1444 2504 68 45 do.
1596 2504 121 46 How

341 2585 66 46 far
444 2588 128 40 these
609 2597 74 31 are
715 2587 101 40 true
844 2597 69 31 we
948 2581 115 47 shall
1103 2588 79 39 not
1217 2587 196 40 attempt
1444 2588 47 40 to
1532 2582 184 54 decide;
