2113 3404
840 228 87 31 THE
960 229 241 32 DISORDERS
1233 230 52 32 OF
1317 231 174 32 SPEECH.

341 212 84 42 282

340 355 174 56 organic
535 356 163 44 disease
721 357 106 50 that,
850 358 56 56 by
929 359 215 57 disabling
1166 375 46 28 or
1234 361 247 55 destroying
1503 375 80 28 one
1605 375 45 28 or
1672 375 114 29 more
1812 362 45 42 of
1884 363 72 43 the

341 427 357 55 speech-centres,
720 443 100 43 may
842 430 97 55 give
960 430 82 43 rise
1064 435 44 38 to
1130 432 186 55 aphasia.
1378 434 88 40 But
1495 432 23 41 I
1551 445 99 44 may
1681 446 88 42 say,
1799 432 45 44 in
1877 435 79 41 few

970 1596 68 25 Fig.
1056 1596 26 25 4.
1118 1595 99 34 (After
1230 1596 115 33 Duret.)

344 1671 152 51 words,
518 1670 98 43 that
637 1685 154 42 among
812 1671 75 42 the
909 1685 116 28 more
1046 1671 238 55 important
1316 1672 43 41 of
1390 1672 106 42 such
1526 1672 186 42 diseases
1743 1674 223 53 are,—(1.)

345 1742 204 41 Necrotic
575 1742 239 54 Softening,
831 1741 216 55 produced
1064 1742 55 55 by
1139 1742 73 42 the
1235 1742 215 42 occlusion
1469 1743 45 41 of
1534 1743 71 42 the
1629 1743 180 55 Sylvian
1825 1747 140 50 artery

346 1825 46 29 or
413 1825 81 27 one
517 1811 46 41 of
580 1811 57 42 its
659 1811 220 42 branches.
942 1811 79 55 (2.)
1051 1811 249 55 Apoplexy;
1322 1812 141 42 which
1480 1826 99 42 may
1596 1812 137 43 either
1750 1812 171 43 destroy
1942 1826 23 27 a

345 1881 324 56 speech-centre
691 1883 58 54 by
771 1882 209 55 invading
1008 1882 46 51 it,
1077 1896 46 27 or
1154 1882 164 42 disable
1348 1883 36 41 it
1415 1883 58 55 by
1504 1883 237 54 exercising
1770 1896 194 41 pressure

345 1967 118 27 upon
485 1953 46 41 it.
594 1953 79 54 (3.)
706 1952 331 55 Inflammatory
1060 1952 253 42 conditions,
1336 1953 105 41 such
1463 1967 45 27 as
1532 1953 241 42 Cerebritis,
1799 1952 105 42 with
1921 1966 45 27 or

347 2023 186 42 without
567 2027 309 51 suppuration;
908 2037 57 37 or,
997 2037 117 28 more
1148 2023 153 55 rarely,
1333 2023 269 55 Meningitis,
1635 2023 105 41 with
1776 2023 190 41 involve-

346 2099 122 36 ment
504 2094 44 41 of
590 2094 73 41 the
705 2093 226 55 subjacent
971 2106 104 42 grey
1116 2098 158 36 matter
1314 2094 46 40 in
1396 2093 74 43 the
1505 2093 324 43 inflammation.
1892 2093 76 55 (4.)

346 2165 231 41 Tumours;
600 2163 141 42 which
763 2178 98 27 may
880 2163 139 42 either
1036 2163 173 42 destroy
1232 2178 23 27 a
1278 2163 321 56 speech-centre
1621 2164 57 55 by
1694 2163 207 55 invading
1922 2164 45 50 it,

348 2248 47 27 or
416 2233 164 42 disable
602 2234 36 41 it
659 2234 58 55 by
739 2233 238 55 producing
1001 2247 196 41 pressure
1229 2248 116 27 upon
1377 2234 45 41 it.
1485 2234 78 55 (5.)
1595 2233 243 42 Traumatic
1869 2246 97 28 con-

348 2304 173 42 ditions,
543 2304 107 42 such
672 2317 45 29 as
740 2304 185 41 fracture
952 2303 44 42 of
1027 2303 73 43 the
1131 2303 128 43 skull.
1323 2304 234 42 Occurring
1588 2317 99 28 over
1718 2317 80 28 one
1823 2303 43 41 of
1896 2302 72 41 the

348 2375 358 56 speech-centres,
739 2388 25 28 a
791 2374 185 42 fracture
1008 2375 246 41 sometimes
1287 2388 147 28 causes
1466 2374 285 42 disablement
1778 2374 46 41 of
1851 2373 35 41 it
1914 2373 54 54 by

350 2446 73 42 the
467 2445 290 42 compression
795 2445 46 41 of
875 2445 227 54 depressed
1144 2445 110 42 bone
1291 2459 47 28 or
1379 2444 297 42 extravasated
1713 2443 142 57 blood,
1887 2441 83 43 and

350 2516 247 44 sometimes
619 2515 194 42 destroys
838 2515 37 41 it
905 2515 59 55 by
985 2514 183 42 inciting
1189 2515 44 41 in
1256 2515 36 41 it
1313 2513 313 43 inflammation
1654 2513 96 43 that
1780 2513 118 43 leads
1928 2516 42 37 to

350 2587 168 42 abscess
540 2600 46 28 or
608 2589 228 51 softening.

409 2657 84 42 Tor
514 2656 74 42 the
611 2655 234 55 analytical
877 2655 128 42 study
1030 2655 43 41 of
1105 2655 187 55 aphasia,
1314 2655 36 41 it
1380 2655 36 42 is
1447 2655 96 42 best
1573 2659 44 37 to
1649 2655 99 41 take
1779 2667 116 29 cases
1926 2652 43 41 in

351 2727 142 43 which
535 2741 80 28 one
658 2725 321 43 speech-centre
1021 2725 124 42 alone
1187 2725 36 41 is
1265 2725 192 42 affected,
1499 2725 84 42 and
1625 2725 45 41 in
1716 2723 140 42 which
1902 2722 68 42 the

352 2798 219 44 functions
605 2796 44 42 of
685 2795 74 43 the
796 2795 123 42 brain
957 2809 45 28 as
1039 2808 24 28 a
1101 2795 137 42 whole
1275 2809 69 28 are
1380 2799 77 38 not
1493 2794 220 56 impaired,
1747 2793 135 43 either
1917 2792 53 54 by

351 2869 172 58 general
543 2881 196 43 pressure
757 2880 45 29 or
819 2866 58 55 by
893 2865 172 56 general
1078 2865 326 42 inflammation.
1467 2866 120 41 Most
1605 2865 46 42 of
1666 2864 70 43 the
1752 2877 115 29 cases
1882 2862 92 42 that

353 2942 113 42 fulfil
487 2940 122 42 these
631 2937 246 43 conditions
900 2950 69 28 are
990 2936 219 56 produced
1231 2936 138 42 either
1390 2936 57 42 by
1470 2935 217 43 occlusion
1705 2935 47 41 of
1769 2948 24 27 a
1816 2931 151 44 brand)

353 3013 47 43 of
419 3011 75 42 the
519 3009 178 59 Sylvian
723 3012 143 37 artery
889 3021 47 28 or
957 3006 57 57 by
1039 3020 24 28 a
1084 3006 172 42 limited
1280 3006 280 43 traumatism.
