1949 3178
353 274 88 44 128

774 289 93 31 THE
892 289 151 33 NEGRO
1069 290 215 32 MONKEY.

413 421 32 21 "
460 416 102 48 The
581 418 206 61 Budeng,
820 433 45 30 or
888 413 79 50 the
997 419 130 45 black
1157 433 182 48 species,
1368 417 38 47 is
1436 419 136 46 much
1595 434 122 31 more

342 494 237 44 abundant
609 500 113 39 than
744 495 79 45 the
857 495 199 61 Lutung,
1092 511 48 30 or
1171 502 79 39 the
1283 495 79 46 red
1395 511 196 45 species;
1627 497 90 46 and

341 569 80 46 the
453 570 149 54 latter,
638 571 109 45 both
785 587 56 30 on
876 579 186 38 account
1090 571 50 46 of
1165 570 58 47 its
1257 573 177 60 variety
1464 574 89 44 and
1597 590 120 29 com-

344 647 204 61 parative
583 649 186 60 beauty,
810 649 38 44 is
893 664 28 30 a
959 648 221 46 favourite
1216 665 163 46 among
1413 656 79 39 the
1525 650 191 45 natives.

345 724 261 46 Whenever
628 741 58 29 an
709 725 253 46 individual
991 726 37 45 is
1059 726 225 54 obtained,
1321 742 97 29 care
1452 727 37 44 is
1511 733 139 39 taken
1671 733 47 39 to

346 801 292 46 domesticate
671 801 51 55 it,
759 803 90 44 and
882 803 36 44 it
951 803 38 45 is
1023 804 175 44 treated
1233 803 113 45 with
1380 803 213 46 kindness
1629 804 90 45 and

345 878 239 46 attention.
652 879 99 45 The
775 881 203 59 Budeng,
1003 895 56 30 on
1081 886 79 39 the
1182 887 223 54 contrary,
1430 881 37 44 is
1490 887 230 55 neglected

346 956 91 46 and
460 955 229 62 despised;
715 955 37 47 it
774 971 196 30 requires
992 957 138 45 much
1152 958 203 60 patience
1377 958 48 44 in
1449 974 91 45 any
1565 959 154 60 degree

346 1039 46 39 to
415 1032 200 46 improve
637 1039 79 39 the
748 1034 181 44 natural
962 1034 248 44 sullenness
1242 1033 49 46 of
1317 1034 58 45 its
1408 1042 186 38 temper.
1663 1035 56 45 In

347 1108 301 48 confinement
686 1109 38 46 it
760 1109 196 46 remains
990 1110 162 61 during
1189 1126 141 46 many
1369 1119 182 38 months
1586 1127 132 46 grave

350 1187 91 45 and
478 1202 201 39 morose;
726 1188 92 44 and
857 1202 48 30 as
944 1187 37 45 it
1019 1188 275 45 contributes
1332 1189 188 61 nothing
1557 1195 46 39 to
1641 1189 78 44 the

348 1271 287 39 amusement
665 1263 50 46 of
741 1271 80 39 the
858 1264 192 55 natives,
1083 1264 37 46 it
1154 1264 37 46 is
1225 1265 148 61 rarely
1403 1263 139 47 found
1563 1264 48 46 in
1633 1265 88 45 vil-

348 1341 135 62 lages,
522 1357 48 30 or
605 1343 137 44 about
776 1342 80 45 the
895 1342 248 45 dwellings.
1213 1342 110 45 This
1358 1342 103 45 does
1493 1348 80 39 not
1607 1342 113 45 arise

349 1416 113 48 from
485 1434 93 46 any
600 1434 204 30 aversion
826 1435 56 29 on
911 1425 79 39 the
1012 1425 100 55 part
1136 1417 50 48 of
1211 1419 80 45 the
1321 1419 225 46 Javanese
1569 1425 46 39 to
1638 1419 79 45 the

349 1510 200 47 monkey
570 1512 100 29 race
688 1512 15 38 ;
727 1502 79 39 the
828 1502 118 39 most
968 1511 203 30 common
1196 1512 165 45 species
1384 1495 50 46 of
1447 1497 78 44 the
1549 1495 164 54 island,

350 1573 78 45 the
457 1573 263 47 Cercocebus
741 1588 165 45 aygula
930 1573 52 45 of
1007 1573 225 61 Geoffroy,
1257 1574 78 44 the
1360 1574 141 45 Egret
1522 1572 50 46 of
1597 1574 119 44 Pen-

350 1656 128 47 nant,
502 1649 38 46 is
563 1665 111 46 very
695 1650 230 61 generally
948 1650 351 54 domesticated;
1336 1651 90 44 and
1449 1666 27 29 a
1498 1649 221 46 favourite

351 1742 172 30 custom
548 1726 50 46 of
612 1733 78 39 the
712 1726 176 46 natives
911 1726 38 46 is
971 1732 46 40 to
1046 1726 213 46 associate
1281 1727 36 45 it
1342 1726 113 45 with
1477 1726 78 45 the
1577 1726 140 45 horse.

353 1804 58 45 In
445 1818 136 47 every
615 1803 157 54 stable,
807 1802 113 46 from
953 1804 102 44 that
1089 1802 50 46 of
1168 1818 28 30 a
1226 1803 151 61 prince
1409 1809 47 39 to
1484 1809 103 38 that
1618 1802 50 45 of
1693 1818 27 29 a

351 1895 200 47 mantry,
576 1895 49 31 or
646 1879 124 47 chief
792 1879 50 47 of
867 1895 28 30 a
916 1880 176 61 village,
1118 1895 82 30 one
1223 1879 50 46 of
1293 1886 127 39 these
1441 1880 219 44 monkeys
1682 1878 37 46 is

351 1956 172 56 found;
559 1958 83 46 but
666 1958 24 45 I
712 1973 137 30 never
871 1957 212 46 observed
1104 1957 79 45 the
1207 1958 188 60 Budeng
1416 1956 108 46 thus
1558 1956 164 45 distin-

349 2034 202 61 guished.

506 2112 98 45 The
639 2111 367 46 Semnopithecus
1039 2126 194 30 maurus
1267 2110 36 46 is
1336 2108 140 48 found
1503 2109 48 46 in
1578 2111 144 44 abun-

353 2189 139 45 dance
524 2188 49 46 in
601 2195 80 38 the
715 2187 232 46 extensive
975 2187 155 46 forests
1164 2187 51 47 of
1238 2189 148 52 Java;
1421 2187 37 45 it
1496 2186 134 46 forms
1663 2186 58 46 its

354 2265 213 61 dwelling
588 2280 57 31 on
667 2270 133 48 trees,
825 2264 88 44 and
928 2264 235 45 associates
1181 2264 47 45 in
1245 2279 240 31 numerous
1507 2262 212 47 societies.

360 2343 182 60 Troops,
574 2341 242 61 consisting
844 2340 51 46 of
918 2356 121 30 more
1061 2341 113 45 than
1202 2340 105 62 fifty
1335 2340 288 53 individuals,
1648 2355 73 30 are

356 2418 125 47 often
503 2418 139 46 found
664 2418 216 46 together.
947 2417 56 46 In
1025 2424 199 54 meeting
1244 2418 126 44 them
1389 2416 47 45 in
1452 2417 78 44 the
1548 2415 172 55 forests,

355 2497 39 46 it
424 2496 38 46 is
489 2496 194 61 prudent
715 2502 47 39 to
797 2496 180 45 observe
1010 2501 125 39 them
1169 2502 47 38 at
1249 2510 28 30 a
1310 2494 211 46 distance.
1589 2493 130 62 They

355 2573 112 47 emit
498 2574 108 47 loud
636 2589 191 31 screams
862 2589 56 30 on
948 2579 78 39 the
1055 2573 217 61 approach
1296 2570 49 48 of
1370 2586 136 39 man;
1541 2570 90 46 and
1658 2570 60 61 by
