2113 3404
313 250 82 41 180

812 263 86 31 THE
930 264 243 34 DISORDERS
1205 266 53 32 OF
1290 267 175 33 SPEECH.

314 380 177 56 mitting
512 381 44 42 of
573 395 55 29 no
650 382 289 56 explanation.
1002 384 238 44 Whatever
1277 400 99 39 may
1407 386 111 43 have
1539 386 107 44 been
1679 387 72 43 the
1783 388 146 55 primi-

316 451 89 42 tive
428 452 137 55 origin
599 453 46 41 of
673 453 150 51 words,
845 454 105 55 they
971 468 82 28 are,
1084 456 45 40 in
1163 455 111 43 their
1307 457 203 41 essential
1542 463 167 50 nature,
1731 457 200 55 symbols.

318 522 121 55 They
461 535 71 29 are
555 523 245 55 suggestive
822 525 47 41 of
895 530 212 49 percepts,
1127 524 46 44 in
1206 526 143 42 virtue
1381 527 47 41 of
1457 526 74 43 the
1564 527 83 42 law
1679 528 47 41 of
1754 540 180 29 associa-

318 593 113 52 tion;
457 593 85 41 and
565 593 104 56 they
686 607 69 29 are
777 607 47 29 so
841 594 148 55 subtly
1003 596 242 54 suggestive
1269 596 94 41 that
1385 610 24 28 a
1429 596 103 42 long
1552 597 112 41 train
1687 598 46 40 of
1752 596 184 55 thought

320 663 260 55 expounded
610 664 58 54 by
690 678 24 27 a
751 664 180 54 speaker
965 678 77 28 can
1079 664 53 42 be
1164 665 138 42 called
1333 680 58 42 up
1423 671 44 37 to
1504 667 73 41 the
1614 666 143 42 minds
1793 666 47 42 of
1871 666 68 41 his

321 734 173 42 hearers
537 734 45 41 in
624 734 333 42 instantaneous
997 748 215 41 response,
1246 735 129 43 while
1416 737 55 41 he
1506 737 37 40 is
1584 737 47 40 in
1672 736 73 42 the
1787 740 70 38 act
1896 736 45 41 of

321 804 221 55 speaking.
589 804 137 41 These
748 804 330 54 word-symbols
1100 818 70 29 are
1188 819 46 28 so
1251 807 192 53 superior
1459 810 44 38 to
1526 806 56 42 all
1602 806 142 42 others
1761 807 44 41 in
1829 807 112 41 their

323 888 148 41 power
492 874 47 41 of
556 873 161 54 calling
738 887 60 41 up
818 877 211 51 percepts,
1051 874 108 49 that,
1180 875 46 40 in
1252 875 74 42 the
1358 875 305 43 development
1694 877 44 40 of
1769 882 168 36 written

323 943 254 51 characters,
598 943 75 42 the
696 943 104 41 final
822 943 196 55 triumph
1041 958 85 27 was
1149 945 193 41 attained
1365 945 102 56 only
1490 946 125 42 when
1637 946 73 42 the
1730 947 154 41 sounds
1900 948 46 39 of

323 1013 159 55 speech
506 1027 110 29 were
639 1017 45 37 at
705 1013 85 42 last
812 1013 208 55 analysed
1041 1014 93 41 into
1157 1014 113 42 their
1292 1020 260 50 component
1573 1016 371 50 letter-elements,

323 1084 86 41 and
431 1097 25 27 a
478 1083 176 42 written
677 1083 222 42 character
920 1097 87 28 was
1028 1084 130 54 given
1190 1088 44 37 to
1266 1084 104 43 each
1402 1085 46 41 of
1477 1086 129 42 these.
1669 1087 89 41 The
1790 1086 153 42 visible

324 1154 175 55 writing
521 1154 105 41 then
644 1154 67 41 for
732 1154 74 42 the
828 1154 93 41 first
943 1154 104 41 time
1070 1155 245 55 accurately
1332 1156 226 54 suggested
1574 1166 42 32 to
1634 1157 72 41 the
1729 1157 119 40 mind
1871 1155 72 43 the

324 1224 174 43 audible
535 1224 152 43 sound,
723 1224 46 41 in
805 1228 144 38 virtue
992 1223 44 42 of
1081 1224 74 42 the
1201 1225 237 42 wonderful
1471 1226 84 41 law
1591 1227 43 41 of
1679 1231 264 37 association.

324 1295 194 42 Written
562 1294 138 43 words
737 1308 71 29 are
842 1294 103 42 thus
972 1294 75 43 the
1080 1295 156 42 visible
1267 1295 193 42 symbols
1491 1296 46 41 of
1576 1296 137 42 sound
1745 1296 199 56 symbols.

326 1366 55 41 In
414 1365 88 41 this
525 1368 166 51 respect
713 1364 104 42 they
840 1378 70 28 are
929 1378 45 28 so
998 1364 189 43 efficient
1208 1364 110 51 that,
1341 1366 124 41 when
1498 1380 64 28 we
1593 1366 101 42 read
1715 1366 73 42 the
1813 1366 134 41 words

325 1450 119 41 upon
476 1449 24 27 a
523 1435 173 41 written
718 1448 47 28 or
785 1435 174 54 printed
982 1448 119 42 page,
1124 1435 104 55 they
1251 1435 158 42 almost
1431 1449 127 29 seem,
1580 1440 44 38 to
1645 1436 75 42 the
1741 1437 205 54 imagina-

327 1506 106 42 tion,
455 1510 44 37 to
521 1505 140 42 sound
683 1505 179 42 audibly
884 1504 45 42 in
952 1519 79 27 our
1052 1519 104 28 ears.

388 1576 56 42 So
495 1573 236 44 efficiently
773 1574 77 43 has
902 1574 211 56 language
1155 1575 148 43 linked
1354 1576 120 42 itself
1525 1582 43 36 to
1614 1576 194 55 thought,
1851 1579 95 39 that

328 1660 133 27 many
502 1645 110 42 have
654 1645 215 42 difficulty
911 1645 46 41 in
999 1646 251 41 conceiving
1291 1646 44 41 of
1375 1646 186 55 thought
1601 1660 46 28 as
1689 1645 175 43 capable
1907 1645 44 42 of

329 1716 190 42 existing
559 1720 45 37 at
645 1715 60 42 all
736 1715 186 41 without
953 1719 45 37 at
1029 1715 110 42 least
1169 1730 24 27 a
1226 1716 162 41 mental
1420 1716 292 41 embodiment
1755 1716 44 41 of
1839 1716 35 41 it
1905 1715 47 41 in

330 1788 222 54 language.
654 1786 111 41 Prof.
821 1785 108 42 Max
980 1785 163 42 Miiller
1194 1799 108 28 even
1352 1800 99 40 goes
1500 1800 47 27 so
1587 1786 66 41 far
1693 1799 47 28 as
1779 1790 45 37 to
1866 1799 87 37 say,

332 1864 19 14 "
368 1858 137 41 There
545 1856 37 41 is
624 1870 56 27 no
733 1856 187 41 thought
962 1855 186 41 without
1189 1856 153 41 words,
1385 1869 48 28 as
1481 1855 114 42 little
1637 1870 45 27 as
1722 1855 121 42 there
1883 1869 71 27 are

333 1940 141 28 words
518 1930 186 37 without
746 1923 245 56 thought."1
1066 1918 172 48 "Wfoat
1279 1938 25 27 a
1344 1931 173 48 strange
1557 1923 259 53 definition,"
1857 1937 98 42 says

335 1996 193 42 Darwin,
559 2000 21 16 "
596 1998 119 38 must
746 1994 101 42 here
885 1995 50 41 be
969 1994 128 54 given
1133 1994 46 42 of
1207 1994 73 42 the
1314 1994 117 42 word
1464 1994 223 42 thought."
1744 1995 44 41 It
1819 2007 135 29 seems

336 2071 146 51 pretty
505 2080 113 28 clear
640 2065 97 41 that
758 2065 37 40 if
823 2064 74 42 the
930 2064 248 55 disputants
1212 2078 115 41 upon
1365 2064 87 42 this
1489 2064 200 55 question
1726 2064 151 56 agreed
1914 2069 43 36 to

337 2136 146 42 attach
506 2136 74 41 the
602 2149 118 28 same
752 2134 225 43 meanings
1009 2139 45 37 to
1083 2134 76 42 the
1190 2138 133 39 terms
1355 2134 228 55 employed
1612 2135 45 41 in
1690 2134 113 42 their
1835 2148 122 41 argu-

339 2221 155 36 ments,
517 2206 106 42 they
647 2205 143 42 would
812 2219 104 28 soon
939 2219 119 27 come
1080 2219 103 27 near
1205 2209 43 37 to
1271 2219 23 27 a
1315 2205 171 55 general
1508 2208 252 52 agreement.
1822 2204 136 54 Many

339 2292 198 28 eminent
558 2276 270 42 authorities,
858 2289 46 28 as
928 2289 63 27 we
1012 2274 111 42 have
1145 2288 114 28 seen,
1279 2274 102 42 hold
1414 2274 95 42 that
1539 2274 155 42 speech
1724 2274 123 42 itself
1874 2288 85 27 was

341 2348 194 41 invented
558 2347 56 54 by
637 2345 215 56 thought;
883 2345 86 41 and
990 2344 119 42 truly
1131 2358 24 27 a
1175 2358 102 27 man
1308 2349 118 37 must
1446 2345 54 41 be
1527 2359 24 27 a
1573 2358 157 28 master
1750 2344 46 42 of
1822 2344 138 41 words

343 2418 144 41 before
505 2417 67 41 his
591 2417 95 41 best
704 2415 209 42 thoughts
931 2429 77 27 can
1026 2414 51 42 be
1096 2415 228 41 expressed
1341 2415 46 40 in
1404 2414 209 55 language
1631 2414 93 42 that
1740 2414 37 42 is
1796 2414 165 55 worthy

344 2488 44 40 of
406 2487 130 41 them.
580 2486 127 42 Some
722 2485 103 42 hold
841 2489 97 38 that
953 2484 184 42 thought
1150 2498 78 27 can
1242 2498 132 28 never
1386 2484 52 42 be
1453 2484 254 55 adequately
1723 2485 238 50 expressed,

344 2560 80 39 but
465 2571 80 27 can
587 2556 104 41 only
730 2556 51 41 be
816 2554 240 55 suggested.
1118 2554 129 50 Thus,
1283 2554 226 42 according
1551 2559 43 36 to
1626 2554 73 42 Du
1735 2554 228 49 Ponceau,2

343 2633 22 17 "
380 2627 204 43 Thought
606 2627 35 41 is
664 2630 98 38 vast
784 2639 46 28 as
852 2626 74 41 the
949 2625 91 52 air;
1070 2624 37 42 it
1137 2624 216 43 embraces
1377 2625 65 41 far
1462 2638 116 28 more
1601 2624 105 42 than
1735 2624 228 55 languages

347 2712 80 29 can
462 2711 186 41 express,
682 2710 46 28 or
761 2696 145 41 rather
948 2695 232 55 languages
1222 2708 173 41 express
1429 2694 203 56 nothing;
1722 2694 105 56 they
1862 2695 101 54 only

348 2769 127 41 make
498 2781 77 28 our
601 2767 209 54 thoughts
833 2766 96 42 leap
953 2768 75 39 out
1050 2765 45 41 in
1118 2764 173 42 electric
1312 2765 152 55 sparks
1486 2765 109 42 from
1618 2765 73 42 the
1713 2765 178 42 speaker
1921 2769 44 37 to

349 2839 73 43 the
445 2838 190 42 listener.
698 2836 42 42 A
762 2836 138 43 single
921 2835 117 42 word
1060 2839 194 51 suggests
1276 2849 23 27 a
1321 2835 139 42 crowd
1493 2836 47 41 of
1566 2835 117 42 ideas
1716 2835 139 42 which
1893 2834 73 42 the

629 2990 10 21 1
668 2988 145 44 Quoted
831 2987 50 48 by
900 2986 165 36 Darwin,
1085 2986 147 36 Descent
1248 2987 46 45 of
1304 2985 107 46 Man,
1428 2989 86 32 note
1532 2989 37 32 to
1589 2997 33 35 p.
1643 2988 56 33 89.

628 3049 13 11 "
668 3047 145 46 Quoted
831 3047 50 47 by
900 3046 140 46 Farrar,
1060 3058 53 34 op.
1135 3044 68 48 eft.,
1221 3057 33 35 p.
1276 3048 84 34 263.
