1895 3217
363 330 60 41 54

929 341 237 31 MONKEYS.

359 481 185 47 passage
562 473 46 39 to
626 466 78 45 the
725 467 203 44 Baboons
944 467 91 44 and
1048 466 299 60 Cynocephali
1362 467 36 45 is
1415 483 118 45 easy.
1562 467 71 47 On
1648 468 78 46 the

359 543 197 61 opposite
581 543 108 53 sidej
716 559 69 29 we
816 543 151 44 would
992 543 189 45 descend
1210 544 62 60 by
1296 545 78 44 the
1397 544 216 61 Sapajous
1638 546 89 44 and

359 621 185 45 Sagoins
578 627 46 38 to
649 620 159 53 Aides,
834 626 161 38 thence
1029 627 46 38 to
1104 620 78 45 the
1208 620 207 46 Howlers
1446 637 48 30 or
1524 623 203 45 Baboons

357 697 51 46 of
438 704 78 38 the
549 713 100 29 new
687 698 154 53 world,
875 698 90 44 and
999 698 205 45 onwards
1238 699 63 60 by
1331 699 78 44 the
1445 698 206 46 Pithecia
1683 697 49 49 of

356 776 276 52 Desmarets,
680 781 46 39 to
770 781 79 39 the
895 775 131 45 small
1064 791 165 29 species
1270 775 114 45 with
1423 775 173 45 hooked
1637 776 90 46 and

355 852 132 61 sharp
527 852 148 46 claws.
744 853 89 44 We
869 853 152 44 would
1054 852 108 54 still,
1199 852 46 45 in
1280 853 91 44 this
1406 868 119 46 way,
1560 853 116 44 have
1700 868 27 30 a

355 945 127 44 space
513 931 206 44 between
742 930 127 44 these
903 930 270 45 diminutive
1201 930 318 46 insectivorous
1543 930 180 45 species,

354 1007 230 60 deviating
607 1022 46 30 so
675 1007 137 44 much
837 1005 111 46 from
972 1013 78 38 the
1085 1008 377 59 quadrumanous
1492 1013 110 55 type
1634 1008 91 43 and

351 1089 79 38 the
470 1083 343 59 cynocephaloiis
845 1085 224 52 baboons;
1121 1085 83 43 but
1237 1084 91 44 this
1362 1098 185 46 appears
1581 1089 46 39 to
1658 1083 65 45 fill

352 1159 127 45 itself
494 1159 230 61 naturally
748 1175 61 44 up
824 1160 63 59 by
902 1159 78 44 the
1005 1158 284 55 Lemuridce,
1306 1166 79 38 the
1409 1160 131 44 small
1558 1160 165 45 species

353 1235 49 46 of
434 1237 148 44 which
623 1252 121 29 seem
774 1236 263 60 intimately
1071 1235 242 46 connected
1343 1235 115 45 with
1491 1236 78 45 the
1603 1236 120 45 little

351 1330 221 29 monkeys
617 1316 140 43 above
796 1313 274 53 mentioned,
1118 1313 135 45 while
1290 1320 124 38 there
1459 1313 96 45 will
1598 1314 55 44 be
1697 1329 27 29 a

351 1392 180 44 natural
549 1391 233 61 gradation
800 1389 113 45 from
937 1390 78 44 the
1029 1391 194 45 baboons
1240 1398 46 38 to
1301 1396 78 40 the
1394 1404 139 46 genus
1552 1390 171 46 Licha-

351 1483 130 29 notus
499 1468 50 45 of
567 1468 163 60 Illiger,
751 1483 47 30 or
821 1467 77 45 the
915 1467 141 44 Indri
1074 1466 49 46 of
1137 1467 219 47 Sonnerat
1371 1467 90 45 and
1480 1466 239 47 Audibert.

354 1545 111 44 This
489 1544 117 46 view
635 1544 49 45 of
709 1545 119 44 their
862 1550 312 39 arrangement
1206 1545 151 44 would
1391 1545 228 44 doubtless
1651 1560 73 29 re-

351 1621 125 60 quire
501 1621 260 46 alterations
794 1627 47 39 to
874 1620 165 61 perfect
1074 1621 69 53 it;
1181 1622 82 43 but
1287 1621 253 60 something
1570 1620 50 46 of
1644 1621 78 46 the

351 1698 111 44 kind
487 1713 143 30 seems
653 1704 78 38 the
754 1703 118 39 most
902 1698 180 44 natural
1115 1697 200 51 method,
1347 1698 92 44 and
1470 1703 79 39 the
1573 1698 147 45 orders

352 1774 49 45 of
427 1775 78 45 the
542 1775 246 45 Carnivora
822 1774 90 45 and
946 1774 237 54 Rodentia,
1221 1773 254 46 whichever
1514 1774 116 45 shall
1664 1775 54 44 be

351 1850 139 46 found
512 1857 46 39 to
592 1850 150 46 follow
775 1856 117 39 most
925 1851 247 60 naturally,
1209 1850 151 45 would
1390 1850 135 45 touch
1559 1857 47 39 at
1640 1851 79 45 the

351 1942 177 31 various
551 1927 149 61 points
734 1926 50 46 of
808 1933 78 39 the
921 1927 127 45 circle
1080 1933 306 55 representing
1408 1927 118 45 their
1547 1943 173 30 respec-

352 2004 93 46 tive
468 2004 206 46 families.

417 2082 87 44 For
526 2081 78 45 the
627 2081 296 45 illustrations
947 2080 50 46 of
1011 2088 78 38 the
1104 2087 178 54 present
1301 2096 195 39 volume,
1514 2096 68 30 we
1605 2082 115 45 have

353 2158 110 44 been
500 2163 48 39 at
582 2158 299 45 considerable
904 2158 141 60 pains.
1116 2158 56 44 In
1203 2173 27 29 a
1263 2156 88 46 few
1383 2158 222 45 instances
1645 2159 77 44 Mr

354 2234 153 44 Lizars
531 2234 81 45 has
635 2235 112 44 been
771 2235 99 44 able
893 2241 46 38 to
964 2235 124 44 draw
1112 2233 111 45 from
1246 2234 79 45 the
1347 2234 141 61 living
1510 2235 206 53 animals,

355 2310 88 45 and
466 2325 79 30 our
566 2311 99 44 best
688 2310 166 45 thanks
879 2325 73 30 are
976 2310 86 44 due
1085 2316 45 39 to
1155 2310 75 45 Mr
1246 2310 132 61 Cops,
1422 2309 64 45 for
1509 2311 211 61 allowing

356 2387 140 45 copies
519 2393 45 39 to
588 2388 54 44 be
665 2387 132 45 made
821 2385 111 46 from
956 2386 69 46 his
1044 2386 263 61 interesting
1330 2402 223 45 specimen
1576 2386 50 46 of
1639 2388 80 45 the

354 2465 76 46 red
453 2479 149 46 orang,
628 2464 89 45 and
740 2464 91 45 also
866 2470 46 39 to
948 2465 75 44 Mr
1045 2464 275 45 Wombwell
1353 2463 64 46 for
1450 2470 78 40 the
1562 2480 158 30 sketch

358 2540 48 45 of
442 2547 78 39 the
562 2541 140 44 white
749 2541 149 61 eyelid
941 2542 210 44 monkey.
1242 2541 219 45 Professor
1504 2541 214 46 Jameson

350 2617 184 59 pointed
571 2624 78 39 out
689 2624 78 39 the
804 2634 221 45 specimen
1062 2617 50 47 of
1141 2618 78 46 the
1252 2618 185 46 hoolack
1470 2618 143 62 lately
1648 2634 58 30 re-
