2113 3404
803 138 87 31 THE
925 140 239 32 DISORDERS
1196 143 53 29 OK
1281 142 174 30 SPEECH.

321 125 82 39 124

319 253 282 52 affectionate,
638 257 84 41 and
761 258 203 54 responds
1001 259 162 55 readily
1201 263 43 37 to
1276 259 145 41 smiles
1463 259 83 41 and
1588 258 214 47 kindness.
1880 266 48 42 In

320 324 219 56 speaking,
562 326 153 42 drawls
737 326 76 42 her
840 327 215 55 syllables,
1077 328 85 42 and
1197 342 263 41 pronounces
1493 329 117 41 them
1635 330 102 41 with
1761 338 168 41 marked

320 393 152 57 lulling
488 397 183 50 :—thus,
687 398 61 41 for
762 398 72 41 the
849 398 217 41 numerals
1081 398 190 41 dictated
1290 403 42 35 to
1351 398 75 41 her
1441 412 80 28 one
1541 400 55 53 by
1611 415 90 36 one,
1717 401 74 42 she
1803 404 127 52 gives,

322 465 154 52 "One,
499 468 249 50 two,free,
764 468 124 49 four,
904 468 73 50 fie,
997 468 90 47 six,
1107 469 107 47 sim,
1234 468 294 52 eight,nine,
1547 472 99 47 ten,
1664 484 171 38 evven,
1852 478 77 40 el."

323 535 45 42 Is
405 537 271 54 remarkably
714 542 100 37 neat
851 537 182 50 handed,
1069 538 75 41 her
1180 537 161 54 sewing
1379 537 127 55 being
1546 539 135 56 really
1714 541 216 47 beautiful.

323 605 70 41 No
416 604 180 44 musical
618 619 80 29 ear.

381 744 117 42 Case
513 744 88 41 V11
613 745 398 54 [.—{Momingside
1027 744 214 55 Asylum.)
1304 745 286 43 Understands
1607 762 26 26 a
1651 748 104 42 Utile
1776 750 151 42 Speech.

334 814 93 41 Uses
442 829 26 26 a
475 814 88 54 few
584 815 144 49 words,
747 828 106 27 some
875 815 49 53 of
939 814 108 41 them
1063 815 118 53 being
1201 818 22 16 "
1251 814 143 41 Words
1410 816 49 54 of
1474 816 73 40 her
1566 831 91 27 own
1678 818 254 45 Invention!'

324 883 228 55 Language
583 884 50 54 of
656 884 150 41 Facial
837 884 255 54 Expression
1127 885 89 40 and
1256 883 172 43 Gesture
1457 899 96 41 very
1573 888 88 40 well
1696 891 236 40 marked.—

323 956 43 40 A
396 968 146 41 young
576 968 178 36 woman,
785 955 106 54 aged
924 954 335 55 twenty-three;
1298 955 130 55 fairly
1462 956 96 42 well
1589 971 171 40 grown;
1796 961 140 43 rather

324 1025 135 55 lively
473 1025 261 54 expression,
748 1024 164 55 though
927 1024 227 55 obviously
1169 1024 110 55 silly.
1329 1025 119 42 Cries
1463 1027 255 50 sometimes,
1732 1029 205 42 shedding

324 1100 113 37 tears
479 1095 127 42 when
647 1094 111 42 hurt.
822 1095 169 53 Laughs
1033 1095 85 41 and
1155 1094 145 42 smiles
1340 1096 173 54 readily.
1574 1097 144 42 When
1759 1101 179 51 pleased,

324 1169 152 52 grunts
500 1170 42 37 to
564 1165 161 42 herself
754 1165 46 41 in
822 1179 25 27 a
868 1165 318 42 characteristic
1208 1178 104 41 way.
1375 1165 202 43 Exhibits
1599 1181 108 42 rage,
1729 1168 100 52 fear,
1851 1175 86 45 etc.,

326 1235 99 42 well
459 1236 44 40 in
539 1236 126 41 facial
707 1235 257 42 expression.
1045 1235 145 42 When
1225 1235 141 55 sulky,
1400 1242 138 48 pouts,
1571 1238 175 41 making
1785 1254 24 25 a
1850 1243 88 40 true

327 1305 199 42 "snout"
557 1305 105 41 with
702 1306 74 40 her
806 1304 94 55 lips.
964 1304 146 42 Never
1141 1304 185 42 blushes.
1389 1305 112 42 Uses
1540 1312 206 49 gestures,
1782 1308 156 56 largely

327 1375 239 42 indicating
588 1375 77 42 her
688 1375 153 42 wishes
863 1375 45 40 in
939 1375 86 41 this
1050 1389 101 40 way.
1215 1375 301 42 Understands
1538 1376 154 54 simple
1715 1376 225 44 directions

327 1450 120 49 quite
472 1444 173 55 readily,
663 1444 84 41 and
771 1444 101 41 does
894 1448 117 37 what
1033 1443 75 42 she
1131 1444 36 41 is
1189 1443 100 42 told.
1352 1444 89 42 The
1462 1444 219 42 following
1702 1446 37 40 is
1761 1459 25 27 a
1806 1446 74 42 list
1900 1449 42 40 of

331 1516 73 41 the
439 1515 137 41 words
601 1515 140 40 which
777 1515 75 41 she
885 1514 148 42 makes
1069 1528 75 27 use
1178 1514 67 52 of;
1277 1514 84 41 and
1382 1515 36 41 it
1439 1515 88 40 will
1550 1516 51 41 be
1623 1517 206 41 observed
1851 1518 90 41 that

331 1599 116 28 some
484 1586 45 40 of
563 1585 120 41 these
720 1598 70 27 are
812 1584 157 41 Words
1006 1584 47 41 of
1085 1584 76 41 her
1197 1598 96 27 own
1316 1584 429 54 Invention:—Aye
1768 1587 64 40 for
1859 1601 81 40 yes.

332 1657 141 39 When
501 1657 189 53 wanting
722 1660 43 35 to
797 1659 155 36 attract
985 1654 213 41 attention
1225 1654 76 41 she
1323 1654 117 41 often
1464 1660 166 48 repeats
1653 1654 110 54 Aye
1784 1659 159 40 several

333 1728 136 40 times.
528 1724 81 42 No
634 1725 63 40 for
719 1725 215 54 negation,
952 1724 163 54 though
1138 1724 73 41 she
1227 1724 118 41 often
1363 1724 153 41 shakes
1538 1724 76 42 her
1636 1725 107 42 head
1766 1726 64 42 for
1851 1728 92 41 this.

332 1795 395 44 Tucka—tucka
748 1796 36 41 is
807 1796 76 41 her
905 1809 124 27 name
1052 1795 66 40 for
1138 1794 167 42 herself.
1365 1793 89 43 Pia
1485 1794 75 41 she
1591 1809 96 27 uses
1720 1796 122 42 when
1875 1797 70 41 she

334 1880 138 28 wants
524 1866 226 54 anything,
793 1866 84 41 and
919 1865 155 41 wishes
1117 1870 42 35 to
1202 1869 156 36 attract
1409 1865 72 40 the
1524 1865 160 41 nurse's
1725 1867 219 41 attention.

334 1937 159 42 Papia
518 1937 119 40 when
677 1937 76 41 she
779 1937 153 41 wishes
969 1940 43 36 to
1048 1949 52 41 go
1138 1941 43 35 to
1215 1935 71 41 the
1309 1934 253 41 bath-room.
1626 1933 322 44 M-m-m-mia

336 2010 123 40 when
499 2008 74 40 she
614 2021 135 27 wants
788 2007 107 41 food,
929 2020 45 27 or
1011 2010 137 37 wants
1185 2005 76 41 her
1297 2005 75 40 hat
1408 2008 42 38 to
1486 2018 52 41 go
1575 2011 84 35 out.
1722 2004 226 54 Puttyka

335 2079 37 42 is
395 2080 64 40 for
476 2092 132 41 pussy
632 2083 77 35 cat.
771 2075 182 42 Yahoo
975 2075 37 41 is
1033 2089 54 27 an
1110 2074 255 54 apparently
1389 2073 284 55 meaningless
1695 2076 253 46 expression,

338 2155 118 36 often
481 2147 168 42 uttered
672 2147 124 40 when
819 2146 75 41 she
916 2146 37 41 is
978 2159 180 41 pleased.
1222 2144 106 42 Ben
1352 2144 122 41 when
1496 2144 74 41 she
1592 2144 36 41 is
1652 2144 176 55 playing
1850 2152 98 33 with

340 2219 255 54 something,
617 2217 86 41 and
737 2217 36 41 is
800 2215 311 55 pleased—she
1134 2214 91 42 still
1247 2214 123 54 plays
1393 2214 104 40 with
1520 2214 119 42 dolls.
1703 2215 167 41 Cannot
1902 2215 48 41 be

339 2293 74 50 got
445 2293 44 36 to
522 2292 148 38 repeat
699 2287 72 41 the
794 2284 217 42 numerals
1034 2290 43 36 to
1100 2284 218 42 dictation.
1382 2283 254 43 Sometimes
1658 2284 116 55 sings
1796 2289 43 36 to
1862 2284 86 41 her-

340 2359 82 42 self
444 2364 96 49 part
562 2359 45 40 of
626 2371 23 27 a
672 2357 134 41 dance
829 2360 117 36 tune,
967 2355 74 41 the
1064 2368 123 28 notes
1209 2354 128 54 being
1357 2354 128 55 given
1508 2359 144 49 pretty
1674 2354 213 54 correctly.

401 2499 119 42 Case
557 2496 450 55 IX.—{Morningsidc
1042 2492 210 56 Asylum.)
1327 2494 285 41 Understands
1647 2493 144 55 Speech
1815 2493 140 55 fairly

341 2570 118 42 well;
512 2569 70 40 but
633 2568 48 40 in
731 2566 199 54 speaking
981 2564 107 49 lolls,
1139 2564 112 53 lisps,
1302 2564 88 40 and
1439 2563 328 42 stammers.—A
1816 2575 138 42 young

343 2653 181 36 woman,
555 2637 106 41 aged
696 2636 131 41 about
862 2638 191 50 twenty;
1102 2632 230 56 paralyzed
1366 2647 53 27 on
1457 2633 116 54 right
1608 2633 101 41 side.
1791 2632 163 42 Intelli-

343 2723 131 41 gence
511 2722 46 28 so
588 2707 109 56 good
728 2706 96 41 that
854 2705 45 40 in
932 2708 113 37 most
1075 2716 188 29 respects
1300 2702 74 42 she
1407 2702 184 42 behaves
1623 2703 87 41 like
1741 2716 25 28 a
1795 2716 158 41 grown-

342 2795 60 41 up
444 2793 166 42 person.
689 2775 171 56 Laughs
902 2774 176 54 readily,
1121 2773 77 40 but
1248 2772 161 41 seldom
1453 2786 45 26 or
1539 2787 128 27 never
1710 2773 114 40 cries.
1906 2772 49 40 In

344 2849 220 56 speaking,
596 2846 246 43 sometimes
876 2857 95 29 uses
1003 2843 33 43 T
1068 2843 65 41 for
1163 2841 56 51 K,
1241 2841 42 41 D
1315 2841 64 41 for
1413 2840 50 52 G-,
1485 2841 64 41 Th
1572 2842 64 40 for
1667 2841 28 42 S
1717 2855 47 27 or
1785 2841 69 51 Sh,
1876 2838 79 43 and

346 2923 39 40 D
420 2921 62 41 for
515 2920 31 41 Z
584 2932 46 28 or
662 2917 72 41 Zh.
818 2915 84 42 She
935 2918 225 38 stammers
1192 2925 102 28 over
1325 2911 72 42 the
1430 2911 253 55 explosives,
1716 2911 84 42 and
1837 2923 116 28 when
