2107 3450
742 220 294 36 GRADUATION
1070 227 167 34 THESIS.

1728 228 84 41 479

209 337 34 33 5.
272 334 47 36 In
346 334 217 48 examining
590 334 63 37 the
680 335 123 49 living
829 337 146 48 larynx,
998 352 53 25 we
1072 341 119 38 found
1210 344 82 37 that
1310 346 137 49 during
1465 349 64 36 the
1547 349 148 49 highest
1712 357 104 33 notes

160 391 41 36 of
224 390 63 37 the
306 391 104 37 voice
436 391 64 37 the
526 391 116 48 hyoid
670 392 97 37 bone
786 406 75 24 was
887 396 131 47 pulled
1041 400 169 47 strongly
1228 401 179 38 forwards
1425 404 50 48 by
1494 406 63 36 the
1575 409 242 48 genio-hyoid

160 449 170 45 muscles,
350 449 74 35 and
451 449 64 36 the
542 449 153 48 thyroid
722 451 176 48 cartilage
925 457 38 31 at
990 453 64 38 the
1080 468 100 24 same
1205 458 90 35 time
1314 472 75 23 was
1407 460 127 37 drawn
1554 466 172 45 upwards
1744 468 73 35 and

158 506 178 36 forwards
362 506 142 36 behind
530 507 33 36 it
588 507 52 48 by
658 507 65 37 the
748 508 250 50 thyro-hyoid
1017 513 171 38 muscles.
1241 516 82 36 The
1342 518 122 47 object
1481 520 40 35 of
1544 520 63 37 the
1626 522 192 50 following

159 564 233 47 experiment
418 565 31 34 is
475 569 38 31 to
540 566 181 35 ascertain
743 565 100 37 what
863 567 124 36 effects
1006 568 65 37 the
1090 571 159 36 traction
1269 573 40 35 of
1323 573 103 37 these
1444 577 170 47 muscles,
1634 581 183 36 exercised

158 621 41 35 in
230 621 76 36 this
336 622 195 45 direction,
550 621 81 37 will
661 622 97 37 have
788 636 104 35 upon
923 625 64 37 the
1009 627 115 37 voice.
1179 629 81 36 The
1289 630 136 48 larynx
1454 632 113 50 being
1597 647 89 25 once
1715 648 102 27 more

158 679 211 48 suspended
395 679 51 49 by
473 679 65 37 the
563 680 199 47 arytenoid
788 681 207 49 cartilages,
1020 696 39 24 as
1085 685 41 36 in
1153 686 53 36 all
1233 686 65 37 the
1320 689 250 47 experiments
1597 698 130 42 except
1752 694 65 37 the

158 736 79 36 last,
270 738 25 34 it
329 750 71 23 was
428 737 90 36 held
545 738 41 35 in
615 750 48 23 an
692 738 154 48 oblique
875 740 163 47 position
1069 742 93 36 with
1192 744 50 36 its
1271 746 168 47 superior
1474 749 161 48 opening
1665 749 153 49 looking

157 794 243 37 downwards.
453 797 49 42 A.
518 796 120 47 string
659 807 75 25 was
762 796 93 37 then
884 797 99 37 fixed
1012 802 38 33 to
1080 800 90 36 each
1199 801 79 37 side
1307 802 41 36 of
1372 803 64 37 the
1463 804 154 49 thyroid
1644 808 173 36 cartilage

157 852 117 36 about
291 853 64 36 the
374 853 143 36 middle
544 853 41 36 of
609 853 65 36 the
703 854 154 48 oblique
885 855 90 37 line.
1029 857 55 35 To
1113 857 76 36 this
1217 858 65 37 the
1306 860 157 47 weights
1482 874 95 24 were
1595 866 221 34 suspended,

158 909 65 36 the
242 910 190 48 obliquity
450 911 41 35 of
511 910 65 37 the
595 911 176 48 cartilage
798 912 114 48 being
931 913 92 36 such
1041 913 85 37 that
1143 915 65 36 the
1227 917 129 47 string,
1377 918 214 50 depending
1610 923 206 44 vertically,

158 967 144 36 crossed
331 969 48 35 its
408 969 170 47 superior
604 969 148 48 margin
781 970 144 36 several
951 970 96 37 lines
1066 973 183 46 posterior
1266 978 38 32 to
1323 974 63 36 the
1405 977 108 46 point
1531 977 39 36 of
1593 978 64 36 the
1670 991 148 35 pomum

157 1025 152 36 Adami.
363 1026 92 36 This
485 1027 18 35 I
534 1027 174 36 conceive
736 1031 38 32 to
803 1027 46 37 be
877 1027 65 37 the
970 1029 151 47 general
1149 1030 184 37 direction
1356 1032 40 36 of
1420 1033 64 36 the
1502 1035 190 36 muscular
1709 1036 109 37 fibres

159 1082 109 36 when
286 1083 91 48 they
395 1097 61 23 are
474 1084 89 37 thus
582 1085 171 47 strongly
772 1086 214 36 contracted
1003 1100 58 22 :—

248 1174 259 36 Fundamental
523 1179 83 31 note
623 1189 43 18 =
684 1178 47 43 D1

248 1221 20 34 A
285 1233 49 22 oz.
355 1223 113 33 raised
485 1223 99 44 pitch
602 1226 36 30 to
656 1223 43 44 Et
722 1222 72 35 flat.

248 1268 22 33 2
658 1269 44 44 Et

249 1317 19 30 3
299 1340 22 14 ,,
657 1314 42 44 Fx

248 1363 20 30 4
298 1385 22 14 j,
490 1384 25 16 ,)
657 1360 42 44 G,

248 1408 18 30 6
298 1431 22 14 ,,
491 1430 23 15 ,,
657 1404 43 45 G,
724 1415 115 33 sharp.

248 1452 17 36 7
298 1476 22 15 ,>
490 1475 22 16 j>
655 1449 47 45 Aj

1089 1182 19 31 8
1127 1191 48 22 oz.
1196 1181 114 33 raised
1325 1182 99 44 pitch
1442 1186 36 30 to
1498 1183 39 45 B,
1562 1184 71 34 flat.

1089 1227 19 31 9
1138 1251 25 15 >>
1494 1229 26 33 C

1067 1272 41 30 10
1139 1296 23 15 „
1495 1274 32 32 D

1067 1317 40 31 13
1135 1341 24 15 ,,
1328 1343 22 15 „
1492 1319 28 32 E
1538 1319 61 34 flat

1066 1362 41 32 19
1136 1386 24 16 „
1331 1388 22 15 „
1494 1363 28 33 F

1065 1407 43 30 24
1138 1431 22 15 „
1494 1409 29 32 G

1088 1455 18 29 2
1124 1451 49 34 lb.

1491 1454 30 32 G

159 1538 38 36 It
222 1542 101 32 must
349 1537 140 47 always
515 1537 47 36 be
587 1537 117 36 borne
729 1537 42 35 in
798 1537 107 36 mind
932 1537 84 36 that
1042 1538 40 35 in
1102 1537 75 37 this
1197 1539 236 47 experiment
1450 1539 64 37 the
1533 1542 194 46 arytenoid
1745 1543 74 36 and

158 1596 137 36 cricoid
313 1595 196 37 cartilages
527 1607 96 24 were
640 1594 102 37 fixed
759 1595 76 36 and
853 1595 241 47 immovable,
1110 1608 39 23 so
1164 1595 83 37 that
1261 1596 64 36 the
1343 1597 158 48 weights
1519 1599 186 36 exercised
1723 1600 98 37 their

157 1653 122 37 whole
307 1654 98 36 force
433 1654 41 35 in
501 1653 153 48 pulling
680 1653 162 36 forward
870 1653 66 36 the
966 1653 156 48 thyroid
1150 1653 186 49 cartilage,
1357 1654 165 37 whereas
1548 1656 40 35 in
1614 1655 64 37 the
1699 1656 122 50 living

156 1711 102 48 body
276 1711 64 37 the
367 1711 162 36 muscles
556 1711 95 36 raise
680 1710 64 37 the
772 1710 138 48 larynx
937 1723 44 24 en
1008 1723 123 24 masse.
1185 1711 77 36 But
1279 1711 157 37 making
1454 1712 72 36 due
1545 1713 201 37 allowance
1764 1715 56 36 for

156 1768 77 36 this
261 1769 210 36 difference,
490 1769 32 35 it
551 1768 80 37 will
660 1768 81 36 still
767 1768 46 36 be
840 1768 187 36 admitted
1044 1768 85 36 that
1146 1768 65 36 the
1229 1768 248 48 thyro-hyoid
1495 1771 160 36 muscles
1673 1771 40 36 in
1732 1772 87 37 thus

155 1828 126 47 acting
309 1839 104 24 upon
441 1827 65 36 the
533 1827 136 36 larynx
697 1830 104 32 must
828 1825 92 37 tend
947 1826 41 35 in
1007 1838 101 24 some
1127 1827 132 36 degree
1278 1831 37 31 to
1335 1831 165 43 separate
1518 1827 64 37 the
1600 1840 119 36 upper
1736 1834 84 43 part

156 1886 39 34 of
221 1885 64 37 the
314 1885 154 48 thyroid
496 1885 98 36 from
622 1885 65 36 the
718 1885 199 47 arytenoid
945 1884 205 49 cartilages,
1171 1884 89 36 thus
1290 1884 206 49 stretching
1523 1885 63 37 the
1604 1887 106 35 vocal
1727 1887 91 36 liga-

156 1947 135 32 ments,
310 1943 76 36 and
404 1943 274 48 consequently
695 1943 142 35 raising
852 1942 65 36 the
936 1942 104 48 pitch
1060 1943 40 35 of
1115 1942 65 36 the
1198 1954 114 24 voice.

204 2003 33 34 6.
267 2001 45 36 In
332 2013 75 36 any
425 2001 137 47 larynx
581 2001 182 48 prepared
790 2000 57 37 for
864 1999 249 38 vocalization
1131 1999 112 37 when
1262 2000 65 36 the
1344 2000 123 47 apices
1486 2000 40 36 of
1541 2000 63 36 the
1622 2003 196 35 arytenoid

155 2058 193 37 cartilages
371 2071 61 24 are
459 2059 140 48 simply
618 2058 150 49 pressed
793 2058 160 36 forward
971 2057 93 36 with
1083 2057 66 36 the
1166 2061 109 44 point
1294 2057 40 36 of
1349 2057 64 36 the
1432 2058 127 47 finger,
1579 2058 65 36 the
1663 2060 105 35 effect
1785 2061 32 35 is

153 2120 39 33 to
220 2118 94 36 raise
342 2117 66 36 the
429 2117 104 36 voice
561 2117 41 36 in
630 2129 22 24 a
679 2128 93 25 very
800 2115 237 37 remarkable
1064 2127 168 24 manner.
1287 2115 59 47 By
1374 2115 76 36 this
1479 2116 134 47 simple
1641 2128 127 24 means
1798 2117 17 35 I

157 2174 110 38 could
292 2175 217 49 frequently
526 2175 165 48 produce
717 2175 66 35 the
808 2180 89 31 note
924 2174 46 36 G,
991 2173 64 37 the
1080 2173 152 48 highest
1257 2173 42 36 in
1324 2173 72 36 last
1422 2173 100 36 table
1540 2187 9 30 ;
1575 2174 75 36 and
1675 2174 31 36 it
1730 2187 87 35 may

153 2232 47 37 be
227 2232 197 37 remarked
451 2232 84 36 that
562 2232 66 36 the
646 2232 107 36 vocal
772 2232 141 36 sounds
932 2231 89 36 thus
1040 2231 178 36 obtained
1236 2242 97 26 were
1356 2230 139 47 always
1513 2243 91 35 very
1621 2232 194 47 powerful,

152 2291 147 36 though
325 2291 40 36 of
395 2303 21 24 a
443 2290 206 37 somewhat
670 2290 237 48 panchinello
935 2289 199 36 character.
1188 2289 58 47 By
1257 2325 3 3 .
1272 2288 142 47 resting
1440 2288 157 48 weights
1623 2301 103 36 upon
1752 2289 64 36 the

151 2349 182 48 posterior
350 2349 144 36 surface
512 2348 41 37 of
567 2348 65 37 the
651 2348 206 47 cartilages,
879 2348 17 35 I
916 2346 210 37 attempted
1145 2351 37 32 to
1202 2346 169 37 estimate
1391 2345 64 37 the
1474 2351 156 31 amount
1654 2347 40 35 of
1718 2347 98 36 force

152 2407 173 47 required
343 2407 40 36 in
402 2406 76 37 this
497 2410 246 45 experiment,
762 2406 76 36 and
856 2405 121 36 found
995 2408 129 33 that—

312 2500 258 34 Fundamental
587 2503 83 31 note
688 2499 106 44 being
810 2499 41 44 C,

312 2548 15 30 1
348 2556 49 24 oz.
420 2546 112 34 raised
549 2545 101 46 pitch
666 2548 37 31 to
805 2544 48 45 T>1

1117 2500 20 30 4
1155 2508 46 22 oz.
1225 2496 114 34 raised
1356 2496 101 45 pitch
1474 2499 37 31 to
1529 2497 42 44 Et

1120 2544 18 32 8
1169 2569 23 11 ,,
1358 2568 22 12 ,,
1532 2541 41 39 F,

152 2633 122 38 There
306 2647 85 33 was,
422 2633 187 47 however,
635 2638 104 44 great
769 2631 188 49 difficulty
984 2629 246 38 experienced
1262 2629 42 37 in
1329 2628 184 49 applying
1530 2628 104 37 these
1661 2629 155 49 weights

152 2691 212 48 accurately
382 2705 9 32 ;
419 2692 76 36 and
521 2692 31 36 it
581 2704 73 24 was
681 2691 120 36 found
828 2693 95 43 that,
949 2689 53 48 by
1027 2688 178 49 properly
1236 2686 165 37 directed
1429 2698 169 36 pressure
1629 2686 92 36 with
1752 2687 63 36 the

154 2751 128 46 finger,
304 2762 103 23 more
436 2749 163 36 striking
627 2753 137 32 results
793 2747 112 37 could
932 2746 48 37 be
1008 2745 188 37 obtained,
1218 2757 94 24 even
1339 2744 111 35 when
1477 2743 113 36 much
1619 2743 71 36 less
1718 2744 97 37 force

153 2820 75 24 was
259 2807 209 48 employed.
523 2807 81 36 The
636 2806 197 38 cartilages
864 2818 48 23 on
947 2805 110 47 being
1082 2802 151 50 pressed
1259 2802 159 36 forward
1448 2813 95 24 were
1570 2800 177 37 observed
1778 2806 37 31 to

152 2871 120 31 rotate
298 2866 158 49 slightly
485 2866 163 36 inwards
674 2877 104 24 upon
805 2863 101 37 their
932 2861 271 38 articulations,
1231 2872 40 24 so
1297 2859 83 36 that
1411 2858 64 36 the
1501 2857 105 37 vocal
1631 2869 185 36 processes

153 2923 150 37 became
322 2936 102 24 more
450 2924 139 48 closely
613 2922 154 49 applied
794 2925 39 33 to
853 2920 89 37 each
963 2919 118 37 other,
1100 2918 129 37 Avhilst
1246 2922 39 31 at
1302 2916 64 36 the
1385 2928 98 24 same
1502 2915 91 35 time
1612 2914 89 48 they
1721 2927 94 24 were

151 2980 158 49 slightly
328 2981 196 36 depressed
545 2981 136 35 within
701 2979 65 36 the
785 2983 126 32 cavity
930 2977 40 36 of
985 2976 66 37 the
1068 2975 146 37 larynx.
1269 2973 81 36 The
1369 2972 104 36 vocal
1492 2971 106 36 cords
1614 2983 94 24 were
1726 2970 88 36 thus

151 3039 166 37 actually
337 3038 187 37 stretched
553 3040 96 34 from
677 3037 126 37 before
830 3034 219 38 backwards
1068 3045 38 26 as
1126 3031 87 38 well
1231 3043 39 24 as
1288 3041 293 38 approximated,
1599 3027 74 37 and
1692 3028 123 47 owing
