2107 3450
831 747 377 57 INDEX.

198 967 270 49 Abercromby,
487 968 82 36 287.

197 1024 368 50 Acousniatagnosia,
586 1027 81 36 375.

195 1084 384 45 Acousmatamnesia,
599 1086 80 35 375.

196 1141 275 37 Adhesiveness
490 1141 40 37 of
541 1142 133 36 words,
695 1145 81 33 260.

196 1199 288 49 Agglutinative
501 1199 214 49 languages,
738 1203 80 35 162.

193 1257 204 49 Agraphia,
424 1258 192 48 recurring
642 1258 129 36 letters
797 1258 51 46 in,
874 1261 72 34 266
965 1272 7 29 ;
998 1259 39 35 in
1066 1258 160 37 relation
1252 1263 39 33 to
1316 1260 176 48 auditory
1508 1261 162 48 aphasia,
1691 1266 69 34 290
1778 1278 8 30 ;
1812 1265 41 37 in

292 1320 123 32 motor
441 1316 164 48 aphasia,
632 1317 71 36 315
720 1330 9 30 ;
755 1317 42 35 in
824 1316 229 37 conduction
1079 1317 165 48 aphasia,
1264 1318 71 36 330
1352 1331 9 31 ;
1387 1318 41 36 in
1454 1319 123 36 visual
1602 1320 162 48 aphasia,
1783 1323 71 36 333

292 1374 75 36 and
385 1377 71 33 349
471 1387 8 30 ;
497 1374 41 35 in
555 1373 298 49 graphic-motor
870 1373 165 49 aphasia,
1056 1377 70 33 355
1140 1388 8 30 ;
1166 1375 151 48 general
1335 1388 192 24 summary
1540 1389 38 23 as
1597 1381 37 32 to
1653 1377 199 48 foregoing,

290 1433 71 35 363
379 1445 9 31 ;
411 1432 41 36 in
466 1431 161 37 relation
641 1436 37 32 to
693 1431 304 49 supra-pictorial
1011 1432 176 48 auditory
1200 1432 164 48 aphasia,
1381 1435 69 34 365
1469 1447 9 30 ;
1498 1434 41 36 in
1554 1440 299 31 supra-pictorial

287 1493 124 33 motor
428 1489 164 49 aphasia,
612 1493 71 33 365
702 1503 8 30 ;
736 1489 41 37 in
795 1489 214 37 functional
1027 1489 165 49 aphasia,
1216 1493 69 33 396
1304 1490 75 36 and
1397 1493 82 34 398.

192 1548 230 36 Alcibiades,
445 1551 79 33 136.

187 1605 147 38 Alexia,
353 1606 42 36 in
412 1605 161 37 relation
591 1609 38 33 to
647 1606 177 48 auditory
843 1605 165 49 aphasia,
1028 1608 71 34 286
1116 1619 9 31 ;
1151 1606 42 36 in
1212 1609 121 33 motor
1355 1605 162 49 aphasia,
1538 1609 70 35 319
1626 1620 9 31 ;
1661 1608 41 36 in
1728 1610 122 36 visual

287 1663 164 49 aphasia,
472 1667 71 33 333
569 1663 76 37 and
671 1666 71 34 349
759 1677 9 31 ;
795 1663 151 49 general
973 1675 193 25 summary
1184 1676 39 24 as
1249 1667 38 32 to
1314 1663 202 49 foregoing,
1535 1667 70 33 362
1624 1678 8 30 ;
1658 1666 40 35 in
1725 1678 125 25 supra-

285 1721 173 49 pictorial
475 1721 177 48 auditory
670 1721 165 49 aphasia,
855 1721 71 37 365
943 1735 9 31 ;
978 1721 43 37 in
1039 1721 212 36 functional
1269 1721 163 48 aphasia,
1452 1725 70 32 405
1542 1722 71 36 and
1634 1725 80 34 408.

192 1779 203 48 Alphabet,
414 1779 189 48 ordinary,
629 1780 41 36 15
688 1792 8 31 ;
722 1779 285 48 physiological,
1020 1779 240 47 frontispiece,
1280 1778 75 36 and
1371 1779 31 35 6.

191 1837 266 49 Alphabetical
475 1837 270 36 letter-sounds
764 1838 93 35 used
875 1838 42 35 in
935 1837 176 36 different
1129 1837 214 48 languages,
1366 1838 77 34 169.

190 1894 167 37 Alston's
374 1899 90 43 type
483 1895 57 36 for
557 1894 65 37 the
640 1894 121 46 blind,
784 1897 80 34 177.

190 1953 180 36 Amidon,
390 1955 71 34 284
479 1952 76 37 and
573 1954 82 35 287.

190 2010 181 46 Amimia,
395 2013 82 34 272.

186 2069 182 36 Amnesia
393 2068 174 37 verbalis,
594 2068 201 37 definition
821 2068 41 36 of
884 2068 65 36 the
976 2072 107 32 term,
1110 2068 70 36 267
1198 2082 9 30 ;
1234 2067 41 37 in
1301 2067 176 47 auditory
1502 2066 163 48 aphasia,
1684 2070 70 34 289
1771 2083 9 30 ;
1806 2070 41 36 in

283 2131 122 32 motor
418 2127 164 48 aphasia,
598 2130 71 33 312
689 2140 9 31 ;
721 2127 42 36 in
776 2125 306 50 supra-pictorial
1095 2126 177 47 auditory
1285 2124 164 49 aphasia,
1465 2127 70 34 365
1553 2137 9 31 ;
1585 2125 41 35 in
1640 2124 209 40 functional

288 2184 165 50 aphasia,
472 2187 83 35 378.

184 2243 173 49 Angular
374 2244 256 37 convolution,
650 2246 82 34 332.

185 2302 179 49 Aphasia,
391 2301 274 49 physiological
691 2301 157 49 preface,
876 2301 71 36 227
966 2314 8 30 ;
1008 2300 189 48 auditory,
1227 2301 71 34 283
1315 2312 8 30 ;
1357 2302 121 32 motor
1507 2298 215 48 (aphemia),
1750 2302 70 34 299
1837 2314 9 30 ;

284 2360 239 36 conduction,
545 2363 70 33 329
632 2373 8 31 ;
668 2359 134 36 visual,
823 2359 71 36 332
913 2372 8 30 ;
947 2357 153 49 graphic
1127 2361 132 32 motor,
1280 2358 71 34 354
1368 2369 8 31 ;
1408 2368 192 35 summary
1627 2368 38 23 as
1691 2360 38 32 to
1755 2356 92 37 fore-

285 2418 124 49 going,
434 2419 72 35 360
524 2431 8 30 ;
558 2416 292 50 infra-pictorial
875 2416 187 47 auditory,
1091 2418 92 42 364;
1211 2412 304 50 supra-pictorial
1540 2413 185 48 auditory,
1752 2416 70 35 365
1840 2428 8 30 ;

288 2474 304 50 supra-pictorial
606 2478 134 33 motor,
756 2477 70 34 365
845 2487 9 31 ;
880 2472 292 49 infra-pictorial
1189 2476 132 40 motor,
1339 2471 69 36 366
1426 2470 75 36 and
1516 2473 70 33 422
1604 2483 8 31 ;
1639 2471 212 36 compound

286 2534 185 36 varieties,
492 2536 71 34 369
584 2546 8 31 ;
619 2532 105 37 total,
744 2532 72 37 370
833 2545 9 31 ;
868 2531 156 37 method
1043 2530 40 37 of
1097 2529 243 47 case-taking,
1361 2529 71 36 370
1449 2542 8 30 ;
1485 2528 73 36 due
1576 2532 37 32 to
1632 2533 219 32 evanescent

287 2592 151 36 organic
456 2591 74 37 and
548 2595 39 32 to
606 2589 213 39 functional
837 2602 139 24 causes,
997 2590 80 36 377.

190 2649 201 49 Aphemia,
409 2662 50 24 see
478 2649 125 36 Motor
620 2648 180 49 Aphasia.

189 2708 190 48 Aphonia,
398 2706 214 49 hysterical,
632 2708 57 36 38.

189 2766 214 48 Apoplexy,
423 2776 39 25 as
480 2775 21 27 a
519 2777 109 24 cause
647 2764 39 36 of
701 2763 167 49 aphasia,
887 2766 89 34 282.

188 2824 138 48 Arago,
347 2827 56 32 25.

190 2880 173 37 Armand
383 2880 46 36 de
450 2879 152 48 Fleury,
621 2883 82 32 244.

188 2939 209 48 Armitage,
417 2938 41 36 T.
482 2938 56 35 R.,
558 2949 49 24 on
625 2936 175 37 teaching
819 2936 40 36 of
875 2936 64 36 the
956 2935 123 47 blind,
1101 2936 80 35 177.

186 2996 161 37 Arnold,
368 3009 49 23 on
436 2994 175 38 teaching
630 2994 39 36 of
684 2994 237 45 deaf-mutes,
942 2997 32 41 5,
1000 2997 78 33 143,
1098 2991 74 38 and
1194 2993 79 35 144.

188 3055 155 45 Arnott,
363 3053 102 46 Neil,
484 3056 33 41 3,
539 3056 33 42 4,
591 3055 59 41 21,
671 3055 57 43 28,
749 3054 58 43 30,
826 3051 76 37 and
921 3054 57 34 34.

188 3111 271 38 Articulation,
482 3111 36 36 in
538 3109 181 48 insanity,
740 3112 83 34 210.
