2107 3450
1779 242 81 44 291

804 253 228 34 AUDITORY
1067 254 203 34 APHASIA.

203 380 73 42 the
319 379 118 43 hotel
479 380 46 41 in
568 377 171 43 Dublin
784 376 142 43 where
972 376 54 42 he
1070 390 89 29 was
1202 376 150 57 living.
1419 377 54 41 In
1522 376 88 42 this
1654 389 108 37 case,
1795 376 66 41 Dr

202 451 195 43 Osborne
440 449 163 45 clearly
640 448 271 44 ascertained
955 451 98 39 that
1086 447 127 43 when
1257 447 75 43 the
1376 448 172 55 patient
1580 447 104 43 read
1717 447 144 51 aloud,

198 523 248 42 "although
499 521 54 43 he
596 520 232 56 employed
871 524 174 39 strange
1097 519 140 43 words
1287 519 165 43 having
1504 534 56 28 no
1614 519 245 43 connexion

200 608 219 28 whatever
442 593 108 43 with
574 593 75 42 the
672 597 95 38 text
790 592 147 43 before
959 591 106 52 him,
1089 591 55 44 he
1166 591 139 57 really
1327 591 270 43 understood
1625 591 74 43 the
1733 605 125 29 sense

199 666 44 42 of
266 666 118 42 what
405 666 55 42 he
479 679 86 29 was
583 664 263 57 purporting
868 669 45 38 to
935 663 140 44 read."
1127 664 149 43 When
1299 665 76 42 the
1392 678 207 29 sentence
1617 663 242 56 beginning

197 743 20 16 "
236 738 43 42 It
311 737 113 43 shall
458 738 52 42 be
531 737 46 43 in
614 737 73 43 the
718 751 147 42 power
897 736 47 44 of
972 737 76 43 the
1082 736 176 44 College
1291 740 45 40 to
1370 737 202 43 examine
1607 751 47 28 or
1697 740 79 39 not
1813 740 44 38 to

197 809 202 43 examine
421 823 86 28 any
531 808 225 43 licentiate
771 807 21 17 "
816 822 88 29 was
928 812 81 52 put
1032 808 147 43 before
1202 808 105 53 him,
1330 808 91 43 this
1443 809 37 42 is
1505 822 118 29 what
1646 807 55 44 he
1732 807 127 43 made

196 879 45 43 of
261 879 48 43 it,
331 879 48 43 in
400 879 183 43 reading
614 879 157 43 aloud:
816 883 21 18 "
853 880 73 42 An
948 880 76 43 the
1047 880 53 43 be
1125 880 118 42 what
1275 880 46 42 in
1355 880 74 42 the
1464 880 220 42 temothar
1707 878 44 43 of
1784 878 75 43 the

197 952 308 42 throthotodoo
530 959 42 35 to
603 952 251 56 majorum,"
878 966 80 30 etc.
1024 953 72 42 He
1129 953 231 42 recovered
1393 953 47 41 in
1474 966 152 29 course
1658 952 45 42 of
1735 952 121 42 time.

195 1024 91 43 The
319 1039 98 28 case
449 1025 38 42 is
519 1039 82 28 one
634 1024 45 43 of
709 1030 122 51 great
862 1025 195 43 interest,
1088 1025 81 42 but
1205 1025 38 42 it
1283 1025 38 42 is
1354 1024 191 43 difficult
1576 1030 44 37 to
1654 1024 53 43 be
1744 1037 113 37 sure,

196 1098 112 41 from
331 1097 74 43 the
426 1097 112 43 facts
562 1097 219 43 recorded,
805 1097 97 42 that
924 1097 75 43 the
1032 1097 181 56 aphasia
1247 1111 87 29 was
1368 1097 84 42 due
1485 1101 45 38 to
1563 1096 294 43 disablement

196 1170 46 42 of
282 1170 73 42 the
399 1174 148 38 centre
588 1169 51 43 A.
705 1170 203 42 Possibly
941 1170 37 42 it
1012 1184 100 41 may
1148 1170 111 42 have
1292 1170 112 42 been
1448 1169 84 43 due
1577 1174 43 37 to
1662 1169 113 42 fault
1814 1169 47 41 of

197 1242 266 43 conduction
486 1243 197 42 between
707 1242 42 42 A
771 1242 86 42 and
881 1242 48 43 B.

256 1313 45 42 It
334 1313 145 42 would
511 1313 53 42 be
602 1327 115 41 easy,
740 1313 112 42 from
891 1313 75 43 the
1000 1313 206 43 recorded
1242 1327 131 29 cases,
1398 1318 43 37 to
1484 1314 99 55 give
1617 1325 240 30 numerous

195 1385 224 43 examples
446 1385 46 43 of
521 1385 207 56 ordinary
750 1385 214 43 Amnesia
996 1385 202 43 Verbalis
1231 1385 88 43 and
1353 1386 279 42 Paraphasia.
1697 1386 92 42 But
1820 1385 38 42 it

194 1457 94 44 will
310 1459 149 42 suffice
482 1463 44 37 to
548 1458 100 56 give
671 1458 105 42 only
799 1473 24 26 a
845 1458 97 42 few,
965 1457 87 43 and
1075 1457 23 42 I
1121 1457 114 43 shall
1263 1462 72 51 try
1358 1462 45 37 to
1438 1457 136 43 select
1606 1471 120 28 cases
1760 1456 99 42 that

194 1530 92 42 will
309 1530 105 43 each
437 1530 120 42 show
580 1544 118 28 some
721 1529 240 56 particular
983 1530 179 42 feature.
1229 1530 22 41 I
1275 1529 115 42 shall
1414 1530 128 42 begin
1569 1529 108 42 with
1694 1543 25 27 a
1738 1528 119 43 well-

192 1603 163 42 known
379 1616 97 29 case
498 1602 45 42 of
566 1605 194 40 extreme
784 1602 281 56 Paraphasia,
1086 1601 208 44 recorded
1318 1602 58 56 by
1399 1602 255 43 Trousseau.

253 1707 120 43 Case
405 1707 104 43 VII.
546 1707 273 58 (Trousseau,
861 1708 110 44 Clin.
1009 1708 121 46 Heel.,
1162 1709 80 42 4th
1276 1708 82 43 ed.,
1393 1708 82 43 vol.
1509 1708 58 51 ii.,
1599 1722 40 42 p.
1675 1707 183 56 674).—

192 1782 21 19 "
228 1779 207 43 Madame
458 1780 61 52 B.,
542 1780 349 43 mother-in-law
914 1781 47 42 of
986 1795 25 28 a
1042 1781 229 43 respected
1303 1781 189 43 medical
1526 1795 118 28 man,
1668 1785 190 37 without

193 1866 100 29 ever
314 1852 164 56 having
501 1852 87 43 had
606 1867 86 41 any
712 1853 215 56 paralytic
947 1859 258 51 symptoms,
1224 1854 178 43 became
1421 1858 243 39 somewhat
1683 1853 172 56 rapidly

193 1923 75 43 the
282 1923 172 56 subject
472 1923 46 42 of
533 1937 106 43 very
654 1924 196 56 singular
868 1925 227 43 affections
1115 1926 44 42 of
1176 1925 295 57 intelligence.
1521 1926 42 42 A
1582 1926 151 42 visitor
1750 1925 108 43 calls

193 2009 118 42 upon
344 1995 102 54 her;
478 1996 77 43 she
578 1997 106 42 rises
708 2002 44 37 to
775 1998 170 42 receive
971 1997 94 43 him
1087 1998 111 43 with
1221 2013 57 28 an
1311 2000 64 42 air
1407 2000 47 42 of
1482 2000 255 56 politeness,
1768 1997 90 44 and

193 2068 204 55 pointing
419 2072 45 38 to
487 2082 56 28 an
566 2069 247 53 arm-chair,
836 2084 113 42 says,
972 2073 10 19 '
996 2070 94 56 Pig,
1112 2071 141 52 brute,
1276 2071 151 43 stupid
1460 2071 114 43 fool'
1607 2071 26 56 ('
1648 2072 209 42 Madame

191 2138 166 44 invites
389 2153 88 42 you
500 2143 44 38 to
570 2140 50 42 be
647 2141 173 52 seated,'
843 2155 100 29 says
977 2142 75 42 the
1085 2143 269 43 son-in-law,
1378 2143 97 43 who
1508 2144 240 43 interprets
1781 2143 75 42 the

194 2210 111 43 wish
337 2211 47 43 of
412 2211 76 43 the
510 2212 173 55 patient
706 2227 46 28 so
777 2213 224 57 strangely
1024 2215 266 56 expressed).
1356 2216 81 43 Let
1459 2231 51 28 us
1533 2220 103 39 note
1659 2220 99 38 that
1781 2215 76 43 the

193 2288 91 37 acts
318 2283 47 42 of
394 2283 88 43 this
515 2284 104 57 lady
652 2286 217 55 appeared
897 2286 231 44 otherwise
1161 2288 124 56 quite
1317 2288 204 53 sensible,
1543 2288 101 43 and,
1666 2302 121 29 what
1819 2287 38 43 is

192 2356 174 43 curious
399 2356 87 43 and
524 2362 79 38 not
640 2371 202 30 common
875 2373 160 43 among
1067 2359 214 57 aphasics,
1313 2361 78 43 she
1429 2361 76 43 did
1544 2366 78 38 not
1655 2375 119 29 seem
1811 2364 44 38 to

190 2429 52 43 be
275 2429 202 57 annoyed
499 2429 148 53 about,
669 2444 47 29 or
738 2435 44 39 to
805 2431 287 54 understand,
1115 2433 77 43 the
1215 2434 207 43 meaning
1452 2434 47 43 of
1529 2435 75 42 the
1638 2434 220 55 insulting-

191 2502 275 56 expressions
490 2502 76 44 she
589 2503 128 44 made
739 2518 78 30 use
840 2503 81 45 of."

253 2609 119 45 Cask
394 2611 132 44 VIII.
562 2612 86 57 (Dr
671 2613 124 52 Eoss,
821 2614 65 43 On
906 2615 216 56 Aphasia,
1139 2631 41 42 p.
1204 2616 86 57 30.)
1361 2618 85 43 The
1463 2632 87 30 case
1566 2619 130 43 shows
1712 2619 145 44 Para-

183 2683 163 55 phasia
377 2684 235 57 exhibiting
643 2686 119 56 itself
791 2686 53 44 in
875 2687 66 43 the
966 2687 126 57 form
1123 2689 51 56 of
1209 2704 28 28 a
1273 2689 245 59 Recurring
1565 2691 294 44 Utterance.—

192 2751 152 44 James
370 2752 97 53 Lee,
489 2759 67 39 set.
580 2753 68 47 57.
711 2755 118 44 First
852 2770 122 30 came
997 2757 140 44 under
1160 2758 67 43 Dr
1249 2758 149 45 Eoss's
1421 2761 280 43 observation
1723 2766 135 38 about

196 2823 125 43 1880.
386 2824 106 44 Five
516 2827 177 43 months
716 2829 268 55 previously,
1006 2829 88 43 had
1118 2830 88 43 had
1229 2845 25 28 a
1276 2832 50 42 fit
1349 2832 48 43 of
1422 2847 120 29 some
1565 2833 122 43 kind,
1710 2834 147 42 which

194 2894 76 43 did
293 2901 76 37 not
391 2897 190 56 produce
603 2900 228 55 paralysis,
853 2902 81 43 but
956 2902 84 44 left
1060 2902 94 44 him
1187 2904 162 44 unable
1383 2909 44 39 to
1461 2906 136 56 speak
1631 2906 226 56 correctly.

194 2967 140 43 There
362 2967 38 44 is
433 2983 56 29 no
522 2971 198 44 mention
753 2973 48 43 of
831 2974 346 45 word-deafness
1210 2975 166 58 having
1408 2984 46 36 at
1486 2991 88 43 any
1606 2978 109 43 time
1747 2978 112 43 been

197 3039 238 44 exhibited.
499 3042 181 45 Besides
702 3045 214 44 Amnesia
938 3047 45 42 of
1011 3061 141 29 nouns
1175 3048 87 43 and
1286 3049 280 57 Paraphasia,
1590 3050 74 43 the
1688 3054 174 52 patient

198 3113 233 56 presented
475 3127 25 28 a
543 3114 295 59 Paragraphia
870 3118 99 43 that
1000 3133 88 29 was
1128 3134 112 29 even
1282 3135 121 29 more
1435 3122 183 42 marked
1651 3122 109 42 than
1792 3121 71 42 his
