2107 3450
908 247 151 33 INDEX.

1718 258 81 38 •1ST

154 358 150 36 Brown,
325 357 48 37 H.
397 357 67 36 W.,
485 360 57 33 88.

153 415 157 36 Briicke,
325 418 59 33 34.

154 473 184 43 Brunton,
358 471 159 37 Lauder,
537 473 47 35 20
602 473 76 35 and
696 476 82 34 446.

153 529 324 37 Burn-Murdoch,
497 531 83 34 409.

152 588 156 44 Burton,
328 587 171 48 Captain,
524 587 77 36 157.

150 714 141 37 Cartaz,
311 717 46 32 45
375 713 75 37 and
469 714 58 36 47.

151 771 110 38 Cash,
281 771 46 36 20
345 770 75 37 and
441 773 82 34 446.

150 829 201 48 Catalepsy
368 828 74 37 and
462 832 153 44 ecstasy,
636 840 39 25 as
694 841 128 25 causes
840 829 41 37 of
895 830 166 48 aphasia,
1081 835 82 34 398.

149 887 213 38 Cerebritis,
381 898 39 24 as
439 899 21 23 a
483 898 109 24 cause
612 886 40 37 of
666 887 164 48 aphasia,
851 890 71 34 282
940 889 76 35 and
1035 891 82 35 379.

148 945 171 45 Charcot,
338 946 58 43 44,
415 947 59 43 45,
493 946 61 44 46,
571 946 59 45 47,
650 946 58 44 85,
729 947 83 43 208,
834 948 81 44 209,
937 947 82 45 237,
1040 949 81 43 274,
1138 950 81 44 296,
1235 951 83 45 350,
1334 952 81 44 357,
1432 954 81 44 396,
1529 955 80 44 399,
1626 957 82 43 404,
1723 957 81 42 405,

245 1005 81 33 418,
346 1002 76 36 and
440 1003 82 36 427.

151 1060 171 46 Chinese,
342 1060 184 49 language
545 1059 41 37 of
600 1059 75 38 the,
698 1063 70 34 160
785 1074 9 30 ;
822 1061 152 36 writing
993 1061 40 36 of
1048 1061 75 47 the,
1146 1066 78 33 172.

150 1117 154 46 Chorea,
324 1117 321 49 speech-troubles
663 1118 55 46 in,
737 1121 81 33 400.

151 1174 193 49 Chouppe,
365 1179 83 33 389.

150 1233 140 46 Cicero,
310 1235 56 36 76.

149 1290 144 49 Claras,
313 1292 59 36 A.,
392 1292 83 36 390.

150 1349 273 37 Classification
443 1350 40 36 of
497 1349 216 49 languages,
735 1350 81 37 161.

150 1407 193 45 Clouston,
369 1408 78 45 121,
470 1411 81 43 139,
573 1410 81 43 185,
677 1410 79 44 190,
777 1408 82 45 214,
880 1410 82 33 219,
981 1407 75 36 and
1074 1408 84 36 223.

150 1465 226 48 Cluttering,
398 1468 79 34 139.

150 1524 214 45 Cockburn,
384 1523 112 36 Lord,
514 1523 83 36 200.

150 1582 197 47 Concepts,
366 1582 83 36 279.

147 1639 231 36 Concussion
403 1639 76 36 and
497 1638 253 37 compression
769 1638 40 36 of
825 1638 63 36 the
906 1638 120 36 brain,
1046 1650 40 24 as
1105 1650 125 25 causes
1249 1639 40 36 of
1303 1639 163 48 aphasia,
1486 1643 80 33 382.

150 1697 238 36 Conduction
407 1697 164 48 aphasia,
591 1699 82 34 329.

148 1754 226 37 Congestion
393 1755 41 36 of
448 1755 64 36 the
531 1755 118 36 brain,
669 1767 39 24 as
726 1767 21 24 a
767 1766 108 25 cause
894 1754 40 36 of
949 1754 164 48 aphasia,
1134 1758 81 33 386.

149 1812 223 37 Congestive
390 1813 145 36 attacks
553 1812 41 37 of
607 1813 152 48 general
779 1812 194 49 paralysis,
993 1824 39 24 as
1050 1824 21 24 a
1091 1824 107 24 cause
1217 1811 40 37 of
1272 1811 164 50 aphasia,
1455 1814 71 34 396
1543 1813 74 35 and
1635 1815 81 34 456.

151 1870 245 37 Consonants,
416 1875 134 32 nature
569 1870 46 46 of,
636 1874 32 33 8.

150 1927 279 38 Conventional
447 1929 147 47 replies,
613 1929 41 36 in
673 1929 203 36 dementia,
896 1931 82 34 206.

150 1986 224 49 Coprolalia,
393 1990 59 43 56,
471 1990 83 44 208,
573 1990 84 33 403,
676 1987 75 36 and
770 1989 83 34 409.

151 2045 192 37 Crichton,
361 2048 71 33 405
451 2044 76 37 and
545 2047 81 34 408.

152 2103 185 48 Crowing,
356 2103 40 36 in
417 2102 182 37 children,
621 2105 56 34 99.

152 2161 152 49 Crying,
323 2161 41 36 in
383 2161 183 36 children,
587 2165 58 32 89.

151 2219 191 46 Czermak,
362 2222 59 43 35,
441 2222 83 42 461,
544 2222 83 34 467,
646 2219 75 36 and
740 2222 82 33 468.

152 2355 166 47 Darwin,
337 2357 60 44 88,
415 2358 59 44 90,
494 2358 59 42 91,
573 2358 58 42 92,
651 2358 60 44 93,
731 2358 58 42 94,
810 2357 58 43 95,
888 2356 59 43 96,
970 2356 79 39 103,
1073 2355 80 41 110,
1177 2355 78 43 165,
1278 2351 79 45 170,
1378 2352 81 44 205,
1478 2349 73 36 and
1569 2351 80 33 245.

152 2414 248 46 Deaf-mutes,
424 2418 148 44 gesture
600 2414 184 47 language
811 2412 48 36 of,
891 2413 62 34 141
977 2425 8 30 ;
1013 2422 199 25 education
1240 2409 47 42 of,
1318 2409 95 42 143;
1439 2405 291 50 speech-centres
1755 2405 53 47 in,

248 2472 82 37 281.

152 2529 252 48 Deformities,
423 2541 102 36 gross
544 2529 90 37 oral,
656 2531 80 35 136.

154 2588 231 47 Degerando,
408 2591 79 34 143.

151 2646 186 49 Dejerine,
357 2648 82 43 309,
459 2647 83 44 316,
564 2648 84 42 336,
669 2647 84 43 339,
772 2646 84 44 349,
874 2643 76 37 and
969 2644 81 36 357.

152 2703 208 46 Dementia,
381 2703 146 49 simple,
547 2703 134 48 speech
700 2703 52 35 in,
773 2705 72 33 213
864 2714 8 31 ;
899 2700 130 45 senile,
1049 2697 135 50 speech
1202 2697 54 46 in,
1276 2699 91 42 218;
1395 2694 40 37 of
1448 2693 150 49 general
1617 2704 191 36 paralysis,

249 2762 134 47 speech
401 2762 52 35 in,
473 2764 72 33 220
563 2774 8 31 ;
595 2761 114 36 reflex
727 2759 75 37 and
820 2758 206 38 automatic
1044 2756 115 37 forms
1178 2755 40 36 of
1232 2753 133 49 speech
1384 2753 51 45 in,
1454 2755 85 33 205.

154 2819 282 37 Demosthenes,
457 2821 57 35 27.

151 2878 211 48 Departure
380 2877 41 36 of
436 2877 121 36 words
576 2875 96 37 from
692 2875 100 37 their
810 2873 159 49 original
990 2872 207 46 meanings,
1217 2872 80 32 241.

153 2935 125 37 Depth
298 2936 40 36 of
354 2935 263 36 imprintation
639 2934 40 35 of
694 2931 363 50 speech-memories,
1077 2932 82 33 2(51.

152 2993 277 38 Development
447 2993 40 36 of
502 2991 146 50 speech,
668 2992 39 35 in
726 2990 65 37 the
810 2989 115 38 child,
946 2992 45 34 87
1014 3002 6 29 ;
1048 2986 39 38 in
1108 2986 62 36 the
1189 2984 142 36 human
1351 2994 91 32 race,
1464 2983 78 33 149.

152 3051 188 37 Diabetes,
359 3064 39 24 as
416 3064 22 24 a
457 3063 107 24 cause
583 3049 40 37 of
638 3061 164 36 aphasia,
824 3047 81 38 889.

153 3108 237 50 Diphtheria,
408 3121 40 24 as
467 3121 22 24 a
507 3119 108 25 cause
634 3107 40 36 of
689 3099 194 56 laryngeal
902 3098 193 55 paralysis,
1115 3102 41 32 51
1180 3097 75 37 and
1275 3093 81 40 431.
