1895 3217
1394 286 91 49 119

566 295 92 31 THE
682 293 360 34 SEMNOPITHECI.

119 424 88 45 and
230 438 26 30 a
278 421 217 47 reference
518 428 47 40 to
587 428 78 38 the
684 421 206 46 annexed
913 421 122 61 plate
1060 419 95 46 will
1178 419 98 47 best
1301 421 182 45 explain

117 506 75 37 the
208 497 151 47 varied
376 514 168 31 colours
559 498 50 46 of
623 499 77 44 the
718 497 86 46 fur.
874 499 44 44 It
941 498 37 45 is
1002 497 222 46 engraved
1246 496 112 46 from
1381 498 102 45 that

115 575 50 45 of
195 575 239 54 Audibert,
472 576 139 44 taken
655 575 111 44 from
813 590 27 29 a
876 574 223 45 specimen
1144 574 47 44 in
1236 575 79 44 the
1355 574 125 46 Paris

116 652 226 45 Museum.
423 652 68 45 Its
520 650 216 62 principal
771 666 349 30 characteristics
1155 666 73 29 are
1258 658 77 40 the
1356 658 125 54 great

114 727 296 61 proportional
432 728 156 46 length
612 727 50 47 of
687 736 78 37 the
794 743 142 45 upper
964 727 293 54 extremities,
1282 727 92 45 and
1401 727 80 45 the

115 806 186 44 absence
325 804 50 46 of
389 805 236 45 callosities
648 820 56 30 on
728 805 78 45 the
829 804 114 61 hips.

179 881 184 61 Having
388 882 259 45 mentioned
680 882 126 44 these
836 887 92 40 two
953 881 196 45 singular
1171 880 205 53 animals,
1411 897 69 30 we

114 958 115 45 shall
258 959 184 60 proceed
473 958 112 45 with
614 958 78 45 the
730 958 97 45 first
868 958 190 45 division
1090 956 50 46 of
1169 957 78 45 the
1284 957 192 46 Guenon

110 1050 152 45 group,
286 1035 79 45 the
390 1035 343 46 Semnopitheci.
803 1036 97 44 The
923 1041 117 39 most
1064 1034 189 61 striking
1275 1036 204 44 external

111 1111 246 45 characters
391 1127 74 30 are
497 1112 79 44 the
609 1111 182 45 flatness
822 1110 50 46 of
898 1112 78 44 the
1015 1110 122 54 face;
1177 1112 130 44 small
1341 1113 138 44 cheek

111 1203 192 45 pouches
321 1205 14 37 j
378 1189 78 45 the
483 1188 155 46 length
669 1187 50 47 of
739 1189 78 44 the
846 1190 134 59 body,
1012 1189 90 44 and
1132 1203 275 31 slenderness
1435 1188 44 46 of

112 1271 80 37 the
215 1263 305 55 extremities;
562 1272 79 38 the
664 1271 124 54 great
811 1265 155 44 length
990 1264 50 45 of
1063 1271 78 38 the
1164 1265 97 53 tail,
1286 1266 89 44 and
1400 1265 76 46 the

113 1340 117 45 little
253 1341 103 44 bare
388 1356 127 44 space
542 1356 119 29 upon
693 1341 77 44 the
803 1341 130 59 hips;
977 1341 134 45 while
1134 1347 78 39 the
1236 1348 171 54 system
1430 1341 51 45 of

112 1416 220 45 dentition
362 1432 198 45 presents
584 1432 26 29 a
633 1417 186 45 marked
849 1416 235 46 difference
1113 1416 111 46 from
1254 1424 79 38 the
1362 1425 109 38 next

111 1491 113 46 form
246 1492 209 46 included
476 1492 47 46 in
546 1499 78 39 the
656 1509 152 45 group.
886 1493 226 45 Annexed
1150 1493 37 45 is
1221 1509 27 29 a
1278 1509 118 30 view
1426 1493 50 47 of

111 1568 79 45 the
229 1568 220 46 dentition
488 1568 50 46 of
576 1569 48 45 S.
657 1585 206 39 maurus,
889 1568 113 46 from
1035 1571 203 45 Frederic
1263 1570 203 47 Cuvier's

99 2484 136 53 work,
261 2485 81 45 but
367 2487 145 45 which
536 2489 194 46 exhibits
753 2498 78 39 the
854 2494 156 46 canine
1034 2498 123 44 teeth
1182 2498 49 46 of
1246 2500 84 46 less
1365 2500 90 46 size

1193 1755 58 49 X

1239 2591 26 30 p
