1972 3202
412 246 60 40 80

635 254 92 31 THE
751 254 89 32 RED
863 254 59 33 OR
944 254 184 32 ASIATIC
1152 252 388 34 ORANG-OUTANG.

410 380 98 55 tailj
534 381 90 45 and
647 379 116 47 tried
786 387 45 40 to
856 380 215 46 envelope
1092 380 97 44 him
1212 378 47 46 in
1284 379 70 45 his
1378 379 215 46 covering.
1675 380 97 45 The

409 473 199 46 monkey
632 458 178 45 seemed
832 464 46 38 to
903 457 159 45 dislike
1085 462 79 39 the
1187 455 313 55 confinement,
1526 456 90 45 and
1637 457 135 45 broke

410 533 113 47 from
540 535 112 52 him,
669 536 83 44 but
775 533 131 45 again
924 533 208 44 renewed
1146 531 58 46 its
1218 534 215 58 gambols,
1450 533 88 44 and
1556 539 216 55 although

408 610 257 62 frequently
689 611 179 60 caught,
894 610 172 44 always
1091 609 198 45 escaped.
1359 610 97 44 The
1486 609 284 55 intercourse,

408 688 222 53 however,
667 688 77 44 did
774 694 79 38 not
885 702 118 29 seem
1035 692 46 39 to
1109 687 54 44 be
1194 692 103 38 that
1328 685 50 46 of
1400 686 169 59 equals,
1601 685 65 46 for
1694 687 79 44 the

409 771 329 55 orang-outang
770 779 137 30 never
940 763 330 45 condescended
1299 769 47 39 to
1387 778 127 45 romp
1549 763 112 44 with
1694 763 79 45 the

408 856 200 46 monkey
631 856 48 30 as
701 841 57 44 he
783 841 77 44 did
883 840 114 44 with
1014 840 78 44 the
1110 841 112 44 boys
1240 838 51 47 of
1304 845 79 39 the
1402 839 113 45 ship.
1583 839 95 45 Yet
1696 840 78 45 the

406 918 223 44 monkeys
664 917 92 45 had
787 916 232 61 evidently
1059 931 28 29 a
1120 922 125 55 great
1280 915 288 62 predilection
1604 915 65 47 for
1704 917 70 45 his

408 1008 253 45 company;
693 992 65 45 for
788 993 240 44 whenever
1056 993 113 60 they
1199 993 135 44 broke
1364 992 132 52 loose,
1529 999 113 54 they
1669 994 106 45 took

407 1069 119 45 their
553 1084 105 46 way
693 1075 46 39 to
772 1069 70 44 his
875 1068 330 61 resting-place,
1242 1069 90 44 and
1365 1084 117 29 were
1516 1067 120 47 often
1671 1085 103 30 seen

407 1146 181 61 lurking
627 1151 135 39 about
802 1145 52 53 it,
896 1160 47 30 or
981 1160 203 46 creeping
1218 1144 325 62 clandestinely
1578 1147 196 45 towards

407 1222 110 45 him.
589 1223 144 45 There
761 1222 221 61 appeared
1005 1228 46 39 to
1075 1223 55 44 be
1152 1237 58 30 no
1234 1221 234 62 gradation
1492 1221 48 45 in
1562 1222 118 45 their
1703 1223 72 45 in-

407 1306 172 54 timacy
595 1315 13 38 ;
635 1315 48 30 as
706 1306 113 54 they
842 1299 222 63 appeared
1086 1315 48 29 as
1159 1299 275 61 confidently
1449 1298 195 46 familiar
1661 1307 114 38 with

408 1376 97 45 him
539 1391 134 30 when
711 1375 98 46 first
848 1376 213 45 observed
1105 1391 48 30 as
1198 1382 48 39 at
1293 1382 80 39 the
1418 1377 114 44 close
1570 1375 51 46 of
1657 1377 119 45 their

409 1459 336 39 acquaintance.

541 1531 93 44 But
675 1530 217 45 although
930 1546 45 29 so
1011 1536 150 55 gentle
1201 1546 135 29 when
1370 1537 79 38 not
1484 1530 292 62 exceedingly

409 1605 218 55 iiTitated,
651 1613 79 39 the
755 1622 329 46 orang-outang
1106 1608 130 44 could
1259 1609 54 43 be
1337 1607 176 45 excited
1537 1614 46 39 to
1607 1608 169 45 violent

409 1699 117 46 rage,
536 1684 149 44 which
699 1685 56 43 he
768 1685 237 44 expressed
1022 1686 62 59 by
1093 1684 191 61 opening
1299 1685 71 44 his
1388 1691 175 45 mouth,
1574 1685 202 60 showing

409 1761 70 45 his
494 1767 140 47 teeth,
653 1761 167 61 seizing
844 1761 89 45 and
956 1761 144 61 biting
1122 1768 127 38 those
1273 1762 101 45 who
1399 1777 116 29 were
1539 1777 108 29 near
1663 1762 111 45 him.

410 1837 281 54 Sometimes,
716 1837 176 54 indeed,
916 1838 58 44 he
998 1838 178 44 seemed
1198 1844 46 39 to
1267 1839 55 44 be
1352 1853 162 30 almost
1545 1838 155 45 driven
1728 1845 46 39 to

411 1915 310 60 desperation;
747 1915 91 44 and
860 1930 56 29 on
939 1920 92 40 two
1055 1930 47 29 or
1124 1921 126 39 three
1274 1930 219 30 occasions
1512 1922 264 39 committed

410 2006 58 29 an
501 1998 72 38 act
597 1991 164 54 which,
791 1991 48 45 in
874 2007 27 29 a
933 1991 192 45 rational
1157 1993 146 60 being,
1340 1992 152 45 would
1524 1991 117 46 have
1663 1994 113 43 been

410 2068 142 44 called
584 2074 78 38 the
697 2068 286 61 threatening
1005 2067 51 46 of
1081 2068 181 45 suicide.
1337 2067 49 47 If
1411 2069 261 60 repeatedly
1706 2085 70 29 re-

409 2141 130 47 fused
574 2159 58 29 an
672 2159 162 30 orange
861 2144 134 45 when
1033 2145 57 44 he
1124 2146 253 44 attempted
1414 2152 47 38 to
1495 2147 107 43 take
1636 2146 50 52 it,
1720 2146 56 44 he

411 2219 151 45 would
585 2220 148 44 shriek
757 2220 219 60 violently
1000 2221 91 44 and
1119 2221 144 60 swing
1292 2220 220 61 furiously
1535 2222 137 44 about
1696 2222 79 44 the

410 2311 155 45 ropes;
606 2302 111 38 then
755 2311 153 29 return
945 2296 91 45 and
1071 2297 254 45 endeavour
1361 2302 47 40 to
1448 2297 153 45 obtain
1635 2297 66 54 it;
1743 2297 42 46 if

415 2387 130 29 again
580 2370 190 55 refused,
794 2372 58 45 he
888 2372 150 45 would
1076 2372 81 45 roll
1198 2371 65 46 for
1298 2387 121 31 some
1452 2372 111 47 time
1586 2374 91 46 like
1717 2390 58 30 an

413 2462 143 47 angry
580 2448 120 45 child
722 2463 121 46 upon
865 2449 78 45 the
967 2448 125 55 deck,
1117 2447 200 63 uttering
1338 2455 79 40 the
1439 2456 119 40 most
1580 2450 197 63 piercing
