1933 3302
169 134 51 39 98
299 136 265 37 liüspitalbrand
580 138 33 28 in
629 136 32 31 d.
674 137 244 41 Privatpraxis.
942 138 123 43 Ektog.
1078 141 182 32 Verhalten
1275 143 32 31 d.
1321 144 398 36 Hospitalbrandcontag.

168 243 310 51 Hospitalbrand
507 243 225 48 herrschte,
765 246 78 38 und
875 259 39 25 es
944 247 53 37 ist
1026 247 160 39 deshalb
1219 249 84 38 eine
1332 250 326 52 Verschleppung
1687 268 75 26 von

169 297 401 39 Krankheitskeimen
613 312 67 24 aus
719 299 213 39 denselben
972 301 108 37 nicht
1118 303 332 49 ausgeschlossen.
1511 304 151 42 Gerade
1701 309 62 38 die

167 365 188 25 neuesten
385 351 278 50 Forschungen
694 352 127 38 haben
852 368 71 23 uns
954 355 168 47 gezeigt,
1155 356 86 38 dass
1271 358 60 36 die
1359 358 126 50 Wege
1517 359 66 37 der
1609 360 152 39 Ueber-

166 408 175 46 tragung
361 405 91 38 sehr
468 406 218 50 complicirt
702 407 85 37 sind
805 408 76 36 und
899 408 81 37 sich
999 408 191 51 jeglicher
1203 409 325 52 Nachforschung
1549 414 211 39 entziehen.

298 459 54 38 Es
386 459 131 51 liegen
548 460 94 38 aber
680 460 132 38 ferner
847 461 100 37 auch
976 461 331 53 Beobachtungen
1338 479 74 24 von
1448 478 98 36 ganz
1576 467 186 39 isolirtera

169 513 269 38 Vorkommen
471 514 68 37 der
569 514 234 46 Krankheit,
835 528 30 24 z.
897 514 45 38 B.
975 516 69 37 auf
1071 516 85 38 dem
1187 517 145 39 Lande,
1364 532 81 24 vor.
1505 518 120 39 Groh
1656 520 108 39 hatte

167 567 233 38 wiederholt
440 567 277 51 Gelegenheit,
757 581 100 37 ganz
896 570 320 48 ausgezeichnete
1253 571 165 39 Formen
1458 586 72 24 von
1562 573 199 38 Hospital-

166 621 126 38 brand
322 622 72 37 auf
425 623 88 37 dem
550 622 154 37 flachen
734 621 134 39 Lande
898 623 40 37 in
967 623 176 39 Böhmen
1179 639 45 24 zu
1262 626 262 46 beobachten,
1563 627 127 38 indem
1722 642 41 23 er

167 676 134 37 seinen
331 675 124 39 Vater
486 676 61 38 bei
578 675 220 51 Ausübung
828 677 127 37 seiner
985 677 137 38 Praxis
1150 679 39 37 in
1220 679 59 37 die
1309 680 151 38 Hütten
1490 681 67 37 der
1587 681 174 38 kranken

166 729 151 39 Armen
346 730 226 51 begleitete.
623 729 98 38 Bald
753 744 129 24 waren
914 744 39 24 es
983 731 341 51 Fussgeschwüre,
1356 734 87 38 bald
1465 735 297 38 unbedeutende

165 783 314 52 Verletzungen,
520 798 47 24 zu
598 784 126 38 denen
755 784 61 38 die
846 785 224 38 Krankheit
1098 788 95 46 trat;
1234 787 140 38 einmal
1416 789 59 37 ein
1506 788 147 38 Ekzem
1697 789 65 38 des

169 837 301 52 Ohrläppchens
512 839 63 37 bei
617 838 125 38 einem
779 837 211 49 Mädchen,
1031 840 137 37 dessen
1198 839 155 52 Wange
1394 843 76 36 und
1504 841 258 39 Ohrmuschel

167 893 122 38 durch
328 894 72 37 den
431 893 133 37 Brand
596 897 167 33 zerstört
791 893 172 38 wurden.
1023 893 74 38 Die
1136 893 282 52 Beobachtung
1458 909 73 24 von
1570 896 192 38 Becker

166 947 133 38 liefert
320 948 61 37 ein
398 946 174 39 Beispiel
593 947 105 37 eines
722 947 100 37 1881
846 947 39 37 in
906 946 269 39 Frankenthal
1195 962 99 36 ganz
1316 949 124 37 isolirt
1460 949 37 37 in
1519 950 67 36 der
1608 949 152 38 Privat-

165 1015 133 36 praxis
330 1004 275 35 auftretenden
636 1000 440 51 Hospitalbrandfalles,
1118 1002 141 38 ebenso
1290 1003 60 37 die
1380 1002 279 51 Beobachtung
1690 1017 73 24 von

165 1056 183 38 Barker
380 1056 104 37 1884
514 1055 39 38 in
583 1055 218 38 Edinburg.
860 1055 54 38 Es
943 1056 51 37 ist
1030 1056 379 38 bemerkenswerth,
1449 1057 85 37 dass
1571 1057 191 37 nunmehr

167 1111 68 37 der
265 1109 377 39 Hospitalbrand
673 1109 43 37 in
748 1110 78 37 der
847 1109 325 51 Privatpraxis
1203 1113 172 35 auftritt!

298 1164 83 38 Das
411 1164 212 38 Auftreten
665 1164 68 37 der
762 1163 225 38 Krankheit
1022 1164 249 38 vorwiegend
1311 1178 46 24 zu
1392 1164 270 38 Kriegszeiten
1699 1178 61 24 er-

165 1218 109 39 klärt
303 1218 82 39 sich
414 1218 101 38 nach
552 1219 88 37 dem
669 1217 295 51 Mitgetheilten
993 1219 38 36 in
1063 1218 234 38 einfachster
1327 1218 146 38 Weise.
1530 1218 154 38 Einmal
1713 1219 49 36 ist

167 1287 42 24 es
239 1272 404 39 selbstverständlich,
683 1273 88 37 dass
810 1273 60 37 die
902 1271 180 39 Chancen
1119 1273 63 37 für
1220 1273 67 37 das
1316 1272 146 38 Haften
1493 1286 74 24 von
1597 1272 164 37 Keimen

166 1328 109 38 einer
317 1326 562 39 Wundinfectionskrankheit
919 1327 153 37 steigen
1113 1340 156 24 müssen
1313 1327 52 36 im
1406 1326 244 37 Verhältniss
1695 1326 67 37 der

164 1382 146 38 Menge
360 1383 68 37 der
469 1381 197 38 Wunden.
726 1380 274 39 Andererseits
1044 1381 50 37 ist
1137 1381 66 37 das
1247 1380 404 38 Zusammenströmen
1695 1380 68 37 der

166 1437 191 38 Kranken
388 1450 69 24 aus
487 1436 305 38 verschiedenen
826 1434 136 47 Orten,
993 1435 195 38 Ländern,
1219 1434 229 38 Erdtheilen
1478 1434 39 37 in
1547 1434 59 37 die
1637 1433 123 38 Laza-

165 1491 112 38 rethe
309 1491 68 38 das
409 1491 177 37 denkbar
615 1491 109 37 beste
755 1489 141 38 Mittel,
942 1489 98 38 auch
1070 1491 191 36 seltenere
1292 1488 368 38 Krankheitskeime
1690 1487 74 38 wie

167 1547 61 37 die
261 1546 68 38 des
359 1545 355 38 Hospitalbrandes
744 1558 47 24 zu
822 1544 269 38 concentriren
1120 1544 78 36 und
1229 1556 102 24 zwar
1360 1556 47 24 an
1440 1541 139 46 Orten,
1619 1555 57 24 wo
1707 1554 55 25 sie

162 1601 43 38 in
234 1599 187 40 Wunden
449 1599 137 39 haften
613 1599 169 38 können.

299 1655 135 39 Ueber
475 1655 68 37 das
583 1657 194 35 ektogene
813 1652 217 38 Verhalten
1069 1653 66 37 des
1170 1649 593 50 Hospitalbrand-Contagiums

166 1709 82 38 will
276 1709 63 39 ich
371 1709 127 51 einige
529 1707 334 39 Beobachtungen
894 1707 68 37 der
993 1709 147 35 älteren
1171 1705 214 38 Chirurgen
1416 1705 95 37 kurz
1543 1703 217 38 erwähnen.

166 1764 142 38 Pelle
321 1766 84 36 tan
445 1763 67 38 sah
553 1764 73 37 den
656 1761 306 39 Hospitalbrand
1002 1760 120 38 durch
1153 1760 71 37 den
1257 1758 206 39 Gebrauch
1493 1771 74 24 von
1598 1757 166 49 Charpie

168 1818 218 39 entstehen,
418 1817 148 38 welche
596 1817 53 38 im
670 1816 120 39 Hotel
811 1815 101 38 Dieu
942 1828 179 25 mehrere
1141 1814 119 38 Jahre
1290 1814 37 36 in
1361 1826 124 25 einem
1506 1812 149 37 Kasten
1675 1810 87 38 auf-

165 1873 182 39 bewahrt
385 1886 180 37 gewesen
606 1885 92 24 war.
757 1870 279 50 Brugmans
1076 1868 163 38 erzählt,
1285 1868 85 37 dass
1408 1880 87 24 man
1538 1866 101 38 1799
1679 1865 85 37 eine

166 1928 147 51 Menge
345 1926 168 40 Charpie
543 1927 39 37 in
614 1924 243 39 Frankreich
888 1923 217 39 angekauft
1132 1922 100 38 habe
1264 1935 86 24 zum
1376 1920 204 39 Gebrauch
1610 1919 39 37 in
1677 1918 86 38 hol-

166 1982 230 39 ländischen
442 1980 266 51 Hospitälern.
777 1971 205 46 Ueberall,
1033 1991 59 24 wo
1132 1976 167 38 dieselbe
1341 1976 233 50 angewandt
1618 1985 144 32 wurde,

168 2037 183 38 entstand
391 2035 174 51 heftiger
594 2033 321 40 Hospitalbrand.
974 2032 72 38 Bei
1085 2032 67 37 der
1182 2029 304 40 Untersuchung
1525 2027 125 38 stellte
1682 2025 82 38 sich

166 2092 156 38 heraus,
356 2091 88 38 dass
474 2104 88 23 man
595 2103 48 24 an
675 2090 85 36 dem
786 2087 108 38 Orte,
926 2100 74 24 von
1032 2087 87 36 dem
1149 2085 60 37 die
1231 2083 164 50 Charpie
1424 2083 174 49 bezogen
1618 2093 145 31 wurde,

166 2148 243 50 gebrauchte
441 2144 166 39 Charpie
643 2143 133 37 wusch
812 2142 78 37 und
926 2140 169 38 bleichte
1126 2139 78 37 und
1235 2138 54 38 sie
1325 2138 100 37 dann
1456 2136 56 38 als
1546 2148 98 25 neue
1674 2147 90 24 ver-

165 2201 152 38 kaufte.
377 2199 137 39 Durch
552 2197 202 39 Waschen
794 2196 78 37 und
907 2194 187 38 Bleichen
1135 2206 132 25 wurde
1309 2191 80 38 also
1430 2191 67 37 das
1534 2188 230 51 Contagiura

165 2255 111 38 nicht
313 2256 179 37 zerstört.
550 2253 195 38 Hennen
775 2250 172 38 schreibt
977 2250 67 36 das
1078 2248 151 38 heftige
1261 2246 207 38 Auftreten
1498 2257 73 24 von
1604 2242 162 49 Typhus

165 2311 81 37 und
265 2309 308 39 Hospitalbrand
594 2307 53 37 im
669 2304 194 40 Lazareth
884 2317 75 25 von
979 2303 138 38 Bilbao
1149 2302 124 38 einem
1304 2313 160 37 grossen
1485 2295 279 40 Moderhaufen

165 2378 129 25 neben
323 2363 223 39 demselben
578 2376 58 23 zu,
669 2361 137 38 dessen
835 2372 159 24 unterer
1016 2356 113 39 Theil
1159 2369 75 25 von
1264 2355 72 37 den
1357 2353 177 50 blutigen
1554 2351 210 49 Bandagen

164 2419 102 39 nach
288 2419 68 38 der
377 2417 183 39 Schlaclit
580 2429 74 25 von
678 2414 192 39 Talavera
893 2413 102 37 1809
1017 2411 174 51 gebildet
1220 2409 143 44 wurde,
1393 2419 145 26 welche
1568 2404 199 38 incrustirt

165 2487 132 25 waren
335 2475 73 36 mit
445 2471 206 38 derselben
687 2469 75 38 Art
799 2481 74 25 von
910 2467 101 38 Pilz,
1053 2466 67 37 der
1159 2463 98 39 nach
1299 2463 86 37 dem
1426 2459 158 39 Bericht
1624 2460 143 35 älterer

165 2527 285 40 französischer
472 2525 219 39 Chirurgen
713 2524 60 37 die
789 2520 324 40 Verbandstücke
1133 2519 54 37 im
1207 2517 118 39 Hotel
1344 2516 99 38 Dieu
1467 2528 45 23 zu
1533 2511 232 39 überziehen

166 2583 159 51 pflegte.
365 2581 112 39 Nach
498 2579 252 39 Entfernung
772 2577 124 37 dieses
917 2573 303 40 Moderhaufens
1251 2584 146 25 erlebte
1418 2568 189 38 Hennen
1640 2578 127 25 weder

168 2637 164 51 Typhus
362 2635 101 39 noch
482 2631 320 42 Hospitalbrand,
832 2630 193 38 trotzdem
1055 2641 41 25 er
1125 2628 39 36 in
1195 2624 221 40 demselben
1436 2620 202 51 Hospitale
1668 2618 98 38 nach

167 2693 68 37 der
257 2690 184 40 Schlacht
461 2703 76 25 von
556 2687 172 50 Bajadoz
751 2684 139 50 (1812)
913 2684 104 37 2500
1037 2680 262 40 Verwundete
1325 2691 45 24 zu
1399 2675 216 39 behandehi
1646 2674 119 37 hatte.

165 2746 211 39 Heiberg
397 2743 154 39 machte
574 2743 60 37 die
648 2739 240 50 Erfahrung,
911 2739 87 37 dass
1019 2750 111 24 wenn
1153 2734 80 38 sich
1255 2733 59 37 die
1328 2730 221 39 Krankheit
1567 2727 199 51 irgendwo

166 2800 254 49 monatelang
439 2796 237 50 hartnäckig
696 2794 109 38 hielt,
837 2793 68 37 der
925 2790 193 40 Umsta,nd
1146 2789 118 38 daran
1285 2785 134 39 schuld
1441 2797 90 32 war,
1564 2783 85 37 dass
1677 2792 87 25 man

168 2856 61 37 die
269 2854 168 39 Sachen,
475 2851 147 39 welche
660 2851 72 36 mit
771 2848 85 37 dem
887 2843 305 42 Hospitalbrand
1230 2842 38 36 in
1298 2839 258 47 Verbindung
1592 2846 173 33 standen,

167 2909 109 38 nicht
304 2907 214 50 frühzeitig
556 2917 133 40 genug
727 2902 77 39 und
842 2901 107 37 nicht
983 2902 71 35 mit
1083 2908 252 40 genügender
1365 2892 165 50 Strenge
1561 2889 204 38 entfernte.

299 2962 83 39 Aus
413 2962 129 38 diesen
564 2955 317 52 'Mittheilungen
911 2957 96 48 geht
1035 2948 333 43 möglicherweise
1397 2947 160 43 hervor,
1589 2943 86 37 dass
1706 2942 60 36 die
