2107 3450
706 275 149 30 motor
891 274 193 31 aphasia
1118 264 256 56 (apiikmia).
1784 262 85 46 307

211 400 205 54 patients,
452 395 166 42 though
651 395 74 42 the
758 394 262 56 production
1059 395 45 41 of
1141 394 158 55 speech
1338 394 38 42 is
1408 393 160 43 almost
1601 398 267 51 completely

209 465 285 46 annihilated,
531 466 58 43 its
627 466 222 43 reception
888 466 87 42 and
1007 465 339 57 interpretation
1381 479 71 29 are
1485 464 131 51 little,
1648 465 35 42 if
1717 469 45 38 at
1794 465 75 56 all,

211 538 235 43 interfered
469 542 117 38 with.

268 611 44 42 It
335 610 143 43 would
504 611 52 42 be
589 609 286 57 exceedingly
897 610 267 43 interesting
1196 610 37 42 if
1253 624 64 28 we
1340 609 130 43 could
1503 609 112 43 have
1637 609 148 43 before
1818 623 53 29 us

207 697 23 29 a
253 683 132 42 series
409 683 44 41 of
475 696 119 29 cases
618 682 198 56 showing
840 682 74 43 the
947 682 148 43 effects
1120 683 47 42 of
1197 697 105 28 very
1325 682 174 43 limited
1526 681 164 44 lesions
1713 680 45 43 in
1794 681 76 43 the

205 756 174 42 various
402 760 120 50 parts
540 754 47 43 of
606 752 175 45 Broca's
799 759 523 48 convolution,—lesions
1347 753 205 44 situated,
1571 754 67 41 for
1655 753 214 52 example,

207 831 44 37 at
286 827 74 42 the
393 831 212 51 positions
639 826 223 43 indicated
894 827 59 56 by
976 842 39 36 a,
1039 827 33 51 b,
1094 842 32 27 c,
1156 826 87 43 and
1276 826 40 52 cl,
1339 827 46 41 in
1414 826 90 57 Fig.
1531 826 35 43 6.
1631 825 104 53 But,
1756 825 114 42 from

206 912 119 29 cases
358 898 220 43 recorded,
613 899 35 41 it
680 898 38 43 is
756 904 78 37 not
866 905 75 50 yet
973 899 193 56 possible
1209 905 45 37 to
1287 899 129 56 bring
1459 898 200 43 together
1692 898 107 42 such
1847 912 24 28 a

205 970 143 43 series.
413 970 120 44 Here
554 985 73 29 are
650 985 24 29 a
696 971 84 43 few
813 973 45 41 of
880 971 76 43 the
980 972 96 42 best
1098 986 119 29 cases
1250 972 45 42 of
1318 971 90 42 this
1432 970 108 43 kind
1565 975 99 38 that
1686 969 113 44 have
1823 983 47 29 as

205 1047 76 51 yet
303 1042 109 44 been
436 1043 247 56 published.

267 1187 121 44 Case
426 1188 87 45 III.
560 1188 294 56 (Eosenstein,
887 1188 197 43 Berliner
1116 1187 124 43 Klin.
1287 1187 342 56 Wochenschrift,
1665 1187 129 51 1868,
1828 1201 40 41 p.

208 1258 116 56 182).
391 1260 149 42 Lesion
570 1260 52 42 in
654 1261 66 41 the
756 1261 140 41 Third
929 1261 181 41 Frontal
1136 1259 291 53 Convolution,
1441 1259 279 56 presumably
1742 1259 50 41 in
1814 1260 57 40 its

209 1330 155 57 "foot"
397 1336 47 37 at
475 1346 47 27 or
553 1332 125 42 about
707 1346 39 38 a,
776 1332 90 55 Fig.
902 1332 144 42 6.—A
1080 1346 182 36 woman,
1286 1331 108 56 aged
1429 1331 69 42 22,
1530 1344 88 29 was
1651 1330 218 42 admitted

206 1403 94 42 into
319 1403 190 42 hospital
527 1403 47 42 in
594 1403 129 51 1867,
741 1403 211 42 suffering
975 1404 110 41 from
1109 1403 122 42 fever
1253 1403 47 42 of
1318 1403 304 43 intermittent
1644 1406 118 52 type,
1780 1402 91 41 and

206 1474 90 43 also
315 1475 110 42 from
444 1475 217 43 nephritis
679 1475 87 42 and
785 1476 191 41 uraemia.
1040 1476 55 41 In
1114 1475 76 43 the
1208 1489 151 28 course
1377 1475 45 42 of
1444 1475 76 42 her
1537 1474 167 43 illness,
1724 1475 144 42 which

205 1545 141 43 lasted
388 1560 136 42 many
562 1547 190 42 months,
791 1547 77 42 she
911 1546 88 43 had
1043 1560 149 29 severe
1237 1546 234 52 headache,
1509 1550 230 52 vomiting,
1783 1545 87 43 and

203 1618 292 43 convulsions.
562 1619 90 42 But
684 1619 78 42 she
794 1618 88 43 had
914 1619 233 43 recovered
1180 1620 114 41 from
1327 1618 125 43 these
1489 1623 261 52 symptoms,
1782 1618 89 42 and

204 1690 76 43 the
302 1690 160 43 dropsy
486 1691 87 42 and
598 1692 177 42 uraemia
798 1706 112 28 were
934 1691 90 43 also
1059 1691 321 56 disappearing,
1404 1691 129 42 when
1566 1704 83 29 one
1672 1690 87 57 day
1793 1690 77 43 she

204 1761 220 58 suddenly
447 1762 241 44 developed
712 1763 193 43 cerebral
928 1767 246 53 symptoms
1198 1764 45 42 of
1269 1778 25 28 a
1317 1763 165 43 serious
1505 1763 122 43 kind.
1694 1764 86 42 She
1804 1768 68 38 sat

206 1849 58 40 up
287 1835 46 41 in
358 1835 82 43 bed
466 1835 108 42 with
598 1835 167 44 dilated
787 1836 149 56 pupils
961 1836 87 42 and
1072 1836 168 57 staring
1261 1850 113 29 eyes.
1441 1836 87 43 She
1552 1836 130 43 could
1710 1836 160 43 under-

204 1905 131 42 stand
367 1905 164 56 clearly
563 1906 119 42 what
716 1920 87 28 was
837 1906 94 42 said
966 1911 43 37 to
1042 1906 90 51 her,
1165 1906 93 42 but,
1291 1907 45 40 in
1381 1906 126 56 reply
1541 1912 45 37 to
1625 1906 244 56 questions,

207 1976 129 43 could
360 1977 104 56 only
487 1991 78 42 say
586 1992 78 41 yes,
686 1992 77 42 yes.
829 1978 87 43 She
939 1978 114 43 tried
1076 1982 45 39 to
1143 1978 131 43 make
1307 1978 80 43 her
1421 1978 159 43 wishes
1613 1979 165 42 known
1811 1979 61 55 by

204 2054 185 51 gesture.
454 2050 56 42 In
553 2050 126 43 order
721 2055 44 38 to
809 2065 72 28 see
924 2051 35 41 if
1003 2051 76 42 she
1123 2050 88 43 had
1254 2050 91 43 also
1388 2050 87 43 lost
1518 2050 75 44 the
1636 2066 149 41 power
1827 2051 49 43 of

202 2121 256 55 expressing
481 2121 165 43 herself
674 2122 46 41 in
755 2123 191 55 writing,
970 2123 78 42 she
1072 2137 88 28 was
1183 2127 75 52 got
1280 2127 46 38 to
1350 2122 131 44 make
1505 2137 57 29 an
1596 2128 193 38 attempt
1823 2128 45 37 to

203 2199 149 47 write;
384 2193 90 53 but,
499 2193 168 57 though
692 2194 206 43 formerly
921 2195 77 42 she
1022 2195 88 42 had
1139 2195 112 42 been
1285 2195 97 42 able
1417 2200 45 37 to
1497 2200 125 38 write
1656 2194 113 44 well,
1792 2195 78 43 she

207 2279 87 27 was
319 2278 96 28 now
440 2264 105 56 only
568 2264 97 43 able
689 2270 44 37 to
767 2266 128 42 make
929 2266 204 43 different
1155 2265 134 43 kinds
1313 2267 46 41 of
1378 2266 303 43 strokes,—no
1704 2267 165 42 letters.

205 2337 47 43 If
290 2352 82 28 one
415 2338 45 42 of
502 2338 77 43 her
622 2338 158 43 wishes
819 2353 89 29 was
946 2339 198 57 guessed,
1187 2339 77 43 she
1307 2340 185 43 nodded.
1559 2340 87 43 She
1689 2339 114 44 died,
1847 2354 25 28 a

202 2410 216 56 fortnight
455 2410 113 43 after
609 2411 75 43 the
728 2411 162 43 attack,
928 2412 111 42 from
1086 2412 163 43 dropsy
1292 2412 47 43 in
1382 2412 77 44 the
1502 2413 126 43 chest
1651 2429 9 38 ;
1703 2413 167 56 having

203 2483 224 42 remained
450 2483 258 56 speechless,
732 2484 169 57 though
925 2484 266 57 intelligent,
1214 2485 72 42 till
1308 2485 76 44 the
1409 2486 101 42 date
1538 2486 46 42 of
1613 2486 78 43 her
1724 2486 144 43 death.

204 2554 136 43 There
365 2555 86 42 had
474 2555 110 43 been
609 2570 55 28 no
688 2556 226 56 paralysis.
979 2557 63 42 At
1065 2556 75 43 the
1164 2561 204 39 autopsy,
1393 2557 125 43 there
1553 2572 87 29 was
1673 2557 139 43 found
1844 2572 26 28 a

205 2623 88 43 clot
326 2624 46 42 of
401 2624 75 43 the
510 2624 86 43 size
630 2625 47 42 of
706 2640 24 27 a
763 2625 241 53 hazel-nut,
1026 2626 277 43 surrounded
1337 2628 59 42 by
1429 2642 24 27 a
1486 2627 174 43 limited
1694 2642 100 28 area
1827 2626 48 44 of

205 2696 239 57 secondary
467 2697 235 57 softening,
725 2697 44 44 in
794 2698 76 43 the
893 2698 119 43 third
1036 2698 166 44 frontal
1225 2699 299 43 convolution.
1590 2701 44 41 It
1667 2701 37 42 is
1738 2705 44 38 to
1815 2700 55 43 be

204 2768 218 57 regretted
464 2768 100 43 that
605 2769 57 43 its
705 2770 169 57 precise
913 2771 215 43 situation
1171 2771 51 43 in
1259 2771 77 44 the
1380 2772 288 43 convolution
1711 2773 37 42 is
1792 2777 79 38 not

205 2841 143 56 given.

266 2908 86 44 Let
373 2909 36 43 it
431 2910 54 43 be
506 2910 133 44 noted
663 2911 98 42 that
782 2911 48 42 in
853 2911 75 44 the
951 2912 228 57 foregoing
1201 2927 97 29 case
1323 2913 123 43 there
1473 2927 89 29 was
1595 2912 88 44 loss
1716 2913 45 43 of
1794 2913 75 43 the

207 2995 147 42 power
376 2982 44 41 of
445 2982 184 56 writing.
695 2983 23 42 I
742 2997 98 29 now
863 2984 185 56 proceed
1072 2990 44 37 to
1140 2985 131 43 make
1295 2999 25 29 a
1342 2991 103 38 note
1475 2986 47 43 of
1551 2986 188 42 another
1772 2999 97 29 case

206 3055 47 42 of
286 3054 173 43 limited
496 3054 139 43 lesion
673 3055 46 42 in
758 3055 75 44 the
872 3070 120 30 same
1029 3056 182 44 locality
1251 3057 46 42 in
1335 3057 146 44 which
1522 3058 75 43 the
1635 3071 148 43 power
1825 3057 46 43 of

206 3126 179 43 writing
408 3140 88 29 was
519 3127 208 44 retained.
