2107 3450
553 288 396 34 INFKA-PICTOKIAL
981 292 228 34 AUDITORY
1243 297 206 33 APHASIA.

1741 289 84 42 451

173 403 247 49 Strathmiglo
439 407 37 33 to
494 415 60 25 see
573 404 99 36 their
688 405 159 45 mother,
866 406 75 36 and
959 408 117 36 asked
1094 409 81 36 him
1193 411 32 35 if
1248 411 47 36 he
1314 413 128 35 would
1466 413 79 36 like
1562 418 39 31 to
1626 426 46 36 go
1690 418 72 32 too,
1781 414 48 36 he

170 461 189 37 indicated
386 460 60 37 his
472 461 234 48 willingness
731 462 52 48 by
805 463 182 48 nodding.
1041 465 55 37 At
1122 466 65 37 the
1213 480 101 25 same
1340 470 104 45 time,
1462 469 185 38 however,
1664 471 49 36 he
1739 472 90 36 took

172 519 91 37 hold
282 519 40 36 of
336 518 60 37 his
415 518 179 37 brother's
612 523 82 32 coat
711 519 76 36 and
811 520 81 36 said
919 522 22 18 "
953 521 113 37 awa."
1117 523 113 37 From
1257 525 77 36 this
1360 526 103 36 word
1489 527 74 36 and
1589 539 156 36 gesture,
1764 527 65 36 the

170 576 154 38 brother
348 582 229 32 understood
603 576 83 37 that
712 577 65 36 the
805 577 175 48 patient's
1007 579 143 37 clothes
1176 580 76 37 had
1279 582 96 37 been
1402 584 244 47 pawned,—a
1673 584 157 37 surmise

174 633 137 47 which,
330 647 48 24 on
396 634 165 48 inquiry,
581 635 139 36 turned
738 639 67 32 out
823 639 38 32 to
880 635 47 36 be
946 640 150 32 correct.

222 691 81 37 The
320 692 146 48 patient
484 692 70 36 left
571 692 65 36 the
654 693 176 36 Western
853 692 203 49 Infirmary
1074 698 39 32 at
1136 694 66 36 the
1223 696 74 36 end
1315 696 40 36 of
1378 695 151 50 August
1549 700 105 35 1893,
1672 701 39 33 to
1729 710 45 36 go
1792 701 38 33 to

173 748 64 38 the
256 749 271 37 Convalescent
542 750 129 36 House
689 750 41 36 in
750 749 211 37 connexion
975 750 95 37 with
1084 751 85 37 that
1183 752 237 39 Institution.
1462 755 103 37 Here
1577 755 48 37 he
1639 755 192 37 remained

172 805 62 37 till
252 806 64 37 the
334 807 74 37 end
426 807 42 37 of
483 808 231 48 September,
734 807 112 37 when
863 807 49 37 he
929 808 182 37 returned
1128 813 38 33 to
1192 809 60 37 his
1270 823 86 25 own
1374 811 111 38 home
1502 812 116 37 much
1634 811 197 50 improved

172 862 42 37 in
231 863 141 38 health.

222 921 47 36 In
289 922 169 46 October,
477 923 32 36 it
526 935 104 25 came
653 927 39 33 to
715 923 66 36 the
806 922 226 49 knowledge
1058 923 41 37 of
1121 923 60 37 his
1206 924 254 39 half-brother
1484 926 84 38 that
1593 928 65 36 the
1683 930 148 46 patient

174 992 72 23 was
278 980 41 36 in
349 981 180 37 destitute
556 981 298 37 circumstances,
882 981 76 36 and
983 993 93 36 very
1101 982 185 49 unhappy
1312 988 39 32 at
1376 984 121 37 home.
1561 985 62 37 He
1647 984 184 38 therefore

172 1038 139 36 visited
328 1038 81 36 him
426 1040 41 35 in
486 1039 184 49 Glasgow,
690 1039 76 37 and
783 1039 165 36 induced
973 1039 82 36 him
1074 1043 39 33 to
1130 1052 232 37 accompany
1379 1041 83 37 him
1479 1046 38 32 to
1535 1041 59 37 his
1613 1055 85 24 own
1715 1042 117 36 house

172 1095 41 35 in
232 1095 92 37 Fife.
378 1097 102 37 Here
497 1097 65 37 the
578 1098 148 48 patient
743 1096 195 37 remained
960 1096 64 36 till
1040 1096 61 37 his
1119 1097 206 38 admission
1342 1103 38 32 to
1398 1099 66 37 the
1490 1099 122 49 Royal
1631 1100 201 47 Infirmary

172 1152 40 36 of
227 1153 235 50 Edinburgh.
516 1155 173 49 Though,
709 1168 49 24 on
783 1154 59 37 his
859 1155 82 35 first
966 1154 138 37 arrival
1130 1155 43 35 in
1199 1155 94 47 Fife,
1312 1156 48 37 he
1378 1169 75 24 was
1480 1169 39 24 so
1545 1157 106 36 weak
1676 1157 84 36 that
1784 1157 49 36 he

173 1211 110 37 could
302 1213 162 48 scarcely
482 1213 111 37 walk,
613 1213 48 36 he
687 1225 92 25 soon
804 1212 122 37 began
952 1216 39 32 to
1017 1212 172 49 improve
1206 1227 9 31 ;
1241 1214 76 36 and
1342 1214 127 37 before
1494 1214 90 37 long
1609 1215 48 36 he
1682 1215 151 36 became

172 1270 104 46 quite
303 1271 130 35 active.
487 1271 61 36 He
574 1271 78 36 also
679 1271 197 36 improved
902 1282 40 24 as
969 1274 38 32 to
1033 1269 61 37 his
1120 1271 304 49 understanding
1450 1271 40 37 of
1513 1271 135 49 speech
1673 1272 76 36 and
1774 1272 59 37 his

171 1339 126 36 power
323 1328 41 36 of
386 1332 203 33 iitterance.
644 1329 38 36 It
708 1341 86 24 was,
816 1329 42 35 in
884 1328 217 48 particular,
1120 1329 153 36 noticed
1299 1329 84 36 that
1408 1329 194 48 questions
1628 1329 84 36 that
1739 1341 95 24 were

173 1384 103 37 often
293 1386 117 36 asked
427 1386 82 37 him
526 1387 152 37 became
694 1399 103 24 more
815 1386 76 37 and
907 1398 103 24 more
1024 1386 231 49 intelligible
1270 1391 37 31 to
1322 1386 93 44 him,
1430 1386 146 37 though
1590 1386 107 37 other
1713 1386 122 37 words

172 1443 75 35 and
273 1444 193 47 questions
491 1445 194 36 remained
711 1443 285 38 unintelligible
1014 1448 39 32 to
1071 1444 92 36 him.
1217 1444 55 37 As
1298 1444 137 37 before,
1454 1445 48 36 he
1521 1444 111 36 could
1654 1444 88 36 read
1760 1444 76 36 and

174 1501 231 36 understand
427 1503 150 36 written
595 1515 42 24 or
654 1503 154 48 printed
826 1506 149 32 matter.
1031 1502 38 36 It
1086 1502 200 48 happened
1305 1502 84 36 that
1414 1502 115 37 while
1554 1502 49 36 he
1621 1514 75 24 was
1714 1501 122 49 living

173 1559 41 35 in
233 1559 82 35 Fife
335 1560 63 35 the
420 1560 246 37 well-known
686 1561 162 36 Monson
866 1560 89 36 trial
973 1572 75 24 was
1073 1560 116 48 going
1207 1572 48 24 on
1273 1560 42 35 in
1335 1559 237 49 Edinburgh.
1630 1559 61 36 He
1708 1559 91 36 took
1817 1571 21 24 a

176 1621 104 44 great
307 1617 157 37 interest
492 1618 42 36 in
551 1619 42 45 it,
622 1619 77 36 and
730 1618 106 37 daily
862 1617 90 38 read
981 1618 117 36 about
1125 1618 33 36 it
1185 1618 41 36 in
1255 1617 67 37 the
1352 1630 228 36 newspaper.
1634 1617 114 36 From
1777 1617 60 36 his

172 1676 168 36 remarks
357 1676 32 35 it
406 1688 75 24 was
499 1676 155 37 evident
670 1676 84 37 that
768 1676 47 36 he
834 1675 177 38 followed
1029 1676 67 36 the
1114 1676 151 36 various
1282 1676 189 36 incidents
1490 1676 40 36 of
1545 1675 65 37 the
1627 1674 89 37 trial
1732 1678 107 45 quite

174 1732 269 39 intelligently.

222 1791 97 36 State
336 1804 48 23 on
400 1791 362 38 Admission.—The
779 1792 148 49 patient
944 1792 32 36 is
991 1804 21 24 a
1026 1791 112 37 small
1155 1790 275 38 man—height
1443 1793 23 35 4
1481 1790 40 37 ft.
1541 1794 45 33 10
1599 1790 84 46 ins.,
1697 1787 141 50 weight

175 1851 21 33 8
216 1852 45 32 st.
286 1853 12 32 1
310 1849 44 39 lJf
380 1850 192 37 lbs.—but
598 1850 67 38 has
687 1863 22 25 a
734 1851 96 48 good
855 1851 131 48 figure,
1013 1850 77 37 and
1114 1850 34 36 is
1173 1849 121 38 lively
1319 1849 77 37 and
1421 1849 133 37 active.
1607 1848 62 37 He
1694 1847 68 37 has
1787 1858 51 25 an

175 1905 217 51 intelligent
410 1910 214 47 expression
641 1909 40 37 of
696 1921 268 25 countenance,
979 1908 77 36 and
1072 1908 33 36 is
1122 1907 130 37 bright
1270 1907 76 36 and
1364 1907 178 36 cheerful.

224 1965 269 38 Examination
512 1967 40 37 of
570 1967 65 37 the
660 1967 109 37 heart
793 1967 145 37 reveals
964 1978 22 24 a
1012 1965 141 37 double
1179 1966 105 36 bruit
1309 1969 40 33 at
1374 1965 66 37 the
1457 1965 112 45 base;
1596 1964 71 36 but
1685 1964 104 35 there
1806 1962 33 36 is

175 2033 49 26 no
242 2022 156 39 distinct
417 2025 259 49 hypertrophy
696 2026 40 36 of
751 2025 65 37 the
833 2025 120 36 heart,
972 2024 77 37 and
1075 2023 66 37 the
1163 2035 120 37 pulse,
1303 2022 128 37 which
1448 2023 32 36 is
1498 2022 126 37 rather
1641 2020 107 38 weak
1765 2019 75 37 and

177 2081 250 49 occasionally
452 2084 268 36 intermittent,
738 2083 69 36 has
832 2082 102 37 little
952 2083 42 35 in
1011 2083 33 35 it
1062 2081 40 38 of
1116 2081 66 37 the
1200 2080 306 38 water-hammer
1523 2092 202 25 character.
1778 2077 61 35 He

175 2143 114 32 states
307 2139 83 38 that
415 2141 49 37 he
489 2141 68 37 has
583 2141 116 37 often,
719 2141 57 37 for
793 2154 22 24 a
833 2140 73 37 few
932 2140 177 37 minutes,
1129 2152 22 25 a
1167 2140 91 48 pain
1285 2139 42 36 in
1345 2139 65 36 the
1435 2150 131 25 region
1584 2137 40 37 of
1638 2136 65 37 the
1720 2135 118 44 heart,

175 2196 126 37 which
319 2199 32 36 is
368 2203 66 44 apt
452 2203 38 33 to
504 2199 143 37 radiate
665 2199 177 37 upwards
860 2199 163 36 towards
1041 2198 65 36 the
1124 2198 108 36 neck.
1286 2197 62 36 He
1366 2198 31 35 is
1415 2208 117 25 never
1549 2194 177 38 troubled
1744 2191 95 37 with

175 2254 239 48 palpitation,
434 2257 70 37 but
529 2258 32 36 is
587 2262 66 32 apt
678 2262 39 32 to
744 2257 47 37 be
817 2256 208 37 breathless
1044 2269 50 24 on
1119 2256 114 48 going
1250 2267 53 37 up
1322 2267 21 24 a
1360 2254 84 37 hill.
1498 2254 62 36 He
1576 2263 208 38 complains
1802 2249 40 37 of

174 2311 176 49 frequent
367 2315 76 36 and
461 2327 126 26 severe
603 2315 219 46 headaches,
842 2315 138 37 which,
999 2315 49 36 he
1066 2327 96 35 says,
1178 2313 105 37 often
1301 2313 96 47 keep
1414 2312 83 36 him
1514 2311 130 37 awake
1661 2314 39 33 at
1716 2308 122 47 night,

177 2369 76 37 and
270 2383 62 26 are
349 2377 65 44 apt
434 2377 38 33 to
489 2373 48 37 be
555 2373 202 49 especially
775 2385 127 25 severe
919 2373 42 36 in
979 2372 65 37 the
1061 2372 188 48 morning.

225 2429 122 38 There
364 2431 32 36 is
413 2443 49 25 no
488 2435 124 33 motor
637 2431 184 49 paralysis
848 2444 41 24 or
914 2431 198 37 lameness,
1130 2429 66 37 the
1221 2432 148 46 patient
1394 2427 114 49 being
1525 2430 107 45 quite
1649 2425 122 37 active
1789 2437 50 24 on

174 2487 60 38 his
251 2487 88 38 legs.
393 2489 72 36 His
483 2502 119 36 grasp,
622 2489 186 37 however,
827 2489 32 37 is
879 2493 68 33 not
963 2501 93 35 very
1075 2500 140 36 strong,
1234 2487 77 37 and
1327 2487 33 36 it
1376 2487 33 36 is
1426 2484 210 39 noticeable
1656 2483 84 37 that
1757 2483 32 36 it
1805 2483 32 36 is

176 2547 146 36 weaker
339 2547 41 36 in
398 2547 66 37 the
490 2548 102 36 right
617 2547 95 37 than
737 2548 43 36 in
805 2547 66 37 the
897 2547 69 37 left
991 2547 116 37 hand,
1126 2545 65 37 the
1217 2545 104 49 right
1346 2544 102 37 hand
1467 2543 131 49 giving
1616 2542 47 36 40
1681 2541 75 37 and
1774 2541 64 36 the

174 2604 70 37 left
262 2609 46 32 45
327 2617 50 25 on
402 2605 65 37 the
493 2606 110 36 inner
628 2605 112 37 circle
764 2605 40 37 of
827 2605 65 37 the
919 2605 297 48 dynamometer.
1270 2603 122 47 Taste,
1421 2601 122 47 smell,
1569 2599 76 38 and
1671 2598 169 50 eyesight

174 2675 62 25 are
265 2663 160 46 normal,
455 2663 76 37 and
561 2663 66 37 the
659 2676 85 24 eyes
774 2675 62 25 are
865 2663 122 37 lively
1015 2663 43 37 in
1089 2662 226 49 expression,
1347 2661 76 37 and
1453 2660 48 37 do
1531 2663 67 33 not
1629 2658 103 37 show
1763 2669 75 35 any

174 2720 199 37 difference
389 2721 40 36 in
449 2721 64 37 the
531 2721 140 49 pupils,
691 2733 42 25 or
757 2734 76 36 any
851 2720 257 50 sluggishness
1133 2721 43 36 in
1201 2719 100 37 their
1327 2721 235 34 movements
1582 2729 49 24 on
1657 2727 181 37 exposure

174 2782 39 33 to
232 2778 108 49 light.
394 2779 150 49 During
561 2779 151 49 periods
730 2780 40 36 of
783 2779 201 46 headache,
1001 2779 184 36 however,
1202 2777 66 37 the
1287 2789 85 25 eyes
1389 2776 90 37 look
1496 2774 127 37 rather
1641 2773 198 47 congested

175 2837 76 36 and
268 2836 134 49 heavy.
457 2837 270 36 Examination
745 2841 95 32 with
867 2836 66 37 the
960 2835 336 50 ophthalmoscope
1322 2835 122 36 shows
1470 2834 65 36 the
1560 2832 143 36 fundus
1729 2835 38 32 to
1792 2830 47 36 be

178 2894 156 37 normal.

225 2952 280 37 Hearing.—In
526 2951 64 37 the
608 2951 69 37 left
697 2965 72 24 ear,
788 2952 65 37 the
880 2953 147 48 patient
1044 2952 32 37 is
1093 2964 93 36 very
1204 2950 96 46 deaf,
1319 2950 113 37 being
1453 2948 141 38 unable
1612 2952 38 32 to
1668 2947 90 37 hear
1775 2945 64 37 the

176 3010 147 36 ticking
341 3009 41 37 of
397 3022 22 24 a
438 3009 121 37 watch
587 3009 101 37 until
713 3010 32 36 it
770 3010 32 36 is
827 3010 151 48 pressed
1004 3022 148 24 against
1178 3008 64 37 the
1268 3020 129 36 pinna.
1451 3006 107 38 With
1578 3005 64 37 the
1659 3004 102 48 right
1779 3014 62 25 ear

179 3067 48 37 he
246 3080 67 24 can
340 3067 92 36 hear
458 3067 64 36 the
548 3067 147 36 ticking
714 3067 40 36 of
769 3080 20 23 a
808 3067 122 36 watch
957 3066 87 37 held
1066 3069 22 34 8
1107 3078 42 25 or
1168 3068 46 34 10
1231 3064 130 37 inches
1388 3063 96 37 from
1511 3063 64 36 the
1602 3074 129 36 pinna.
1786 3061 56 35 Dr

186 3125 182 38 M'Bride,
389 3137 83 25 who
491 3124 138 49 kindly
649 3125 199 37 examined
867 3125 63 37 the
948 3123 176 51 patient's
1143 3135 79 25 ears
1239 3122 57 37 for
1313 3134 71 33 me,
1404 3125 144 46 reports
1566 3133 38 24 as
1623 3119 145 37 follows
1785 3130 58 25 :—
