1933 3302
251 177 121 29 Wesen
398 174 69 31 und
491 172 192 32 Aetiologie
709 170 57 31 des
790 166 314 43 llospitalbrandes.
1152 164 422 42 Ansteckungslüliigkeit.
1658 164 50 37 93

192 334 60 54 X.
319 334 188 54 Wesen
546 332 103 53 und
688 325 302 59 Aetiologie
1032 327 87 53 des
1160 325 486 55 Hospitalbrandes.

228 460 206 39 Inwiefern
467 459 54 39 ist
552 458 71 38 der
654 453 310 42 Hospitalbrand
997 462 62 29 als
1092 451 128 39 Brand
1252 461 45 28 zu
1330 450 276 40 bezeichnen?

248 559 73 37 Die
353 558 138 49 Frage,
523 556 47 37 ob
602 555 67 37 der
699 552 307 39 Hospitalbrund
1036 551 38 37 in
1106 550 68 38 der
1205 549 103 38 That
1338 549 84 37 eine
1446 550 74 37 Art
1548 549 163 38 Brand

120 613 74 38 sei,
225 613 91 37 oder
348 623 186 25 vielmehr
563 609 85 37 eine
679 609 75 36 Art
784 606 274 49 Entzündung,
1090 604 52 38 ist
1170 603 134 38 früher
1335 602 169 38 vielfach
1533 603 77 37 und
1641 605 71 35 mit

120 679 173 36 grossem
319 665 109 37 Eifer
459 662 177 39 discutirt
665 662 170 36 worden.
894 659 111 38 Nach
1043 658 200 49 heutigem
1275 655 271 51 Standpunkte
1576 657 52 37 ist
1656 669 55 25 sie

121 719 115 39 dahin
266 733 46 23 zu
342 719 282 36 beantworten,
665 715 86 37 dass
783 715 67 37 der
879 712 307 39 Hospitalbrand
1224 711 83 37 eine
1345 710 98 38 local
1484 710 227 38 fortschrei-

121 773 115 38 tende
278 769 342 39 Wundkrankheit
656 772 72 34 mit
770 768 230 38 Abtödtung
1042 767 66 36 des
1153 765 236 50 ergriffenen
1429 762 190 40 Gewebes
1661 765 52 37 ist

121 825 119 39 durch
270 838 111 24 einen
411 823 264 50 specifischen,
707 821 260 38 molecularen
999 819 144 39 Zerfall
1174 819 214 45 desselben,
1420 817 173 38 welchen
1623 831 88 24 man

117 881 41 48 ja
187 879 51 36 im
272 878 269 37 Allgemeinen
572 891 56 23 als
658 876 215 37 brandigen
905 873 145 39 Zerfall
1080 873 235 38 bezeichnen
1346 885 102 37 mag.
1492 871 221 50 Analogien

119 933 71 37 mit
219 945 168 24 anderen
411 930 407 38 Wundkrankheiten,
850 929 61 37 bei
942 929 122 36 denen
1096 926 188 39 ebenfalls
1311 926 67 38 das
1401 926 208 50 ergriffene
1633 924 79 39 Ge-

122 986 108 37 webe
262 985 163 49 brandig
455 984 165 38 zerfällt,
651 984 131 37 bieten
803 982 79 38 sich
908 982 38 37 in
969 982 74 37 den
1072 981 218 50 brandigen
1314 979 279 51 Phlegmonen,
1625 979 89 38 dem

120 1039 275 38 Rauschbrand
415 1069 7 15 ,
468 1039 86 36 dem
597 1037 126 38 Noma
764 1039 69 35 etc.
866 1036 209 48 genügend
1105 1035 79 39 dar.
1233 1034 217 38 Jedenfalls
1496 1034 93 37 aber
1633 1047 80 23 war

121 1093 66 37 der
207 1092 124 38 Name
354 1091 305 39 Hospitalbrand
689 1104 89 24 sehr
809 1089 173 38 schlecht
1001 1089 184 50 gewählt,
1216 1088 88 37 weil
1335 1102 87 23 man
1443 1087 135 38 früher
1599 1090 114 35 unter

120 1146 130 38 Brand
279 1146 112 37 mehr
421 1146 74 36 den
532 1144 280 38 ischämischen
844 1143 148 37 Brand,
1032 1142 107 38 nicht
1175 1142 190 50 brandige
1397 1142 316 50 Entzündungen

121 1200 53 38 im
194 1200 114 50 Auge
340 1200 120 37 hatte,
494 1199 73 37 und
598 1198 67 37 hat
695 1212 45 23 zu
771 1196 216 39 vielfachen
1017 1197 146 50 irrigen
1187 1196 294 38 Auffassungen
1511 1196 79 37 und
1610 1195 101 39 Ver-

123 1254 278 50 wechslungen
430 1252 292 50 Veranlassung
751 1264 190 38 gegeben.

252 1359 66 38 Die
351 1358 124 39 Frage
507 1358 101 38 nach
640 1357 71 38 der
741 1354 486 50 Ansteckungsfähigkeit
1258 1355 72 39 der
1361 1355 220 39 Krankheit

122 1457 50 38 ist
209 1457 186 37 ebenfalls
432 1457 36 37 in
509 1469 274 35 vergangenen
813 1455 135 37 Zeiten
985 1455 149 37 lebhaft
1170 1454 63 38 für
1269 1454 77 37 und
1385 1454 121 37 wider
1536 1453 178 38 discutirt

122 1511 169 36 worden.
348 1509 67 38 Ich
451 1510 79 37 will
567 1511 73 36 den
669 1509 120 37 Leser
826 1509 106 37 nicht
968 1509 71 36 mit
1076 1509 66 36 der
1171 1507 255 38 historischen
1458 1507 256 50 Darstellung

124 1564 123 37 dieser
278 1564 193 37 Debatten
511 1564 202 36 ermüden,
755 1562 144 37 welche
934 1562 40 37 in
1004 1562 302 38 verschiedenen
1337 1561 285 38 Gestaltungen
1652 1562 60 36 die

124 1616 228 39 Geschichte
382 1618 67 36 der
478 1617 166 37 Medicin
676 1616 298 38 durchflechten.

252 1670 82 37 Seit
365 1671 87 36 dem
493 1670 333 37 amerikanischen
858 1669 146 38 Kriege
1043 1669 184 37 scheinen
1263 1669 60 37 die
1355 1668 163 38 Zweifel
1556 1682 48 23 an
1646 1669 67 37 der

126 1724 472 50 Ansteckungsfähigkeit
636 1723 67 37 der
742 1723 220 37 Krankheit
1005 1722 209 38 aufgehört
1252 1737 46 22 zu
1335 1723 140 37 haben.
1533 1722 71 38 Bei
1645 1723 68 36 der

127 1777 277 50 Besprechung
434 1779 66 35 der
538 1777 218 37 klinischen
792 1776 263 38 Verhältnisse
1088 1777 65 37 des
1183 1776 353 38 Hospitalbrandes
1566 1789 147 24 musste

128 1831 59 38 die
218 1830 469 51 Ansteckungsfähigkeit
726 1831 77 37 und
843 1831 60 36 die
940 1830 405 38 Verbreitungsweise
1388 1831 67 37 der
1493 1830 222 38 Krankheit

126 1885 238 37 besprochen
406 1885 166 36 werden.
631 1884 73 37 Die
744 1885 86 36 dort
867 1884 261 49 angeführten
1165 1884 182 38 Berichte
1385 1885 97 37 über
1521 1885 59 37 die
1611 1883 101 39 Ver-

127 1938 181 37 breitung
339 1939 66 36 der
427 1938 218 37 Krankheit
675 1951 73 23 von
780 1938 123 37 einem
927 1938 204 37 Patienten
1162 1937 70 38 auf
1258 1939 60 36 ein
1342 1952 144 37 ganzes
1508 1938 204 47 Lazareth,

128 1992 59 36 die
209 1991 318 49 Einschleppung
557 1991 68 37 auf
652 1992 61 36 ein
743 1990 130 38 Schiff,
906 1992 59 36 die
986 1991 307 50 Uebertragung
1323 2006 73 24 von
1428 1993 106 37 einer
1556 1992 157 37 Wunde

125 2058 60 23 am
215 2044 151 38 Körper
403 2045 70 37 auf
506 2045 141 37 andere
678 2049 71 33 etc.
783 2058 70 24 etc.
893 2045 139 38 liefern
1070 2046 72 37 den
1181 2047 350 37 unumstösslichen
1560 2045 153 38 Beweis

125 2098 62 37 für
217 2099 60 36 die
307 2098 282 38 Contagiosität
619 2099 64 36 des
714 2098 361 50 Hospitalbrandes.
1119 2099 97 37 Hier
1247 2100 80 36 will
1355 2100 61 37 ich
1447 2102 157 35 weitere
1634 2099 78 37 Be-

127 2152 268 49 obachtungen
425 2153 52 36 im
498 2152 215 37 Einzelnen
734 2152 250 47 hinzufügen,
1016 2153 144 37 welche
1191 2153 79 37 sich
1302 2153 115 37 theils
1447 2153 70 37 auf
1536 2153 174 37 unbeab-

127 2205 197 48 sichtigte,
354 2205 115 37 theils
491 2207 68 36 auf
586 2205 280 50 beabsichtigte
889 2205 355 51 Uebertragungen
1273 2207 103 37 beim
1396 2207 213 37 Menschen
1634 2207 79 37 und

127 2258 69 37 auf
220 2258 276 48 Experimente
527 2272 47 23 an
605 2259 170 37 Thieren
805 2259 196 38 beziehen.

253 2311 424 50 Unbeabsichtigte
708 2311 427 51 Uebertragungen
1173 2314 76 37 des
1287 2313 424 39 Hospitalbrandes

127 2364 80 37 auf
242 2364 248 38 Menschen
530 2366 110 36 weist
675 2366 59 36 die
771 2365 196 38 Literatur
1004 2367 37 36 in
1084 2367 174 37 ziemlich
1302 2380 155 37 grosser
1496 2367 96 38 Zahl
1634 2368 76 37 auf.

127 2417 100 38 Dass
243 2417 206 38 Ponteau
469 2418 78 37 sich
569 2419 55 37 als
646 2419 107 37 eleve
775 2432 47 24 en
843 2419 193 51 Chirurgie
1058 2434 45 22 an
1127 2421 105 37 einer
1248 2421 155 37 kleinen
1421 2421 290 38 Schnittwunde

127 2470 334 49 hospitalbrandig
489 2472 175 45 inficirte,
698 2473 128 37 wurde
857 2472 36 38 S.
926 2474 49 36 30
1007 2473 200 38 berichtet.
1270 2474 108 37 Auch
1407 2475 303 47 Blackadder,

127 2523 185 38 Danillo
332 2525 191 37 inficirten
543 2525 80 37 sich
642 2526 39 36 in
703 2526 67 36 der
786 2526 141 37 Weise.
967 2526 83 38 Aus
1072 2528 86 36 dem
1180 2527 272 51 Orientkriege
1474 2529 84 37 sind
1579 2529 131 37 mehr-

127 2576 109 38 fache
259 2577 105 37 Fälle
387 2579 65 36 der
475 2579 71 36 Art
575 2579 190 37 bekannt:
798 2580 189 37 Lallour
1018 2581 184 37 verletzte
1233 2581 81 38 sich
1345 2582 60 37 bei
1437 2582 105 37 einer
1563 2581 146 39 Unter-

129 2630 171 49 bindung
319 2631 39 37 in
380 2632 105 36 einer
505 2632 382 51 hospitalbrandigen
911 2633 153 38 Wunde
1086 2635 118 37 durch
1236 2635 111 38 einen
1371 2635 340 50 KnochenspHtter

129 2696 59 24 am
219 2683 155 49 Finger.
431 2684 110 38 Nach
578 2687 21 35 2
632 2686 134 49 Tagen
802 2688 178 36 entstand
1019 2688 84 37 eine
1134 2688 150 38 Pustel,
1324 2703 67 23 aus
1428 2689 166 37 welcher
1630 2689 81 37 sich

127 2736 183 49 pulpöser
348 2736 301 50 Hospitalbrand
686 2740 258 38 entwickelte.
1007 2741 111 37 Auch
1158 2741 236 38 Pirogoff
1427 2742 164 37 inficirte
1629 2743 82 37 sich

130 2793 69 33 mit
246 2789 314 49 Hospitalbrand.
618 2792 226 38 Fischer
892 2794 191 38 bei-ichtet
1131 2795 313 37 unzweifelhafte
1494 2795 215 38 Uebertra-

130 2855 156 34 gungen
325 2843 117 37 durch
475 2844 157 38 Wärter
667 2846 77 36 und
776 2846 176 47 Kranke,
994 2848 144 37 welche
1178 2849 350 49 unbefugterweise
1567 2850 141 37 andere

131 2895 162 38 Kranke
339 2896 229 39 verbanden.
638 2899 175 37 Weitere
855 2899 143 52 Belege
1039 2914 74 25 von
1157 2902 156 37 solchen
1353 2901 354 53 Uebertragungen

131 2948 131 51 bringt
291 2949 207 50 Heiberg
527 2951 72 37 bei.
