1899 3166
537 902 644 70 Inhaltsverzeichniss.

1579 1112 77 27 Seite

68 1165 145 31 Vorwort
1627 1157 25 37 V

72 1219 163 31 Literatur
1017 1236 9 10 >
1608 1212 47 36 XI

132 1297 33 28 I.
190 1295 243 29 Klinisclies
459 1293 231 29 Verhalten
714 1292 76 29 des
814 1291 393 30 Hospitalbrandes
1637 1288 15 33 1

199 1357 34 32 A.
260 1356 194 39 Einleitung:
479 1354 195 40 Allgemeine
700 1353 307 33 Charaicterisirung
1034 1352 57 32 der
1116 1351 176 32 Krankheit
1637 1352 15 33 1

199 1421 32 31 B.
258 1419 181 33 Detaillirte
454 1418 239 33 Beschreibung
708 1418 58 32 der
778 1417 257 32 verschiedenen
1052 1417 130 31 Formen
1201 1416 58 32 des
1275 1414 292 40 Hospitalbrandes
1634 1416 20 31 3

261 1473 187 30 Leichteste
472 1472 92 31 Fälle
588 1471 493 39 (Granulationsdiphtheritis)
1633 1469 22 32 4

261 1516 158 30 Ulceröse
443 1515 101 31 Form
1633 1512 21 33 4

261 1557 221 41 Uebergänge
506 1567 40 20 zu
571 1557 64 31 den
661 1558 171 30 schweren
858 1557 69 30 und
953 1555 263 31 tiefgreifenden
1239 1555 144 31 Formen
1451 1578 115 8 ...
1635 1556 18 31 7

260 1601 156 31 Schwere
439 1600 70 30 und
533 1601 99 29 tiefer
655 1600 175 40 greifende
846 1600 145 30 Formen
1010 1599 89 31 ohne
1116 1598 220 31 wesentliche
1352 1598 215 30 Exsudation
1634 1599 18 31 7

259 1643 177 40 Delpech's
459 1642 256 32 Beschreibung
738 1643 59 30 der
820 1645 167 38 pulpösen
1010 1642 146 30 Formen
1633 1640 20 33 8

260 1697 31 20 V.
316 1686 124 30 Pitha's
464 1686 254 30 Beschreibung
741 1688 199 28 schwerster
963 1685 93 30 Fälle
1633 1684 19 33 9

259 1729 135 31 Andere
407 1729 268 30 Beschaffenheit
691 1729 58 30 des
762 1728 202 39 Exsudates,
981 1728 225 38 albuminöse,
1222 1730 199 38 gelatinöse,
1439 1729 127 38 granit-

322 1772 154 30 ähnliche
507 1771 160 40 Formen,
697 1771 109 32 Pulpa
836 1771 59 31 der
927 1771 169 39 Autoren,
1128 1771 138 40 flüssige
1304 1769 263 40 Absonderung,

324 1814 312 31 Geschwürsboden
1612 1813 37 32 11

258 1857 97 30 Rand
379 1857 57 30 des
460 1857 479 40 Hospitalbrandgeschwüres
1612 1856 39 32 12

260 1899 303 31 Hämorrhagische
586 1900 100 30 Form
1612 1899 39 32 13

261 1941 205 32 Chronische
489 1942 100 31 Form
612 1942 176 40 Delpech's
1611 1943 38 31 15

259 1986 286 38 Pergamentform
569 1985 213 31 Tourraine's
1611 1985 38 32 15

258 2028 152 30 Relative
434 2028 193 30 Häufigkeit
650 2028 60 30 der
732 2028 144 30 Formen
1610 2028 39 32 15

259 2071 233 40 Anderweitig
516 2071 214 40 aufgestellte
753 2071 145 30 Formen
923 2071 57 30 des
1005 2071 304 40 Hospitalbrandes
1610 2071 38 32 15

198 2133 31 32 C.
256 2133 101 33 Ueber
382 2133 297 40 Prädispositionen
704 2133 56 33 für
784 2134 51 32 die
861 2134 205 32 Erkrankung
1091 2143 40 23 an
1158 2134 250 39 Hospitalbrand
1448 2159 114 7 ...
1609 2135 40 32 16

198 2197 31 31 D.
256 2197 306 32 Infectionspforten
588 2198 58 31 des
671 2198 290 39 Hospitaibrandes
1610 2199 39 32 18

325 2250 33 39 1)
381 2251 280 31 Eindringen
697 2252 73 30 des
805 2251 415 41 Hospitalbrandes
1255 2252 70 30 bei
1360 2252 202 30 intacter

388 2293 210 31 Oberhaut
1609 2294 38 33 18

324 2346 35 37 2)
382 2346 184 31 Wunden
590 2347 105 30 aller
717 2346 75 31 Art
824 2347 79 30 und
935 2348 41 29 in
1001 2347 111 30 allen
1137 2346 171 31 Stadien
1333 2347 112 31 ihres
1470 2347 90 31 Ver-

386 2389 134 30 laufes
553 2389 162 30 können
750 2389 370 40 hospitalbrandig
1151 2391 167 29 inficirt
1340 2391 166 30 werden
1552 2415 7 7 .
1608 2391 38 32 19

261 2438 189 33 Klinisches
473 2440 73 32 Bild
570 2440 57 32 des
650 2440 302 40 Hospitalbrandes
975 2440 54 34 bei
1052 2440 150 33 frischen
1224 2441 154 33 Wunden
1445 2468 115 7 ...
1606 2444 40 33 20

323 2493 36 33 3)
382 2493 113 31 Auch
520 2494 150 30 andere
695 2496 138 29 offene
857 2494 176 32 Stellen,
1057 2495 155 31 welche
1235 2497 117 29 nicht
1374 2497 185 31 Wunden

387 2536 108 39 sind,
526 2537 162 30 können
721 2546 46 21 an
798 2536 331 41 Hospitalbrand
1163 2539 236 31 erkranken
1445 2563 113 8 ...
1604 2541 42 31 22

451 2578 73 31 Auf
553 2579 272 31 Schleimhäuten
857 2581 44 29 ist
924 2581 267 39 Hospitalbrand
1221 2582 107 30 selten
1358 2583 202 30 beobachtet
1604 2583 43 32 24

199 2640 29 30 E.
254 2640 100 32 Ueber
378 2642 58 31 den
462 2642 80 32 Grad
569 2642 57 31 der
649 2643 387 40 Ansteckungsfähigkeit
1064 2644 59 32 und
1150 2645 50 31 die
1225 2645 333 32 Verbreitungsweise

255 2683 57 31 des
337 2683 290 40 Hospitalbrandes
1603 2690 42 31 24

263 2737 397 42 Widerstandsfähigkeit
682 2748 106 32 gegen
813 2739 54 31 die
891 2740 431 40 Hospitalbrandinfection
1390 2765 168 9 ....
1603 2743 40 31 27

263 2778 252 43 üebertragung
538 2782 54 30 bei
617 2781 174 31 mehreren
817 2783 155 30 Wunden
998 2793 41 21 an
1065 2783 194 31 demselben
1282 2782 178 32 Patienten
1495 2808 6 6 .
1550 2808 6 7 .
1603 2786 40 31 27

262 2821 401 43 Widerstandsfähigkeit
685 2824 132 30 solcher
841 2825 154 31 Wunden
1021 2835 107 31 gegen
1153 2826 54 31 die
1231 2826 164 30 Infection
1442 2850 114 8 ...
1602 2828 41 32 27

259 2862 57 32 Oft
346 2865 181 31 verbreitet
558 2866 69 31 sich
660 2866 59 31 der
743 2866 264 40 Hospitalbrand
1040 2878 63 21 nur
1137 2870 34 29 in
1197 2877 92 21 einer
1311 2868 130 41 Region
1466 2871 92 30 einer

324 2906 130 31 Wunde
1250 2910 5 5 '
1601 2913 41 33 28
