2125 3524
836 293 54 29 Til
901 293 21 28 10
954 290 242 32 DISOKDEUS
1228 289 53 32 OF
1312 286 177 34 SPEECH.

346 284 55 40 42

347 410 138 55 might
506 410 228 54 originally
757 410 109 41 have
889 408 215 55 produced
1131 408 45 40 it.
1238 406 89 41 The
1350 403 231 46 difference
1603 402 195 43 between
1821 418 25 27 a
1867 418 91 29 case

348 481 44 41 of
422 480 246 55 Hysterical
697 479 204 42 Aphonia
923 479 83 41 and
1029 491 79 28 one
1131 477 46 41 of
1204 472 250 45 Hysterical
1485 472 186 42 Mutism
1694 473 48 50 is,
1762 473 96 42 that
1887 474 71 42 the

347 550 184 54 aphonic
568 555 179 49 patient,
786 549 162 41 though
987 547 72 42 the
1094 559 119 28 voice
1250 545 36 41 is
1322 543 98 48 lost,
1446 556 79 27 can
1561 542 91 41 still
1687 543 132 54 speak
1855 544 45 40 in
1935 558 24 28 a

348 619 194 56 whisper,
566 619 186 41 whereas
776 619 71 40 the
872 617 168 43 subject
1061 616 43 42 of
1126 613 232 43 hysterical
1379 613 179 40 mutism
1581 617 158 37 cannot
1764 613 132 54 speak
1916 619 44 36 at

344 689 73 41 all,
438 694 75 36 not
545 702 107 28 even
674 689 46 40 in
752 702 24 27 a
801 688 210 53 whisper;
1042 689 75 50 yet
1148 684 74 41 the
1243 682 278 54 intelligence
1543 682 84 41 and
1659 682 59 41 all
1749 682 73 42 the
1843 682 119 43 other

348 758 197 42 faculties
567 771 70 27 are
659 757 268 41 maintained
959 754 176 55 equally
1158 752 98 42 well
1286 752 47 41 in
1355 751 105 43 both
1483 764 128 37 cases,
1634 752 84 41 and
1750 752 73 41 the
1846 758 115 36 mute

347 828 179 54 patient,
549 828 33 39 if
596 827 220 41 educated,
839 840 79 28 can
940 824 103 42 still,
1066 823 104 41 with
1193 823 73 41 the
1288 835 165 28 utmost
1468 821 186 55 fluency,
1676 822 98 54 give
1796 835 166 29 expres-

349 898 92 41 sion
465 902 42 36 to
530 897 185 40 thought
736 896 44 40 in
806 902 182 34 writing.
1051 893 21 41 I
1095 893 120 41 have,
1237 892 45 41 in
1310 905 73 41 my
1405 905 96 27 own
1525 892 198 53 practice,
1745 897 89 36 met
1859 898 104 35 with

348 966 102 42 only
472 979 80 27 one
575 965 296 41 well-marked
893 978 95 27 case
1010 963 46 41 of
1075 961 230 55 hysterical
1332 961 187 41 mutism.
1580 961 89 41 The
1691 962 167 54 patient
1881 976 82 28 was

349 1050 24 26 a
394 1048 145 40 young
558 1035 259 53 gentleman,
840 1034 94 41 who
960 1047 83 26 was
1065 1032 186 41 brought
1273 1036 44 36 to
1339 1044 69 28 me
1430 1044 116 28 some
1568 1045 123 40 years
1713 1045 76 40 ago
1818 1031 58 54 by
1892 1045 72 41 my

348 1104 140 41 friend
505 1104 65 40 Dr
587 1104 190 41 Sibbald,
793 1118 79 27 one
891 1104 45 40 of
951 1103 71 41 the
1041 1102 354 42 Commissioners
1412 1101 46 40 in
1476 1101 176 54 Lunacy
1670 1102 64 40 for
1751 1102 214 43 Scotland.

348 1174 63 41 As
443 1174 87 40 this
552 1187 94 28 case
677 1173 227 55 presented
935 1173 75 41 the
1036 1172 185 41 features
1248 1171 44 41 of
1323 1171 74 41 the
1419 1171 221 41 condition
1662 1176 113 36 most
1796 1185 168 28 charac-

348 1243 267 54 teristically,
649 1244 23 40 I
709 1258 99 40 may
840 1245 52 40 be
933 1242 181 42 allowed
1155 1242 101 41 here
1297 1246 44 36 to
1383 1241 148 49 insert,
1573 1241 109 40 from
1724 1255 72 40 my
1833 1247 133 44 notes,

350 1326 25 28 a
396 1312 118 42 short
536 1314 187 41 abstract
744 1314 225 54 regarding
992 1313 44 41 it.

408 1383 72 40 Mr
502 1381 69 53 X.,
592 1383 106 55 aged
720 1384 68 49 29,
810 1397 101 28 seen
933 1383 58 41 by
1013 1397 67 26 me
1103 1396 54 27 on
1180 1382 73 41 the
1277 1380 104 42 15th
1404 1381 46 41 of
1480 1380 185 42 October
1689 1381 123 41 1886,
1835 1394 85 28 was
1942 1395 24 27 a

349 1452 89 50 tall,
476 1453 263 55 fair-haired,
778 1452 355 55 well-developed
1175 1466 112 27 man,
1324 1451 106 41 with
1472 1465 24 27 a
1540 1451 92 49 full,
1667 1450 113 54 light
1821 1451 146 40 brown

351 1523 128 40 beard
497 1537 7 37 ;
533 1522 79 41 but
634 1536 85 28 was
737 1523 142 41 rather
900 1523 109 54 pale,
1026 1522 85 41 and
1129 1536 84 27 was
1231 1525 234 38 somewhat
1485 1520 212 42 excitable
1717 1521 43 39 in
1781 1534 184 27 manner.

352 1593 83 41 His
453 1592 166 54 history
643 1606 85 28 was
751 1593 164 41 shortly
939 1606 45 27 as
1006 1591 248 42 follows:—

411 1661 104 41 Five
538 1675 123 39 years
679 1662 142 40 before
844 1661 65 41 his
926 1662 103 40 visit
1050 1666 43 35 to
1116 1675 79 35 me,
1211 1661 54 41 he
1286 1660 85 41 had
1388 1660 109 41 been
1516 1660 194 54 working
1732 1673 103 41 very
1852 1659 118 50 hard,

353 1730 45 40 in
422 1731 270 53 preparation
723 1732 64 40 for
807 1731 73 41 the
903 1730 313 42 examinations
1239 1730 198 42 required
1459 1731 65 40 for
1546 1731 66 40 his
1636 1744 126 28 entry
1784 1730 92 41 into
1899 1728 71 42 the

352 1800 163 41 service
537 1800 44 41 of
611 1814 80 27 one
713 1801 42 40 of
787 1800 72 41 the
881 1800 146 54 public
1059 1800 303 54 departments.
1424 1800 171 54 Curing
1626 1800 87 41 this
1736 1799 149 55 period
1917 1799 51 40 he

353 1869 156 55 sought
530 1870 247 41 recreation,
795 1870 109 41 from
922 1870 102 41 time
1048 1875 42 36 to
1109 1871 115 40 time,
1239 1871 45 39 in
1302 1871 175 52 boating
1494 1886 8 35 ;
1526 1871 78 40 but
1625 1871 35 39 it
1684 1884 85 26 was
1787 1868 184 55 thought

353 1939 58 54 by
434 1939 65 40 his
522 1939 161 41 friends
707 1945 94 35 that
821 1939 55 41 he
899 1939 173 41 exerted
1093 1939 176 41 himself
1300 1944 70 36 too
1394 1939 130 41 much
1546 1940 46 40 in
1616 1940 94 41 that
1734 1955 104 40 way.
1901 1941 69 40 He

354 2022 86 27 was
463 2009 99 50 also,
585 2009 336 54 unfortunately,
943 2012 45 37 at
1011 2008 72 42 the
1105 2023 117 27 same
1244 2009 114 49 time,
1381 2009 222 54 subjected
1626 2015 42 36 to
1691 2023 25 27 a
1736 2010 108 55 good
1875 2009 96 42 deal

353 2079 46 40 of
432 2078 231 42 emotional
699 2079 273 51 excitement,
1005 2079 141 54 owing
1183 2085 43 34 to
1264 2079 333 41 circumstances
1633 2079 45 42 of
1714 2094 24 26 a
1774 2079 197 55 personal

354 2153 164 37 nature.
581 2149 44 40 It
657 2162 85 28 was
764 2148 125 42 when
912 2148 204 42 suffering
1147 2149 109 41 from
1289 2149 74 42 the
1385 2149 259 42 exhaustion
1666 2149 85 42 and
1783 2149 185 42 disturb-

356 2233 103 26 ance
489 2218 213 54 produced
734 2219 56 54 by
823 2219 120 41 these
976 2219 169 41 various
1177 2233 160 28 causes,
1359 2220 95 41 that
1485 2220 53 42 he
1562 2220 93 41 first
1685 2220 135 41 began
1852 2224 43 36 to
1917 2220 51 41 be

355 2288 179 41 affected
558 2288 105 40 with
685 2288 195 50 seizures,
902 2288 140 42 which
1073 2289 69 41 his
1163 2289 183 42 medical
1379 2295 228 36 attendant
1636 2289 195 42 believed
1855 2295 41 35 to
1919 2289 50 41 be

355 2358 45 40 of
431 2357 72 41 the
524 2363 153 35 nature
705 2358 45 40 of
778 2358 227 54 catalepsy.
1067 2359 136 41 These
1225 2360 169 41 attacks
1426 2361 136 40 began
1587 2360 104 40 with
1713 2374 24 26 a
1759 2359 209 54 dropping

355 2426 44 41 of
430 2426 73 41 the
524 2426 99 54 jaw,
644 2425 84 42 and
750 2426 215 54 produced
987 2440 25 28 a
1033 2427 84 42 loss
1140 2428 44 40 of
1214 2429 58 40 all
1294 2430 219 41 muscular
1545 2444 142 40 power
1709 2430 65 40 for
1804 2428 164 42 several

354 2496 141 49 hours,
538 2495 182 41 without
762 2509 84 40 any
887 2496 85 41 loss
1014 2497 46 40 of
1097 2498 333 43 consciousness.
1493 2500 119 41 They
1653 2498 233 43 continued
1925 2502 42 37 to

356 2565 132 40 afflict
518 2564 73 41 the
613 2565 168 53 patient
812 2566 110 40 from
952 2566 104 42 time
1089 2571 43 37 to
1156 2568 115 42 time,
1294 2573 44 37 at
1369 2569 207 42 intervals
1599 2570 46 41 of
1673 2575 84 35 two
1779 2583 47 27 or
1848 2569 118 40 three

355 2634 185 49 months,
572 2648 58 39 up
667 2638 43 36 to
747 2634 73 41 the
852 2634 97 43 date
980 2637 44 40 of
1055 2636 68 42 his
1155 2638 103 41 visit
1291 2643 43 37 to
1367 2653 77 28 me.
1506 2640 127 41 From
1666 2640 73 41 the
1770 2639 104 41 first,
1897 2638 72 41 the

357 2703 167 42 attacks
546 2702 160 55 always
728 2703 203 55 deprived
953 2705 74 42 the
1049 2707 167 53 patient
1237 2708 44 41 of
1312 2709 74 42 the
1409 2723 143 40 power
1574 2710 44 41 of
1639 2709 154 55 speech
1816 2709 153 53 during

355 2773 114 41 their
500 2772 310 52 continuance;
841 2774 84 41 and
947 2775 224 53 gradually
1194 2777 121 42 these
1330 2779 171 53 periods
1524 2780 44 40 of
1602 2779 175 41 mutism
1800 2779 169 41 became

355 2857 117 27 more
493 2841 243 55 prolonged,
757 2843 126 50 until,
904 2844 132 41 about
1063 2859 25 27 a
1108 2859 102 41 year
1230 2848 111 42 after
1363 2849 114 42 their
1499 2851 92 40 first
1613 2862 266 29 occurrence,
1898 2847 71 42 the

356 2912 179 41 mutism
577 2912 171 42 became
789 2918 263 49 permanent.
1144 2915 89 43 The
1275 2917 71 42 fits
1387 2918 85 42 had
1523 2919 194 42 changed
1770 2919 43 41 in
1859 2918 111 42 their

354 2982 216 42 character
591 2994 115 29 some
728 2982 172 42 months
923 2983 143 43 before
1091 2984 22 42 I
1135 2998 86 29 saw
1244 2986 113 44 him:
1389 2989 170 42 instead
1581 2990 46 41 of
1651 2989 128 55 being
1799 3001 168 42 passive

355 3052 157 54 during
548 3050 112 43 their
696 3052 230 51 existence,
963 3053 73 42 the
1073 3056 167 53 patient
1283 3058 84 42 had
1404 3060 173 41 become
1615 3060 73 42 the
1726 3059 166 42 subject
1927 3057 43 41 of
