1933 3217
1464 255 90 47 197

600 265 91 31 THE
716 264 138 32 SILKY
883 263 236 33 TAMARIN,

191 405 184 47 appears
408 405 122 31 more
556 391 253 60 prominent
843 392 62 60 by
936 397 78 39 the
1044 404 242 47 projection
1310 389 51 47 of
1383 396 78 40 the
1485 406 71 30 or-

191 467 103 47 bits.

256 544 99 46 One
379 543 50 46 of
454 550 78 39 the
554 544 172 61 allying
755 543 164 46 species
949 544 37 45 is
1016 544 79 44 the
1120 543 163 46 Midas
1306 559 186 29 ursulus
1516 543 50 46 of

194 619 224 62 Geoffroy,
444 620 148 45 which
614 620 38 45 is
677 622 135 43 about
835 627 79 38 the
938 635 123 30 same
1086 620 90 45 size
1200 619 114 46 with
1336 626 79 39 the
1439 635 120 31 com-

192 712 106 30 mon
322 696 199 55 Ouistiti,
541 697 90 45 and
651 697 82 45 has
750 697 79 45 the
850 698 112 44 back
981 696 251 46 undulated
1251 696 113 45 with
1385 712 27 29 a
1429 697 131 45 black

195 774 90 44 and
313 775 155 43 brown
498 774 161 53 colour^
684 773 48 45 in
760 789 27 29 a
815 773 249 45 somewhat
1096 772 170 46 similar
1296 788 190 30 manner
1513 780 45 38 to

193 850 104 44 that
320 865 193 44 species;
549 850 154 45 unlike
727 849 50 54 it,
802 850 222 52 however,
1044 850 90 44 this
1153 849 170 46 animal
1341 866 93 29 was
1449 865 110 45 very

197 926 278 53 ill-natured,
496 926 90 45 and
601 926 182 45 showed
795 927 71 44 his
884 926 126 45 teeth
1028 942 118 44 upon
1163 927 77 44 the
1257 926 114 46 least
1389 926 171 45 motion

196 1018 108 29 near
325 1003 111 54 him,
461 1004 67 44 bit
551 1018 216 45 severely,
785 1019 46 29 or
853 1003 253 45 attempted
1125 1002 51 54 it,
1202 1004 133 44 when
1353 1003 205 45 touched.

200 1078 98 46 One
317 1078 48 46 of
380 1085 78 39 the
479 1085 119 40 most
620 1079 202 61 pleasing
843 1079 48 45 in
914 1094 272 46 appearance
1210 1078 53 54 is.

570 1423 109 37 THE
710 1422 168 39 SILKY
911 1422 278 38 TAMARIN.

572 1528 141 35 Midas
938 1540 246 23 -Geoffroy.

692 1631 133 37 Plate
846 1632 208 37 XXVIII.

204 1735 113 38 Siniia
334 1736 139 45 rosalia,
491 1736 194 36 Linnceus
757 1737 79 37 The
850 1739 95 46 silky
958 1749 174 35 monkey,
1155 1735 153 38 Shaw''s
1324 1736 169 46 Zoology

256 1801 121 37 Midas
394 1802 140 45 rosalia,
558 1801 184 48 Geoffroy
755 1803 118 36 Saint
886 1802 177 45 Hilaire^
1084 1801 182 37 Annales
1286 1801 54 36 du
1354 1802 205 43 Museum^

257 1879 76 23 xix.
363 1880 31 33 p.
412 1867 66 35 121
559 1867 53 36 Le
643 1869 192 43 marikina,
868 1867 191 36 Frederic
1080 1867 162 44 Cuvier^
1269 1866 182 35 Hisioire
1475 1866 87 35 N'a-

259 1931 139 36 turelle
429 1931 65 36 des
522 1932 289 45 Mammiferes.
826 1957 52 7 —
892 1931 151 37 Ouistiti
1074 1932 191 43 marildna,
1300 1931 264 35 Desmaresfs

256 1996 296 45 Mammalogie^
573 2009 34 34 p.
632 1996 61 35 95.

271 2125 117 43 This
410 2130 105 38 neat
538 2124 118 45 little
680 2123 169 45 animal
871 2123 37 45 is
932 2122 191 61 entirely
1147 2122 50 46 of
1219 2138 26 29 a
1268 2123 115 44 clear
1404 2123 158 60 golden

205 2200 179 61 yellow,
408 2200 143 59 palest
575 2215 56 29 on
664 2200 78 44 the
771 2201 111 43 back
913 2200 90 44 and
1035 2199 164 45 thighs.
1269 2200 97 44 The
1396 2199 99 44 hair
1523 2199 38 44 is

206 2291 108 44 very
337 2275 88 45 fine
453 2276 88 44 and
564 2276 134 60 silky,
734 2277 90 44 and
858 2291 45 29 so
932 2276 103 60 long
1068 2291 118 45 upon
1220 2275 78 45 the
1328 2275 117 45 head
1473 2276 90 44 and

205 2352 112 44 neck
340 2366 48 30 as
403 2357 45 39 to
466 2350 110 46 forai
600 2367 26 29 a
649 2358 89 39 sort
761 2351 49 46 of
824 2351 143 45 ruffed
990 2367 147 38 mane,
1164 2351 247 46 somewhat
1436 2350 119 46 simi-

205 2428 67 44 lar
293 2434 46 38 to
357 2433 77 39 the
453 2442 120 29 same
595 2434 99 53 part
710 2428 45 44 in
778 2428 77 44 the
869 2428 105 53 lion,
1001 2428 89 44 and
1121 2428 147 44 which
1297 2427 82 45 has
1401 2441 161 46 gained
