1817 3171
278 217 90 47 156

793 232 91 32 THE
908 232 205 32 CHACMA.

273 360 184 43 became
479 372 234 48 necessary
736 365 46 39 to
807 359 132 45 chain
961 359 97 45 him
1082 365 47 39 at
1153 359 78 45 the
1254 359 104 46 door
1380 358 51 47 of
1452 374 27 31 a
1503 366 137 39 court.

277 435 145 45 There
456 434 57 46 he
552 434 248 62 performed
834 443 77 38 the
947 435 124 46 office
1095 434 50 47 of
1170 451 28 30 a
1242 436 273 62 watch-dog,
1552 437 90 45 and

274 527 110 46 very
404 527 104 30 soon
522 513 182 45 became
719 519 79 39 the
820 519 139 39 terror
981 528 113 30 even
1113 511 50 47 of
1177 513 70 46 his
1265 513 194 61 keepers.
1509 514 133 45 From

275 588 71 46 his
370 588 200 62 ferocity,
594 590 71 44 his
689 605 168 30 master
880 605 94 30 was
1004 590 173 45 obliged
1196 596 45 38 to
1271 596 74 54 get
1368 590 68 44 rid
1460 589 51 46 of
1530 590 111 44 him.

341 667 53 44 F.
418 666 166 46 Cuvier
615 666 162 46 relates
812 666 186 46 another
1032 666 201 46 instance
1257 665 50 46 of
1338 665 185 62 ferocity
1547 666 45 45 in
1616 682 27 30 a

274 741 225 62 specimen
532 743 109 45 kept
675 742 46 46 in
756 743 78 45 the
863 743 162 45 Jardin
1059 744 62 45 du
1156 743 97 45 Roi.
1324 744 111 44 This
1475 758 170 30 animal

278 819 132 45 made
449 819 71 45 his
560 834 155 46 escape
754 819 113 46 from
897 820 70 45 his
1003 835 104 46 cage
1138 827 46 38 to
1224 827 78 38 the
1336 819 227 46 enclosure
1597 820 47 45 in

277 895 149 45 which
465 895 58 45 he
562 911 94 30 was
696 895 216 47 confined.
1005 897 88 44 His
1132 897 162 45 keeper
1332 897 312 61 imprudently

275 972 267 45 threatened
577 973 97 44 him
709 972 114 45 with
855 988 27 29 a
909 972 130 54 stick,
1076 973 149 44 which
1259 988 46 30 so
1339 973 191 45 enraged
1562 974 80 44 the

275 1048 172 46 animal
469 1049 102 45 that
593 1049 58 45 he
675 1049 158 46 darted
855 1065 120 45 upon
998 1050 112 53 him,
1135 1050 90 44 and
1242 1051 145 44 before
1405 1057 79 38 the
1499 1051 144 44 man's

275 1126 166 45 release
465 1126 130 45 could
616 1127 55 44 be
695 1125 204 55 affected,
925 1126 224 45 wounded
1171 1126 97 44 him
1291 1141 46 30 so
1362 1141 199 46 severely
1586 1142 56 30 on

275 1209 80 40 the
393 1203 131 45 thigh
563 1218 49 30 as
650 1208 47 40 to
732 1208 83 56 put
849 1203 71 45 his
955 1202 76 46 life
1058 1202 47 46 in
1135 1203 179 45 danger.
1391 1203 98 46 Nor
1516 1204 131 45 could

277 1295 137 45 every
437 1279 256 46 endeavour
714 1278 171 62 prevail
908 1294 57 30 on
987 1285 79 39 the
1091 1279 170 45 animal
1284 1285 46 40 to
1347 1286 156 39 return
1517 1286 46 39 to
1577 1279 70 45 his

283 1355 316 55 confinement,
628 1355 121 47 until
774 1356 71 45 his
875 1371 103 30 rage
1006 1371 94 30 was
1131 1371 132 30 again
1290 1356 160 45 roused
1484 1357 61 60 by
1569 1357 78 44 the

283 1432 229 62 following
556 1433 254 45 expedient.
893 1433 98 45 The
1027 1433 199 45 keeper's
1271 1433 219 45 daughter
1526 1440 121 38 often

280 1510 209 61 supplied
511 1510 96 45 him
631 1516 114 39 with
769 1508 115 56 food,
909 1510 90 45 and
1018 1510 178 45 seemed
1219 1526 26 29 a
1267 1516 125 55 great
1414 1509 233 47 favourite.

279 1587 91 46 She
394 1586 156 61 placed
579 1586 173 46 herself
774 1593 47 39 at
845 1602 27 30 a
896 1587 105 45 door
1023 1587 198 60 opposite
1244 1593 102 39 that
1370 1585 50 46 of
1444 1594 79 38 the
1545 1602 104 45 cage

279 1664 194 45 through
497 1664 148 45 which
667 1670 79 39 the
769 1663 170 45 animal
961 1663 91 45 had
1075 1670 46 39 to
1143 1679 117 45 pass,
1288 1663 89 45 and
1401 1678 27 30 a
1450 1670 200 55 stranger

281 1740 242 61 appearing
544 1746 47 40 to
616 1755 141 30 caress
779 1740 94 54 her,
901 1747 79 38 the
1005 1740 184 45 chacma
1213 1740 156 45 darted
1391 1755 120 30 upon
1534 1739 112 55 him,

282 1818 86 44 but
406 1833 94 30 was
538 1817 181 46 secured
754 1815 146 48 before
943 1817 58 45 he
1048 1817 131 45 could
1213 1832 102 45 pass
1351 1817 193 45 through
1578 1816 71 46 his

284 1909 118 46 cage.

351 1970 98 46 The
488 1970 200 47 Chacma
721 1970 37 46 is
793 1986 27 30 a
852 1977 155 39 native
1039 1969 50 47 of
1117 1969 169 55 Africa,
1315 1969 47 46 in
1390 1977 78 38 the
1495 1971 157 45 neigh-

285 2048 226 45 bourhood
537 2047 50 47 of
605 2048 79 45 the
708 2047 121 46 Cape
845 2047 49 46 of
911 2047 126 46 Good
1054 2047 144 46 Hope.
1269 2048 98 44 The
1391 2047 145 45 colour
1559 2047 37 45 is
1610 2048 51 46 of

286 2140 27 29 a
335 2124 204 61 greenish
564 2140 47 30 or
632 2124 353 61 grayish-black,
1017 2139 125 46 paler
1171 2139 122 30 upon
1324 2124 78 44 the
1431 2123 88 46 fore
1552 2131 100 53 part

287 2200 50 46 of
364 2207 78 39 the
482 2201 229 45 shoulders
752 2201 91 45 and
885 2201 161 45 flanks.
1122 2201 98 46 The
1256 2201 113 44 neck
1404 2200 38 45 is
1478 2201 177 45 clothed

289 2277 115 46 with
427 2278 102 61 long
550 2277 114 54 hair,
681 2277 47 45 in
753 2278 76 45 the
854 2276 111 47 form
989 2276 50 47 of
1060 2293 27 30 a
1109 2293 149 38 mane,
1285 2277 147 44 which
1455 2276 81 45 has
1561 2275 93 46 fur-

288 2354 161 46 nished
472 2354 212 61 GeofFroy
708 2353 114 46 with
845 2369 28 31 a
895 2361 227 39 character
1151 2353 65 46 for
1237 2361 78 38 the
1337 2368 133 30 name
1493 2353 57 45 he
1572 2353 82 45 has

291 2432 224 45 attached.
585 2432 97 44 The
706 2432 102 44 skin
831 2430 51 46 of
896 2431 78 45 the
996 2430 95 46 face
1114 2430 90 46 and
1227 2428 275 48 extremities
1521 2444 74 31 are
1613 2428 48 47 of

294 2523 27 30 a
342 2508 372 61 purplish-black,
738 2508 197 46 relieved
964 2507 171 47 around
1165 2513 79 40 the
1271 2521 105 48 eyes
1400 2508 60 59 by
1484 2521 27 30 a
1534 2506 123 61 paler
