1972 3202
515 293 89 41 120

960 301 91 31 THE
1076 301 359 34 SEMNOPITHECI.

507 436 114 41 than
660 436 78 40 the
775 428 224 64 specimen
1037 429 173 64 figured
1247 432 64 61 by
1347 431 68 46 Dr
1454 431 238 48 Horsfield.
1785 435 96 45 The

508 507 158 47 canine
692 507 128 47 tooth
849 507 39 46 is
917 513 128 40 there
1076 507 247 53 exhibited,
1351 509 210 63 standing
1581 526 158 47 nearly
1775 527 99 30 one-

506 1195 103 47 half
623 1197 152 63 longer
796 1204 114 41 than
931 1204 80 40 the
1043 1206 163 49 others,
1232 1201 91 44 and
1344 1201 189 62 grooved
1556 1216 56 30 on
1639 1201 77 45 the
1753 1198 124 47 inner

508 1273 184 48 surface.
774 1276 98 46 The
896 1275 124 48 chief
1035 1276 236 47 difference
1294 1277 47 46 in
1363 1285 79 39 the
1463 1278 143 45 molar
1627 1277 124 46 teeth
1770 1276 37 47 is
1830 1277 48 46 in

506 1358 79 40 the
607 1358 215 56 posterior
837 1353 178 63 grinder
1030 1353 49 47 of
1088 1353 78 47 the
1188 1354 138 47 lower
1345 1353 92 62 jaw
1459 1355 168 62 having
1644 1354 234 62 distinctly

506 1736 88 46 five
616 1736 163 62 points,
813 1739 149 48 which
986 1740 317 48 distinguishes
1325 1742 38 45 it
1385 1740 113 46 from
1526 1739 350 54 Cercopithecus^

507 1814 91 46 and
626 1815 149 45 which
809 1817 96 45 will
937 1819 57 45 be
1026 1820 147 44 better
1206 1817 272 47 understood
1520 1817 63 61 by
1622 1815 257 62 comparing

507 1898 80 39 the
627 1907 97 31 cuts
769 1908 103 31 now
908 1895 263 47 introduced
1210 1895 114 46 with
1362 1901 128 40 those
1526 1892 352 62 accompanying

507 1976 80 39 the
610 1976 101 38 true
736 1970 227 47 Guenons.

573 2049 67 44 Dr
664 2048 226 47 Horsfield
916 2050 92 45 had
1038 2056 138 40 taken
1207 2050 79 45 the
1315 2050 151 46 Negro
1499 2048 197 60 monkey
1722 2062 48 30 as
1802 2047 77 45 the
1958 2032 11 88 j

509 2131 109 55 type
642 2124 51 46 of
717 2125 91 46 this
831 2125 128 55 foim,
986 2127 200 45 whereas
1220 2128 51 45 F.
1308 2127 165 45 Cuvier
1506 2126 155 45 selects
1693 2125 186 44 another
1958 2111 10 67 j

509 2201 171 46 animal
710 2217 49 30 as
789 2218 121 30 more
939 2203 356 54 characteristic;
1331 2203 90 45 and
1445 2218 68 29 we
1549 2217 74 30 are
1645 2208 78 38 the
1757 2215 121 30 more
1958 2208 9 57 |

508 2278 197 46 inclined
727 2285 46 39 to
797 2278 149 47 follow
959 2280 92 45 this
1074 2285 327 56 aiTangement,
1421 2294 48 30 as
1484 2279 77 44 the
1576 2278 164 45 Doctor
1756 2276 122 45 him-
1958 2290 7 28 i

510 2355 90 46 self
614 2357 203 44 observes
842 2356 103 45 that
970 2356 50 46 S.
1040 2372 194 29 maurus
1260 2356 38 45 is
1325 2370 121 30 more
1475 2360 154 40 robust
1664 2353 48 46 in
1742 2369 136 30 make
1956 2371 7 26 i

510 2433 114 46 than
646 2432 59 46 its
724 2448 251 46 congeners,
993 2433 90 45 and
1101 2439 77 39 the
1202 2433 174 45 slender
1398 2437 277 56 proportions
1698 2446 75 31 are
1797 2446 82 31 one

512 2509 51 46 of
577 2510 78 46 the
677 2509 96 46 first
792 2510 248 45 characters
1058 2510 149 45 which
1231 2508 138 47 strike
1391 2514 79 41 the
1489 2507 239 48 attention.
1782 2509 96 44 The

511 2586 171 48 animal
704 2602 70 31 we
797 2586 149 47 allude
969 2592 46 40 to
1039 2586 52 55 is.
