2125 3524
363 255 54 40 32

852 271 87 31 THE
972 271 244 34 D1S0RDEUS
1248 275 53 31 OF
1332 276 174 32 SPEECH.

361 382 227 50 thoroughly
605 387 168 36 rational.
827 388 59 36 He
904 389 132 47 taught
1053 389 82 37 that
1152 390 63 36 the
1235 396 305 31 encouragement
1565 392 39 35 of
1618 392 62 36 the
1698 393 101 35 voice
1824 404 73 24 was
1921 392 61 37 the

361 441 74 49 key
452 447 38 32 to
508 444 64 37 the
591 446 204 48 difficulty;
817 449 72 34 and
908 450 280 35 recommended
1201 449 91 36 that,
1307 466 37 19 ai
1362 451 63 35 the
1436 450 200 48 beginning
1648 454 33 31 ot
1700 451 58 35 his
1775 456 206 41 treatment,

361 502 64 36 the
459 508 215 33 stammerer
706 506 135 36 should
874 512 182 31 maintain
1090 507 62 36 the
1186 509 103 35 voice
1318 519 39 25 as
1382 509 261 36 continuously
1675 522 39 23 as
1738 509 168 48 possible,
1932 509 48 47 by

360 562 230 50 interposing
608 565 62 35 the
687 566 119 35 vowel
824 566 118 35 sound
961 568 20 18 "
994 565 45 37 eh
1053 566 17 18 "
1088 566 166 36 between
1271 567 64 35 the
1352 568 118 35 words
1488 568 39 35 of
1549 580 21 24 a
1587 573 167 31 sentence
1770 582 9 30 ;
1803 569 73 35 and
1902 568 79 36 that

361 622 214 37 afterwards
604 624 47 36 he
681 624 134 37 should
846 626 130 35 enable
1004 625 153 36 himself
1178 631 38 31 to
1243 627 169 35 dispense
1431 627 90 35 with
1548 627 76 36 this
1649 627 168 36 artificial
1842 627 70 46 aid,
1931 628 48 46 by

361 682 179 47 studying
558 683 63 36 the
636 684 209 36 individual
859 689 201 31 consonant
1078 685 136 35 sounds
1231 697 38 24 as
1287 685 127 36 shown
1432 686 38 35 in
1491 686 57 35 his
1566 685 108 37 table,
1693 686 73 36 and
1793 687 107 45 using
1919 686 60 36 the

362 742 104 35 voice
483 742 40 35 in
540 742 98 36 their
655 743 221 46 production
895 743 107 36 when
1020 744 102 35 voice
1140 744 112 36 forms
1270 756 68 24 one
1355 744 40 36 of
1409 744 97 36 their
1522 744 128 36 constit
1659 748 88 32 uent
1762 756 185 24 elements.

410 847 54 36 As
481 851 38 33 to
537 848 64 36 the
618 848 191 37 literature
827 849 40 36 of
882 849 62 36 the
962 850 151 46 subject,
1133 850 64 36 the
1210 850 80 36 best
1307 851 118 35 works
1448 851 82 35 that
1546 850 94 36 have
1659 862 102 24 come
1784 849 118 36 under
1919 861 61 35 my

362 906 121 35 notice
500 918 135 23 are:—

361 986 68 46 (1.)
455 987 79 35 The
553 987 163 35 Treatise
734 987 40 35 of
790 987 54 35 Dr
861 987 89 35 Neil
964 989 138 34 Arnott
1116 1000 47 23 on
1182 989 101 35 Voice
1301 990 76 35 and
1392 990 134 46 Speech,
1540 990 201 48 beginning
1757 992 38 33 at
1811 1001 34 35 p.
1863 989 67 35 629
1948 988 39 35 of

410 1044 59 35 his
487 1045 103 35 work
608 1057 47 22 on
672 1044 64 35 the
754 1045 180 35 Elements
950 1046 40 45 of
1003 1046 157 46 Physics,
1180 1046 64 35 5th
1264 1047 161 36 Edition.

362 1103 68 47 (2.)
457 1102 169 36 Melville
646 1102 111 36 Bell's
774 1103 99 36 little
891 1104 102 34 work
1011 1116 48 23 on
1076 1104 64 36 the
1157 1104 128 36 Faults
1303 1105 39 46 of
1354 1105 135 47 Speech.

362 1162 68 46 (3.)
457 1161 171 36 Merkel's
646 1161 222 46 Physiologie
885 1162 60 35 der
962 1163 250 35 menschlichen
1229 1163 161 46 Sprache,
1411 1165 101 34 18G6.

361 1222 69 48 (4.)
455 1221 234 37 Kussmaul's
706 1225 101 44 great
831 1222 129 36 article
985 1235 49 23 on
1059 1222 65 36 the
1143 1225 21 17 "
1177 1223 263 36 Disturbances
1458 1224 39 36 of
1511 1224 170 36 Speech"
1706 1225 41 35 in
1772 1225 211 35 Ziemssen's

416 1280 222 47 Cyclopcedia
656 1280 42 46 of
710 1281 190 46 Medicine,
918 1281 72 36 vol.
1011 1281 73 35 xiv.

361 1341 67 47 (5.)
454 1341 81 35 The
551 1353 89 23 very
658 1340 173 36 valuable
851 1341 188 35 historical
1057 1341 126 35 article
1201 1341 49 47 by
1265 1341 224 45 Guillaunie,
1508 1341 156 36 entitled
1683 1344 19 18 "
1718 1342 267 45 Be'gaiement,"

411 1402 39 34 in
469 1401 63 35 the
551 1401 247 35 Dictionnaire
812 1401 186 45 Encyclop.
1018 1401 58 35 des
1093 1401 153 35 Sciences
1264 1401 203 36 Me'dicales.

411 1483 80 35 The
508 1482 128 36 reader
654 1482 82 35 who
754 1482 32 35 is
802 1482 201 35 interested
1028 1482 41 35 in
1093 1482 64 36 the
1182 1482 142 36 subject
1348 1482 79 36 will
1452 1482 77 36 find
1554 1495 21 23 a
1600 1481 70 38 full
1696 1486 153 32 account
1875 1482 39 35 of
1936 1483 45 34 its

362 1542 261 47 bibliography
656 1541 41 35 in
731 1540 232 37 Kussmaul's
996 1541 136 36 article.
1193 1541 203 36 Kussmaul
1437 1541 102 36 truly
1575 1541 163 36 remarks
1771 1541 82 36 that
1886 1543 22 18 "
1921 1541 62 36 the

362 1603 192 35 literature
584 1601 39 36 of
649 1600 76 36 this
754 1601 248 35 impediment
1031 1600 40 36 of
1097 1600 131 47 speech
1258 1601 66 35 has
1350 1601 154 35 reached
1522 1612 193 24 enormous
1735 1600 248 43 dimensions;

364 1674 110 34 every
491 1672 182 36 possessor
699 1660 39 36 of
764 1672 45 23 an
833 1659 281 36 establishment
1138 1659 57 35 for
1219 1659 64 36 the
1308 1664 198 31 treatment
1531 1659 39 35 of
1588 1660 197 46 stuttering
1810 1671 113 23 seems
1949 1665 36 29 to

363 1723 95 34 have
476 1721 93 35 been
585 1719 202 36 impressed
812 1718 92 36 with
934 1718 63 36 the
1026 1718 83 36 idea
1126 1718 81 36 that
1234 1718 63 36 the
1326 1719 169 35 interests
1525 1718 39 35 of
1590 1718 174 47 suffering
1789 1718 194 46 humanity

363 1779 241 38 necessitated
637 1778 59 35 his
729 1789 224 35 appearance
986 1789 38 23 as
1057 1789 48 23 an
1137 1776 142 36 author.
1331 1776 113 36 Their
1476 1776 163 35 treatises
1671 1787 139 35 possess
1842 1787 48 23 on
1923 1775 61 36 the

362 1850 153 25 average
532 1837 113 36 about
663 1848 38 24 as
719 1835 112 35 much
850 1835 108 36 value
975 1847 39 23 as
1030 1835 64 35 the
1112 1840 148 30 current
1290 1833 209 49 pamphlets
1517 1846 46 23 on
1585 1833 255 47 Balneology."
