2107 3450
1765 263 85 42 303

686 269 151 32 MOTOR
873 270 191 32 APHASIA
1099 260 256 55 (APHEMIA).

192 394 181 55 subject,
399 394 71 41 the
505 392 205 58 probable
745 393 209 41 situation
992 393 46 39 of
1069 392 87 41 this
1180 392 255 42 sub-centre
1459 394 66 39 for
1550 391 239 58 phonation
1814 396 36 41 is

193 465 220 44 indicated
448 467 42 39 in
526 465 88 42 Fig.
645 466 23 41 G
698 465 50 42 by
779 463 70 43 the
886 464 130 40 letter
1044 464 33 50 b,
1102 464 41 40 in
1172 464 72 41 the
1269 465 162 41 shaded
1457 479 111 28 area.
1633 465 91 42 The
1748 466 101 43 sub-

191 544 145 35 centre
374 539 60 39 for
467 538 74 40 the
574 537 89 41 oral
691 536 279 42 articulative
1009 535 267 44 mechanism
1303 537 119 54 (lips,
1447 542 173 50 tongue,
1644 537 98 57 etc.)
1767 538 82 44 lies

191 609 167 42 further
382 609 120 41 back,
526 609 43 41 in
604 609 76 42 the
703 609 237 42 ascending
970 607 161 42 frontal
1163 608 299 42 convolution,
1484 612 46 38 at
1552 609 83 41 and
1661 610 135 42 about
1818 626 30 35 c,

190 687 85 42 and
298 701 138 28 seems
469 686 91 43 also
593 690 44 38 to
665 685 164 44 extend
852 686 257 42 backwards
1147 691 42 37 to
1226 686 73 42 the
1337 686 358 43 neighbourhood
1731 689 44 40 of
1808 690 40 49 d,

188 759 45 41 in
259 758 71 43 the
354 758 237 56 ascending
614 758 185 56 parietal
822 757 318 44 convolution.1
1203 758 131 52 Here,
1360 758 121 43 then,
1505 764 46 36 at
1573 759 21 41 b
1618 759 45 41 in
1688 760 90 56 Fig.
1805 763 40 55 6,

190 845 62 27 we
291 830 111 43 have
440 830 187 43 denoted
668 830 73 43 the
781 830 206 56 probable
1023 834 148 38 centre
1207 832 65 40 for
1307 831 244 56 phonation
1593 831 94 55 (the
1723 834 122 41 vocal

190 902 314 57 mechanism);
536 902 87 43 and
646 906 46 39 at
714 918 18 27 c
755 903 85 41 and
864 903 29 41 d
913 902 74 43 the
1011 907 147 38 centre
1182 903 66 42 for
1280 903 76 43 the
1389 909 274 37 movements
1695 905 44 41 of
1773 905 73 43 the

186 974 98 56 lips,
304 980 172 51 tongue,
491 979 78 38 etc.
595 975 90 56 (the
704 975 91 42 oral
814 974 280 44 articulative
1113 975 304 57 mechanism).
1471 976 218 43 Whether
1707 991 46 28 or
1772 983 77 37 not

188 1047 74 42 the
295 1048 91 41 foot
418 1048 48 42 of
494 1048 75 42 the
602 1048 117 42 third
754 1048 162 42 frontal
940 1048 298 42 convolution,
1261 1053 45 37 at
1329 1064 39 35 a,
1391 1050 36 41 is
1451 1049 138 56 really
1614 1050 74 42 the
1711 1056 136 37 store-

188 1119 136 42 house
357 1119 45 43 of
435 1120 73 43 the
530 1120 186 56 guiding
738 1120 331 56 psycho-motor
1090 1120 194 56 pictures
1308 1120 66 42 for
1397 1121 170 55 spoken
1590 1123 170 54 speech,
1784 1138 63 28 we

187 1196 120 38 must
329 1191 137 43 leave,
488 1192 67 42 for
578 1192 73 42 the
674 1196 188 51 present,
886 1206 54 28 an
965 1207 112 41 open
1102 1192 205 56 question
1326 1209 9 37 ;
1369 1193 79 41 but
1487 1208 61 27 we
1581 1207 102 42 may
1717 1196 130 41 make

188 1277 102 29 note
328 1264 44 41 of
410 1264 74 43 the
522 1265 89 41 fact
647 1268 108 47 that,
779 1263 213 56 although
1030 1264 47 41 in
1117 1264 74 42 the
1228 1264 136 42 lower
1402 1265 186 42 animals
1628 1271 218 38 electrical

187 1334 277 42 stimulation
509 1336 47 40 of
595 1335 88 42 this
727 1334 286 43 convolution
1056 1350 28 27 a
1126 1349 184 41 appears
1347 1339 44 37 to
1435 1335 52 42 be
1531 1336 231 55 incapable
1806 1339 47 40 of

187 1407 196 42 exciting
418 1407 222 42 muscular
676 1411 274 38 movements
974 1407 45 41 in
1044 1407 75 42 the
1146 1407 158 56 larynx
1332 1421 47 27 or
1414 1408 169 50 mouth,
1605 1412 76 52 yet
1703 1409 44 41 in
1773 1410 77 42 the

186 1478 166 42 human
375 1478 170 55 subject
568 1492 23 28 a
614 1478 269 42 destructive
915 1477 141 43 lesion
1080 1483 46 37 at
1148 1493 28 26 a
1197 1478 38 43 is
1258 1492 111 29 even
1394 1493 118 28 more
1537 1479 241 44 disastrous
1802 1486 45 37 to

184 1550 159 55 speech
367 1550 106 42 than
497 1550 108 42 such
628 1564 24 28 a
674 1550 139 42 lesion
835 1553 47 39 at
903 1549 35 52 b,
961 1565 29 27 c,
1014 1564 47 28 or
1083 1551 38 41 d.

335 1706 151 56 Effects
507 1707 50 55 of
571 1706 138 43 Motor
730 1705 202 57 Aphasia
953 1720 117 42 upon
1093 1707 65 42 the
1178 1706 267 43 Production
1468 1708 51 55 of
1533 1707 160 44 Speech.

247 1828 35 42 1.
318 1827 182 43 Spoken
554 1827 539 43 Speech.—Destruction
1137 1827 45 42 of
1234 1826 173 45 Broca's
1459 1829 286 43 convolution
1791 1830 59 57 (B

184 1901 47 41 in
267 1899 89 56 Fig.
393 1900 44 55 6)
470 1900 178 42 renders
682 1900 75 42 the
790 1899 262 56 production
1091 1899 48 42 of
1172 1900 168 55 spoken
1379 1901 160 54 speech
1578 1901 268 42 impossible.

185 1971 106 42 This
314 1971 146 42 would
483 1972 53 42 be
560 1971 74 42 the
656 1971 96 51 law,
779 1977 187 36 without
999 1971 231 43 exception
1265 1986 46 28 or
1342 1972 312 54 modification,
1679 1989 111 28 were
1814 1976 36 41 it

187 2049 77 36 not
286 2044 66 41 for
379 2043 75 42 the
487 2043 222 42 existence
742 2043 46 42 of
817 2043 75 42 the
927 2047 20 16 "
967 2042 278 43 uneducated
1279 2049 148 37 centre
1461 2044 43 42 of
1537 2045 75 42 the
1647 2052 200 49 opposite

186 2114 312 43 hemisphere."
575 2115 146 42 When
776 2115 74 42 the
903 2115 215 42 educated
1171 2115 287 42 convolution
1511 2116 37 41 is
1602 2117 246 44 destroyed,

186 2187 212 57 thoughts
436 2188 182 55 seeking
655 2186 252 43 expression
948 2201 72 27 are
1060 2187 170 41 thrown
1269 2202 118 40 upon
1432 2188 76 42 the
1547 2203 107 42 very
1692 2197 157 51 scanty

184 2274 221 29 resources
428 2260 46 41 of
505 2259 89 43 this
618 2259 275 43 uneducated
929 2259 295 42 convolution.
1289 2259 85 43 We
1398 2260 112 43 have
1544 2261 177 57 already
1745 2277 103 29 seen

184 2332 97 42 how
304 2332 132 41 much
461 2332 85 41 and
569 2331 98 43 how
701 2330 116 43 little
841 2331 89 42 this
958 2331 285 42 convolution
1269 2345 79 29 can
1373 2332 54 43 do
1460 2332 46 43 in
1530 2333 107 42 such
1662 2334 186 44 circum-

184 2409 186 38 stances.
434 2404 53 42 In
527 2418 119 28 some
690 2418 132 38 cases,
860 2404 36 41 it
934 2417 80 29 can
1059 2403 55 42 do
1153 2404 187 56 nothing
1376 2410 46 37 at
1461 2405 73 52 all,
1566 2406 75 43 the
1675 2409 175 54 patient

184 2477 131 42 being
349 2476 163 43 unable
548 2481 44 37 to
628 2477 108 41 emit
770 2491 86 42 any
892 2476 231 43 articulate
1159 2477 142 42 sound
1339 2478 231 43 whatever.
1637 2480 53 41 In
1725 2482 125 42 other

185 2563 130 37 cases,
338 2549 75 43 the
446 2548 277 43 uneducated
746 2555 148 37 centre
930 2563 100 43 may
1054 2549 150 43 suffice
1229 2550 66 42 for
1324 2550 75 43 the
1423 2551 206 42 emission
1654 2554 46 39 of
1730 2568 120 30 some

184 2618 226 57 recurring
433 2623 238 47 utterance,
695 2633 59 36 or,
777 2619 141 42 under
941 2619 283 43 excitement,
1258 2634 120 28 some
1412 2620 71 42 old
1521 2621 193 44 familiar
1746 2624 103 42 oath

184 2703 46 28 or
272 2690 126 43 other
440 2690 311 43 conventional
790 2691 266 56 expression.
1142 2692 53 41 In
1241 2692 127 43 other
1410 2708 134 38 cases,
1588 2696 141 54 again,
1776 2696 74 43 the

185 2762 141 42 words
348 2777 67 41 yes
437 2763 84 41 and
546 2777 64 38 no,
634 2763 85 42 and
754 2764 186 55 perhaps
974 2778 24 27 a
1032 2765 83 41 few
1148 2764 160 53 others,
1330 2780 102 42 may
1457 2766 53 43 be
1543 2768 183 43 emitted
1762 2770 87 41 and

184 2833 107 42 used
314 2834 338 56 appropriately.
717 2835 83 44 We
824 2836 111 42 have
963 2836 179 55 already
1166 2836 225 44 discussed
1426 2838 123 43 these
1573 2841 277 41 capabilities

234 2943 13 24 1
276 2944 48 36 In
353 2943 65 38 the
446 2957 114 36 orang
589 2950 151 45 outang,
759 2946 77 37 this
860 2959 84 24 area
967 2959 119 25 seems
1108 2952 69 32 not
1201 2952 39 33 to
1265 2949 138 36 extend
1422 2962 39 24 so
1479 2949 58 37 far
1555 2950 97 37 hack
1672 2964 39 24 as
1730 2956 38 33 to
1787 2953 64 37 the

184 3005 203 47 ascending
400 3006 157 48 parietal
574 3006 244 37 convolution
834 3021 6 23 :
861 3008 31 35 it
906 3020 118 24 seems
1039 3013 38 32 to
1091 3008 47 37 he
1152 3009 173 36 confined
1342 3014 37 32 to
1394 3010 64 37 the
1477 3011 204 50 ascending
1700 3013 150 38 frontal.

185 3066 70 37 See
272 3066 187 48 diagrams
483 3066 40 37 of
547 3066 64 37 the
639 3066 107 39 brain
773 3067 40 36 of
837 3067 63 37 the
920 3080 201 37 macacqne
1140 3070 167 48 monkey
1325 3071 75 36 and
1420 3071 64 36 the
1504 3084 115 36 orang
1638 3076 152 47 outang,
1809 3074 42 37 in

184 3139 47 26 an
250 3127 130 37 article
398 3127 50 49 by
467 3127 45 37 V.
535 3128 174 49 Horsley,
729 3128 215 38 Nineteenth
965 3128 168 49 Century,
1154 3130 102 37 Jnne
1277 3134 103 35 1891.
