1933 3302
1616 143 51 38 29

346 152 141 30 Verlauf
507 150 58 31 des
591 147 317 33 Hospitalbrandes:
938 148 26 30 1.
990 146 60 30 der
1076 145 126 31 milden
1229 145 156 31 Formen.

66 262 38 37 in
134 260 60 37 die
224 259 281 38 Schusswunde
545 257 217 50 eingelegte
798 254 198 39 Haarseile
1037 253 73 37 den
1148 252 307 50 Hospitalbrand
1493 252 71 36 mit
1601 250 68 38 der

64 317 178 47 grössten
271 312 214 39 Sicherheit
515 311 37 36 in
581 311 68 37 der
677 323 147 37 ganzen
853 308 155 38 Wunde
1039 305 203 40 entstehen
1272 306 153 38 Hessen.

193 365 110 39 Auch
334 366 149 37 Lücke
521 364 253 37 beobachtete
809 363 100 37 1870
939 360 62 39 bei
1042 361 125 36 einem
1197 359 372 39 Weichtheilschuss
1601 357 68 38 der

67 420 131 38 Wade,
231 420 86 38 dass
347 420 59 37 die
436 417 363 49 EingangsöfFnung
838 430 48 24 an
914 413 307 40 Hospitalbrand
1260 413 167 38 intensiv
1457 413 211 38 erkrankte

66 478 70 34 mit
156 473 319 39 ünterminirung
504 471 66 37 der
590 470 117 45 Haut,
738 469 327 39 Einschmelzung
1086 468 67 36 der
1177 465 348 47 Muskelscheiden,
1559 465 108 38 wäh-

67 528 93 37 rend
196 528 59 37 die
284 524 369 52 AusgangsöfFnung
694 524 78 38 und
815 523 83 39 eine
932 523 38 37 in
1010 522 67 37 der
1106 520 112 38 Mitte
1257 520 65 37 des
1355 519 145 39 Kanals
1530 532 138 37 wegen

68 594 102 25 eines
201 579 206 38 Abscesses
445 580 201 47 gemachte
684 576 325 39 Incisionswunde
1050 573 182 39 während
1276 574 65 37 des
1383 587 146 36 ganzen
1570 573 96 39 V"er-

70 634 122 38 laufes
223 647 104 24 nicht
357 632 179 38 ergritten
566 631 167 37 wurden.

350 789 46 39 F.
440 788 212 40 Weiterer
681 788 181 40 Verlauf
888 788 72 39 des
991 785 397 50 Hospitalbraiides.

197 896 43 38 In
271 896 85 38 dem
386 896 177 38 Verlauf,
597 897 65 37 der
691 896 130 37 Dauer
850 896 78 37 und
959 895 86 37 dem
1075 893 190 51 Ausgang
1295 893 123 38 dieser
1449 891 221 39 Krankheit

68 963 102 25 zeigt
199 950 78 37 sich
308 950 88 37 kein
426 950 240 37 bestimmter
687 949 148 49 Typus;
867 949 53 37 sie
951 949 85 37 sind
1065 947 186 39 vielmehr
1272 947 74 37 den
1366 949 180 49 grössten
1569 945 99 39 Ver-

68 1003 310 38 schiedenheiten
414 1003 271 38 unterworfen.
744 1003 151 37 Etliche
926 1001 174 38 Autoren
1137 1001 126 50 geben
1300 1000 64 38 für
1402 1001 73 37 den
1505 998 169 40 Verlauf

70 1058 53 36 im
143 1056 270 38 Allgemeinen
444 1056 82 38 eine
546 1056 129 38 Dauer
703 1069 77 25 von
808 1068 176 38 wenigen
1005 1055 134 50 Tagen
1169 1055 59 38 bis
1258 1067 204 25 mehreren
1481 1053 189 38 Monaten

69 1125 58 23 an.
176 1110 111 38 Nach
307 1110 221 38 Fischer's
550 1109 330 39 Beobachtungen
909 1123 80 23 war
1018 1109 104 37 beim
1150 1113 190 45 pulpösen
1360 1107 310 50 Hospitalbrand

70 1164 60 38 die
159 1164 175 41 kürzeste
365 1164 128 37 Dauer
523 1164 41 46 4,
597 1164 59 37 die
685 1164 151 37 längste
867 1163 49 37 39
948 1162 124 51 Tage,
1104 1162 104 38 beim
1236 1175 201 25 ulcerösen
1466 1161 202 50 Hospital-

70 1218 121 38 brand
221 1217 59 38 die
310 1218 174 37 kürzeste
504 1217 130 38 Dauer
655 1218 34 36 5,
722 1217 60 37 die
810 1217 153 37 längste
994 1217 49 36 97
1066 1216 118 50 Tage.
1234 1230 34 23 v.
1291 1216 147 38 Pitha
1468 1216 108 49 giebt
1607 1229 60 31 an,

73 1272 85 36 dass
186 1271 63 38 bei
279 1271 69 37 den
379 1284 75 24 von
482 1271 80 37 ihm
593 1271 256 37 behandelten
868 1270 136 38 Fällen
1034 1270 60 38 die
1114 1270 130 37 Dauer
1265 1270 67 37 der
1353 1269 221 38 Krankheit
1593 1282 77 24 von

75 1326 21 36 G
126 1338 46 24 zu
201 1325 50 36 40
281 1324 134 50 Tagen
442 1325 172 38 variirte,
645 1325 217 37 recidivirte
898 1323 55 38 sie
983 1324 109 37 aber,
1133 1337 40 24 so
1204 1324 145 36 konnte
1379 1323 54 38 sie
1463 1324 82 37 sich
1574 1323 97 37 über

73 1378 107 38 3—4
209 1377 155 39 Monate
394 1379 231 37 erstrecken.

200 1431 58 38 Im
278 1431 225 38 Einzelfalle
532 1433 150 36 kommt
710 1431 62 37 für
801 1432 73 36 den
895 1430 164 38 Verlauf
1085 1431 78 37 und
1185 1431 73 37 den
1278 1429 189 52 Ausgang
1486 1430 41 37 in
1548 1432 122 35 erster

73 1484 109 37 Linie
222 1484 59 38 die
311 1484 206 39 Intensität
554 1486 65 37 des
650 1484 436 38 Krankheitsprocesses
1126 1484 121 38 selbst
1283 1484 40 37 in
1361 1483 137 38 Frage.
1556 1483 113 38 Nach

73 1538 71 36 den
174 1537 338 52 Beschreibungen
542 1539 65 37 der
627 1537 174 39 Autoren
830 1539 103 36 kann
964 1538 59 37 die
1053 1538 242 50 progressive
1316 1537 258 38 Eigenschaft
1604 1538 65 37 des

71 1590 346 49 Hospitalbrandes
454 1592 40 37 in
531 1592 87 37 sehr
647 1591 298 38 verschiedenen
976 1591 151 37 Graden
1157 1594 194 35 auftreten
1384 1591 79 37 und
1492 1591 106 37 kann
1627 1604 42 24 so

72 1644 165 37 intensiv
266 1645 170 37 werden,
477 1645 85 37 dass
593 1645 54 37 sie
677 1645 73 37 alle
780 1644 252 38 Hindernisse
1062 1645 242 37 überwindet
1332 1645 79 37 und
1441 1645 67 37 der
1536 1644 134 38 Brand

72 1697 117 45 Haut,
218 1697 171 47 Fascien,
419 1698 269 38 Muskellagen
709 1701 69 35 etc.
801 1698 112 37 rasch
933 1698 229 38 durchsetzt.
1203 1698 151 39 Nächst
1374 1699 67 37 der
1462 1698 208 38 Intensität

75 1751 64 37 des
159 1750 432 51 Krankheitsprocesses
620 1752 50 37 ist
699 1752 63 37 für
793 1752 74 37 den
884 1752 166 37 Verlauf
1076 1752 67 37 der
1162 1752 389 50 hospitalbrandigen
1571 1752 98 38 Ein-

74 1803 245 51 schmelzung
338 1806 58 36 die
416 1805 309 38 Beschaffenheit
753 1806 65 37 des
846 1805 220 38 befallenen
1087 1804 184 40 Gewebes
1293 1819 75 24 von
1396 1808 175 48 grösster
1590 1806 79 38 Be-

75 1858 180 49 deutung.
294 1858 43 37 In
368 1859 65 37 der
454 1858 104 38 Cutis
588 1873 30 23 z.
641 1859 44 37 B.
708 1859 182 38 schreitet
920 1859 59 38 die
1001 1858 216 39 Krankheit
1246 1859 114 38 meist
1389 1873 75 24 nur
1491 1860 181 50 langsam

72 1911 93 44 fort,
207 1912 139 37 ebenso
375 1912 39 37 in
444 1915 102 35 alten
575 1911 158 40 Narben
762 1913 78 37 und
881 1913 63 37 bei
983 1913 165 38 tieferen
1179 1913 298 51 Gewebslagen,
1524 1914 49 37 da
1611 1927 59 24 wo

72 1964 149 38 straffes
242 1965 280 51 Bindegewebe
543 1966 59 37 die
624 1965 133 38 Theile
778 1966 212 38 verbindet,
1018 1966 128 38 ferner
1166 1981 58 24 wo
1246 1967 132 38 ältere,
1401 1967 269 38 entzündliche

72 2017 232 38 Infiltration
325 2019 58 37 die
405 2018 162 39 Gewebe
589 2019 228 46 durchsetzt,
850 2020 70 37 wie
942 2034 29 23 z.
986 2020 44 37 B.
1049 2021 62 37 bei
1131 2021 190 38 manchen
1337 2021 331 38 Unterschenkel-

73 2071 260 49 geschwüren.
373 2072 153 38 Ebenso
546 2074 155 36 können
722 2073 126 38 dichte
869 2073 173 47 Fascien,
1074 2075 145 37 welche
1240 2075 113 37 keine
1373 2088 75 24 von
1473 2075 196 37 lockerem

74 2124 280 50 Bindegewebe
384 2126 230 50 ausgefüllte
646 2126 124 38 Poren
799 2128 77 36 und
906 2127 184 38 Maschen
1121 2128 208 38 enthalten,
1362 2129 73 37 den
1465 2128 203 38 Hospital-

75 2177 121 37 brand
214 2178 124 49 lange,
357 2179 41 47 ja
418 2179 120 50 völlig
557 2193 88 24 vom
666 2180 296 50 Tieferdringen
983 2181 193 38 abhalten.
1214 2181 83 38 Auf
1314 2181 123 39 dieses
1458 2182 212 38 Verhalten

77 2230 64 37 des
164 2230 338 49 Hospitalbrandes
533 2233 181 38 beziehen
744 2234 81 37 sich
854 2234 98 37 auch
980 2235 180 49 folgende
1190 2234 192 51 Angaben
1411 2235 257 50 Delpech's:

83 2312 13 16 ,
104 2282 183 51 Weniger
316 2284 213 50 gefährlich
558 2286 130 38 schien
717 2300 71 24 uns
819 2288 66 36 der
914 2287 304 38 Hospitalbrand
1247 2302 49 23 an
1327 2289 66 37 der
1422 2288 248 39 Innenfläche

78 2336 66 38 der
171 2336 114 38 Hand
312 2338 78 37 und
418 2339 66 37 der
511 2338 226 39 Fusssohle,
777 2340 88 37 falls
904 2354 40 24 er
974 2341 82 37 sich
1084 2341 110 37 nicht
1223 2355 45 24 zu
1298 2341 89 38 sehr
1416 2342 87 38 dem
1531 2342 138 38 Hand-

78 2389 141 49 gelenk
261 2390 91 37 oder
392 2391 65 37 der
493 2391 115 38 Ferse
647 2393 171 37 näherte.
879 2393 93 38 Sind
1010 2394 102 38 diese
1143 2394 133 38 Theile
1315 2396 67 37 der
1410 2395 260 51 Vereiterung

80 2443 165 49 weniger
274 2446 242 47 ausgesetzt?
573 2445 86 38 Wie
690 2446 86 37 dem
805 2447 98 37 auch
933 2447 81 37 sein
1042 2461 102 37 mag,
1177 2449 102 37 diese
1309 2449 282 38 Beobachtung
1619 2450 51 37 ist

79 2499 95 33 stets
204 2497 178 48 gemacht
410 2498 155 37 worden
583 2499 78 36 und
683 2499 139 38 ebenso
844 2501 127 37 haben
991 2500 70 38 wir
1082 2501 39 37 in
1141 2502 324 38 oberflächlichen
1487 2503 183 38 Wunden

80 2549 66 37 der
174 2553 179 34 äusseren
377 2550 324 45 Schenkelfläche,
735 2565 56 25 wo
822 2553 81 38 sich
932 2554 84 37 eine
1046 2555 128 38 starke
1205 2554 250 51 Aponeurose
1485 2557 182 46 beflndet,

80 2602 73 37 den
183 2601 128 39 Brand
339 2604 125 49 wenig
493 2603 270 40 fortschreiten
793 2609 151 35 sehen."

363 2723 30 37 1.
422 2723 161 39 Verlauf
610 2723 65 39 der
702 2724 148 45 müden,
881 2726 317 41 oberfläcMiclieii
1226 2729 169 38 Formen.

210 2817 89 38 Man
335 2816 68 38 hat
438 2817 245 47 beobachtet,
730 2819 85 38 dass
849 2820 129 40 solche
1006 2822 106 39 Fälle
1148 2837 97 36 ganz
1275 2826 166 46 spontan
1470 2824 199 39 verheilen

82 2870 163 38 können.
303 2869 245 39 Namentlich
576 2872 61 38 bei
669 2871 192 48 Kranken,
892 2875 144 38 welche
1064 2876 39 37 in
1133 2876 377 51 Privatwohnungen
1539 2878 130 46 lagen,

83 2923 68 37 sah
187 2923 217 50 Delpech
439 2923 167 39 einzelne
641 2924 107 39 Fälle
783 2926 98 38 ohne
912 2928 169 50 jegliche
1110 2929 257 50 Behandlung
1400 2930 139 39 heilen.
1599 2932 70 38 Bei
