2125 3612
691 234 215 47 waiter's
939 246 160 32 cramp.
1670 229 55 43 83

61 375 173 55 writing
266 371 163 44 merely
454 368 125 44 acted
613 383 46 27 as
692 367 74 43 the
799 366 255 55 accidental,
1076 365 194 55 exciting
1294 378 129 28 cause
1451 363 99 42 that
1572 362 145 43 deter-

57 446 146 43 mined
223 445 72 42 the
314 442 177 43 locality
511 442 64 40 for
597 440 75 42 the
694 440 95 41 first
811 452 269 42 appearance
1104 437 45 42 of
1172 437 73 42 the
1264 448 257 44 symptoms.
1578 433 133 51 Quite

52 517 149 55 lately,
219 517 66 41 Dr
300 515 108 42 Fere"
431 513 46 43 of
498 511 142 43 Paris1
663 511 77 42 has
758 509 203 44 recorded
980 523 25 29 a
1026 523 96 29 case
1140 508 46 43 of
1206 507 270 43 Jacksonian
1498 505 212 55 Epilepsy

20 591 4 29 i
53 593 98 38 that
183 588 93 41 first
308 590 66 38 set
404 583 47 45 in
475 582 107 45 with
616 582 119 43 tonic
767 596 145 28 spasm
937 581 45 42 of
1009 581 74 42 the
1108 581 159 54 fingers
1291 578 160 56 during
1472 577 76 43 the
1570 583 73 36 act
1665 576 46 42 of

53 666 184 36 writing.
302 657 71 42 He
403 657 39 42 is
474 655 203 43 disposed
711 660 44 36 to
788 654 131 42 think
954 658 97 37 that
1083 653 123 42 there
1240 665 87 29 was
1360 651 46 41 in
1430 649 99 43 that
1561 662 97 30 case
1687 662 26 28 a

49 730 339 58 predisposition
422 733 44 37 to
499 727 225 56 Epilepsy,
748 726 87 42 and
867 726 98 42 that
997 725 76 42 the
1105 724 181 56 locality
1310 723 44 43 of
1389 722 75 43 the
1487 722 96 41 first
1606 734 102 28 con-

47 803 198 42 vulsions
270 815 86 28 was
379 798 273 44 determined
676 799 57 41 by
757 797 74 43 the
856 798 164 56 fatigue
1043 797 48 42 of
1119 797 76 42 the
1217 799 72 40 act
1311 796 45 42 of
1379 800 187 48 writing.
1632 793 73 41 He

47 874 135 42 refers
226 878 43 36 to
313 872 73 42 the
430 870 297 43 experiments
770 870 45 42 of
859 869 148 43 Schiff,
1048 868 95 43 who
1188 882 143 29 shows
1374 870 98 39 that
1517 865 126 42 when
1683 877 24 30 a

48 945 221 43 muscular
294 948 71 39 act
395 942 230 43 involving
656 941 76 43 the
755 942 273 43 contraction
1053 943 44 41 of
1129 942 105 42 only
1257 956 24 28 a
1303 939 173 44 limited
1501 953 137 42 group
1663 937 48 42 of

48 1017 188 42 muscles
269 1017 38 42 is
340 1030 46 29 so
410 1022 64 36 oft
505 1014 206 43 repeated
744 1028 46 28 as
813 1018 45 38 to
881 1014 160 43 induce
1074 1014 178 56 fatigue,
1276 1014 122 42 there
1422 1013 36 41 is
1481 1009 222 59 produced

46 1090 48 42 in
132 1089 75 43 the
245 1086 339 57 corresponding
620 1100 100 29 area
756 1086 45 43 of
837 1085 75 43 the
950 1086 148 42 Motor
1137 1086 158 42 Cortex
1338 1099 26 27 a
1401 1082 226 44 condition
1661 1080 44 43 of

48 1165 392 39 over-excitement
485 1163 98 37 that
630 1158 129 42 tends
807 1163 45 37 to
905 1158 160 42 invade
1108 1158 76 41 the
1227 1157 142 42 whole
1422 1153 279 56 hemisphere

11 1251 3 23 :
48 1234 45 43 of
136 1233 74 43 the
248 1246 118 29 same
410 1231 104 42 side,
556 1230 88 42 and
687 1229 253 43 ultimately
979 1244 110 28 even
1129 1236 44 35 to
1206 1229 155 42 spread
1395 1233 44 37 to
1472 1228 76 42 the
1580 1226 125 43 other

47 1304 287 43 hemisphere.
398 1303 71 42 He
507 1303 155 41 thinks
699 1301 98 42 that
834 1301 89 42 this
962 1315 173 42 process
1168 1316 102 40 may
1303 1304 187 38 account
1528 1300 65 41 for
1629 1298 76 43 the

45 1375 339 56 generalization
419 1375 47 41 of
496 1374 73 42 the
603 1387 145 28 spasm
782 1373 98 41 that
902 1373 206 42 occurred
1139 1372 47 43 in
1209 1387 119 28 some
1351 1373 45 42 of
1428 1373 76 41 the
1531 1370 173 44 attacks

47 1447 223 42 exhibited
303 1447 59 55 by
399 1446 68 43 his
503 1450 182 51 patient.
748 1444 133 56 Fully
920 1445 250 56 admitting,
1200 1445 216 43 however,
1459 1445 75 42 the
1565 1443 137 56 possi-

45 1518 129 42 bility
198 1518 96 42 that
316 1532 55 28 an
394 1518 204 41 affection
622 1517 44 42 of
685 1516 73 43 the
782 1516 155 55 Spinal
962 1517 114 43 Cord
1099 1532 48 27 or
1170 1517 134 42 Brain
1331 1522 43 37 to
1398 1516 147 43 which
1577 1515 125 43 there

46 1590 177 42 already
240 1590 136 42 exists
398 1590 46 41 in
469 1589 72 42 the
564 1589 172 55 patient
758 1602 25 28 a
805 1594 151 50 strong
978 1589 344 55 predisposition
1342 1603 101 28 may
1465 1589 102 42 thus
1590 1588 114 42 have

46 1662 73 43 the
142 1662 179 42 locality
344 1662 45 42 of
419 1662 58 42 its
502 1662 97 42 first
621 1665 246 52 symptoms
892 1661 276 43 determined
1190 1662 59 55 by
1272 1662 242 55 prolonged
1537 1661 169 56 fatigue

46 1735 44 41 in
118 1735 185 55 writing,
327 1748 62 29 we
423 1748 102 41 may
543 1732 262 44 reasonably
823 1733 79 41 ask
928 1733 198 43 whether
1148 1734 37 42 it
1208 1734 52 42 be
1278 1738 78 38 not
1372 1733 206 57 possible,
1596 1747 111 29 even

47 1808 43 40 in
127 1807 74 41 the
224 1807 184 41 absence
431 1806 47 41 of
507 1805 109 42 such
651 1804 354 56 predisposition,
1028 1805 99 43 that
1161 1806 280 56 Progressive
1475 1805 235 44 Muscular

46 1879 204 56 Atrophy
274 1892 101 42 may
397 1878 46 41 in
467 1892 121 28 some
610 1892 119 28 cases
763 1877 53 43 be
840 1877 175 43 excited
1048 1878 59 56 by
1130 1879 192 43 reckless
1354 1893 274 29 endeavours
1662 1878 49 42 of

46 1951 74 42 the
143 1950 170 55 patient
336 1955 44 36 to
405 1949 208 42 continue
628 1949 75 42 the
719 1949 120 42 work
856 1949 46 41 of
919 1949 176 57 writing
1113 1951 111 42 after
1241 1965 25 29 a
1286 1950 187 43 Fatigue
1491 1951 213 42 Neurosis

45 2024 44 40 in
130 2023 74 41 the
240 2021 115 42 hand
392 2021 78 42 has
505 2021 178 42 become
719 2021 113 55 fully
871 2021 251 56 developed.
1204 2023 188 43 Onimus
1431 2024 189 42 showed,
1659 2024 46 40 in

47 2093 146 46 1876,2
217 2099 96 36 that
335 2093 47 41 in
405 2093 199 50 artisans,
627 2092 109 43 such
768 2107 47 28 as
843 2093 299 53 blacksmiths,
1166 2095 238 56 prolonged
1428 2096 166 42 fatigue
1618 2110 87 27 was

45 2165 179 43 capable
262 2166 46 42 of
347 2179 243 41 producing
632 2164 117 43 what
788 2165 54 42 he
886 2165 141 43 called
1070 2180 24 28 a
1138 2167 295 43 Professional
1477 2168 231 42 Muscular

45 2238 217 55 Atrophy,
285 2251 56 29 an
364 2238 205 42 affection
592 2237 98 42 that
713 2237 53 43 he
789 2238 211 56 regarded
1023 2253 46 29 as
1094 2240 183 43 distinct
1296 2242 113 42 from
1428 2242 277 43 Progressive

46 2309 230 43 Muscular
297 2309 217 56 Atrophy.
570 2309 44 42 It
628 2323 152 39 seems,
797 2309 213 54 however,
1026 2312 308 55 questionable
1355 2314 198 42 whether
1575 2328 24 28 a
1618 2314 88 42 dis-

47 2387 113 36 tinct
182 2380 90 43 line
295 2380 44 42 of
361 2380 297 43 demarcation
682 2395 79 28 can
786 2382 206 55 properly
1017 2382 52 43 be
1093 2383 151 43 drawn
1278 2385 200 44 between
1512 2386 74 42 the
1619 2392 86 36 two

47 2453 225 43 affections
289 2469 9 37 ;
323 2452 87 43 and
427 2467 119 28 some
565 2453 46 42 of
630 2453 75 43 the
721 2454 97 43 best
834 2454 261 44 authorities
1115 2471 115 41 upon
1250 2457 233 44 Muscular
1500 2459 208 56 Atrophy

48 2524 54 42 do
140 2530 77 36 not
248 2525 222 55 recognise
504 2524 74 43 the
612 2525 292 45 distinction.3
968 2527 22 41 I
1025 2527 111 43 have
1170 2534 127 38 notes
1331 2530 45 42 of
1399 2536 86 37 two
1520 2545 119 28 cases
1662 2532 45 40 in

48 2596 143 43 which
217 2610 103 42 very
342 2596 191 57 striking
555 2597 87 42 and
665 2598 227 43 extensive
916 2600 188 56 atrophy
1122 2601 45 42 of
1189 2602 191 43 muscles
1404 2603 140 43 began
1568 2604 45 42 in
1635 2605 75 42 the

50 2669 128 50 hand,
201 2669 85 42 and
319 2683 89 28 was
441 2670 242 43 attributed
719 2670 56 56 by
799 2671 75 43 the
908 2672 206 55 patients,
1138 2674 46 42 in
1219 2675 106 42 both
1360 2690 130 29 cases,
1516 2682 44 37 to
1588 2692 123 28 over-

102 2812 8 20 1
142 2811 156 47 Comptes
315 2811 132 36 rendus
464 2812 57 35 des
538 2814 138 34 stances
695 2812 40 36 de
759 2813 36 36 la
813 2812 141 37 Socie'te'
967 2814 39 35 de
1024 2814 171 48 Biologie,
1216 2816 84 36 Jan.
1326 2820 12 31 1
1347 2817 79 47 Oth,
1451 2820 103 34 1891.

101 2872 13 22 2
140 2872 144 45 Lancet,
307 2875 102 34 1876.

99 2932 15 23 3
139 2933 55 36 As
223 2937 39 33 to
292 2933 64 37 the
385 2933 203 49 frequency
616 2935 93 36 with
736 2935 125 37 which
892 2936 236 48 Progressive
1159 2938 194 37 Muscular
1378 2940 178 48 Atrophy
1582 2948 135 30 results

53 2993 94 36 from
170 2995 137 46 fatigue
336 2994 38 36 in
392 2995 138 48 special
559 3008 139 35 groups
725 2996 39 36 of
792 2996 162 37 muscles
972 2995 218 43 habitually
1209 2999 75 36 and
1310 3001 229 37 excessively
1559 3003 92 35 used
1679 3002 39 37 in

55 3055 139 35 certain
222 3055 249 47 occupations,
492 3068 59 24 see
579 3056 130 36 article
734 3056 51 47 hy
813 3056 223 38 Eulciilmrg
1062 3058 41 36 in
1131 3059 221 36 Ziemssen's
1381 3061 235 47 Cydopmlia,
1645 3063 73 36 vol.

56 3113 88 44 xiv.,
170 3125 33 35 p.
230 3115 65 33 114
314 3127 7 22 :
349 3113 77 36 also
445 3114 129 36 article
594 3115 40 35 in
655 3115 252 49 Eulenlmrg's
926 3117 370 48 Real-encyclopadie,
1315 3119 72 37 vol.
1410 3121 92 45 xiii.,
1521 3133 35 35 p.
1578 3123 81 34 595.
