1972 3202
436 232 58 46 n

663 243 91 30 THE
779 243 88 31 RED
892 242 58 32 OR
974 241 180 31 ASIATIC
1179 241 389 32 ORANG-OUTANG.

433 367 79 45 the
535 367 174 63 fingers.
779 368 98 45 The
900 367 88 46 feet
1012 383 74 30 are
1108 368 117 60 long,
1249 368 217 44 resemble
1488 368 145 45 hands
1657 367 47 46 in
1727 368 78 46 the

434 460 159 44 palms,
614 446 90 45 and
721 445 47 45 in
783 444 168 61 having
967 444 161 45 fingers
1145 450 151 39 rather
1311 444 114 45 than
1447 450 109 48 toes,
1580 446 86 44 but
1690 445 117 45 have

433 521 123 46 heels
600 522 269 60 resembling
912 522 79 44 the
1034 521 187 45 human.
1313 522 97 44 The
1432 528 123 55 great
1598 528 94 39 toes
1733 537 75 30 are

435 613 110 47 very
570 599 136 54 short,
743 614 73 30 are
841 603 67 40 set
932 613 56 31 on
1013 604 47 39 at
1083 598 118 45 right
1231 598 151 45 angles
1406 604 45 40 to
1475 598 78 46 the
1577 597 87 46 feet
1694 599 114 45 close

433 681 47 40 to
503 677 78 44 the
604 676 116 54 heel,
746 676 89 45 and
858 691 74 30 are
955 675 193 62 entirely
1172 675 194 46 without
1388 676 130 45 nails.

558 754 97 44 The
686 768 331 46 orang-outang
1046 752 51 45 of
1123 754 171 45 Borneo
1318 752 37 46 is
1378 752 173 62 utterly
1577 752 232 61 incapable

435 828 50 46 of
507 829 198 62 walking
727 829 48 45 in
799 845 27 29 a
847 829 216 61 perfectly
1088 836 116 38 erect
1238 836 193 54 posture.
1517 830 74 45 He
1626 830 182 61 betrays

434 906 91 45 this
565 906 48 45 in
651 907 69 44 his
761 907 144 44 whole
945 906 191 45 exterior
1174 905 334 55 conformation,
1547 907 90 45 and
1672 922 138 30 never

436 983 196 60 wilfully
656 989 218 38 attempts
913 989 46 38 to
996 989 255 38 counteract
1288 983 58 44 its
1385 984 239 44 tendency.
1720 983 88 45 His

435 1059 118 45 head
575 1059 182 61 leaning
779 1058 205 54 forward,
1005 1059 89 44 and
1117 1058 189 62 forming
1319 1075 26 29 a
1363 1059 297 45 considerable
1679 1061 129 44 angle

437 1135 114 46 with
574 1136 79 44 the
679 1137 128 53 back,
832 1136 169 44 throws
1024 1141 78 39 the
1126 1150 148 30 centre
1299 1134 50 47 of
1368 1136 179 60 gravity
1572 1151 46 30 so
1641 1135 67 46 far
1730 1138 79 43 be-

437 1213 124 60 yond
588 1219 79 39 the
701 1212 353 61 pei-pendicular,
1085 1213 102 44 that
1216 1213 70 44 his
1310 1228 134 38 arais,
1468 1213 92 44 like
1589 1213 78 44 the
1696 1212 113 46 fore-

437 1289 93 45 legs
554 1288 50 46 of
619 1296 126 38 other
763 1289 206 53 animals,
990 1304 73 29 are
1086 1289 205 59 required
1308 1295 46 39 to
1373 1295 183 54 support
1573 1289 79 45 the
1675 1289 133 61 body.

438 1367 56 45 So
513 1365 190 45 difficult
722 1365 162 45 indeed
901 1366 37 44 is
957 1366 36 44 it
1011 1365 64 46 for
1091 1366 96 44 him
1205 1371 46 39 to
1269 1366 113 60 keep
1400 1372 79 39 the
1496 1365 181 61 upright
1692 1365 118 61 posi-

437 1442 97 45 tion
551 1441 65 46 for
635 1458 26 29 a
679 1441 88 46 few
783 1458 195 38 seconds,
997 1443 142 44 under
1156 1443 79 44 the
1254 1442 213 45 direction
1484 1442 49 45 of
1548 1443 69 44 his
1632 1443 176 53 keeper,

438 1525 103 39 that
574 1519 57 44 he
655 1519 36 44 is
727 1519 187 61 obliged,
940 1519 48 44 in
1021 1525 79 39 the
1131 1518 302 61 perforaiance
1457 1518 50 46 of
1528 1520 70 44 his
1621 1525 118 47 task,
1764 1526 46 39 to

437 1596 116 44 raise
576 1596 69 44 his
670 1610 118 30 arms
813 1597 139 43 above
975 1596 70 44 his
1069 1596 130 53 head,
1219 1596 90 44 and
1332 1602 146 38 throw
1501 1596 126 44 them
1646 1596 166 45 behind

438 1672 97 44 him
558 1678 46 38 to
626 1672 113 60 keep
762 1672 70 44 his
855 1672 196 44 balance.
1121 1672 87 44 His
1231 1687 269 45 progi*essive
1517 1678 169 38 motion
1711 1687 55 30 on
1784 1689 28 28 a

439 1749 81 44 flat
557 1747 169 47 surface
754 1748 37 45 is
826 1748 324 45 accomplished
1180 1749 62 59 by
1273 1748 175 60 placing
1477 1748 71 44 his
1575 1749 109 43 bent
1714 1747 98 46 flsts

440 1840 121 30 upon
594 1831 79 39 the
705 1840 186 46 gi’ound,
918 1825 90 44 and
1041 1824 202 60 drawing
1271 1824 70 44 his
1369 1825 120 59 body
1513 1825 205 44 between
1742 1825 70 45 his

442 1917 119 29 arms
580 1918 14 37 ;
636 1901 182 61 moving
847 1901 47 45 in
917 1901 92 45 this
1035 1916 203 38 manner,
1262 1901 58 44 he
1351 1907 199 54 strongly
1572 1901 241 45 resembles

443 1994 27 29 a
492 1993 158 45 person
674 1977 205 45 decrepid
902 1977 47 45 in
972 1977 78 45 the
1079 1978 107 60 legs,
1212 1977 240 60 supported
1476 1992 56 30 on
1557 1977 131 45 stilts.
1759 1978 55 44 In

444 2070 27 29 a
495 2060 116 39 state
636 2052 49 47 of
694 2061 175 46 nature,
894 2054 57 44 he
975 2055 216 59 probably
1216 2054 168 44 seldom
1407 2068 153 30 moves
1584 2054 131 60 along
1737 2054 78 45 the

444 2130 204 60 ground;
685 2130 69 44 his
779 2130 145 44 whole
951 2130 202 44 external
1178 2129 319 45 configm’ation
1522 2129 202 60 showing
1746 2129 69 46 his

444 2205 156 45 fitness
623 2204 64 45 for
710 2205 212 60 climbing
939 2211 115 39 trees
1070 2206 89 43 and
1177 2205 193 60 clinging
1387 2211 45 39 to
1450 2205 117 44 their
1584 2204 230 48 branches.

449 2282 97 44 The
569 2281 154 45 length
747 2281 90 44 and
859 2281 226 60 pliability
1104 2281 49 45 of
1167 2281 69 44 his
1250 2280 158 45 fingers
1427 2281 91 44 and
1540 2287 94 39 toes
1659 2282 157 44 enable

446 2358 98 45 him
579 2364 47 38 to
665 2372 128 45 gi’asp
821 2358 113 44 wi<li
968 2356 173 62 facility
1170 2357 90 45 and
1291 2357 278 54 steadiness;
1613 2358 90 44 and
1738 2358 79 46 the

448 2433 114 46 force
580 2432 50 47 of
643 2434 70 45 his
730 2448 190 31 muscles
944 2449 243 30 empowers
1209 2434 97 44 him
1329 2440 45 38 to
1399 2441 183 52 support
1605 2435 70 44 his
1698 2435 120 59 body

450 2510 65 46 for
538 2526 27 30 a
586 2517 124 55 great
742 2510 156 46 length
933 2509 50 47 of
1006 2510 109 45 time
1149 2512 62 59 by
1235 2525 81 31 one
1346 2510 123 46 hand
1500 2525 46 30 or
1574 2510 102 46 foot.
1744 2510 75 46 He
