2323 3951
1044 287 26 51 6

282 437 24 46 I
331 437 124 48 have
492 438 124 47 been
655 437 47 45 in
732 437 81 46 the
852 451 179 31 charge
1060 433 55 48 of
1144 450 29 31 a
1201 432 298 50 Proportion
1540 435 48 46 in
1632 434 68 49 St.
1727 434 182 49 James'

215 507 172 47 Parish
414 513 51 41 to
493 507 159 46 which
676 505 93 47 Mr.
798 504 134 48 Dick
953 506 39 45 is
1019 512 268 55 appointed
1309 503 76 49 for
1403 506 137 48 these
1560 511 188 56 twenty
1769 521 143 46 years

212 585 125 55 past,
366 577 112 57 and,
508 577 180 47 during
714 581 106 41 that
857 575 188 62 period,
1077 574 24 47 I
1126 574 128 48 have
1287 574 98 48 had
1412 576 229 47 occasion
1667 581 52 42 to
1746 575 164 48 notice

213 648 84 46 the
323 663 203 31 manner
552 647 50 45 in
630 645 159 47 which
827 645 83 46 the
936 645 231 47 different
1208 644 249 64 Surgeons
1493 645 107 47 that
1625 645 126 48 have
1787 646 126 46 been

213 717 270 62 appointed
510 717 48 45 in
585 715 107 47 that
716 716 121 46 time
862 713 76 48 for
962 720 107 43 that
1096 713 211 49 District
1335 715 124 47 have
1486 714 279 63 performed
1786 715 128 47 their

213 788 193 47 duties;
444 786 98 47 and
569 784 25 48 I
617 802 80 31 am
724 785 168 62 happy
918 791 52 41 to
996 801 89 31 say
1110 785 108 47 that
1257 784 96 47 Mr.
1381 785 150 48 Dick,
1558 785 135 47 since
1730 785 62 47 he
1818 801 98 31 was

213 857 285 63 appointed,
526 855 87 47 has
640 855 182 48 earned
848 854 75 48 for
948 853 208 49 himself,
1185 855 51 46 in
1263 871 86 46 my
1369 855 297 48 estimation,
1688 855 98 47 and
1811 855 103 47 also

213 928 49 45 in
289 933 106 40 that
421 925 57 48 of
510 926 83 47 the
634 925 303 48 inhabitants
976 941 110 31 who
1112 924 126 48 have
1282 925 99 47 had
1417 925 83 48 the
1533 925 183 48 benefit
1753 924 58 49 of
1839 924 77 48 his

215 996 226 48 valuable
466 995 230 49 services,
722 995 85 48 the
832 995 197 63 highest
1054 995 252 63 gratitude
1331 995 99 48 and
1454 996 177 62 praise.

287 1066 123 48 This
435 1067 87 46 has
548 1081 160 33 arisen
733 1064 126 48 from
885 1066 76 46 his
987 1071 312 56 promptness
1325 1065 52 47 in
1403 1066 205 63 visiting
1633 1081 152 32 every
1804 1081 111 32 case

215 1136 282 63 personally
522 1137 163 46 which
713 1134 24 48 I
760 1141 110 42 sent
901 1141 52 41 to
978 1134 247 48 him—for
1249 1135 76 47 his
1350 1136 285 47 unwearied
1671 1135 245 49 attention

214 1209 51 45 in
291 1208 84 47 the
399 1206 127 47 skill,
553 1206 52 46 in
632 1206 85 46 the
736 1211 280 42 treatment,
1044 1206 99 47 and
1166 1206 84 46 the
1270 1221 210 33 success,
1507 1206 158 48 under
1684 1206 84 47 the
1787 1205 129 48 bles-

216 1278 112 63 sing
367 1277 59 48 of
461 1275 131 49 God,
620 1274 57 49 of
707 1276 84 47 the
832 1292 266 32 numerous
1124 1291 135 32 cases
1298 1276 62 47 he
1385 1277 87 47 has
1508 1276 237 48 attended
1767 1294 13 38 ;
1819 1276 99 47 and

216 1348 118 56 also,
361 1346 193 47 though
591 1346 92 47 last
710 1351 88 42 not
834 1345 140 48 least,
1001 1345 77 48 for
1104 1345 82 48 the
1213 1346 213 48 humane
1458 1346 197 64 feeling,
1684 1346 236 48 christian

216 1418 98 46 and
339 1417 235 47 soothing
600 1432 203 31 manner
824 1416 50 46 in
895 1415 162 48 which
1082 1416 60 47 he
1164 1431 261 33 converses
1449 1417 120 47 with
1587 1417 77 47 his
1688 1417 232 62 patients.

219 1487 98 48 For
342 1487 141 47 these
507 1501 216 32 reasons,
754 1485 24 48 I
803 1501 80 32 am
906 1486 219 47 satisfied
1150 1486 107 47 that
1282 1485 45 48 if
1352 1487 83 48 the
1462 1486 259 49 Directors
1747 1485 58 49 of
1832 1486 85 48 the

217 1556 198 49 Town's
453 1556 234 48 Hospital
724 1556 127 48 elect
888 1557 102 46 him
1027 1572 53 32 as
1121 1555 238 66 Surgeon,
1398 1557 121 48 they
1554 1557 101 48 will
1689 1557 127 48 have
1852 1572 65 32 no

215 1643 147 32 cause
387 1633 52 41 to
463 1632 176 42 repent
664 1628 127 46 their
817 1627 188 48 choice.

1140 1720 201 51 JOHN
1379 1719 395 60 MITCHELL,

287 1811 86 48 8th
401 1810 136 64 May,
570 1811 148 49 1840.
1202 1810 293 50 Greenhead
1525 1809 323 66 Rope-work.

284 2153 155 50 From
468 2152 106 49 Mr.
607 2155 59 47 A.
694 2153 260 60 Macnab,
985 2153 165 49 Elder,
1178 2155 100 47 and
1309 2153 273 49 Parochial
1611 2153 229 60 Teacher,

815 2225 77 48 St.
918 2225 183 49 James*
1126 2224 208 50 Parish,

290 2340 141 47 With
472 2340 95 47 Mr.
596 2340 150 48 Dick,
787 2356 95 32 one
908 2340 57 48 of
994 2341 84 48 the
1117 2340 214 49 District
1360 2340 248 50 Surgeons
1647 2341 276 48 connected

220 2417 119 41 with
380 2410 70 49 St.
487 2411 184 48 James'
710 2409 193 49 Parish,
935 2411 25 47 I
985 2411 124 48 have
1145 2412 126 47 been
1296 2412 299 47 acquainted
1633 2411 76 48 for
1734 2411 188 48 several

221 2497 159 46 years,
409 2481 98 46 and
528 2481 39 46 it
591 2481 182 47 affords
799 2497 79 31 me
894 2481 83 47 the
1003 2489 215 57 greatest
1238 2482 223 63 pleasure
1480 2488 52 42 to
1552 2483 118 46 bear
1693 2482 83 47 the
1795 2489 129 40 most

218 2550 305 63 unqualified
548 2552 272 47 testimony
845 2557 52 42 to
924 2551 76 48 his
1026 2558 185 41 merits.
1286 2551 108 49 The
1419 2559 313 56 promptness
1757 2552 163 48 which

218 2620 60 47 he
304 2621 183 62 always
514 2620 293 48 manifested
833 2621 52 47 in
910 2622 207 47 visiting
1141 2623 83 46 the
1251 2623 197 47 various
1474 2639 136 31 cases
1633 2623 288 62 prescribed

216 2696 53 43 to
312 2691 118 56 him,
471 2690 84 47 the
595 2691 244 62 assiduity
864 2692 121 47 with
1010 2692 163 47 which
1210 2693 61 46 he
1312 2693 86 46 has
1424 2693 225 47 watched
1687 2709 120 31 over
1844 2693 76 46 his

219 2760 231 62 patients,
476 2760 98 47 and
612 2761 83 47 the
731 2766 141 57 great
909 2777 195 32 success
1130 2762 161 47 which
1324 2763 86 46 has
1447 2779 55 31 so
1539 2761 270 49 uniformly
1846 2770 74 40 at-

221 2830 184 47 tended
431 2830 102 46 him
558 2830 51 47 in
634 2831 84 47 the
744 2831 261 64 discharge
1031 2831 58 48 of
1116 2832 75 47 his
1217 2831 324 65 professional
1567 2833 180 47 duties,
1775 2840 144 40 merit

216 2916 86 47 my
327 2906 224 42 warmest
578 2909 343 55 approbation.

1230 2988 250 49 ALLAN
1522 2988 323 52 MACNAB.

272 3284 143 48 From
447 3286 267 49 William
746 3286 282 60 Thomson,
1059 3289 133 57 Jun.,
1222 3290 133 63 Esq.,
1385 3289 402 64 Superintendent
1809 3292 64 63 cf

862 3356 248 50 Sessional
1138 3359 140 48 Poor.

292 3465 23 48 I
342 3467 123 48 have
486 3467 95 48 had
609 3468 158 62 ample
790 3485 165 31 means
977 3469 55 48 of
1052 3470 250 63 knowing,
1331 3472 103 46 that
1457 3488 28 31 a
1506 3489 133 31 more
1659 3475 256 47 assiduous

219 3536 96 47 and
341 3538 240 48 attentive
611 3537 220 64 Surgeon
859 3540 50 47 in
939 3540 210 49 District
1176 3543 216 61 practice
1419 3542 119 48 than
1567 3542 93 48 Mr.
1689 3545 147 51 Dick,
1866 3545 58 48 of
