2113 3404
423 254 83 41 262

922 270 87 34 THE
1035 273 243 34 DISOHDERS
1310 277 52 30 OF
1394 277 174 34 SPEECH.

419 385 198 42 examine
640 400 24 28 a
685 387 83 42 few
790 393 223 39 sentences
1035 392 45 40 of
1111 393 170 43 written
1305 409 45 27 or
1371 396 161 55 spoken
1556 399 166 54 speecli,
1746 415 61 28 we
1831 403 86 41 find
1940 404 94 42 that

419 455 102 55 only
545 456 73 43 the
640 458 188 43 abstract
850 474 139 28 nouns
1012 463 83 41 and
1118 463 73 42 the
1220 466 171 53 general
1423 470 131 39 terms
1587 483 125 28 occur
1743 472 287 56 individually

420 526 105 41 with
549 541 84 42 any
657 529 291 43 considerable
976 530 231 58 frequency
1231 535 43 40 in
1308 536 199 56 ordinary
1529 540 167 52 speech,
1717 541 85 41 and
1833 543 96 41 that
1960 543 72 43 the

418 595 173 55 specific
633 610 146 28 names
822 598 46 40 of
905 605 196 36 concrete
1133 600 146 56 things
1312 603 52 41 do
1399 617 45 28 so
1479 605 101 55 only
1613 613 44 34 at
1687 607 100 56 long
1818 611 214 42 intervals.

417 664 154 43 Nouns
603 666 46 41 of
678 666 86 42 this
797 667 127 41 latter
956 668 120 52 class,
1109 670 220 52 therefore,
1364 673 126 56 being
1520 675 163 43 seldom
1714 679 209 53 repeated,
1955 694 76 28 can

416 736 127 42 make
576 750 55 27 no
675 751 102 39 very
810 737 106 55 deep
960 739 251 54 impression
1243 755 55 27 on
1332 743 70 41 the
1435 745 352 53 speech-centres.
1851 749 64 41 On
1961 750 72 43 the

416 806 123 42 other
570 807 128 51 hand,
731 808 33 39 if
798 822 62 27 we
891 807 99 42 look
1022 813 45 37 at
1098 810 244 54 adjectives,
1371 815 295 53 prepositions,
1688 818 136 50 verbs,
1858 824 90 45 etc.,
1971 834 62 28 we

419 877 87 40 find
541 876 95 41 that
673 876 125 41 while
834 877 102 54 they
970 891 71 28 are
1073 881 336 55 comparatively
1432 883 81 41 few
1546 884 44 40 in
1623 886 191 51 number,
1838 887 100 55 they
1961 903 70 29 are

416 947 292 55 individually
730 960 116 28 more
870 947 248 55 frequently
1140 950 116 50 used,
1279 951 127 56 being
1428 953 118 42 often
1569 956 209 53 repeated.
1841 957 125 43 Some
1987 961 44 40 of

417 1017 119 41 them
568 1016 101 49 also,
704 1016 106 41 such
842 1030 46 28 as
920 1017 235 54 adjectives
1188 1019 85 41 and
1304 1020 193 52 adverbs,
1529 1036 69 28 are
1630 1023 117 41 often
1782 1025 103 41 used
1927 1032 104 36 with

416 1086 296 43 considerable
744 1086 227 55 emphasis.
1034 1088 121 55 They
1186 1088 210 44 therefore
1425 1091 113 41 fulfil
1571 1092 72 41 the
1675 1098 84 36 two
1791 1096 240 42 conditions

415 1157 250 42 favourable
689 1162 42 36 to
754 1157 134 55 depth
911 1158 43 40 of
984 1158 310 55 imprintation,
1317 1161 85 41 and
1424 1175 67 27 are
1514 1169 75 34 not
1611 1163 133 55 easily
1767 1164 262 43 obliterated.

415 1228 103 43 Still
550 1242 116 27 more
698 1227 228 56 distinctly
948 1242 71 28 are
1042 1228 73 42 the
1138 1234 84 36 two
1252 1231 241 42 conditions
1519 1232 180 42 fulfilled
1721 1234 54 54 by
1799 1234 74 43 the
1895 1236 136 42 words

413 1314 66 41 yes
510 1299 86 42 and
627 1313 65 35 no,
725 1298 140 42 which
900 1313 71 27 are
1009 1299 116 41 often
1158 1300 194 42 retained
1385 1301 123 42 when
1541 1303 58 40 all
1633 1303 86 42 else
1752 1304 36 42 is
1821 1304 93 42 lost.
1979 1306 53 49 If,

415 1371 136 55 again,
575 1384 62 27 we
661 1369 196 42 consider
879 1369 94 41 how
999 1370 267 54 abundantly
1286 1371 73 42 the
1380 1373 154 53 speech
1556 1374 46 40 of
1621 1387 128 42 many
1766 1374 265 43 individuals

414 1442 35 41 is
472 1440 230 56 garnished
726 1440 104 40 with
853 1444 20 16 "
889 1443 146 52 strong
1057 1440 245 54 language,"
1325 1456 62 27 we
1410 1443 108 42 need
1551 1449 74 36 not
1655 1444 51 41 be
1738 1445 217 53 surprised
1986 1449 44 38 to

414 1511 89 41 find
521 1510 106 43 that,
646 1524 123 27 when
794 1510 105 41 such
923 1524 52 26 an
999 1510 244 41 individual
1267 1512 191 42 becomes
1481 1514 184 53 aphasic,
1684 1529 53 26 an
1756 1514 69 41 old
1844 1514 185 42 familiar

414 1582 99 42 oath
557 1595 99 41 may
694 1580 213 54 suddenly
951 1581 51 41 be
1044 1581 180 42 emitted
1266 1582 137 42 under
1445 1583 72 42 the
1558 1591 146 48 strong
1745 1584 201 42 stimulus
1988 1586 42 40 of

413 1652 199 43 emotion.
696 1651 42 41 It
780 1651 83 40 had
907 1651 248 54 previously
1198 1652 106 41 been
1353 1653 154 55 deeply
1549 1654 225 55 engraved,
1815 1654 104 41 both
1972 1655 54 55 by

412 1723 233 54 frequency
671 1721 43 41 of
736 1721 232 54 repetition
991 1721 84 41 and
1098 1721 56 55 by
1177 1722 214 54 emphasis
1415 1723 42 41 of
1479 1724 258 42 expression.

470 1793 90 41 The
582 1792 178 42 opinion
782 1791 77 42 has
882 1791 119 42 often
1023 1792 109 41 been
1155 1793 229 41 expressed
1404 1793 93 41 that
1515 1794 72 42 the
1605 1808 147 28 names
1770 1794 43 41 of
1835 1800 192 36 concrete

413 1865 145 40 things
581 1877 70 27 are
674 1862 136 55 easily
832 1862 216 55 forgotten
1073 1862 179 42 because
1275 1877 63 27 we
1360 1877 79 27 can
1463 1863 125 41 think
1611 1865 46 40 of
1685 1864 105 41 such
1812 1864 146 55 things
1980 1878 44 28 so

411 1948 160 28 clearly
596 1941 184 33 without
801 1932 208 55 recalling
1031 1932 113 42 their
1165 1946 158 28 names.
1387 1933 87 41 But
1499 1933 97 42 this,
1618 1934 43 41 of
1686 1947 158 28 course,
1866 1934 36 41 is
1924 1934 100 55 only

410 2005 182 41 another
616 2017 92 28 way
731 2003 46 41 of
795 2003 153 54 saying
969 2002 98 41 that
1089 2016 62 28 we
1176 2002 52 41 do
1255 2007 76 37 not
1362 2002 160 56 always
1554 2003 207 55 mentally
1784 2008 137 37 repeat
1951 2004 72 41 the

411 2089 148 28 names
591 2074 44 42 of
667 2073 106 43 such
806 2073 162 41 objects
1000 2072 124 42 when
1159 2086 62 28 we
1255 2073 124 41 think
1413 2074 43 40 of
1489 2074 125 40 lliem.
1678 2074 88 41 The
1804 2088 217 40 necessary

410 2146 234 54 frequency
669 2144 43 41 of
735 2142 232 42 repetition
989 2142 36 42 is
1057 2142 170 55 clearly,
1251 2143 221 42 therefore,
1495 2144 43 40 in
1563 2144 85 41 this
1671 2157 105 28 case,
1797 2143 73 42 the
1892 2143 133 42 factor

410 2222 95 37 that
528 2217 34 39 is
588 2214 192 41 wanting
802 2214 64 40 for
889 2213 131 41 depth
1045 2215 45 39 of
1108 2214 312 41 imprintation.

467 2286 136 42 There
627 2299 82 36 are,
732 2284 210 41 however,
964 2297 94 28 rare
1081 2297 116 28 cases
1219 2284 46 40 in
1290 2283 136 42 which
1450 2284 111 40 verbs
1584 2296 70 28 are
1675 2282 84 42 lost
1782 2297 114 28 more
1919 2283 102 41 than

408 2370 164 29 nouns;
604 2354 84 42 and
711 2354 43 42 of
787 2354 86 41 this
900 2353 159 42 special
1090 2353 85 42 loss
1198 2353 44 42 of
1273 2354 124 41 verbs
1429 2367 55 28 no
1516 2353 209 54 adequate
1747 2358 273 49 explanation

407 2429 77 41 has
506 2432 75 50 yet
602 2426 109 41 been
734 2438 138 41 given.
926 2423 242 42 Kussmaul
1188 2425 55 53 (p.
1264 2424 103 54 795)
1384 2424 119 54 gives
1521 2437 23 27 a
1562 2428 99 36 note
1679 2423 43 41 of
1742 2422 105 42 such
1870 2437 23 26 a
1916 2436 102 28 case.

405 2499 130 48 Here,
558 2494 252 43 translated,
832 2494 37 41 is
892 2494 117 40 what
1040 2494 74 41 the
1146 2494 180 54 patient,
1347 2508 25 27 a
1403 2507 100 27 man
1535 2494 95 41 who
1662 2507 86 28 was
1779 2498 21 16 "
1817 2493 202 54 suffering

405 2570 110 40 from
537 2579 177 29 aphasia
737 2564 83 42 and
843 2562 291 56 paraphasia,"
1152 2564 234 41 remarked,
1406 2577 123 28 when
1552 2563 67 41 his
1641 2577 99 28 eyes
1762 2577 109 28 were
1892 2563 126 54 being

404 2636 254 46 examined;
689 2635 75 42 the
785 2634 182 41 missing
990 2633 124 42 verbs
1137 2633 84 41 and
1244 2633 121 41 other
1388 2633 136 41 words
1559 2633 136 41 which
1728 2632 53 42 he
1815 2631 128 42 failed
1974 2636 40 35 to

401 2709 130 43 recall
547 2707 128 54 being
689 2706 127 54 given
832 2705 45 40 in
895 2703 273 42 italics:"I
1187 2707 157 38 cannot
1359 2717 57 27 see
1434 2708 43 36 at
1492 2703 67 40 all.
1613 2702 219 54 Formerly
1852 2702 21 41 I
1891 2700 120 43 could

402 2780 114 51 reacly
539 2775 232 57 especially
794 2775 113 54 large
920 2774 156 54 print;
1110 2774 89 49 but,
1217 2773 216 54 naturally
1454 2773 103 41 with
1582 2773 239 54 advancing
1841 2784 134 42 years,
1992 2769 20 42 I

400 2865 86 29 was
507 2847 155 44 obliged
685 2851 37 37 to
743 2846 102 41 read
867 2844 123 42 small
1015 2844 117 54 print
1153 2844 177 53 through
1350 2843 268 42 spectacles."

459 3000 251 42 OVEKFLOW
742 3005 53 31 OF
826 2993 263 41 EDUCATION
1121 3001 104 31 INTO
1248 3002 86 30 THE
1360 3001 206 31 OPPOSITE
1595 2986 413 46 HEMISPHERE.In

401 3084 116 30 some
551 3080 128 30 cases,
712 3077 138 28 words
883 3062 104 43 such
1023 3075 45 29 as
1105 3075 66 41 yes
1201 3061 84 42 and
1323 3075 62 35 no,
1418 3060 95 52 and,
1547 3058 295 55 occasionally,
1880 3070 131 28 under
