<?xml version="1.0" encoding="UTF-8"?>
<alto xmlns="http://www.loc.gov/standards/alto/ns-v2#" xmlns:xsi="http://www.w3.org/2001/XMLSchema-instance" xsi:schemaLocation="http://www.loc.gov/standards/alto/ns-v2# http://www.loc.gov/standards/alto/alto.xsd">
  <Description>
    <MeasurementUnit>pixel</MeasurementUnit>
    <sourceImageInformation>
      <fileName>b22031261_abbyy.xml</fileName>
    </sourceImageInformation>
    <OCRProcessing ID="OCR_1">
      <preProcessingStep>
        <processingDateTime>2016-02-11T05:40:32</processingDateTime>
        <processingAgency>intranda GmbH, www.intranda.com</processingAgency>
        <processingSoftware>
          <softwareCreator>intranda GmbH, Germany</softwareCreator>
          <softwareName>intranda OCR Module for TaskManager</softwareName>
          <softwareVersion>1.0r42</softwareVersion>
        </processingSoftware>
      </preProcessingStep>
      <ocrProcessingStep>
        <processingSoftware>
          <softwareCreator>ABBYY (BIT Software), Russia</softwareCreator>
          <softwareName>FineReader Engine</softwareName>
          <softwareVersion>10</softwareVersion>
        </processingSoftware>
      </ocrProcessingStep>
    </OCRProcessing>
  </Description>
  <Layout>
    <Page PHYSICAL_IMG_NR="296" ID="PAGE_296" WIDTH="1918" HEIGHT="3140">
      <TopMargin ID="TopMargin_177" HPOS="813" VPOS="261" WIDTH="455" HEIGHT="32">
        <TextBlock ID="TextBlock_1303" HPOS="813" VPOS="261" WIDTH="455" HEIGHT="32">
          <TextLine ID="TextLine_5337" HPOS="813" VPOS="261" WIDTH="455" HEIGHT="32">
            <String CONTENT="THE" ID="Word_42430" HPOS="813" VPOS="261" WIDTH="91" HEIGHT="31" />
            <SP ID="SP_37099" HPOS="905" VPOS="261" WIDTH="22" HEIGHT="0" />
            <String CONTENT="DOUROUCOULI." ID="Word_42431" HPOS="928" VPOS="261" WIDTH="340" HEIGHT="32" />
          </TextLine>
        </TextBlock>
      </TopMargin>
      <PrintSpace ID="PrintSpace_297" HPOS="360" VPOS="245" WIDTH="1391" HEIGHT="2343">
        <TextBlock ID="TextBlock_912" HPOS="392" VPOS="245" WIDTH="58" HEIGHT="43">
          <TextLine ID="TextLine_5336" HPOS="392" VPOS="245" WIDTH="58" HEIGHT="43">
            <String CONTENT="86" ID="Word_42429" HPOS="392" VPOS="245" WIDTH="58" HEIGHT="43" />
          </TextLine>
        </TextBlock>
        <TextBlock ID="TextBlock_914" HPOS="360" VPOS="384" WIDTH="1391" HEIGHT="2204">
          <TextLine ID="TextLine_5338" HPOS="364" VPOS="384" WIDTH="1364" HEIGHT="62">
            <String CONTENT="vvallsj" ID="Word_42432" HPOS="364" VPOS="384" WIDTH="137" HEIGHT="52" />
            <SP ID="SP_37100" HPOS="502" VPOS="398" WIDTH="30" HEIGHT="0" />
            <String CONTENT="most" ID="Word_42433" HPOS="533" VPOS="390" WIDTH="117" HEIGHT="39" />
            <SP ID="SP_37101" HPOS="651" VPOS="390" WIDTH="29" HEIGHT="0" />
            <String CONTENT="probably" ID="Word_42434" HPOS="681" VPOS="385" WIDTH="215" HEIGHT="61" />
            <SP ID="SP_37102" HPOS="897" VPOS="385" WIDTH="29" HEIGHT="0" />
            <String CONTENT="in" ID="Word_42435" HPOS="927" VPOS="385" WIDTH="47" HEIGHT="45" />
            <SP ID="SP_37103" HPOS="975" VPOS="402" WIDTH="34" HEIGHT="0" />
            <String CONTENT="endeavours" ID="Word_42436" HPOS="1010" VPOS="387" WIDTH="275" HEIGHT="45" />
            <SP ID="SP_37104" HPOS="1286" VPOS="393" WIDTH="28" HEIGHT="0" />
            <String CONTENT="to" ID="Word_42437" HPOS="1315" VPOS="393" WIDTH="46" HEIGHT="39" />
            <SP ID="SP_37105" HPOS="1362" VPOS="402" WIDTH="31" HEIGHT="0" />
            <String CONTENT="escape." ID="Word_42438" HPOS="1394" VPOS="402" WIDTH="167" HEIGHT="30" />
            <SP ID="SP_37106" HPOS="1562" VPOS="388" WIDTH="68" HEIGHT="0" />
            <String CONTENT="The" ID="Word_42439" HPOS="1631" VPOS="386" WIDTH="97" HEIGHT="46" />
          </TextLine>
          <TextLine ID="TextLine_5339" HPOS="363" VPOS="460" WIDTH="1365" HEIGHT="64">
            <String CONTENT="Douroucoidi" ID="Word_42440" HPOS="363" VPOS="460" WIDTH="313" HEIGHT="45" />
            <SP ID="SP_37107" HPOS="677" VPOS="461" WIDTH="28" HEIGHT="0" />
            <String CONTENT="is" ID="Word_42441" HPOS="706" VPOS="461" WIDTH="36" HEIGHT="45" />
            <SP ID="SP_37108" HPOS="743" VPOS="468" WIDTH="28" HEIGHT="0" />
            <String CONTENT="taken" ID="Word_42442" HPOS="772" VPOS="463" WIDTH="137" HEIGHT="44" />
            <SP ID="SP_37109" HPOS="910" VPOS="464" WIDTH="34" HEIGHT="0" />
            <String CONTENT="by" ID="Word_42443" HPOS="945" VPOS="464" WIDTH="62" HEIGHT="60" />
            <SP ID="SP_37110" HPOS="1008" VPOS="470" WIDTH="20" HEIGHT="0" />
            <String CONTENT="the" ID="Word_42444" HPOS="1029" VPOS="470" WIDTH="78" HEIGHT="38" />
            <SP ID="SP_37111" HPOS="1108" VPOS="479" WIDTH="31" HEIGHT="0" />
            <String CONTENT="natives" ID="Word_42445" HPOS="1140" VPOS="463" WIDTH="177" HEIGHT="45" />
            <SP ID="SP_37112" HPOS="1318" VPOS="464" WIDTH="23" HEIGHT="0" />
            <String CONTENT="during" ID="Word_42446" HPOS="1342" VPOS="463" WIDTH="160" HEIGHT="61" />
            <SP ID="SP_37113" HPOS="1503" VPOS="470" WIDTH="19" HEIGHT="0" />
            <String CONTENT="the" ID="Word_42447" HPOS="1523" VPOS="463" WIDTH="79" HEIGHT="45" />
            <SP ID="SP_37114" HPOS="1603" VPOS="463" WIDTH="32" HEIGHT="0" />
            <String CONTENT="day" ID="Word_42448" HPOS="1636" VPOS="463" WIDTH="92" HEIGHT="61" />
          </TextLine>
          <TextLine ID="TextLine_5340" HPOS="361" VPOS="538" WIDTH="1366" HEIGHT="59">
            <String CONTENT="when" ID="Word_42449" HPOS="361" VPOS="551" WIDTH="133" HEIGHT="30" />
            <SP ID="SP_37115" HPOS="495" VPOS="552" WIDTH="22" HEIGHT="0" />
            <String CONTENT="asleep," ID="Word_42450" HPOS="518" VPOS="552" WIDTH="162" HEIGHT="45" />
            <SP ID="SP_37116" HPOS="681" VPOS="553" WIDTH="25" HEIGHT="0" />
            <String CONTENT="and" ID="Word_42451" HPOS="707" VPOS="539" WIDTH="89" HEIGHT="44" />
            <SP ID="SP_37117" HPOS="797" VPOS="539" WIDTH="13" HEIGHT="0" />
            <String CONTENT="half" ID="Word_42452" HPOS="811" VPOS="538" WIDTH="102" HEIGHT="46" />
            <SP ID="SP_37118" HPOS="914" VPOS="538" WIDTH="13" HEIGHT="0" />
            <String CONTENT="concealed" ID="Word_42453" HPOS="928" VPOS="540" WIDTH="232" HEIGHT="45" />
            <SP ID="SP_37119" HPOS="1161" VPOS="540" WIDTH="18" HEIGHT="0" />
            <String CONTENT="in" ID="Word_42454" HPOS="1180" VPOS="540" WIDTH="45" HEIGHT="45" />
            <SP ID="SP_37120" HPOS="1226" VPOS="556" WIDTH="23" HEIGHT="0" />
            <String CONTENT="a" ID="Word_42455" HPOS="1250" VPOS="556" WIDTH="27" HEIGHT="30" />
            <SP ID="SP_37121" HPOS="1278" VPOS="541" WIDTH="20" HEIGHT="0" />
            <String CONTENT="hollow" ID="Word_42456" HPOS="1299" VPOS="541" WIDTH="164" HEIGHT="45" />
            <SP ID="SP_37122" HPOS="1464" VPOS="547" WIDTH="21" HEIGHT="0" />
            <String CONTENT="tree;" ID="Word_42457" HPOS="1486" VPOS="547" WIDTH="123" HEIGHT="47" />
            <SP ID="SP_37123" HPOS="1610" VPOS="556" WIDTH="25" HEIGHT="0" />
            <String CONTENT="and" ID="Word_42458" HPOS="1636" VPOS="541" WIDTH="91" HEIGHT="44" />
          </TextLine>
          <TextLine ID="TextLine_5341" HPOS="360" VPOS="613" WIDTH="1368" HEIGHT="49">
            <String CONTENT="the" ID="Word_42459" HPOS="360" VPOS="619" WIDTH="79" HEIGHT="39" />
            <SP ID="SP_37124" HPOS="440" VPOS="628" WIDTH="16" HEIGHT="0" />
            <String CONTENT="male" ID="Word_42460" HPOS="457" VPOS="614" WIDTH="117" HEIGHT="44" />
            <SP ID="SP_37125" HPOS="575" VPOS="628" WIDTH="23" HEIGHT="0" />
            <String CONTENT="and" ID="Word_42461" HPOS="599" VPOS="615" WIDTH="89" HEIGHT="44" />
            <SP ID="SP_37126" HPOS="689" VPOS="613" WIDTH="21" HEIGHT="0" />
            <String CONTENT="female" ID="Word_42462" HPOS="711" VPOS="613" WIDTH="160" HEIGHT="47" />
            <SP ID="SP_37127" HPOS="872" VPOS="631" WIDTH="22" HEIGHT="0" />
            <String CONTENT="are" ID="Word_42463" HPOS="895" VPOS="631" WIDTH="74" HEIGHT="29" />
            <SP ID="SP_37128" HPOS="970" VPOS="631" WIDTH="22" HEIGHT="0" />
            <String CONTENT="sometimes" ID="Word_42464" HPOS="993" VPOS="623" WIDTH="254" HEIGHT="39" />
            <SP ID="SP_37129" HPOS="1248" VPOS="624" WIDTH="21" HEIGHT="0" />
            <String CONTENT="taken" ID="Word_42465" HPOS="1270" VPOS="619" WIDTH="139" HEIGHT="43" />
            <SP ID="SP_37130" HPOS="1410" VPOS="617" WIDTH="23" HEIGHT="0" />
            <String CONTENT="in" ID="Word_42466" HPOS="1434" VPOS="617" WIDTH="47" HEIGHT="45" />
            <SP ID="SP_37131" HPOS="1482" VPOS="623" WIDTH="22" HEIGHT="0" />
            <String CONTENT="the" ID="Word_42467" HPOS="1505" VPOS="623" WIDTH="77" HEIGHT="39" />
            <SP ID="SP_37132" HPOS="1583" VPOS="632" WIDTH="22" HEIGHT="0" />
            <String CONTENT="same" ID="Word_42468" HPOS="1606" VPOS="633" WIDTH="122" HEIGHT="29" />
          </TextLine>
          <TextLine ID="TextLine_5342" HPOS="361" VPOS="689" WIDTH="1368" HEIGHT="62">
            <String CONTENT="hole," ID="Word_42469" HPOS="361" VPOS="689" WIDTH="115" HEIGHT="53" />
            <SP ID="SP_37133" HPOS="477" VPOS="705" WIDTH="25" HEIGHT="0" />
            <String CONTENT="as" ID="Word_42470" HPOS="503" VPOS="705" WIDTH="47" HEIGHT="29" />
            <SP ID="SP_37134" HPOS="551" VPOS="697" WIDTH="23" HEIGHT="0" />
            <String CONTENT="they" ID="Word_42471" HPOS="575" VPOS="697" WIDTH="111" HEIGHT="54" />
            <SP ID="SP_37135" HPOS="687" VPOS="706" WIDTH="22" HEIGHT="0" />
            <String CONTENT="resemble" ID="Word_42472" HPOS="710" VPOS="693" WIDTH="214" HEIGHT="44" />
            <SP ID="SP_37136" HPOS="925" VPOS="699" WIDTH="23" HEIGHT="0" />
            <String CONTENT="the" ID="Word_42473" HPOS="949" VPOS="693" WIDTH="77" HEIGHT="44" />
            <SP ID="SP_37137" HPOS="1027" VPOS="693" WIDTH="32" HEIGHT="0" />
            <String CONTENT="last" ID="Word_42474" HPOS="1060" VPOS="693" WIDTH="86" HEIGHT="45" />
            <SP ID="SP_37138" HPOS="1147" VPOS="699" WIDTH="31" HEIGHT="0" />
            <String CONTENT="animal" ID="Word_42475" HPOS="1179" VPOS="693" WIDTH="169" HEIGHT="46" />
            <SP ID="SP_37139" HPOS="1349" VPOS="694" WIDTH="23" HEIGHT="0" />
            <String CONTENT="described," ID="Word_42476" HPOS="1373" VPOS="693" WIDTH="240" HEIGHT="54" />
            <SP ID="SP_37140" HPOS="1614" VPOS="709" WIDTH="25" HEIGHT="0" />
            <String CONTENT="and" ID="Word_42477" HPOS="1640" VPOS="694" WIDTH="89" HEIGHT="44" />
          </TextLine>
          <TextLine ID="TextLine_5343" HPOS="361" VPOS="766" WIDTH="445" HEIGHT="60">
            <String CONTENT="live" ID="Word_42478" HPOS="361" VPOS="766" WIDTH="90" HEIGHT="44" />
            <SP ID="SP_37141" HPOS="452" VPOS="766" WIDTH="21" HEIGHT="0" />
            <String CONTENT="in" ID="Word_42479" HPOS="474" VPOS="766" WIDTH="47" HEIGHT="44" />
            <SP ID="SP_37142" HPOS="522" VPOS="782" WIDTH="21" HEIGHT="0" />
            <String CONTENT="pairs" ID="Word_42480" HPOS="544" VPOS="782" WIDTH="117" HEIGHT="44" />
            <SP ID="SP_37143" HPOS="662" VPOS="782" WIDTH="23" HEIGHT="0" />
            <String CONTENT="only." ID="Word_42481" HPOS="686" VPOS="767" WIDTH="120" HEIGHT="45" />
          </TextLine>
          <TextLine ID="TextLine_5344" HPOS="430" VPOS="842" WIDTH="1300" HEIGHT="63">
            <String CONTENT="This" ID="Word_42482" HPOS="430" VPOS="843" WIDTH="110" HEIGHT="44" />
            <SP ID="SP_37144" HPOS="541" VPOS="858" WIDTH="38" HEIGHT="0" />
            <String CONTENT="animal" ID="Word_42483" HPOS="580" VPOS="842" WIDTH="169" HEIGHT="45" />
            <SP ID="SP_37145" HPOS="750" VPOS="843" WIDTH="32" HEIGHT="0" />
            <String CONTENT="is" ID="Word_42484" HPOS="783" VPOS="843" WIDTH="37" HEIGHT="45" />
            <SP ID="SP_37146" HPOS="821" VPOS="859" WIDTH="37" HEIGHT="0" />
            <String CONTENT="very" ID="Word_42485" HPOS="859" VPOS="859" WIDTH="111" HEIGHT="46" />
            <SP ID="SP_37147" HPOS="971" VPOS="845" WIDTH="35" HEIGHT="0" />
            <String CONTENT="difficult" ID="Word_42486" HPOS="1007" VPOS="845" WIDTH="188" HEIGHT="45" />
            <SP ID="SP_37148" HPOS="1196" VPOS="851" WIDTH="37" HEIGHT="0" />
            <String CONTENT="to" ID="Word_42487" HPOS="1234" VPOS="851" WIDTH="46" HEIGHT="39" />
            <SP ID="SP_37149" HPOS="1281" VPOS="851" WIDTH="37" HEIGHT="0" />
            <String CONTENT="tame" ID="Word_42488" HPOS="1319" VPOS="851" WIDTH="122" HEIGHT="39" />
            <SP ID="SP_37150" HPOS="1442" VPOS="861" WIDTH="23" HEIGHT="0" />
            <String CONTENT=";" ID="Word_42489" HPOS="1466" VPOS="862" WIDTH="13" HEIGHT="36" />
            <SP ID="SP_37151" HPOS="1480" VPOS="852" WIDTH="51" HEIGHT="0" />
            <String CONTENT="the" ID="Word_42490" HPOS="1532" VPOS="852" WIDTH="78" HEIGHT="38" />
            <SP ID="SP_37152" HPOS="1611" VPOS="861" WIDTH="35" HEIGHT="0" />
            <String CONTENT="one" ID="Word_42491" HPOS="1647" VPOS="861" WIDTH="83" HEIGHT="29" />
          </TextLine>
          <TextLine ID="TextLine_5345" HPOS="366" VPOS="919" WIDTH="1363" HEIGHT="56">
            <String CONTENT="above" ID="Word_42492" HPOS="366" VPOS="921" WIDTH="139" HEIGHT="43" />
            <SP ID="SP_37153" HPOS="506" VPOS="934" WIDTH="22" HEIGHT="0" />
            <String CONTENT="alluded" ID="Word_42493" HPOS="529" VPOS="919" WIDTH="181" HEIGHT="45" />
            <SP ID="SP_37154" HPOS="711" VPOS="920" WIDTH="31" HEIGHT="0" />
            <String CONTENT="to" ID="Word_42494" HPOS="743" VPOS="926" WIDTH="45" HEIGHT="39" />
            <SP ID="SP_37155" HPOS="789" VPOS="935" WIDTH="33" HEIGHT="0" />
            <String CONTENT="was" ID="Word_42495" HPOS="823" VPOS="936" WIDTH="93" HEIGHT="29" />
            <SP ID="SP_37156" HPOS="917" VPOS="936" WIDTH="33" HEIGHT="0" />
            <String CONTENT="carried" ID="Word_42496" HPOS="951" VPOS="920" WIDTH="167" HEIGHT="45" />
            <SP ID="SP_37157" HPOS="1119" VPOS="921" WIDTH="29" HEIGHT="0" />
            <String CONTENT="sometimes" ID="Word_42497" HPOS="1149" VPOS="921" WIDTH="254" HEIGHT="45" />
            <SP ID="SP_37158" HPOS="1404" VPOS="922" WIDTH="33" HEIGHT="0" />
            <String CONTENT="in" ID="Word_42498" HPOS="1438" VPOS="922" WIDTH="46" HEIGHT="44" />
            <SP ID="SP_37159" HPOS="1485" VPOS="937" WIDTH="34" HEIGHT="0" />
            <String CONTENT="a" ID="Word_42499" HPOS="1520" VPOS="937" WIDTH="27" HEIGHT="29" />
            <SP ID="SP_37160" HPOS="1548" VPOS="937" WIDTH="32" HEIGHT="0" />
            <String CONTENT="canoe," ID="Word_42500" HPOS="1581" VPOS="937" WIDTH="148" HEIGHT="38" />
          </TextLine>
          <TextLine ID="TextLine_5346" HPOS="367" VPOS="996" WIDTH="1365" HEIGHT="62">
            <String CONTENT="sometimes" ID="Word_42501" HPOS="367" VPOS="1002" WIDTH="255" HEIGHT="39" />
            <SP ID="SP_37161" HPOS="623" VPOS="1011" WIDTH="32" HEIGHT="0" />
            <String CONTENT="on" ID="Word_42502" HPOS="656" VPOS="1011" WIDTH="56" HEIGHT="30" />
            <SP ID="SP_37162" HPOS="713" VPOS="1003" WIDTH="28" HEIGHT="0" />
            <String CONTENT="the" ID="Word_42503" HPOS="742" VPOS="997" WIDTH="79" HEIGHT="44" />
            <SP ID="SP_37163" HPOS="822" VPOS="997" WIDTH="31" HEIGHT="0" />
            <String CONTENT="back" ID="Word_42504" HPOS="854" VPOS="997" WIDTH="112" HEIGHT="44" />
            <SP ID="SP_37164" HPOS="967" VPOS="998" WIDTH="31" HEIGHT="0" />
            <String CONTENT="of" ID="Word_42505" HPOS="999" VPOS="996" WIDTH="50" HEIGHT="46" />
            <SP ID="SP_37165" HPOS="1050" VPOS="996" WIDTH="24" HEIGHT="0" />
            <String CONTENT="a" ID="Word_42506" HPOS="1075" VPOS="1012" WIDTH="27" HEIGHT="30" />
            <SP ID="SP_37166" HPOS="1103" VPOS="1012" WIDTH="29" HEIGHT="0" />
            <String CONTENT="sumpter" ID="Word_42507" HPOS="1133" VPOS="1013" WIDTH="200" HEIGHT="45" />
            <SP ID="SP_37167" HPOS="1334" VPOS="1013" WIDTH="30" HEIGHT="0" />
            <String CONTENT="mule;" ID="Word_42508" HPOS="1365" VPOS="1013" WIDTH="151" HEIGHT="38" />
            <SP ID="SP_37168" HPOS="1517" VPOS="1013" WIDTH="35" HEIGHT="0" />
            <String CONTENT="and" ID="Word_42509" HPOS="1553" VPOS="998" WIDTH="89" HEIGHT="44" />
            <SP ID="SP_37169" HPOS="1643" VPOS="998" WIDTH="21" HEIGHT="0" />
            <String CONTENT="al-" ID="Word_42510" HPOS="1665" VPOS="998" WIDTH="67" HEIGHT="44" />
          </TextLine>
          <TextLine ID="TextLine_5347" HPOS="368" VPOS="1073" WIDTH="1362" HEIGHT="61">
            <String CONTENT="though" ID="Word_42511" HPOS="368" VPOS="1073" WIDTH="173" HEIGHT="45" />
            <SP ID="SP_37170" HPOS="542" VPOS="1073" WIDTH="43" HEIGHT="0" />
            <String CONTENT="caressed" ID="Word_42512" HPOS="586" VPOS="1073" WIDTH="199" HEIGHT="45" />
            <SP ID="SP_37171" HPOS="786" VPOS="1073" WIDTH="41" HEIGHT="0" />
            <String CONTENT="by" ID="Word_42513" HPOS="828" VPOS="1074" WIDTH="62" HEIGHT="60" />
            <SP ID="SP_37172" HPOS="891" VPOS="1089" WIDTH="35" HEIGHT="0" />
            <String CONTENT="every" ID="Word_42514" HPOS="927" VPOS="1089" WIDTH="136" HEIGHT="45" />
            <SP ID="SP_37173" HPOS="1064" VPOS="1075" WIDTH="38" HEIGHT="0" />
            <String CONTENT="body," ID="Word_42515" HPOS="1103" VPOS="1074" WIDTH="134" HEIGHT="60" />
            <SP ID="SP_37174" HPOS="1238" VPOS="1073" WIDTH="39" HEIGHT="0" />
            <String CONTENT="it" ID="Word_42516" HPOS="1278" VPOS="1073" WIDTH="37" HEIGHT="46" />
            <SP ID="SP_37175" HPOS="1316" VPOS="1080" WIDTH="39" HEIGHT="0" />
            <String CONTENT="constantly" ID="Word_42517" HPOS="1356" VPOS="1074" WIDTH="255" HEIGHT="60" />
            <SP ID="SP_37176" HPOS="1612" VPOS="1075" WIDTH="35" HEIGHT="0" />
            <String CONTENT="bit," ID="Word_42518" HPOS="1648" VPOS="1074" WIDTH="82" HEIGHT="53" />
          </TextLine>
          <TextLine ID="TextLine_5348" HPOS="369" VPOS="1148" WIDTH="1364" HEIGHT="63">
            <String CONTENT="was" ID="Word_42519" HPOS="369" VPOS="1166" WIDTH="94" HEIGHT="29" />
            <SP ID="SP_37177" HPOS="464" VPOS="1166" WIDTH="23" HEIGHT="0" />
            <String CONTENT="seldom" ID="Word_42520" HPOS="488" VPOS="1150" WIDTH="167" HEIGHT="44" />
            <SP ID="SP_37178" HPOS="656" VPOS="1165" WIDTH="33" HEIGHT="0" />
            <String CONTENT="playful," ID="Word_42521" HPOS="690" VPOS="1148" WIDTH="190" HEIGHT="62" />
            <SP ID="SP_37179" HPOS="881" VPOS="1166" WIDTH="25" HEIGHT="0" />
            <String CONTENT="and" ID="Word_42522" HPOS="907" VPOS="1150" WIDTH="88" HEIGHT="45" />
            <SP ID="SP_37180" HPOS="996" VPOS="1150" WIDTH="22" HEIGHT="0" />
            <String CONTENT="seemed" ID="Word_42523" HPOS="1019" VPOS="1151" WIDTH="177" HEIGHT="44" />
            <SP ID="SP_37181" HPOS="1197" VPOS="1151" WIDTH="25" HEIGHT="0" />
            <String CONTENT="continually" ID="Word_42524" HPOS="1223" VPOS="1150" WIDTH="278" HEIGHT="61" />
            <SP ID="SP_37182" HPOS="1502" VPOS="1166" WIDTH="22" HEIGHT="0" />
            <String CONTENT="occupied" ID="Word_42525" HPOS="1525" VPOS="1151" WIDTH="208" HEIGHT="59" />
          </TextLine>
          <TextLine ID="TextLine_5349" HPOS="371" VPOS="1225" WIDTH="1363" HEIGHT="62">
            <String CONTENT="with" ID="Word_42526" HPOS="371" VPOS="1233" WIDTH="113" HEIGHT="38" />
            <SP ID="SP_37183" HPOS="485" VPOS="1225" WIDTH="21" HEIGHT="0" />
            <String CONTENT="itself." ID="Word_42527" HPOS="507" VPOS="1225" WIDTH="132" HEIGHT="46" />
            <SP ID="SP_37184" HPOS="640" VPOS="1227" WIDTH="68" HEIGHT="0" />
            <String CONTENT="Its" ID="Word_42528" HPOS="709" VPOS="1227" WIDTH="69" HEIGHT="44" />
            <SP ID="SP_37185" HPOS="779" VPOS="1242" WIDTH="37" HEIGHT="0" />
            <String CONTENT="nocturnal" ID="Word_42529" HPOS="817" VPOS="1227" WIDTH="233" HEIGHT="44" />
            <SP ID="SP_37186" HPOS="1051" VPOS="1227" WIDTH="37" HEIGHT="0" />
            <String CONTENT="cry" ID="Word_42530" HPOS="1089" VPOS="1242" WIDTH="77" HEIGHT="45" />
            <SP ID="SP_37187" HPOS="1167" VPOS="1242" WIDTH="34" HEIGHT="0" />
            <String CONTENT="of" ID="Word_42531" HPOS="1202" VPOS="1226" WIDTH="50" HEIGHT="46" />
            <SP ID="SP_37188" HPOS="1253" VPOS="1226" WIDTH="85" HEIGHT="0" />
            <String CONTENT="Muh-muh,”" ID="Word_42532" HPOS="1339" VPOS="1227" WIDTH="300" HEIGHT="45" />
            <SP ID="SP_37189" HPOS="1640" VPOS="1227" WIDTH="22" HEIGHT="0" />
            <String CONTENT="re-" ID="Word_42533" HPOS="1663" VPOS="1241" WIDTH="71" HEIGHT="30" />
          </TextLine>
          <TextLine ID="TextLine_5350" HPOS="372" VPOS="1302" WIDTH="1363" HEIGHT="61">
            <String CONTENT="sembled" ID="Word_42534" HPOS="372" VPOS="1303" WIDTH="201" HEIGHT="46" />
            <SP ID="SP_37190" HPOS="574" VPOS="1303" WIDTH="27" HEIGHT="0" />
            <String CONTENT="the" ID="Word_42535" HPOS="602" VPOS="1303" WIDTH="78" HEIGHT="44" />
            <SP ID="SP_37191" HPOS="681" VPOS="1302" WIDTH="37" HEIGHT="0" />
            <String CONTENT="jaguar" ID="Word_42536" HPOS="719" VPOS="1302" WIDTH="161" HEIGHT="61" />
            <SP ID="SP_37192" HPOS="881" VPOS="1318" WIDTH="31" HEIGHT="0" />
            <String CONTENT="of" ID="Word_42537" HPOS="913" VPOS="1303" WIDTH="50" HEIGHT="45" />
            <SP ID="SP_37193" HPOS="964" VPOS="1303" WIDTH="20" HEIGHT="0" />
            <String CONTENT="America," ID="Word_42538" HPOS="985" VPOS="1303" WIDTH="226" HEIGHT="54" />
            <SP ID="SP_37194" HPOS="1212" VPOS="1318" WIDTH="24" HEIGHT="0" />
            <String CONTENT="and" ID="Word_42539" HPOS="1237" VPOS="1304" WIDTH="90" HEIGHT="44" />
            <SP ID="SP_37195" HPOS="1328" VPOS="1303" WIDTH="28" HEIGHT="0" />
            <String CONTENT="it" ID="Word_42540" HPOS="1357" VPOS="1303" WIDTH="35" HEIGHT="45" />
            <SP ID="SP_37196" HPOS="1393" VPOS="1304" WIDTH="29" HEIGHT="0" />
            <String CONTENT="has" ID="Word_42541" HPOS="1423" VPOS="1304" WIDTH="81" HEIGHT="43" />
            <SP ID="SP_37197" HPOS="1505" VPOS="1319" WIDTH="27" HEIGHT="0" />
            <String CONTENT="received" ID="Word_42542" HPOS="1533" VPOS="1303" WIDTH="202" HEIGHT="45" />
          </TextLine>
          <TextLine ID="TextLine_5351" HPOS="371" VPOS="1378" WIDTH="1364" HEIGHT="48">
            <String CONTENT="from" ID="Word_42543" HPOS="371" VPOS="1378" WIDTH="113" HEIGHT="46" />
            <SP ID="SP_37198" HPOS="485" VPOS="1386" WIDTH="32" HEIGHT="0" />
            <String CONTENT="this" ID="Word_42544" HPOS="518" VPOS="1380" WIDTH="91" HEIGHT="44" />
            <SP ID="SP_37199" HPOS="610" VPOS="1386" WIDTH="21" HEIGHT="0" />
            <String CONTENT="the" ID="Word_42545" HPOS="632" VPOS="1386" WIDTH="78" HEIGHT="38" />
            <SP ID="SP_37200" HPOS="711" VPOS="1395" WIDTH="20" HEIGHT="0" />
            <String CONTENT="name" ID="Word_42546" HPOS="732" VPOS="1395" WIDTH="134" HEIGHT="29" />
            <SP ID="SP_37201" HPOS="867" VPOS="1395" WIDTH="33" HEIGHT="0" />
            <String CONTENT="of" ID="Word_42547" HPOS="901" VPOS="1378" WIDTH="50" HEIGHT="47" />
            <SP ID="SP_37202" HPOS="952" VPOS="1378" WIDTH="31" HEIGHT="0" />
            <String CONTENT="Titi-tigre." ID="Word_42548" HPOS="984" VPOS="1380" WIDTH="245" HEIGHT="45" />
            <SP ID="SP_37203" HPOS="1230" VPOS="1381" WIDTH="68" HEIGHT="0" />
            <String CONTENT="The" ID="Word_42549" HPOS="1299" VPOS="1381" WIDTH="97" HEIGHT="44" />
            <SP ID="SP_37204" HPOS="1397" VPOS="1395" WIDTH="34" HEIGHT="0" />
            <String CONTENT="voice" ID="Word_42550" HPOS="1432" VPOS="1380" WIDTH="121" HEIGHT="46" />
            <SP ID="SP_37205" HPOS="1554" VPOS="1379" WIDTH="32" HEIGHT="0" />
            <String CONTENT="is" ID="Word_42551" HPOS="1587" VPOS="1379" WIDTH="37" HEIGHT="45" />
            <SP ID="SP_37206" HPOS="1625" VPOS="1395" WIDTH="29" HEIGHT="0" />
            <String CONTENT="ex-" ID="Word_42552" HPOS="1655" VPOS="1395" WIDTH="80" HEIGHT="29" />
          </TextLine>
          <TextLine ID="TextLine_5352" HPOS="373" VPOS="1455" WIDTH="1363" HEIGHT="62">
            <String CONTENT="tremely" ID="Word_42553" HPOS="373" VPOS="1463" WIDTH="192" HEIGHT="54" />
            <SP ID="SP_37207" HPOS="566" VPOS="1472" WIDTH="21" HEIGHT="0" />
            <String CONTENT="powerful" ID="Word_42554" HPOS="588" VPOS="1455" WIDTH="214" HEIGHT="61" />
            <SP ID="SP_37208" HPOS="803" VPOS="1457" WIDTH="30" HEIGHT="0" />
            <String CONTENT="compared" ID="Word_42555" HPOS="834" VPOS="1457" WIDTH="233" HEIGHT="45" />
            <SP ID="SP_37209" HPOS="1068" VPOS="1457" WIDTH="22" HEIGHT="0" />
            <String CONTENT="with" ID="Word_42556" HPOS="1091" VPOS="1456" WIDTH="113" HEIGHT="45" />
            <SP ID="SP_37210" HPOS="1205" VPOS="1456" WIDTH="21" HEIGHT="0" />
            <String CONTENT="its" ID="Word_42557" HPOS="1227" VPOS="1456" WIDTH="58" HEIGHT="46" />
            <SP ID="SP_37211" HPOS="1286" VPOS="1472" WIDTH="22" HEIGHT="0" />
            <String CONTENT="size," ID="Word_42558" HPOS="1309" VPOS="1456" WIDTH="104" HEIGHT="54" />
            <SP ID="SP_37212" HPOS="1414" VPOS="1472" WIDTH="24" HEIGHT="0" />
            <String CONTENT="and" ID="Word_42559" HPOS="1439" VPOS="1457" WIDTH="90" HEIGHT="44" />
            <SP ID="SP_37213" HPOS="1530" VPOS="1457" WIDTH="20" HEIGHT="0" />
            <String CONTENT="consists" ID="Word_42560" HPOS="1551" VPOS="1462" WIDTH="185" HEIGHT="39" />
          </TextLine>
          <TextLine ID="TextLine_5353" HPOS="373" VPOS="1531" WIDTH="1363" HEIGHT="63">
            <String CONTENT="in" ID="Word_42561" HPOS="373" VPOS="1533" WIDTH="47" HEIGHT="45" />
            <SP ID="SP_37214" HPOS="421" VPOS="1548" WIDTH="23" HEIGHT="0" />
            <String CONTENT="a" ID="Word_42562" HPOS="445" VPOS="1548" WIDTH="26" HEIGHT="30" />
            <SP ID="SP_37215" HPOS="472" VPOS="1548" WIDTH="21" HEIGHT="0" />
            <String CONTENT="sort" ID="Word_42563" HPOS="494" VPOS="1539" WIDTH="89" HEIGHT="38" />
            <SP ID="SP_37216" HPOS="584" VPOS="1539" WIDTH="22" HEIGHT="0" />
            <String CONTENT="of" ID="Word_42564" HPOS="607" VPOS="1531" WIDTH="49" HEIGHT="46" />
            <SP ID="SP_37217" HPOS="657" VPOS="1531" WIDTH="12" HEIGHT="0" />
            <String CONTENT="mewing" ID="Word_42565" HPOS="670" VPOS="1548" WIDTH="195" HEIGHT="46" />
            <SP ID="SP_37218" HPOS="866" VPOS="1548" WIDTH="75" HEIGHT="0" />
            <String CONTENT="e-i-aou" ID="Word_42566" HPOS="942" VPOS="1534" WIDTH="175" HEIGHT="43" />
            <SP ID="SP_37219" HPOS="1118" VPOS="1534" WIDTH="20" HEIGHT="0" />
            <String CONTENT="“" ID="Word_42567" HPOS="1139" VPOS="1534" WIDTH="25" HEIGHT="14" />
            <SP ID="SP_37220" HPOS="1165" VPOS="1534" WIDTH="24" HEIGHT="0" />
            <String CONTENT="or" ID="Word_42568" HPOS="1190" VPOS="1549" WIDTH="46" HEIGHT="29" />
            <SP ID="SP_37221" HPOS="1237" VPOS="1548" WIDTH="20" HEIGHT="0" />
            <String CONTENT="a" ID="Word_42569" HPOS="1258" VPOS="1548" WIDTH="27" HEIGHT="30" />
            <SP ID="SP_37222" HPOS="1286" VPOS="1548" WIDTH="21" HEIGHT="0" />
            <String CONTENT="very" ID="Word_42570" HPOS="1308" VPOS="1548" WIDTH="109" HEIGHT="46" />
            <SP ID="SP_37223" HPOS="1418" VPOS="1533" WIDTH="22" HEIGHT="0" />
            <String CONTENT="disagreeable" ID="Word_42571" HPOS="1441" VPOS="1533" WIDTH="295" HEIGHT="45" />
          </TextLine>
          <TextLine ID="TextLine_5354" HPOS="375" VPOS="1608" WIDTH="1361" HEIGHT="63">
            <String CONTENT="guttural" ID="Word_42572" HPOS="375" VPOS="1609" WIDTH="200" HEIGHT="62" />
            <SP ID="SP_37224" HPOS="576" VPOS="1609" WIDTH="21" HEIGHT="0" />
            <String CONTENT="cry" ID="Word_42573" HPOS="598" VPOS="1625" WIDTH="78" HEIGHT="44" />
            <SP ID="SP_37225" HPOS="677" VPOS="1625" WIDTH="36" HEIGHT="0" />
            <String CONTENT="of" ID="Word_42574" HPOS="714" VPOS="1608" WIDTH="50" HEIGHT="46" />
            <SP ID="SP_37226" HPOS="765" VPOS="1608" WIDTH="85" HEIGHT="0" />
            <String CONTENT="Quer-quer”" ID="Word_42575" HPOS="851" VPOS="1609" WIDTH="303" HEIGHT="51" />
            <SP ID="SP_37227" HPOS="1155" VPOS="1610" WIDTH="66" HEIGHT="0" />
            <String CONTENT="When" ID="Word_42576" HPOS="1222" VPOS="1610" WIDTH="154" HEIGHT="44" />
            <SP ID="SP_37228" HPOS="1377" VPOS="1625" WIDTH="33" HEIGHT="0" />
            <String CONTENT="mitated," ID="Word_42577" HPOS="1411" VPOS="1608" WIDTH="217" HEIGHT="54" />
            <SP ID="SP_37229" HPOS="1629" VPOS="1616" WIDTH="29" HEIGHT="0" />
            <String CONTENT="the" ID="Word_42578" HPOS="1659" VPOS="1609" WIDTH="77" HEIGHT="45" />
          </TextLine>
          <TextLine ID="TextLine_5355" HPOS="376" VPOS="1683" WIDTH="1371" HEIGHT="63">
            <String CONTENT="head" ID="Word_42579" HPOS="376" VPOS="1686" WIDTH="117" HEIGHT="45" />
            <SP ID="SP_37230" HPOS="494" VPOS="1686" WIDTH="21" HEIGHT="0" />
            <String CONTENT="is" ID="Word_42580" HPOS="516" VPOS="1686" WIDTH="36" HEIGHT="44" />
            <SP ID="SP_37231" HPOS="553" VPOS="1701" WIDTH="30" HEIGHT="0" />
            <String CONTENT="swelled," ID="Word_42581" HPOS="584" VPOS="1686" WIDTH="195" HEIGHT="52" />
            <SP ID="SP_37232" HPOS="780" VPOS="1700" WIDTH="17" HEIGHT="0" />
            <String CONTENT="and" ID="Word_42582" HPOS="798" VPOS="1685" WIDTH="89" HEIGHT="45" />
            <SP ID="SP_37233" HPOS="888" VPOS="1685" WIDTH="21" HEIGHT="0" />
            <String CONTENT="in" ID="Word_42583" HPOS="910" VPOS="1685" WIDTH="47" HEIGHT="45" />
            <SP ID="SP_37234" HPOS="958" VPOS="1685" WIDTH="22" HEIGHT="0" />
            <String CONTENT="its" ID="Word_42584" HPOS="981" VPOS="1685" WIDTH="57" HEIGHT="45" />
            <SP ID="SP_37235" HPOS="1039" VPOS="1686" WIDTH="22" HEIGHT="0" />
            <String CONTENT="hissing," ID="Word_42585" HPOS="1062" VPOS="1685" WIDTH="182" HEIGHT="61" />
            <SP ID="SP_37236" HPOS="1245" VPOS="1701" WIDTH="19" HEIGHT="0" />
            <String CONTENT="and" ID="Word_42586" HPOS="1265" VPOS="1685" WIDTH="89" HEIGHT="44" />
            <SP ID="SP_37237" HPOS="1355" VPOS="1685" WIDTH="20" HEIGHT="0" />
            <String CONTENT="the" ID="Word_42587" HPOS="1376" VPOS="1690" WIDTH="78" HEIGHT="38" />
            <SP ID="SP_37238" HPOS="1455" VPOS="1699" WIDTH="20" HEIGHT="0" />
            <String CONTENT="position" ID="Word_42588" HPOS="1476" VPOS="1683" WIDTH="189" HEIGHT="60" />
            <SP ID="SP_37239" HPOS="1666" VPOS="1699" WIDTH="22" HEIGHT="0" />
            <String CONTENT="of" ID="Word_42589" HPOS="1689" VPOS="1683" WIDTH="58" HEIGHT="48" />
          </TextLine>
          <TextLine ID="TextLine_5356" HPOS="378" VPOS="1759" WIDTH="1357" HEIGHT="63">
            <String CONTENT="its" ID="Word_42590" HPOS="378" VPOS="1762" WIDTH="58" HEIGHT="45" />
            <SP ID="SP_37240" HPOS="437" VPOS="1764" WIDTH="22" HEIGHT="0" />
            <String CONTENT="body," ID="Word_42591" HPOS="460" VPOS="1762" WIDTH="133" HEIGHT="60" />
            <SP ID="SP_37241" HPOS="594" VPOS="1761" WIDTH="24" HEIGHT="0" />
            <String CONTENT="it" ID="Word_42592" HPOS="619" VPOS="1761" WIDTH="36" HEIGHT="45" />
            <SP ID="SP_37242" HPOS="656" VPOS="1768" WIDTH="21" HEIGHT="0" />
            <String CONTENT="resembles" ID="Word_42593" HPOS="678" VPOS="1763" WIDTH="237" HEIGHT="43" />
            <SP ID="SP_37243" HPOS="916" VPOS="1776" WIDTH="22" HEIGHT="0" />
            <String CONTENT="a" ID="Word_42594" HPOS="939" VPOS="1776" WIDTH="26" HEIGHT="30" />
            <SP ID="SP_37244" HPOS="966" VPOS="1776" WIDTH="21" HEIGHT="0" />
            <String CONTENT="cat" ID="Word_42595" HPOS="988" VPOS="1768" WIDTH="71" HEIGHT="38" />
            <SP ID="SP_37245" HPOS="1060" VPOS="1768" WIDTH="22" HEIGHT="0" />
            <String CONTENT="attacked" ID="Word_42596" HPOS="1083" VPOS="1761" WIDTH="210" HEIGHT="45" />
            <SP ID="SP_37246" HPOS="1294" VPOS="1761" WIDTH="19" HEIGHT="0" />
            <String CONTENT="by" ID="Word_42597" HPOS="1314" VPOS="1762" WIDTH="61" HEIGHT="58" />
            <SP ID="SP_37247" HPOS="1376" VPOS="1775" WIDTH="23" HEIGHT="0" />
            <String CONTENT="a" ID="Word_42598" HPOS="1400" VPOS="1775" WIDTH="27" HEIGHT="29" />
            <SP ID="SP_37248" HPOS="1428" VPOS="1760" WIDTH="21" HEIGHT="0" />
            <String CONTENT="dog;" ID="Word_42599" HPOS="1450" VPOS="1760" WIDTH="104" HEIGHT="60" />
            <SP ID="SP_37249" HPOS="1555" VPOS="1759" WIDTH="29" HEIGHT="0" />
            <String CONTENT="it" ID="Word_42600" HPOS="1585" VPOS="1759" WIDTH="36" HEIGHT="44" />
            <SP ID="SP_37250" HPOS="1622" VPOS="1765" WIDTH="22" HEIGHT="0" />
            <String CONTENT="also" ID="Word_42601" HPOS="1645" VPOS="1759" WIDTH="90" HEIGHT="45" />
          </TextLine>
          <TextLine ID="TextLine_5357" HPOS="382" VPOS="1834" WIDTH="1355" HEIGHT="62">
            <String CONTENT="strikes" ID="Word_42602" HPOS="382" VPOS="1839" WIDTH="160" HEIGHT="44" />
            <SP ID="SP_37251" HPOS="543" VPOS="1838" WIDTH="37" HEIGHT="0" />
            <String CONTENT="in" ID="Word_42603" HPOS="581" VPOS="1838" WIDTH="47" HEIGHT="44" />
            <SP ID="SP_37252" HPOS="629" VPOS="1845" WIDTH="38" HEIGHT="0" />
            <String CONTENT="the" ID="Word_42604" HPOS="668" VPOS="1845" WIDTH="78" HEIGHT="38" />
            <SP ID="SP_37253" HPOS="747" VPOS="1854" WIDTH="35" HEIGHT="0" />
            <String CONTENT="same" ID="Word_42605" HPOS="783" VPOS="1853" WIDTH="121" HEIGHT="30" />
            <SP ID="SP_37254" HPOS="905" VPOS="1853" WIDTH="31" HEIGHT="0" />
            <String CONTENT="manner" ID="Word_42606" HPOS="937" VPOS="1853" WIDTH="190" HEIGHT="29" />
            <SP ID="SP_37255" HPOS="1128" VPOS="1853" WIDTH="35" HEIGHT="0" />
            <String CONTENT="with" ID="Word_42607" HPOS="1164" VPOS="1844" WIDTH="112" HEIGHT="38" />
            <SP ID="SP_37256" HPOS="1277" VPOS="1836" WIDTH="38" HEIGHT="0" />
            <String CONTENT="its" ID="Word_42608" HPOS="1316" VPOS="1836" WIDTH="58" HEIGHT="46" />
            <SP ID="SP_37257" HPOS="1375" VPOS="1852" WIDTH="32" HEIGHT="0" />
            <String CONTENT="paw," ID="Word_42609" HPOS="1408" VPOS="1852" WIDTH="116" HEIGHT="44" />
            <SP ID="SP_37258" HPOS="1525" VPOS="1852" WIDTH="24" HEIGHT="0" />
            <String CONTENT="using" ID="Word_42610" HPOS="1550" VPOS="1850" WIDTH="128" HEIGHT="46" />
            <SP ID="SP_37259" HPOS="1679" VPOS="1834" WIDTH="21" HEIGHT="0" />
            <String CONTENT="it" ID="Word_42611" HPOS="1701" VPOS="1834" WIDTH="36" HEIGHT="45" />
          </TextLine>
          <TextLine ID="TextLine_5358" HPOS="381" VPOS="1916" WIDTH="533" HEIGHT="60">
            <String CONTENT="with" ID="Word_42612" HPOS="381" VPOS="1916" WIDTH="112" HEIGHT="44" />
            <SP ID="SP_37260" HPOS="494" VPOS="1916" WIDTH="22" HEIGHT="0" />
            <String CONTENT="great" ID="Word_42613" HPOS="517" VPOS="1921" WIDTH="123" HEIGHT="55" />
            <SP ID="SP_37261" HPOS="641" VPOS="1921" WIDTH="23" HEIGHT="0" />
            <String CONTENT="quickness." ID="Word_42614" HPOS="665" VPOS="1930" WIDTH="249" HEIGHT="44" />
          </TextLine>
          <TextLine ID="TextLine_5359" HPOS="449" VPOS="1987" WIDTH="1293" HEIGHT="64">
            <String CONTENT="This" ID="Word_42615" HPOS="449" VPOS="1992" WIDTH="109" HEIGHT="44" />
            <SP ID="SP_37262" HPOS="559" VPOS="2007" WIDTH="33" HEIGHT="0" />
            <String CONTENT="animal" ID="Word_42616" HPOS="593" VPOS="1991" WIDTH="169" HEIGHT="45" />
            <SP ID="SP_37263" HPOS="763" VPOS="1991" WIDTH="33" HEIGHT="0" />
            <String CONTENT="was" ID="Word_42617" HPOS="797" VPOS="2006" WIDTH="94" HEIGHT="30" />
            <SP ID="SP_37264" HPOS="892" VPOS="2006" WIDTH="32" HEIGHT="0" />
            <String CONTENT="seen" ID="Word_42618" HPOS="925" VPOS="2006" WIDTH="102" HEIGHT="29" />
            <SP ID="SP_37265" HPOS="1028" VPOS="1992" WIDTH="32" HEIGHT="0" />
            <String CONTENT="by" ID="Word_42619" HPOS="1061" VPOS="1992" WIDTH="62" HEIGHT="59" />
            <SP ID="SP_37266" HPOS="1124" VPOS="1989" WIDTH="23" HEIGHT="0" />
            <String CONTENT="Humboldt" ID="Word_42620" HPOS="1148" VPOS="1989" WIDTH="255" HEIGHT="45" />
            <SP ID="SP_37267" HPOS="1404" VPOS="1988" WIDTH="32" HEIGHT="0" />
            <String CONTENT="in" ID="Word_42621" HPOS="1437" VPOS="1988" WIDTH="46" HEIGHT="45" />
            <SP ID="SP_37268" HPOS="1484" VPOS="1995" WIDTH="32" HEIGHT="0" />
            <String CONTENT="the" ID="Word_42622" HPOS="1517" VPOS="1988" WIDTH="77" HEIGHT="45" />
            <SP ID="SP_37269" HPOS="1595" VPOS="1994" WIDTH="22" HEIGHT="0" />
            <String CONTENT="thick" ID="Word_42623" HPOS="1618" VPOS="1987" WIDTH="124" HEIGHT="45" />
          </TextLine>
          <TextLine ID="TextLine_5360" HPOS="383" VPOS="2062" WIDTH="1368" HEIGHT="66">
            <String CONTENT="forests" ID="Word_42624" HPOS="383" VPOS="2069" WIDTH="155" HEIGHT="45" />
            <SP ID="SP_37270" HPOS="539" VPOS="2070" WIDTH="34" HEIGHT="0" />
            <String CONTENT="bordering" ID="Word_42625" HPOS="574" VPOS="2068" WIDTH="232" HEIGHT="60" />
            <SP ID="SP_37271" HPOS="807" VPOS="2074" WIDTH="30" HEIGHT="0" />
            <String CONTENT="the" ID="Word_42626" HPOS="838" VPOS="2068" WIDTH="78" HEIGHT="44" />
            <SP ID="SP_37272" HPOS="917" VPOS="2067" WIDTH="23" HEIGHT="0" />
            <String CONTENT="Cassiquaire," ID="Word_42627" HPOS="941" VPOS="2067" WIDTH="295" HEIGHT="59" />
            <SP ID="SP_37273" HPOS="1237" VPOS="2072" WIDTH="23" HEIGHT="0" />
            <String CONTENT="those" ID="Word_42628" HPOS="1261" VPOS="2072" WIDTH="127" HEIGHT="39" />
            <SP ID="SP_37274" HPOS="1389" VPOS="2081" WIDTH="29" HEIGHT="0" />
            <String CONTENT="at" ID="Word_42629" HPOS="1419" VPOS="2072" WIDTH="47" HEIGHT="38" />
            <SP ID="SP_37275" HPOS="1467" VPOS="2071" WIDTH="21" HEIGHT="0" />
            <String CONTENT="the" ID="Word_42630" HPOS="1489" VPOS="2065" WIDTH="77" HEIGHT="44" />
            <SP ID="SP_37276" HPOS="1567" VPOS="2063" WIDTH="22" HEIGHT="0" />
            <String CONTENT="foot" ID="Word_42631" HPOS="1590" VPOS="2063" WIDTH="87" HEIGHT="45" />
            <SP ID="SP_37277" HPOS="1678" VPOS="2070" WIDTH="23" HEIGHT="0" />
            <String CONTENT="of" ID="Word_42632" HPOS="1702" VPOS="2062" WIDTH="49" HEIGHT="46" />
          </TextLine>
          <TextLine ID="TextLine_5361" HPOS="387" VPOS="2140" WIDTH="1359" HEIGHT="60">
            <String CONTENT="Mount" ID="Word_42633" HPOS="387" VPOS="2147" WIDTH="164" HEIGHT="43" />
            <SP ID="SP_37278" HPOS="552" VPOS="2145" WIDTH="34" HEIGHT="0" />
            <String CONTENT="Duida," ID="Word_42634" HPOS="587" VPOS="2145" WIDTH="166" HEIGHT="53" />
            <SP ID="SP_37279" HPOS="754" VPOS="2160" WIDTH="37" HEIGHT="0" />
            <String CONTENT="and" ID="Word_42635" HPOS="792" VPOS="2145" WIDTH="89" HEIGHT="44" />
            <SP ID="SP_37280" HPOS="882" VPOS="2145" WIDTH="28" HEIGHT="0" />
            <String CONTENT="near" ID="Word_42636" HPOS="911" VPOS="2159" WIDTH="107" HEIGHT="30" />
            <SP ID="SP_37281" HPOS="1019" VPOS="2150" WIDTH="36" HEIGHT="0" />
            <String CONTENT="the" ID="Word_42637" HPOS="1056" VPOS="2144" WIDTH="78" HEIGHT="44" />
            <SP ID="SP_37282" HPOS="1135" VPOS="2143" WIDTH="30" HEIGHT="0" />
            <String CONTENT="Cataracts" ID="Word_42638" HPOS="1166" VPOS="2143" WIDTH="231" HEIGHT="46" />
            <SP ID="SP_37283" HPOS="1398" VPOS="2157" WIDTH="29" HEIGHT="0" />
            <String CONTENT="of" ID="Word_42639" HPOS="1428" VPOS="2140" WIDTH="50" HEIGHT="47" />
            <SP ID="SP_37284" HPOS="1479" VPOS="2140" WIDTH="12" HEIGHT="0" />
            <String CONTENT="the" ID="Word_42640" HPOS="1492" VPOS="2141" WIDTH="78" HEIGHT="45" />
            <SP ID="SP_37285" HPOS="1571" VPOS="2141" WIDTH="35" HEIGHT="0" />
            <String CONTENT="May-" ID="Word_42641" HPOS="1607" VPOS="2141" WIDTH="139" HEIGHT="59" />
          </TextLine>
          <TextLine ID="TextLine_5362" HPOS="385" VPOS="2237" WIDTH="146" HEIGHT="45">
            <String CONTENT="pures." ID="Word_42642" HPOS="385" VPOS="2237" WIDTH="146" HEIGHT="45" />
          </TextLine>
          <TextLine ID="TextLine_5363" HPOS="451" VPOS="2289" WIDTH="1299" HEIGHT="53">
            <String CONTENT="Such" ID="Word_42643" HPOS="451" VPOS="2298" WIDTH="119" HEIGHT="44" />
            <SP ID="SP_37286" HPOS="571" VPOS="2297" WIDTH="21" HEIGHT="0" />
            <String CONTENT="is" ID="Word_42644" HPOS="593" VPOS="2297" WIDTH="37" HEIGHT="45" />
            <SP ID="SP_37287" HPOS="631" VPOS="2303" WIDTH="21" HEIGHT="0" />
            <String CONTENT="the" ID="Word_42645" HPOS="653" VPOS="2303" WIDTH="78" HEIGHT="39" />
            <SP ID="SP_37288" HPOS="732" VPOS="2312" WIDTH="24" HEIGHT="0" />
            <String CONTENT="substance" ID="Word_42646" HPOS="757" VPOS="2298" WIDTH="235" HEIGHT="44" />
            <SP ID="SP_37289" HPOS="993" VPOS="2311" WIDTH="22" HEIGHT="0" />
            <String CONTENT="of" ID="Word_42647" HPOS="1016" VPOS="2295" WIDTH="50" HEIGHT="46" />
            <SP ID="SP_37290" HPOS="1067" VPOS="2295" WIDTH="25" HEIGHT="0" />
            <String CONTENT="Humboldt’s" ID="Word_42648" HPOS="1093" VPOS="2296" WIDTH="289" HEIGHT="44" />
            <SP ID="SP_37291" HPOS="1383" VPOS="2294" WIDTH="34" HEIGHT="0" />
            <String CONTENT="description" ID="Word_42649" HPOS="1418" VPOS="2292" WIDTH="263" HEIGHT="46" />
            <SP ID="SP_37292" HPOS="1682" VPOS="2306" WIDTH="21" HEIGHT="0" />
            <String CONTENT="of" ID="Word_42650" HPOS="1704" VPOS="2289" WIDTH="46" HEIGHT="47" />
          </TextLine>
          <TextLine ID="TextLine_5364" HPOS="387" VPOS="2368" WIDTH="1359" HEIGHT="67">
            <String CONTENT="this" ID="Word_42651" HPOS="387" VPOS="2376" WIDTH="90" HEIGHT="44" />
            <SP ID="SP_37293" HPOS="478" VPOS="2391" WIDTH="23" HEIGHT="0" />
            <String CONTENT="very" ID="Word_42652" HPOS="502" VPOS="2390" WIDTH="109" HEIGHT="45" />
            <SP ID="SP_37294" HPOS="612" VPOS="2389" WIDTH="22" HEIGHT="0" />
            <String CONTENT="curious" ID="Word_42653" HPOS="635" VPOS="2389" WIDTH="171" HEIGHT="30" />
            <SP ID="SP_37295" HPOS="807" VPOS="2389" WIDTH="22" HEIGHT="0" />
            <String CONTENT="animal," ID="Word_42654" HPOS="830" VPOS="2373" WIDTH="184" HEIGHT="54" />
            <SP ID="SP_37296" HPOS="1015" VPOS="2389" WIDTH="23" HEIGHT="0" />
            <String CONTENT="and" ID="Word_42655" HPOS="1039" VPOS="2373" WIDTH="88" HEIGHT="45" />
            <SP ID="SP_37297" HPOS="1128" VPOS="2373" WIDTH="22" HEIGHT="0" />
            <String CONTENT="which" ID="Word_42656" HPOS="1151" VPOS="2373" WIDTH="146" HEIGHT="45" />
            <SP ID="SP_37298" HPOS="1298" VPOS="2373" WIDTH="30" HEIGHT="0" />
            <String CONTENT="recedes" ID="Word_42657" HPOS="1329" VPOS="2372" WIDTH="172" HEIGHT="45" />
            <SP ID="SP_37299" HPOS="1502" VPOS="2386" WIDTH="22" HEIGHT="0" />
            <String CONTENT="even" ID="Word_42658" HPOS="1525" VPOS="2385" WIDTH="110" HEIGHT="31" />
            <SP ID="SP_37300" HPOS="1636" VPOS="2368" WIDTH="21" HEIGHT="0" />
            <String CONTENT="far-" ID="Word_42659" HPOS="1658" VPOS="2368" WIDTH="88" HEIGHT="45" />
          </TextLine>
          <TextLine ID="TextLine_5365" HPOS="389" VPOS="2448" WIDTH="1356" HEIGHT="64">
            <String CONTENT="ther" ID="Word_42660" HPOS="389" VPOS="2452" WIDTH="100" HEIGHT="44" />
            <SP ID="SP_37301" HPOS="490" VPOS="2450" WIDTH="33" HEIGHT="0" />
            <String CONTENT="from" ID="Word_42661" HPOS="524" VPOS="2450" WIDTH="113" HEIGHT="46" />
            <SP ID="SP_37302" HPOS="638" VPOS="2458" WIDTH="38" HEIGHT="0" />
            <String CONTENT="the" ID="Word_42662" HPOS="677" VPOS="2451" WIDTH="77" HEIGHT="45" />
            <SP ID="SP_37303" HPOS="755" VPOS="2457" WIDTH="37" HEIGHT="0" />
            <String CONTENT="typical" ID="Word_42663" HPOS="793" VPOS="2451" WIDTH="169" HEIGHT="61" />
            <SP ID="SP_37304" HPOS="963" VPOS="2449" WIDTH="36" HEIGHT="0" />
            <String CONTENT="forms" ID="Word_42664" HPOS="1000" VPOS="2449" WIDTH="135" HEIGHT="46" />
            <SP ID="SP_37305" HPOS="1136" VPOS="2464" WIDTH="42" HEIGHT="0" />
            <String CONTENT="of" ID="Word_42665" HPOS="1179" VPOS="2448" WIDTH="49" HEIGHT="47" />
            <SP ID="SP_37306" HPOS="1229" VPOS="2448" WIDTH="34" HEIGHT="0" />
            <String CONTENT="the" ID="Word_42666" HPOS="1264" VPOS="2455" WIDTH="77" HEIGHT="39" />
            <SP ID="SP_37307" HPOS="1342" VPOS="2464" WIDTH="43" HEIGHT="0" />
            <String CONTENT="quadrumanous" ID="Word_42667" HPOS="1386" VPOS="2461" WIDTH="359" HEIGHT="46" />
          </TextLine>
          <TextLine ID="TextLine_5366" HPOS="390" VPOS="2526" WIDTH="1356" HEIGHT="62">
            <String CONTENT="animals" ID="Word_42668" HPOS="390" VPOS="2529" WIDTH="190" HEIGHT="44" />
            <SP ID="SP_37308" HPOS="581" VPOS="2534" WIDTH="43" HEIGHT="0" />
            <String CONTENT="than" ID="Word_42669" HPOS="625" VPOS="2534" WIDTH="111" HEIGHT="38" />
            <SP ID="SP_37309" HPOS="737" VPOS="2534" WIDTH="43" HEIGHT="0" />
            <String CONTENT="the" ID="Word_42670" HPOS="781" VPOS="2534" WIDTH="77" HEIGHT="38" />
            <SP ID="SP_37310" HPOS="859" VPOS="2543" WIDTH="43" HEIGHT="0" />
            <String CONTENT="preceding," ID="Word_42671" HPOS="903" VPOS="2526" WIDTH="248" HEIGHT="62" />
            <SP ID="SP_37311" HPOS="1152" VPOS="2543" WIDTH="37" HEIGHT="0" />
            <String CONTENT="and" ID="Word_42672" HPOS="1190" VPOS="2526" WIDTH="84" HEIGHT="47" />
            <SP ID="SP_37312" HPOS="1275" VPOS="2526" WIDTH="44" HEIGHT="0" />
            <String CONTENT="presents" ID="Word_42673" HPOS="1320" VPOS="2529" WIDTH="198" HEIGHT="56" />
            <SP ID="SP_37313" HPOS="1519" VPOS="2537" WIDTH="40" HEIGHT="0" />
            <String CONTENT="a" ID="Word_42674" HPOS="1560" VPOS="2537" WIDTH="26" HEIGHT="30" />
            <SP ID="SP_37314" HPOS="1587" VPOS="2537" WIDTH="49" HEIGHT="0" />
            <String CONTENT="very" ID="Word_42675" HPOS="1637" VPOS="2536" WIDTH="109" HEIGHT="43" />
          </TextLine>
        </TextBlock>
      </PrintSpace>
    </Page>
  </Layout>
</alto>
