1895 3217
837 282 84 41 121

707 863 110 40 THE
846 862 212 42 SIMPAI.

442 971 324 39 Semnopithecus
783 972 240 49 melalophos
1097 971 43 38 F.
1166 971 169 39 Cuvier.

752 1078 136 38 Plate
907 1078 123 38 VIII.

209 1186 139 39 Simpai
367 1187 41 36 of
420 1185 384 38 JavaneseSimia
821 1186 244 48 melalophos,
1088 1186 70 38 Sir
1182 1185 206 38 Stamford
1410 1185 164 49 Raffles^

267 1253 497 37 TransactionsLinncean
773 1253 167 46 Society^
958 1265 74 24 vol.
1046 1252 349 46 xiii.;—Frederic
1410 1252 164 45 Cuvier^

262 1319 183 37 Histoire
461 1319 218 37 Naturelle
697 1318 67 38 des
780 1318 292 47 Mammiferes.

276 1424 119 46 This
417 1439 212 47 monkey,
654 1439 28 31 a
710 1430 157 40 native
897 1423 51 47 of
972 1423 121 46 Java
1115 1423 91 46 and
1229 1422 226 55 Sumatra,
1481 1438 95 30 was

210 1499 97 47 first
338 1500 178 46 noticed
548 1502 63 60 by
634 1501 70 47 Sir
726 1501 226 47 Stamford
983 1499 181 56 Raffles,
1190 1500 91 46 and
1314 1499 262 47 afterwards

210 1577 172 46 figured
417 1578 90 45 and
540 1578 227 45 described
801 1579 63 60 by
888 1579 52 44 F.
978 1577 180 54 Cuvier,
1184 1577 113 46 from
1330 1577 248 61 specimens

210 1655 214 61 procured
446 1654 112 47 from
581 1662 79 39 the
684 1671 123 30 same
830 1671 187 31 sources.

274 1733 250 61 According
555 1739 47 40 to
640 1734 80 45 the
749 1733 138 46 latter
915 1733 258 55 naturalist,
1209 1734 79 45 the
1321 1732 185 46 flatness
1537 1733 48 45 of

209 1810 80 45 the
311 1809 94 47 face
438 1810 38 46 is
506 1826 110 46 very
649 1811 281 46 remarkable
946 1827 14 38 j
997 1811 91 45 and
1120 1809 43 46 if
1188 1810 79 46 the
1295 1809 132 46 facial
1450 1810 131 61 angle

210 1887 90 45 and
334 1902 90 31 size
447 1886 50 47 of
522 1888 78 45 the
632 1888 124 45 brow
790 1903 84 30 can
906 1888 56 45 be
992 1887 233 46 depended
1248 1903 56 30 on
1328 1902 48 30 as
1400 1901 180 32 charac-

209 1964 193 46 teristics
436 1963 50 46 of
511 1964 296 61 intelligence,
831 1970 103 39 that
966 1963 50 46 of
1041 1964 92 45 this
1170 1963 171 45 animal
1370 1964 139 61 ought
1533 1971 47 38 to

211 2040 56 44 be
300 2042 182 58 capable
518 2039 49 47 of
593 2047 172 54 greater
799 2041 338 45 developement
1172 2046 114 39 than
1313 2046 79 40 the
1423 2055 158 47 orang-

212 2122 180 40 outang.
455 2118 145 44 There
623 2133 89 38 are,
731 2117 223 53 however,
978 2116 89 46 few
1089 2132 173 31 records
1285 2115 49 48 of
1349 2117 58 45 its
1430 2117 150 46 habits

210 2208 47 30 or
296 2193 312 61 dispositions;
654 2194 90 45 and
775 2210 69 30 we
878 2193 113 47 refer
1028 2200 47 40 to
1113 2200 79 40 the
1231 2195 351 62 accompanying

209 2276 122 54 plate
353 2269 66 47 for
440 2286 58 30 an
521 2270 102 47 idea
646 2270 50 47 of
709 2272 79 45 the
811 2271 111 46 form
946 2271 90 46 and
1059 2271 181 46 colours.
1311 2273 101 44 The
1423 2272 157 62 length

209 2345 51 46 of
267 2353 79 39 the
360 2348 128 45 adult
507 2348 168 46 animal
697 2354 46 40 to
766 2349 81 45 the
863 2348 214 46 insertion
1101 2348 50 46 of
1164 2349 83 45 the
1260 2349 97 54 tail,
1382 2349 38 45 is
1444 2356 136 38 about

209 2438 82 31 one
313 2422 89 48 foot
429 2424 70 46 six
521 2424 180 55 inches;
733 2432 79 39 the
834 2425 84 46 tail
941 2426 129 45 alone
1093 2425 37 46 is
1153 2427 206 45 between
1382 2432 91 40 two
1492 2427 89 43 and

207 2499 125 47 three
355 2500 102 46 feet.

276 2576 205 49 Another
494 2594 197 47 monkey
709 2594 111 47 very
844 2579 324 47 characteristic
1193 2578 49 48 of
1256 2580 92 46 this
1366 2594 136 47 group
1525 2578 54 52 is.
