1972 3202
434 277 86 41 102

943 284 92 31 THE
1059 284 219 31 HOOLOCK.

439 412 187 46 GaiTOW
643 411 164 45 Indian
823 416 49 39 at
890 415 79 39 the
987 424 124 30 same
1125 409 112 45 time
1255 409 78 45 the
1348 408 96 46 first
1464 425 91 29 was
1575 411 228 54 received;

436 491 83 45 but
549 489 103 46 died
681 504 56 30 on
763 494 79 39 the
866 502 106 45 way
995 485 114 46 from
1135 485 224 46 Goalpara
1381 492 47 39 to
1452 486 225 55 Calcutta^
1703 486 50 46 of
1779 504 28 30 a

439 581 270 46 pulmonary
728 564 170 46 disease
916 562 228 61 following
1167 563 189 45 catarrh.
1427 563 111 45 This
1560 579 104 45 poor
1686 563 120 47 little

439 658 216 38 creature,
681 656 135 31 when
838 639 97 47 first
958 646 139 39 taken
1116 639 108 54 sick,
1246 639 192 46 suffered
1454 646 124 54 great
1595 656 107 44 pain
1717 643 92 45 and

441 718 254 63 oppression
718 724 48 39 at
788 723 80 39 the
891 732 139 38 chest,
1057 715 63 47 for
1135 716 149 46 which
1309 716 23 45 I
1356 716 251 61 prescribed
1629 733 28 29 a
1680 718 129 45 cath-

442 803 111 39 artic
571 794 50 48 of
631 801 143 40 castor
791 794 60 46 oil
866 794 89 45 and
972 793 202 53 calomel,
1194 793 91 45 and
1303 808 27 30 a
1348 808 142 30 wann
1513 794 127 54 bath,
1660 794 149 46 which

442 872 179 46 seemed
643 878 47 40 to
713 871 142 45 afford
876 870 37 45 it
937 885 122 30 some
1080 875 258 55 temporary
1352 869 139 55 relief,
1515 871 84 44 but
1615 871 77 45 she
1708 871 102 46 died

442 947 115 47 after
573 954 78 39 ten
667 947 126 45 days’
812 946 167 45 illness.
1048 946 98 45 The
1161 946 170 46 animal
1346 948 221 59 appeared
1583 947 229 47 delighted

443 1024 116 47 with
596 1024 80 45 the
705 1024 145 52 bath;
889 1022 91 45 and
1009 1022 135 45 when
1178 1022 23 45 I
1232 1023 209 45 removed
1473 1023 81 46 her
1586 1023 112 47 fi’om
1732 1025 79 45 the

448 1101 160 53 vessel,
634 1100 79 46 she
737 1099 152 45 would
911 1114 86 30 run
1019 1099 114 45 back
1151 1098 130 61 again
1296 1105 46 39 to
1365 1106 78 38 the
1467 1116 155 39 water,
1640 1102 91 44 and
1753 1102 58 44 lie

446 1179 135 44 down
605 1176 132 46 again
767 1175 120 46 until
916 1190 132 31 again
1076 1175 223 46 removed.
1366 1176 90 46 She
1487 1192 94 30 was
1609 1177 91 46 like
1734 1179 78 44 the

446 1254 149 46 others
619 1254 24 45 I
667 1253 92 45 had
788 1252 48 45 in
865 1267 82 45 my
977 1266 261 45 possession,
1269 1258 149 54 gentle
1452 1254 91 44 and
1577 1253 155 61 pacific
1766 1254 47 45 in

447 1329 276 62 disposition,
756 1343 111 46 very
890 1328 135 45 timid
1052 1328 91 45 and
1174 1344 86 45 shy
1284 1328 51 46 of
1360 1335 254 56 strangers;
1650 1332 82 44 but
1766 1331 48 45 in

445 1408 90 45 less
556 1413 116 39 than
695 1421 28 30 a
740 1406 129 45 week
892 1403 113 46 from
1027 1410 79 39 the
1129 1410 112 40 time
1265 1421 78 29 she
1367 1421 93 30 was
1476 1413 153 48 taken,
1647 1408 165 54 would,

448 1483 44 47 if
505 1489 84 55 put
612 1484 134 44 down
768 1482 49 45 in
841 1497 58 30 an
918 1497 113 45 open
1048 1481 140 61 place,
1208 1482 185 61 quickly
1410 1499 86 29 run
1514 1489 45 40 to
1578 1499 88 39 me,
1681 1484 133 61 jump

449 1560 48 46 in
519 1575 82 46 my
624 1574 135 39 arms,
785 1559 90 45 and
897 1558 92 61 hug
1010 1573 74 30 me
1106 1559 143 44 round
1267 1565 77 38 the
1362 1560 126 44 neck.
1557 1561 22 45 I
1596 1562 220 59 supposed

449 1638 81 44 her
551 1643 46 39 to
620 1636 117 44 have
759 1636 114 44 been
902 1632 115 46 from
1047 1650 106 29 nine
1180 1641 182 39 months
1386 1642 45 38 to
1455 1651 27 30 a
1504 1652 110 45 year
1637 1638 85 44 old.
1792 1638 22 44 I

450 1712 76 46 fed
547 1713 81 44 her
651 1727 57 30 on
730 1711 147 45 boiled
899 1709 128 54 milk,
1052 1716 139 55 goat’s
1214 1710 113 45 milk
1352 1712 174 45 diluted
1542 1713 113 45 with
1675 1720 141 39 water

452 1789 91 45 and
579 1787 255 47 sweetened
869 1785 114 46 with
1020 1787 316 61 sugar-candy.
1410 1788 89 46 She
1535 1804 92 30 also
1665 1791 153 44 would

453 1871 256 40 sometimes
743 1868 187 56 partake
965 1862 51 46 of
1045 1878 28 30 a
1110 1863 120 45 little
1263 1865 137 44 bread
1430 1865 91 45 and
1549 1865 129 53 milk,
1704 1873 114 38 with

453 1949 79 38 the
572 1941 121 46 older
731 1955 95 31 one.
894 1940 88 46 She
1019 1955 105 30 soon
1157 1940 182 46 learned
1371 1947 47 39 to
1452 1943 109 44 suck
1594 1948 78 39 the
1706 1942 114 45 milk

454 2019 113 45 from
591 2033 26 30 a
647 2017 132 46 small
812 2018 156 52 bottle,
1002 2017 193 45 through
1229 2032 27 30 a
1290 2017 113 61 quill
1437 2019 184 45 covered
1651 2019 113 45 with
1794 2035 27 29 a

456 2094 122 61 piece
603 2093 50 46 of
666 2093 120 61 rag.”

524 2170 91 45 We
639 2169 115 45 shall
776 2175 112 38 next
911 2169 196 46 describe
1129 2185 28 29 a
1180 2185 110 46 very
1313 2169 198 47 singular
1527 2171 165 45 species
1710 2169 111 47 fi'om

459 2246 81 49 the
565 2246 111 44 East
700 2244 165 46 Indian
889 2244 190 46 Islands.
