1933 3217
1480 259 87 45 187

676 269 92 31 THE
791 267 341 33 DOUROUCOULI.

210 403 148 55 strong
381 395 186 46 alliance
582 394 112 45 with
712 410 141 45 many
871 393 49 47 of
935 395 78 44 the
1038 393 284 54 hemimdce,
1339 392 90 46 and
1448 408 120 30 some

209 472 50 46 of
274 479 76 38 the
374 471 231 46 sloth-like
629 470 204 46 animals.
904 471 97 44 The
1024 476 217 54 anatomy
1260 469 89 45 and
1369 469 199 45 skeleton

208 549 116 45 have
356 555 78 38 not
467 549 113 44 been
614 547 272 61 sufficiently
910 546 254 54 examined,
1200 546 90 45 and
1325 545 245 61 specimens

209 624 93 45 will
337 626 55 44 be
426 624 248 45 desiderata
707 623 114 45 with
855 639 134 45 every
1022 623 241 45 naturalist
1287 623 101 45 who
1427 622 37 45 is
1498 621 72 46 in-

207 701 192 45 terested
422 700 47 46 in
491 701 78 45 the
593 700 191 61 History
807 699 51 47 of
871 700 79 45 the
973 699 294 46 MammaliEe.

274 854 96 44 The
407 859 110 39 next
552 852 112 45 form
698 867 161 46 among
892 853 78 44 the
1005 851 242 47 American
1281 854 219 60 monkeys
1533 853 36 45 is

207 930 77 44 the
309 930 203 44 Pithecia
547 927 49 47 of
612 928 225 62 Geoffroy,
863 929 149 45 which
1046 945 73 29 are
1143 945 91 30 also
1265 930 234 44 nocturnal
1522 930 46 44 in

207 1006 117 44 their
360 1007 164 53 habits,
566 1006 90 44 and
694 1006 116 44 have
845 1005 202 46 received
1085 1013 79 38 the
1209 1006 272 61 appellation
1527 1006 50 45 of

262 1081 128 45 night
426 1083 148 59 apes,”
614 1082 89 45 and
742 1097 91 30 also
873 1081 50 46 of
1010 1081 239 46 fox-tailed
1283 1083 148 60 apes,”
1456 1081 113 46 from

207 1159 78 44 the
303 1159 147 59 bushy
468 1158 95 45 tail.
634 1159 129 59 They
781 1173 108 46 may
904 1160 53 43 be
973 1159 319 45 characterised
1309 1160 62 60 by
1389 1175 27 29 a
1440 1158 128 46 facial

209 1250 127 45 angle
371 1234 49 46 of
441 1233 96 47 60°.
619 1235 133 45 Head
784 1251 172 37 round;
1008 1251 177 30 muzzle
1220 1235 151 54 short;
1411 1236 157 45 canine

209 1311 123 44 teeth
376 1311 149 45 longer
569 1312 112 44 than
724 1318 79 38 the
853 1318 177 47 others;
1092 1318 79 38 the
1215 1312 83 45 tail
1341 1319 78 39 not
1469 1329 101 44 pre-

208 1387 185 54 hensile,
419 1389 168 44 shorter
620 1389 111 43 than
765 1389 77 44 the
876 1390 119 60 body
1013 1389 89 44 and
1135 1390 147 60 bushy
1304 1405 12 38 ;
1352 1397 78 38 the
1454 1392 114 43 nails

211 1464 118 45 short
366 1465 89 44 and
492 1466 107 43 bent
623 1481 14 37 ;
694 1480 280 45 gregarious;
1024 1467 247 44 nocturnal.
1341 1467 96 45 The
1470 1466 96 46 first

213 1556 68 29 we
304 1540 113 46 shall
442 1540 192 46 describe
657 1540 52 54 is.
