2125 3612
168 294 297 35 PHARYNGEAL
497 290 227 37 TROUBLES
758 290 54 32 OF
844 289 332 32 PROFESSIONAL
1211 288 131 35 VOICE
1368 289 151 32 USERS.
1615 276 54 44 77

25 416 100 43 :lesk
150 416 129 43 being
301 415 137 43 raised
462 413 173 43 enough
670 417 44 37 to
747 411 63 43 let
841 409 94 45 him
968 409 146 43 follow
1139 409 75 43 the
1237 409 121 56 print
1380 409 139 56 easily
1542 409 129 43 with-

25 493 69 37 out
116 488 201 55 stooping
338 501 102 28 over
461 486 46 42 it.
572 486 78 55 (2.)
684 483 92 43 The
808 482 185 56 speaker
1027 485 118 38 must
1176 481 100 42 take
1301 494 95 29 care
1430 485 44 37 to
1508 485 165 38 correct

24 574 81 42 my
127 559 219 43 tendency
368 562 45 38 to
442 556 134 43 speak
610 556 110 41 from
754 569 24 27 a
808 567 124 29 chest
960 552 319 56 insufficiently
1312 552 120 43 filled
1456 552 107 42 with
1596 566 75 30 air.

22 630 127 43 Cases
184 644 71 28 are
289 628 200 44 reported
520 628 46 41 in
591 626 142 43 which
757 630 121 52 great
899 625 128 42 relief
1050 639 87 28 was
1159 630 76 51 got
1258 624 56 55 by
1339 623 165 43 careful
1527 628 145 38 atten-

23 702 84 44 lion
131 707 44 37 to
199 701 153 41 taking
375 699 151 43 breath
549 703 46 38 at
616 703 190 38 suitable
828 697 225 44 intervals.
1131 697 74 55 (3.)
1238 696 68 42 Dr
1329 695 170 42 Hullah
1524 701 146 50 points

22 766 69 75 jmt
116 777 99 38 that
236 772 75 43 the
332 771 193 42 liability
543 771 45 42 of
610 770 250 56 clergymen
885 774 45 38 to
953 783 97 29 sore
1072 769 148 42 throat
1244 782 100 43 may
1361 768 103 51 also,
1481 768 47 41 in
1552 782 119 28 some

22 844 159 54 pegree,
211 844 53 42 be
297 844 84 42 due
417 848 44 37 to
491 843 75 42 the
603 842 105 57 long
735 842 212 42 intervals
980 842 45 42 of
1057 847 89 37 rest
1171 841 198 43 between
1402 840 74 43 the
1501 840 170 56 weekly

22 917 213 59 Occasions
259 916 46 42 of
324 915 143 43 effort;
493 914 87 43 and
602 914 56 43 he
680 920 200 51 suggests
899 914 97 43 that
1019 929 264 42 clergymen,
1301 913 170 43 besides
1495 913 174 43 attend-

20 1003 69 41 ing
126 988 212 43 carefully
373 992 44 38 to
450 987 117 43 their
605 987 126 43 mode
764 987 44 43 of
846 987 285 43 enunciation
1165 1001 56 27 on
1261 986 217 56 Sundays,
1511 985 158 44 should

21 1060 184 44 exercise
229 1060 75 42 the
328 1060 121 42 voice
471 1060 46 41 in
541 1059 181 57 reading
744 1059 144 52 aloud,
912 1065 92 37 etc.,
1027 1074 56 27 on
1109 1059 121 42 week
1253 1058 118 56 days.

73 1132 139 43 These
230 1131 424 44 recommendations
669 1146 162 41 appear
853 1136 44 38 to
919 1145 70 28 me
1011 1135 45 38 to
1074 1131 178 42 include
1274 1130 59 42 all
1356 1134 98 38 that
1476 1129 37 43 is
1531 1130 140 56 really

21 1203 201 43 essential
257 1219 46 27 as
338 1209 45 37 to
418 1218 220 28 measures
668 1204 48 42 of
746 1203 273 57 prevention.
1101 1203 148 43 When
1282 1202 76 43 the
1393 1202 205 43 mischief
1634 1203 37 42 is

20 1275 119 55 pone,
158 1280 88 39 rest
263 1276 37 42 is
318 1276 74 42 the
411 1276 119 42 chief
548 1275 241 42 indication
806 1292 9 36 ;
848 1275 86 43 and
954 1276 75 41 the
1047 1274 186 43 medical
1254 1278 237 38 treatment
1513 1274 159 43 should

19 1346 172 44 Include
228 1348 107 42 both
370 1348 109 42 such
508 1347 175 56 general
707 1347 141 42 tonics
872 1347 86 41 and
981 1347 194 55 regimen
1198 1360 47 28 as
1269 1360 101 41 may
1393 1346 53 42 be
1469 1347 203 42 required

21 1434 51 42 □y
92 1420 74 42 the
184 1426 112 36 state
319 1420 44 41 of
385 1419 151 42 health
558 1418 87 43 and
662 1418 108 43 such
793 1417 112 43 local
928 1422 238 38 treatment
1189 1431 47 28 as
1258 1417 78 42 has
1360 1417 179 57 already
1562 1418 112 42 been

19 1491 230 43 described.

73 1563 90 42 The
187 1562 124 42 habit
335 1562 45 42 of
411 1562 205 56 smoking
638 1561 171 43 should,
831 1561 48 41 in
902 1575 120 29 cases
1045 1561 48 42 of
1111 1560 241 43 Follicular
1374 1560 300 57 Pharyngitis,

15 1649 52 37 pe
89 1634 172 43 strictly
281 1634 244 43 forbidden.
576 1634 23 42 I
622 1648 101 29 saw,
742 1648 55 28 on
821 1633 76 43 the
914 1634 108 42 10th
1040 1633 45 43 of
1103 1634 190 42 October
1313 1634 129 42 1891,
1460 1648 24 27 a
1507 1647 97 29 case
1627 1634 47 41 in

18 1707 139 44 ivhich
198 1706 74 43 the
308 1706 114 43 local
458 1720 293 42 appearances
789 1706 137 56 spoke
965 1706 259 57 eloquently
1262 1720 47 28 as
1348 1711 44 37 to
1430 1705 76 43 the
1544 1706 131 43 affec-

19 1779 90 44 tion
146 1778 132 43 being
309 1778 85 42 due
427 1782 44 38 to
495 1778 75 42 the
592 1777 127 43 habit
740 1777 45 44 of
822 1778 214 56 smoking.
1101 1778 147 43 Along
1271 1778 108 43 with
1402 1778 135 43 much
1573 1792 102 29 con-

16 1851 168 55 gestion
203 1851 47 42 of
269 1850 75 43 the
361 1850 87 43 soft
467 1850 147 56 palate
636 1850 86 42 and
741 1850 214 56 pharynx,
973 1851 226 42 increased
1217 1851 214 43 secretion
1451 1851 45 42 of
1517 1865 157 29 mucus

18 1921 41 44 in
79 1923 74 42 the
176 1922 215 56 pharynx,
409 1922 87 42 and
519 1922 301 43 enlargement
842 1922 46 42 of
908 1922 166 43 several
1100 1922 183 43 follicles
1307 1937 54 27 on
1380 1923 58 42 its
1461 1924 216 55 posterior

19 1994 111 43 wall,
156 1994 122 43 there
310 2008 100 37 was,
433 1993 46 42 in
513 1994 76 42 the
620 1994 156 42 buccal
809 1994 161 56 cavity,
994 2009 25 28 a
1051 1999 116 38 most
1195 1994 196 57 peculiar
1424 1995 252 44 condition:

19 2080 99 28 Dver
135 2066 74 42 the
225 2065 140 43 whole
384 2065 47 42 of
445 2065 75 42 the
537 2065 97 42 roof
649 2065 44 42 of
711 2065 75 43 the
803 2067 168 51 mouth,
986 2081 46 28 as
1050 2067 65 41 far
1132 2066 112 42 back
1260 2080 46 29 as
1323 2066 75 43 the
1411 2067 206 56 junction
1632 2067 47 43 of

19 2138 73 42 :he
113 2137 109 42 hard
245 2137 107 42 with
374 2137 75 42 the
472 2137 87 42 soft
580 2137 158 55 palate,
761 2138 75 42 the
857 2152 183 29 mucous
1063 2138 254 43 membrane
1333 2153 87 29 was
1438 2141 238 41 thickened

19 2209 85 42 and
143 2209 245 53 whitened;
421 2208 86 42 and
546 2209 279 56 everywhere
860 2209 75 43 the
959 2210 222 43 whitened
1218 2210 172 43 surface
1412 2224 89 29 was
1524 2211 153 43 dotted

18 2281 275 43 abundantly
312 2280 106 42 with
436 2280 117 43 little
576 2281 129 42 black
724 2285 132 52 spots,
874 2281 90 43 like
983 2281 74 43 the
1080 2281 129 43 black
1227 2286 100 38 tops
1350 2282 47 42 of
1415 2283 261 43 comedones

19 2368 52 29 Dn
114 2354 74 42 the
231 2367 114 29 nose.
429 2353 91 43 The
553 2352 130 43 black
726 2358 121 51 spots
892 2368 112 29 were
1047 2354 76 43 the
1166 2354 213 56 openings
1422 2356 48 41 of
1509 2355 167 44 dilated

18 2440 179 29 mucous
221 2426 139 43 ducts,
384 2425 243 44 blackened
651 2425 57 57 by
732 2426 180 42 tobacco
935 2426 162 43 smoke.

74 2498 141 57 Many
239 2497 284 57 professional
547 2498 266 43 voice-users
838 2498 169 43 believe
1029 2499 98 42 that
1159 2513 119 29 some
1301 2500 48 42 of
1369 2500 74 44 the
1466 2502 213 56 watering-

17 2569 156 58 places,
199 2569 235 57 especially
458 2570 126 43 those
606 2570 110 43 with
749 2570 189 56 sulphur
969 2571 186 57 springs,
1179 2586 71 29 are
1283 2572 47 43 of
1358 2572 131 45 value
1522 2574 47 42 in
1602 2574 76 43 the

17 2646 237 39 treatment
275 2643 45 41 of
341 2642 238 43 Follicular
602 2643 298 57 Pharyngitis.

75 2715 199 51 Further,
291 2715 36 42 it
344 2729 101 42 may
462 2715 54 43 be
539 2716 143 43 added
699 2715 110 53 that,
826 2731 47 28 as
896 2716 76 44 the
990 2717 123 43 voice
1136 2731 192 31 answers
1346 2733 47 29 so
1416 2718 261 57 sensitively

17 2790 45 40 to
91 2787 247 43 conditions
369 2787 44 42 of
440 2787 75 43 the
544 2787 152 44 health
726 2788 87 43 and
849 2803 190 29 nervous
1073 2795 182 51 system,
1277 2790 76 44 the
1388 2790 291 57 professional

17 2859 245 43 voice-user
298 2859 157 43 should
491 2864 73 52 try
595 2864 46 38 to
673 2860 113 44 keep
819 2861 183 43 himself
1035 2862 48 42 in
1117 2863 111 55 good
1262 2863 153 43 health
1448 2863 87 42 and
1566 2863 113 56 good

17 2932 162 55 spirits.
240 2931 70 42 No
333 2931 164 56 special
518 2932 117 43 rules
658 2947 81 29 can
763 2933 53 43 be
839 2933 90 43 laid
952 2934 130 42 down
1106 2934 67 43 for
1194 2935 94 42 him
1312 2935 47 43 in
1383 2935 90 43 this
1495 2940 182 51 respect.

17 3002 94 45 The
137 3003 177 57 general
342 3003 94 44 rule
460 3003 99 44 that
580 3004 93 43 will
695 3005 53 43 be
771 3010 115 38 most
908 3006 205 43 valuable
1138 3012 44 37 to
1205 3007 107 54 him,
1334 3022 47 28 as
1411 3008 36 42 it
1479 3008 37 41 is
1549 3012 45 37 to
1627 3021 53 28 us

17 3076 76 51 all,
115 3076 37 43 is
175 3076 108 51 that,
307 3077 46 41 in
376 3076 151 57 living,
550 3076 55 43 he
639 3077 158 43 should
830 3078 55 42 do
918 3077 69 44 his
1020 3079 109 43 best,
1151 3079 48 42 in
1230 3094 132 41 every
1386 3093 109 42 way,
1518 3083 45 38 to
1592 3093 86 41 pay

17 3152 184 52 respect,
224 3147 87 43 and
333 3148 120 56 yield
476 3149 234 43 obedience
734 3154 44 38 to
804 3149 73 43 the
900 3150 205 56 ordinary
1129 3150 106 43 laws
1260 3151 47 42 of
1324 3150 161 43 health.
