2107 3450
340 306 206 41 APHASIA,
579 305 105 32 ETC.,
718 305 48 31 IN
800 304 224 32 RELATION
1057 304 54 32 TO
1146 305 285 31 FUNCTIONAL
1463 304 260 33 DISORDERS.
1779 294 85 44 393

203 427 106 43 with
336 428 130 42 fever,
491 426 143 43 which
667 426 200 42 deserves
891 430 44 38 to
963 425 51 43 be
1047 425 212 55 specially
1283 425 145 43 noted.
1493 425 46 41 It
1570 426 37 42 is
1641 441 24 26 a
1697 426 166 55 Dysar-

200 500 115 41 thria
339 499 238 56 (difficulty
601 499 46 42 of
680 497 335 56 Articulation),
1037 511 26 28 a
1092 496 157 57 purely
1284 502 141 36 motor
1457 496 295 44 disturbance,
1784 501 79 39 not

199 571 205 57 properly
427 571 45 43 of
494 571 177 42 aphasic
695 575 171 38 nature.

257 643 232 43 Westphal
513 643 37 42 is
574 642 74 43 the
682 642 227 43 authority
933 641 98 43 who
1054 642 79 42 has
1157 641 104 56 paid
1284 644 115 39 most
1423 641 223 43 attention
1669 646 44 38 to
1736 640 126 44 these

195 715 280 43 articulative
508 715 168 43 defects
698 715 48 41 in
780 713 148 44 fever.1
993 714 72 43 He
1104 714 220 43 describes
1358 713 292 56 particularly
1690 728 24 28 a
1753 713 107 43 slow

195 793 175 37 staccato
409 791 238 39 utterance,
679 786 91 43 like
809 786 98 43 that
945 786 44 42 of
1033 793 205 49 multiple
1276 785 216 44 sclerosis,
1527 800 47 28 as
1611 786 134 43 being
1781 790 81 38 not

197 859 315 57 unfrequently
534 863 93 38 met
649 858 110 43 with
781 858 48 42 in
852 858 75 43 the
951 872 152 29 course
1137 859 47 42 of
1213 858 251 43 small-pox.
1530 858 45 42 If
1607 858 75 43 the
1716 862 143 38 atten-

197 932 92 42 tion
317 933 45 42 of
394 932 253 57 physicians
669 932 225 58 generally
917 932 160 43 should
1109 933 54 42 be
1195 932 217 43 attracted
1447 938 43 37 to
1525 932 75 43 the
1633 931 150 44 effects
1817 932 48 41 of

196 1004 121 43 fever
339 1019 119 42 upon
483 1005 73 43 the
575 1019 148 42 power
740 1005 47 42 of
801 1005 296 52 articulation,
1119 1005 37 43 it
1179 1005 147 43 would
1349 1005 226 56 probably,
1591 1005 23 42 I
1638 1004 144 43 think,
1806 1004 53 42 be

198 1076 136 43 found
358 1077 98 43 that
478 1078 91 42 also
593 1077 124 43 other
740 1077 165 43 defects
929 1091 71 29 are
1027 1091 213 30 common.
1307 1076 217 58 Slurring,
1558 1078 22 42 I
1604 1077 256 50 anticipate,

198 1148 91 42 will
313 1148 51 43 be
388 1149 138 42 found
547 1154 46 38 to
615 1150 53 42 be
691 1149 76 43 the
790 1154 272 38 commonest
1100 1149 44 42 of
1176 1149 89 42 all;
1297 1149 86 42 and
1418 1149 24 41 I
1478 1163 72 28 am
1583 1147 197 43 inclined
1812 1151 47 39 to

196 1220 172 44 believe
391 1221 98 43 that
521 1235 196 30 extreme
740 1221 203 57 slurring,
967 1235 47 30 so
1036 1221 183 42 marked
1242 1235 46 28 as
1312 1225 45 38 to
1380 1221 129 42 make
1543 1221 76 42 the
1651 1219 208 57 patient's

196 1293 158 55 speech
376 1293 340 57 unintelligible,
739 1308 47 28 or
810 1293 153 56 nearly
981 1308 60 28 so,
1060 1293 92 42 will
1171 1293 51 42 be
1239 1292 139 43 found
1398 1298 45 37 to
1462 1293 53 42 be
1533 1307 24 28 a
1572 1306 224 43 symptom
1815 1292 45 42 of

195 1380 130 41 grave
349 1366 569 56 significance,—probably
950 1366 132 42 much
1105 1380 155 42 graver
1284 1365 107 42 than
1415 1365 76 42 the
1525 1378 260 29 occurrence
1814 1363 46 43 of

194 1451 57 28 an
275 1438 193 42 amnesic
491 1438 191 56 aphasia,
705 1438 232 42 inasmuch
961 1452 46 28 as
1040 1438 37 42 it
1109 1438 37 42 is
1170 1452 46 28 so
1240 1437 251 57 suggestive
1522 1437 44 42 of
1588 1437 271 56 prostration

194 1508 45 42 of
262 1513 140 37 motor
419 1523 157 41 power.
643 1509 21 41 I
688 1508 112 43 have
824 1508 161 57 myself
1008 1513 92 38 met
1123 1508 108 42 with
1246 1523 82 28 one
1346 1522 97 28 case
1462 1508 47 42 of
1528 1507 110 43 such
1663 1512 195 38 extreme

195 1580 190 43 slurring
403 1581 47 42 in
470 1581 187 57 typhoid
675 1581 132 43 fever.
872 1581 92 43 The
987 1581 186 55 patient,
1196 1595 25 28 a
1244 1580 300 57 middle-aged
1567 1594 186 39 woman,
1771 1580 87 42 had

195 1653 56 54 by
267 1654 202 42 accident
490 1654 110 42 been
624 1653 215 43 admitted
863 1654 94 42 into
982 1667 75 43 my
1075 1653 179 57 general
1274 1653 130 42 ward,
1423 1667 53 28 on
1498 1653 76 43 the
1593 1653 79 42 9th
1696 1653 47 42 of
1758 1653 100 42 Jan.

196 1726 135 42 1892;
354 1727 87 41 and
460 1741 87 28 was
566 1740 46 29 so
628 1730 217 52 prostrate
862 1726 111 52 that,
991 1726 128 42 when
1139 1726 23 42 I
1181 1740 88 29 saw
1289 1726 79 42 her
1386 1731 107 38 next
1511 1726 98 56 day,
1628 1726 22 41 I
1669 1726 192 56 thought

194 1797 34 41 it
249 1798 96 41 well
369 1804 78 37 not
471 1805 44 36 to
539 1799 171 56 subject
731 1798 80 43 her
830 1803 43 38 to
890 1797 75 43 the
984 1798 140 42 strain
1143 1799 47 41 of
1205 1798 132 43 being
1353 1798 210 43 removed
1581 1803 44 37 to
1643 1797 76 44 the
1738 1798 123 43 fever

192 1869 201 55 hospital.
461 1869 87 44 She
571 1870 101 42 died
695 1885 58 27 on
782 1870 76 43 the
891 1870 160 43 second
1086 1869 86 57 day
1195 1877 113 36 after
1339 1869 79 44 her
1450 1870 256 43 admission.
1772 1870 87 44 She

192 1939 86 43 had
303 1941 173 43 slurred
498 1957 117 28 more
639 1943 87 42 and
749 1957 119 29 more
891 1942 162 43 during
1077 1942 75 42 the
1175 1942 87 43 last
1294 1942 121 57 eight
1448 1942 108 56 days
1589 1943 45 42 of
1656 1943 79 43 her
1756 1942 103 55 life;

192 2013 86 42 and
303 2014 126 43 when
464 2015 23 42 I
521 2029 87 29 saw
642 2015 90 43 her,
755 2015 79 43 her
867 2015 158 56 speech
1056 2030 87 28 was
1176 2015 161 43 almost
1371 2015 159 56 totally
1563 2016 297 52 inarticulate,

192 2084 163 57 though
391 2086 78 42 she
501 2101 89 28 was
624 2086 228 57 evidently
876 2087 123 56 quite
1033 2087 239 43 conscious.
1339 2087 22 42 I
1395 2087 133 42 think
1562 2087 90 43 this
1686 2088 173 55 subject

191 2157 202 43 deserves
416 2173 121 29 more
559 2159 221 43 attention
805 2159 107 43 than
936 2160 36 42 it
994 2159 79 43 has
1096 2165 77 51 yet
1194 2160 213 43 received.

755 2327 204 57 Aphasia
990 2329 51 43 in
1072 2329 218 56 Insanity.

250 2447 45 42 It
327 2448 92 42 will
442 2448 52 43 be
517 2449 298 44 remembered
838 2456 99 37 that
958 2450 47 42 in
1030 2451 191 42 treating
1244 2451 45 42 of
1311 2450 75 44 the
1409 2451 197 43 troubles
1630 2452 48 42 of
1696 2453 159 55 speech

189 2518 46 43 in
273 2519 217 59 Insanity,
525 2521 22 42 I
581 2523 203 42 reserved
816 2523 68 42 for
916 2523 147 43 future
1096 2523 327 43 consideration
1457 2523 75 43 the
1564 2524 210 44 relations
1809 2526 45 42 of

188 2590 177 56 aphasia
404 2599 44 36 to
486 2593 208 58 insanity,
734 2595 166 57 merely
939 2595 254 57 remarking
1230 2595 108 52 that,
1378 2610 160 42 among
1575 2596 76 43 the
1686 2596 168 54 insane,

188 2665 180 56 aphasia
402 2667 38 43 is
476 2673 92 37 met
606 2669 108 41 with
748 2669 47 42 in
829 2674 86 38 two
949 2669 161 43 classes
1143 2670 48 42 of
1222 2683 133 38 cases,
1388 2669 96 52 viz.,
1516 2669 81 57 (1),
1631 2669 76 44 the
1740 2685 113 29 class

188 2736 45 43 in
272 2739 145 43 which
461 2741 75 43 the
578 2741 199 58 insanity
814 2743 88 42 and
948 2742 75 44 the
1067 2742 181 57 aphasia
1289 2757 74 29 are
1406 2743 118 43 alike
1567 2743 86 44 due
1693 2747 45 40 to
1776 2744 77 43 the

187 2824 205 42 presence
422 2812 48 44 in
502 2813 77 44 the
611 2814 127 44 brain
771 2815 48 43 of
847 2829 121 30 some
998 2830 122 43 gross
1152 2815 153 44 lesion,
1328 2816 109 43 such
1471 2830 46 29 as
1549 2830 26 29 a
1604 2821 250 49 softening;

187 2882 85 43 and
306 2883 81 57 (2),
420 2885 75 43 the
529 2886 111 44 class
672 2887 47 42 in
753 2887 145 43 which
931 2887 182 57 aphasia
1145 2888 140 43 exists
1318 2902 46 29 as
1398 2902 25 28 a
1455 2888 249 43 functional
1734 2902 120 29 com-

186 2954 209 56 plication
420 2958 45 42 of
494 2959 211 56 insanity,
728 2960 119 43 often
882 2975 25 28 a
940 2960 167 57 merely
1142 2965 239 52 transitory
1414 2960 328 56 complication,
1764 2962 89 42 and

187 3025 45 43 in
255 3027 144 44 which
425 3029 121 45 there
567 3030 38 44 is
628 3045 56 29 no
706 3045 120 43 gross
845 3032 138 43 lesion
1003 3033 43 42 in
1073 3033 76 42 the
1166 3033 126 42 brain
1317 3037 45 38 to
1384 3037 190 38 account
1596 3033 67 42 for
1685 3032 47 43 it.
1796 3033 56 42 In

235 3130 10 25 1
276 3134 20 19 "
313 3131 290 50 Dysarthrische
646 3135 215 49 Storungen
894 3136 62 37 bei
994 3136 152 38 Pocken
1181 3137 80 37 unci
1304 3136 195 49 Typhus,"
1537 3135 166 37 Berliner
1747 3134 104 38 Klin.

195 3191 253 52 IVochenschr.,
470 3197 105 46 1872,
594 3196 61 37 ix.,
674 3196 74 37 No.
771 3199 31 45 1,
820 3209 35 37 p.
876 3200 32 34 8.

1593 3248 25 42 3
1646 3259 29 30 D
