1895 3217
1436 268 60 48 87

355 277 91 32 THE
471 277 89 31 RED
583 276 58 32 OR
663 276 185 31 ASIATIC
872 276 391 34 ORANG-OUTANG.

133 415 107 38 thus
273 412 152 40 obtain
457 420 135 31 seven
622 403 88 47 feet
742 403 70 46 six
844 403 153 46 inches
1031 403 91 46 and
1155 419 28 30 a
1215 403 103 46 half
1340 420 49 30 as
1422 405 79 45 the

133 489 308 57 approximate
462 482 156 46 height
642 480 50 47 of
706 487 78 40 the
802 481 213 45 animal.”

198 561 44 45 A
263 559 267 47 description
553 558 50 46 of
616 565 79 39 the
717 559 196 45 remains
937 557 51 47 of
1002 558 92 45 this
1112 556 194 63 gigantic
1330 559 173 45 animal

133 637 36 46 is
199 653 92 30 also
323 637 133 61 given
485 638 63 60 by
585 637 66 44 Dr
690 635 133 46 Abel.
986 635 98 45 The
1122 633 109 56 face^
1269 633 116 47 with
1424 635 80 45 the

133 720 235 40 exception
391 712 50 46 of
455 713 78 45 the
555 713 150 52 beard,
725 712 37 46 is
779 713 158 61 nearly
955 713 119 53 bare,
1100 727 27 30 a
1149 710 88 47 few
1261 711 245 62 straggling

135 791 122 45 short
288 791 167 60 downy
477 791 120 44 hairs
627 791 133 61 being
790 805 128 30 alone
949 790 221 45 scattered
1200 804 105 31 over
1334 787 53 56 it,
1413 789 91 44 and

134 867 37 45 is
195 866 51 47 of
259 882 28 30 a
310 867 111 45 dark
443 867 103 45 lead
568 867 159 45 colour.
814 868 97 44 The
935 882 105 30 eyes
1064 881 74 31 are
1163 866 130 46 small
1317 865 48 45 in
1386 866 118 45 rela-

133 950 96 40 tion
267 951 47 39 to
347 951 127 39 those
509 943 50 47 of
582 960 124 39 man,
731 944 91 46 and
851 960 74 30 are
954 946 137 44 about
1122 960 58 30 an
1208 943 104 46 inch
1342 949 160 48 apart;

133 1027 80 39 the
247 1021 170 61 eyelids
452 1021 105 46 well
589 1021 172 61 fringed
795 1021 115 45 with
943 1022 161 45 lashes.
1174 1021 98 45 The
1302 1036 96 30 ears
1428 1035 75 30 are

135 1112 82 31 one
240 1097 105 46 inch
376 1098 91 45 and
490 1113 27 30 a
538 1097 103 46 half
664 1099 48 44 in
744 1099 172 61 length,
942 1099 90 45 and
1058 1100 156 59 barely
1237 1114 59 29 an
1326 1097 105 45 inch
1454 1097 48 45 in

134 1175 207 53 breadth,
365 1190 76 32 are
463 1175 165 61 closely
646 1176 179 60 applied
848 1181 45 39 to
917 1176 78 44 the
1017 1176 132 53 head,
1175 1175 91 44 and
1286 1174 218 45 resemble

135 1257 129 40 those
287 1251 50 46 of
351 1267 123 39 man,
491 1252 114 45 with
619 1258 79 39 the
722 1258 234 39 exception
979 1250 49 47 of
1045 1258 201 54 wanting
1268 1252 79 44 the
1369 1252 138 44 lower

136 1329 113 45 lobe.
320 1330 99 44 The
451 1345 106 29 nose
588 1329 38 45 is
656 1344 193 46 scarcely
879 1329 148 45 raised
1055 1330 139 44 above
1222 1329 78 44 the
1323 1328 117 46 level
1464 1327 49 46 of

135 1406 80 44 the
249 1404 107 54 face,
382 1406 90 45 and
505 1405 37 45 is
573 1405 163 61 chiefly
760 1405 327 45 distinguished
1109 1406 62 59 by
1193 1411 92 39 two
1308 1405 194 53 nostrils,

137 1481 322 46 three-fom*ths
494 1480 50 47 of
569 1497 58 30 an
650 1482 103 45 inch
783 1481 48 46 in
859 1482 204 53 breadth,
1088 1482 157 60 placed
1276 1481 229 61 obliquely

139 1558 94 44 side
255 1559 62 59 by
341 1558 106 45 side.
517 1559 97 45 The
637 1560 160 44 mouth
832 1559 188 61 projects
1060 1558 307 61 considerably
1395 1558 48 45 in
1477 1574 28 29 a

136 1634 308 61 mammillary
459 1633 126 55 fonn,
605 1635 89 45 and
709 1635 58 45 its
792 1635 191 61 opening
1004 1635 37 45 is
1065 1650 110 45 very
1190 1635 119 60 large
1328 1651 14 37 ;
1368 1650 134 29 when

137 1710 159 54 closed,
321 1711 79 45 the
422 1711 85 45 lips
539 1726 165 46 appear
726 1727 189 39 narrow,
941 1713 82 44 but
1048 1727 73 29 are
1151 1711 47 45 in
1220 1712 166 60 reality
1409 1710 102 46 half

136 1801 59 30 an
217 1786 104 45 inch
345 1786 48 45 in
418 1787 241 46 thickness.
743 1789 97 44 The
873 1789 100 44 hair
1006 1787 50 46 of
1081 1789 79 44 the
1193 1789 117 44 head
1333 1789 37 44 is
1401 1787 50 46 of
1477 1804 27 29 a

135 1862 374 55 reddish-brown,
546 1879 143 45 grows
727 1862 113 47 from
878 1865 168 45 behind
1081 1864 229 54 forwards,
1345 1865 91 45 and
1466 1864 37 45 is

115 1938 110 45 ■five
258 1939 152 45 inches
443 1939 48 45 in
523 1940 170 60 length.
763 1942 97 43 The
894 1942 136 43 beard
1059 1941 38 44 is
1126 1941 262 53 handsome,
1414 1942 91 44 and

140 2029 185 45 appears
348 2021 47 39 to
417 2015 117 45 have
566 2017 113 43 been
711 2017 127 59 curly
867 2016 49 45 in
949 2023 79 38 the
1062 2017 207 44 animal’s
1297 2016 204 54 lifetime,

140 2090 91 44 and
253 2091 265 59 approaches
541 2097 47 39 to
612 2107 27 29 a
662 2092 209 45 chestnut
895 2093 177 53 colour;
1098 2092 36 45 it
1157 2093 38 44 is
1218 2094 135 43 about
1376 2093 127 45 three

137 2166 153 45 inches
313 2167 115 60 long,
465 2167 225 61 springing
712 2184 109 44 very
844 2167 245 62 gracefully
1112 2168 112 45 from
1254 2175 78 38 the
1363 2185 141 45 upper

135 2241 64 61 lip
222 2257 108 30 near
351 2248 79 39 the
454 2258 151 46 angles
629 2243 50 45 of
693 2251 78 38 the
794 2245 174 53 mouth,
994 2245 47 45 in
1064 2245 78 45 the
1166 2244 111 46 form
1301 2244 51 46 of
1375 2261 128 30 mus-

137 2324 151 38 taches
309 2335 13 36 ;
365 2319 134 45 when
524 2320 281 61 descending,
830 2320 37 46 it
890 2337 144 29 mixes
1069 2321 114 45 with
1217 2328 102 38 that
1349 2321 50 46 of
1423 2323 79 44 the

137 2395 117 52 chin,
280 2402 77 38 the
394 2396 145 45 whole
562 2396 170 61 having
755 2412 26 29 a
804 2413 110 45 very
938 2397 115 61 wiry
1078 2404 181 54 aspect;
1296 2398 78 45 the
1409 2397 93 46 face

137 2469 50 45 of
219 2478 77 37 the
337 2471 169 45 animal
546 2471 36 46 is
621 2474 137 44 much
799 2473 264 45 wrinkled.”
1140 2474 98 45 The
1271 2474 154 60 length
1461 2474 48 45 of

137 2546 77 45 the
250 2546 108 55 face,
383 2546 112 47 from
523 2555 78 39 the
635 2557 380 38 commencement
1038 2549 50 47 of
1112 2551 78 44 the
1218 2550 99 45 hair
1345 2565 56 30 on
1424 2550 78 45 the

1285 2640 27 30 L
