1933 3302
1699 157 75 38 113

874 157 220 32 Nacliscliril't.

756 388 454 57 Nachschrift.

323 595 53 37 Es
405 594 67 38 hat
499 593 241 38 meinerseits
769 592 105 38 nicht
904 606 47 24 an
981 592 225 39 Versuchen
1237 591 165 47 »efehlt,
1444 591 325 39 Hospitalbrand-

197 648 175 38 muterial
401 646 279 39 anzuschaffen,
712 660 63 24 um
805 647 93 37 über
930 646 219 38 Aetiologie
1180 646 77 38 und
1279 645 144 38 Wesen
1454 646 66 37 der
1551 645 219 39 Krankheit

197 701 116 39 durch
354 714 97 24 neue
493 712 135 37 eigene
660 699 349 39 Untersuchungen
1042 700 250 38 Aufschlüsse
1333 699 164 38 bringen
1526 713 46 23 zu
1603 699 164 38 können.

196 754 64 38 Ich
290 754 89 38 fand
411 753 99 38 beim
532 753 240 39 Durchlesen
803 755 66 37 der
890 753 196 39 Literatur
1115 754 49 37 im
1189 753 205 38 American
1414 752 163 39 Journal
1596 752 86 38 Vol.
1705 753 62 46 47,

197 808 120 44 1864,
347 820 37 36 p.
415 807 73 37 381
522 807 77 38 und
630 808 96 45 388,
765 808 85 37 dass
886 808 51 37 im
968 806 801 51 Washington-Army-Medical-Museum

194 860 539 39 Hospitalbrand-Präparate
756 875 83 24 vom
863 860 335 39 Secessionskrieg
1218 860 247 38 aufbewahrt
1484 860 115 38 seien.
1637 860 131 39 Durch

193 913 59 38 die
270 913 317 39 Freundlichkeit
608 916 65 36 des
689 914 131 38 Herrn
836 915 35 38 J.
887 913 36 39 S.
943 915 215 51 Billings,
1181 913 112 51 Surg.
1311 913 48 40 U.
1379 913 36 39 S.
1439 913 60 47 A.,
1521 913 161 39 Curator
1703 915 66 37 des

192 967 46 38 A.
256 967 52 38 M.
326 967 66 47 M.,
424 968 138 38 erhielt
590 968 61 38 ich
681 982 67 24 aus
779 969 141 37 diesem
944 968 176 38 Museum
1143 968 135 38 Theile
1308 981 74 25 von
1413 968 94 38 zwei
1536 968 39 37 in
1599 967 169 39 Alkohol

191 1021 297 38 aufbewahrten
529 1023 252 48 Präparaten.
850 1022 80 38 Das
972 1022 83 38 eine
1099 1024 179 36 stammte
1322 1035 74 25 von
1441 1021 124 38 einem
1605 1035 162 37 grossen

191 1075 381 50 hospitalbrandigen
593 1075 527 50 Unterschenkelgeschwiir,
1152 1076 66 37 das
1248 1076 141 37 andere
1412 1089 72 24 von
1507 1075 105 38 einer
1632 1075 132 51 hospi-

191 1128 220 51 talbrandig
446 1130 191 37 inficirten
668 1129 154 38 Wunde
860 1143 61 24 am
951 1129 97 38 Fuss
1089 1130 104 37 eines
1234 1143 62 24 am
1327 1130 60 37 15.
1418 1129 94 38 Juni
1544 1129 102 38 1864
1676 1143 89 24 ver-

190 1185 204 35 wundeten
423 1182 273 41 Artilleristen.
743 1182 334 39 Culturversuche,
1109 1183 144 38 welche
1282 1185 99 35 trotz
1412 1183 66 37 der
1508 1183 117 38 kaum
1654 1188 112 46 mög-

190 1235 126 38 lichen
338 1236 181 38 Aussicht
539 1237 70 37 auf
624 1236 139 38 Erfolg
783 1236 69 38 auf
870 1236 187 47 Gelatine,
1081 1237 108 49 Agar
1209 1237 77 37 und
1307 1236 221 38 Blutserum
1559 1237 208 38 angestellt

195 1290 166 46 wurden,
392 1290 153 38 blieben
573 1290 231 38 resultatlos.
845 1290 140 38 Leider
1014 1290 127 38 stellte
1170 1290 81 38 sich
1280 1290 96 38 auch
1405 1291 151 46 heraus,
1589 1291 85 38 dass
1705 1291 60 38 die

190 1342 212 50 Präparate
432 1343 61 38 für
524 1344 314 37 differenzirende
870 1344 233 50 Färbungen
1138 1343 106 38 nicht
1272 1344 109 37 mehr
1410 1344 183 50 geeignet
1621 1359 141 24 waren.

190 1396 66 38 Bis
283 1398 98 48 jetzt
410 1400 232 47 wenigstens
672 1397 142 50 gelang
845 1411 38 24 es
913 1397 119 38 durch
1062 1397 271 39 verschiedene
1350 1397 413 39 Färbungsmethoden

191 1450 117 47 nicht,
339 1450 197 38 Microben
567 1451 38 37 in
635 1451 84 37 dem
752 1450 164 39 Gewebe
947 1451 168 38 sichtbar
1145 1465 43 24 zu
1218 1451 173 38 machen.

244 2946 223 35 Bosenbach,
486 2950 233 26 Hospitalbrand.
