2107 3450
504 313 268 34 PATHOLOGY
804 314 54 33 OF
889 315 89 32 THE
1010 315 154 32 MOTOR
1197 314 367 33 SPEECH-TRACTS.
1780 302 86 44 421

506 479 234 56 Pathology
762 480 51 55 of
827 480 66 42 the
916 479 138 42 Motor
1089 479 129 43 Tract
1236 479 81 56 for
1337 478 225 57 Speaking.

267 600 90 42 The
380 600 98 42 task
503 605 96 37 that
622 599 93 43 still
739 600 191 42 remains
954 600 66 42 for
1043 613 51 29 us
1116 600 51 50 is,
1189 603 45 39 to
1257 599 128 43 make
1410 603 102 39 note
1535 600 44 41 of
1596 598 72 44 the
1689 601 174 41 various

206 671 161 44 lesions
391 672 96 42 that
510 686 100 42 may
634 671 207 43 interfere
870 671 106 42 with
1010 686 48 28 or
1091 671 175 43 destroy
1291 671 75 43 the
1388 671 306 56 speech-tract,
1717 677 45 37 at
1784 686 82 29 one

207 759 48 27 or
291 744 184 42 another
508 743 111 43 level
656 744 43 41 in
739 744 58 42 its
835 758 162 28 course.
1061 744 84 42 We
1180 743 114 43 shall
1327 744 112 42 have
1474 749 43 37 to
1550 748 113 38 treat
1697 743 94 44 first
1823 746 47 41 of

208 816 73 42 the
304 815 160 43 lesions
489 816 96 42 that
608 830 101 42 may
739 816 183 43 damage
954 815 76 44 the
1063 816 295 43 speech-tract
1390 816 48 42 in
1471 816 59 42 its
1563 817 96 42 first
1693 817 173 42 trophic

206 887 135 43 realm
361 903 9 38 ;
402 888 87 43 and
511 892 120 39 next,
654 889 45 42 of
723 889 123 42 those
870 888 98 43 that
987 903 99 42 may
1105 889 182 56 damage
1306 889 36 42 it
1361 889 45 42 in
1430 889 57 42 its
1510 889 160 43 second
1693 889 172 56 trophic

206 958 145 45 realm.

265 1032 90 43 The
379 1032 308 56 speech-tract,
709 1047 47 29 as
781 1048 62 28 we
863 1033 112 43 have
997 1047 115 29 seen,
1134 1034 37 42 is
1195 1033 232 43 composed
1450 1033 45 43 of
1523 1033 130 43 fibres
1686 1033 178 56 belong-

204 1105 77 56 ing
318 1108 44 39 to
402 1104 74 44 the
516 1106 122 42 vocal
677 1107 271 41 mechanism
988 1106 128 55 (such
1154 1121 46 28 as
1240 1106 124 43 those
1404 1106 146 42 whose
1585 1105 278 43 stimulation

204 1191 151 28 causes
378 1177 201 43 bilateral
602 1178 239 42 adduction
863 1178 45 42 of
931 1178 74 43 the
1028 1178 126 43 vocal
1175 1177 158 57 cords),
1356 1178 88 42 and
1465 1178 45 42 of
1531 1177 131 43 fibres
1684 1177 178 56 belong-

204 1250 75 54 ing
334 1254 43 37 to
421 1249 75 43 the
539 1250 90 42 oral
673 1250 279 43 articulative
999 1251 282 42 mechanism.
1367 1250 54 41 In
1466 1250 192 42 treating
1700 1250 47 41 of
1787 1249 75 42 the

204 1321 237 56 pathology
465 1322 46 42 of
532 1322 74 43 the
630 1326 114 39 tract
767 1322 42 42 in
836 1322 58 43 its
918 1323 96 42 first
1037 1323 171 55 trophic
1234 1322 148 43 realm,
1405 1323 37 41 it
1466 1322 103 52 will,
1592 1323 22 40 I
1646 1322 142 42 think,
1812 1322 52 42 be

206 1393 97 41 well
327 1398 43 38 to
395 1394 101 42 take
521 1394 122 42 these
665 1398 87 38 two
775 1399 89 37 sets
888 1395 47 41 of
954 1395 128 42 fibres
1116 1395 209 56 together,
1359 1394 87 42 and
1480 1398 43 38 to
1555 1393 153 43 regard
1742 1394 122 42 them

203 1480 46 28 as
272 1466 293 42 constituting
588 1481 24 27 a
634 1481 202 27 common
855 1471 137 48 tract;
1015 1466 482 52 because,throughout
1517 1466 115 42 their
1649 1479 151 29 course
1817 1465 48 42 in

205 1537 73 42 the
302 1537 95 43 first
418 1538 172 55 trophic
612 1537 150 43 realm,
785 1537 75 43 the
882 1542 87 38 two
993 1542 88 38 sets
1104 1538 48 42 of
1187 1537 128 43 fibres
1347 1537 59 43 lie
1439 1551 47 29 so
1519 1537 115 43 close
1667 1537 198 56 together

204 1614 96 36 that
332 1608 35 42 it
398 1608 38 42 is
468 1608 193 56 scarcely
684 1608 193 56 possible
900 1609 66 41 for
998 1623 25 27 a
1045 1608 141 43 lesion
1209 1614 44 36 to
1276 1608 183 42 damage
1482 1622 82 28 one
1587 1612 67 38 set
1677 1614 188 35 without

203 1680 90 43 also
326 1680 235 55 damaging
598 1681 76 41 the
709 1681 135 41 other.
907 1680 161 52 When,
1096 1681 216 42 however,
1335 1694 64 29 we
1432 1694 122 28 come
1589 1686 43 36 to
1665 1680 201 42 consider

204 1752 73 43 the
309 1752 160 43 second
502 1751 172 43 trophic
705 1752 138 42 realm
876 1752 48 42 of
953 1752 76 43 the
1063 1757 307 52 speech-tract,
1404 1752 38 42 it
1481 1752 92 42 will
1605 1752 53 42 be
1693 1752 96 42 best
1822 1758 44 35 to

203 1825 102 42 take
338 1824 105 43 each
477 1829 67 38 set
575 1825 45 42 of
657 1825 126 42 fibres
817 1824 273 57 separately;
1127 1826 183 42 because
1343 1825 75 42 the
1452 1828 87 39 two
1576 1830 90 37 sets
1703 1839 84 28 are,
1819 1825 48 41 in

204 1898 73 41 the
300 1897 159 43 second
493 1897 172 56 trophic
699 1897 148 51 realm,
881 1898 283 55 represented
1198 1899 58 41 by
1290 1898 206 42 different
1528 1912 132 28 nerve
1694 1897 171 51 trunks,

204 1969 87 43 and
332 1984 72 28 are
447 1970 228 42 therefore,
714 1970 46 41 in
798 1970 251 43 conditions
1091 1971 48 43 of
1177 1971 181 43 disease,
1396 1970 122 43 often
1563 1970 213 57 damaged
1819 1984 48 28 or

202 2041 233 57 destroyed
458 2041 258 57 separately.

259 2199 198 42 Lesions
490 2210 47 31 in
570 2210 88 31 the
691 2200 137 41 First
859 2199 203 44 Trophic
1095 2200 176 43 Eealm.

265 2314 34 42 1.
344 2313 245 42 Unilateral
614 2313 167 42 Lesions
803 2313 48 42 in
874 2313 66 42 the
966 2312 482 58 Cerebrum.—Speech,
1470 2328 47 29 as
1537 2329 63 28 we
1617 2314 112 43 have
1748 2328 116 37 seen,

200 2385 37 43 is
260 2400 25 27 a
309 2385 200 43 function
534 2385 143 43 which
702 2385 36 43 is
762 2385 256 57 discharged
1043 2385 259 57 essentially
1326 2386 56 56 by
1406 2400 83 29 one
1511 2386 279 43 hemisphere
1818 2387 44 41 of

202 2456 75 43 the
301 2456 137 52 brain,
462 2456 94 53 viz.,
578 2455 75 43 the
677 2456 278 57 hemisphere
979 2456 97 43 that
1097 2457 80 43 has
1205 2457 112 43 been
1349 2457 215 43 educated
1598 2462 44 38 to
1673 2457 189 43 it—this

202 2529 129 43 being
354 2528 74 44 the
450 2528 81 44 left
553 2528 280 57 hemisphere
857 2529 46 42 in
927 2529 314 57 right-handed
1264 2530 169 56 people,
1456 2530 86 43 and
1566 2530 74 43 the
1663 2530 119 43 right
1814 2530 45 41 in

201 2601 277 43 left-handed
502 2601 166 56 people.
731 2601 86 43 We
839 2601 113 44 have
975 2601 180 44 already
1178 2602 177 43 studied
1388 2603 47 42 iii
1468 2603 135 42 detail
1637 2603 75 42 the
1746 2617 114 28 com-

202 2672 117 57 plete
343 2688 48 28 or
413 2672 161 44 almost
594 2672 218 58 complete
845 2673 275 44 destruction
1153 2675 47 42 of
1231 2674 75 43 the
1339 2674 170 57 faculty
1542 2675 47 43 of
1619 2675 244 57 producing

201 2745 159 56 speech
396 2745 143 42 which
573 2745 159 43 results
759 2745 127 44 when
912 2746 74 43 the
1018 2751 145 38 motor
1196 2751 148 39 centre
1378 2745 52 44 B,
1462 2747 46 42 in
1543 2747 75 43 the
1650 2746 213 44 educated

201 2817 289 57 hemisphere,
514 2818 35 42 is
573 2817 244 58 destroyed.
880 2818 85 43 We
987 2818 113 44 have
1123 2819 92 43 also
1237 2833 103 29 seen
1366 2819 96 43 that
1482 2820 36 42 if
1535 2835 26 27 a
1578 2819 283 44 sub-cortical

200 2888 137 44 lesion
362 2889 190 57 entirely
576 2889 175 57 destroy
777 2889 74 44 the
877 2890 132 43 white
1032 2895 162 39 matter
1226 2891 305 43 immediately
1566 2890 187 44 beneath
1788 2890 74 43 the

200 2966 147 39 centre
371 2961 49 52 B,
443 2961 75 43 the
541 2966 149 38 centre
714 2962 92 42 will
829 2962 53 43 be
906 2962 210 43 rendered
1141 2962 294 56 functionally
1460 2963 128 42 inert,
1621 2961 86 43 and
1741 2961 121 42 there

200 3033 90 42 will
312 3033 139 43 result
472 3048 55 28 an
551 3033 182 57 aphasia
755 3034 46 42 in
830 3048 132 43 every
996 3049 94 42 way
1125 3034 211 43 identical
1372 3034 107 43 with
1511 3034 98 43 that
1641 3032 219 58 produced

199 3105 57 58 by
281 3106 270 43 destruction
574 3107 47 42 of
640 3106 75 44 the
739 3120 148 30 centre
911 3106 130 44 itself.
1105 3106 203 44 Further,
1331 3121 65 28 we
1430 3107 110 42 have
1573 3121 103 28 seen
1711 3106 96 42 that
1836 3120 25 27 a

201 3178 283 44 sub-corlical
507 3179 140 43 lesion
682 3189 47 32 at
750 3194 25 27 a
796 3178 118 44 little
947 3178 198 43 distance
1180 3179 111 42 from
1327 3178 74 43 the
1434 3183 148 38 centre
1615 3179 37 41 B
1685 3192 99 41 may
1810 3177 52 43 be
