2113 3404
346 165 83 40 104

842 176 86 35 THE
961 178 240 33 DISORDERS
1233 180 54 32 OF
1319 180 173 31 SPEECH.

404 294 158 57 Preyer
585 296 148 43 thinks
766 296 34 42 it
832 312 25 27 a
879 297 182 44 mistake
1093 303 44 38 to
1169 299 219 42 designate
1411 299 118 41 these
1561 298 135 43 words
1719 313 44 28 as
1784 303 167 43 "words

345 364 45 41 of
427 364 74 43 the
537 365 152 44 child's
726 381 95 28 own
861 368 259 42 invention."
1189 369 69 41 He
1295 367 170 42 regards
1502 367 120 42 them
1663 381 44 28 as
1748 371 203 55 probably

345 435 179 43 obscure
546 437 238 42 imitations
807 438 46 41 of
874 438 135 41 words
1033 438 94 41 that
1148 438 73 41 the
1244 437 117 42 child
1383 437 76 41 has
1482 437 104 42 been
1611 437 43 41 in
1680 437 71 43 the
1775 438 117 43 habit
1911 443 44 41 of

347 505 200 56 hearing:
580 506 155 53 Mimi,
760 507 63 43 for
845 508 208 53 example,
1076 508 126 50 being
1225 506 208 54 probably
1456 506 174 42 derived
1653 508 105 40 from
1791 507 160 44 Milch.

347 574 140 52 Cases,
505 575 208 43 however,
731 591 70 27 are
822 576 203 42 recorded
1049 576 55 54 by
1124 576 157 49 others,
1302 573 45 43 in
1372 574 139 41 which
1534 588 25 28 a
1580 576 172 53 copious
1776 578 175 42 vocabu-

347 643 90 55 lary
461 644 44 41 of
536 645 105 41 such
676 645 150 41 words,
849 645 102 41 each
985 644 116 41 word
1127 643 101 43 with
1263 643 55 41 its
1351 643 176 42 definite
1549 644 299 54 signification,
1869 660 82 31 was

345 714 227 55 employed
605 715 57 41 by
685 715 72 41 the
780 714 116 42 child
929 715 63 40 for
1014 728 24 27 a
1060 713 260 55 lengthened
1353 713 146 54 period
1522 713 141 43 before
1691 727 85 41 any
1798 715 154 46 serious

344 787 186 51 attempt
583 798 85 27 was
721 784 122 42 made
886 789 43 36 to
978 783 172 54 employ
1194 783 136 41 words
1381 784 47 40 of
1477 783 72 42 the
1599 784 352 44 mother-tongue.

346 851 237 42 Romanes1
605 852 168 41 records
795 856 86 37 two
903 852 266 42 remarkable
1193 866 116 28 cases
1336 852 43 41 of
1402 852 86 42 this
1510 853 270 43 description.

404 920 51 41 In
493 921 72 41 the
598 922 91 40 first
723 936 106 36 case,
851 927 85 36 two
959 922 106 41 twin
1100 922 115 54 boys,
1236 922 272 55 remarkably
1540 923 113 41 alike
1685 924 42 40 in
1761 927 191 52 personal

343 1005 276 41 appearance,
656 991 219 42 invented,
907 997 44 36 at
992 992 73 41 the
1108 1005 75 41 age
1226 991 124 42 when
1392 993 152 54 speech
1586 992 36 44 is
1655 994 168 55 usually
1867 996 86 42 first

344 1061 248 55 developed,
614 1075 24 27 a
659 1061 211 56 language
891 1062 43 41 of
957 1061 112 42 their
1090 1075 95 28 own
1203 1076 8 37 ;
1240 1061 84 41 and
1347 1062 63 41 for
1431 1063 164 41 several
1615 1077 121 41 years
1759 1078 54 27 no
1835 1066 117 52 pains

343 1130 127 42 could
502 1130 156 42 induce
690 1131 118 42 them
841 1137 43 36 to
917 1132 132 54 speak
1082 1131 213 56 anything
1317 1132 97 42 else.
1476 1133 121 41 Even
1620 1134 72 42 the
1721 1135 123 41 usual
1866 1136 87 42 first

346 1201 138 41 words
516 1205 146 50 'papa,
693 1201 166 51 mama,'
890 1202 104 54 they
1024 1202 171 42 refused
1228 1207 42 36 to
1304 1216 84 28 use.
1451 1202 118 54 They
1601 1203 85 42 had
1717 1204 111 42 their
1859 1219 90 29 own

344 1285 146 28 names
514 1272 62 40 for
607 1271 113 42 their
740 1277 173 50 parents
947 1272 85 41 and
1063 1271 64 42 for
1160 1272 111 41 their
1292 1277 130 48 aunt;
1455 1272 96 49 and,
1574 1273 168 56 talking
1772 1275 44 40 in
1839 1276 109 41 their

345 1357 95 26 own
478 1342 167 55 speech,
683 1342 104 56 they
821 1342 156 55 played
1021 1342 195 42 together
1257 1342 106 42 with
1406 1343 59 41 all
1506 1343 73 42 the
1620 1343 219 43 liveliness
1871 1346 79 40 and

343 1413 232 42 volubility
617 1413 46 41 of
701 1427 197 27 common
940 1413 203 42 children.
1206 1413 128 42 Their
1381 1413 113 42 word
1537 1414 64 41 for
1641 1414 185 54 carriage
1867 1428 82 28 was

342 1488 10 17 '
368 1483 414 42 ni-si-boo-aand
814 1483 126 42 when
970 1497 24 27 a
1025 1483 186 42 carriage
1235 1497 85 27 was
1352 1483 130 41 heard
1506 1484 44 40 in
1583 1483 73 43 the
1687 1497 142 37 street,
1851 1484 98 55 they

345 1553 144 41 would
521 1558 128 36 shout
686 1552 86 42 this
804 1553 127 41 word,
953 1553 83 41 and
1069 1567 82 27 run
1185 1559 42 35 to
1250 1553 74 42 the
1347 1553 183 41 window
1553 1559 43 36 to
1618 1567 70 28 see
1710 1554 44 41 it.

401 1624 89 40 The
526 1623 156 41 second
705 1637 94 27 case
820 1637 86 27 was
940 1622 94 42 that
1066 1623 46 41 of
1139 1637 24 27 a
1184 1623 93 54 girl,
1300 1623 104 54 aged
1438 1623 362 41 four-and-a-half
1821 1638 128 40 years,

340 1693 227 56 sprightly,
589 1692 258 55 intelligent,
868 1692 85 42 and
985 1693 46 40 in
1062 1692 107 56 good
1202 1693 156 41 health.
1421 1693 62 40 At
1504 1697 83 36 two
1619 1707 133 40 years,
1775 1694 73 40 she
1870 1693 79 42 had

341 1765 107 40 been
481 1763 228 42 backward
741 1764 44 40 in
823 1763 219 54 speaking,
1064 1763 85 40 and
1182 1763 102 41 used
1318 1762 103 55 only
1442 1763 73 42 the
1547 1763 138 42 words
1708 1762 140 43 Papa
1869 1764 80 41 and

341 1832 187 43 Mama.
589 1833 128 41 After
738 1833 99 41 this,
860 1833 75 41 she
956 1833 136 41 began
1116 1837 43 37 to
1181 1847 74 27 use
1278 1833 136 42 words
1437 1834 44 40 of
1504 1834 75 41 her
1600 1848 94 28 own
1717 1834 232 49 invention,

340 1903 97 51 and,
474 1903 164 42 though
671 1903 75 42 she
783 1903 163 42 readily
984 1903 260 41 understood
1281 1903 117 41 what
1434 1917 86 28 was
1554 1904 103 50 said,
1692 1918 129 28 never
1849 1905 100 41 used

340 1974 74 41 the
437 1974 138 41 words
598 1973 103 42 used
720 1974 56 41 by
798 1973 154 42 others.
1015 1973 240 42 Gradually
1277 1972 76 42 she
1379 1973 295 42 accumulated
1698 1988 24 27 a
1743 1974 206 42 consider-

340 2044 97 42 able
457 2044 261 41 vocabularv
741 2044 47 41 of
815 2043 75 41 her
921 2057 97 27 own
1050 2042 148 42 words.
1262 2042 84 42 She
1377 2043 84 41 had
1494 2058 24 26 a
1549 2044 181 49 brother,
1756 2044 192 49 eighteen

341 2113 175 43 months
538 2127 192 41 younger
760 2113 106 41 than
898 2112 170 42 herself,
1091 2111 95 42 who
1218 2111 174 42 learned
1424 2112 76 42 her
1530 2112 218 55 language.
1810 2113 139 41 When

341 2185 74 41 the
436 2188 86 37 two
546 2197 107 28 were
676 2183 205 55 together,
903 2182 105 42 they
1025 2182 127 42 could
1174 2196 201 28 converse
1399 2182 103 41 with
1525 2188 119 49 great
1663 2182 188 55 rapidity
1868 2182 81 41 and

343 2255 178 41 fluency.
585 2254 44 40 It
649 2253 36 41 is
708 2253 170 41 curious
900 2257 96 37 that
1017 2252 46 41 in
1089 2252 87 42 this
1200 2266 105 37 case,
1327 2252 206 55 although
1557 2252 72 41 the
1651 2258 171 49 parents
1845 2266 104 27 were

341 2324 233 42 American
597 2323 85 41 and
703 2323 133 54 spoke
855 2322 195 56 English,
1068 2322 84 42 and
1175 2336 55 28 no
1252 2322 397 55 French-speaking
1668 2322 150 55 people
1839 2322 109 42 lived

341 2395 44 42 in
409 2394 73 42 the
504 2394 146 49 house,
672 2407 116 27 some
819 2394 47 40 of
893 2393 74 41 the
999 2392 138 42 words
1171 2392 227 55 employed
1431 2407 109 27 were
1566 2393 43 40 in
1626 2393 135 41 sound
1794 2392 153 54 closely

341 2464 132 43 allied
504 2469 44 36 to
579 2463 179 41 French.
819 2462 117 42 Thus
966 2460 85 44 feu
1082 2466 146 38 meant
1258 2463 112 50 'fire,
1398 2462 121 56 light,
1549 2462 124 54 cigar,
1705 2462 126 42 sun;'
1862 2462 84 41 too

344 2536 84 55 (Fr.
460 2539 9 16 '
486 2534 134 42 tout')
656 2537 146 37 meant
833 2538 9 15 '
856 2533 70 47 all,
958 2532 300 55 everything;'
1295 2533 85 41 and
1417 2543 133 42 nepa
1582 2533 84 53 (Fr.
1699 2537 9 16 '
1723 2534 224 50 nepas')

342 2608 176 40 meant'
533 2603 98 42 not.'
693 2602 320 53 Petee-petee
1038 2602 70 54 (an
1131 2607 209 50 apparent
1361 2602 250 42 equivalent
1631 2603 45 41 of
1695 2602 72 42 the
1788 2602 158 42 French

341 2681 8 17 '
362 2675 142 56 petit')
523 2687 85 28 was
631 2673 73 41 the
722 2686 124 27 name
867 2672 127 54 given
1010 2672 55 41 by
1081 2672 72 41 the
1175 2672 82 54 girl
1281 2677 42 36 to
1341 2673 74 41 her
1429 2672 113 42 little
1559 2672 186 42 brother;
1767 2672 82 41 and
1866 2682 81 30 ma

341 2748 85 55 (Fr.
445 2745 134 41 'moi')
599 2747 147 38 meant
762 2741 104 43 'me'
883 2755 46 28 or
945 2741 63 42 'L'
1060 2742 89 41 The
1163 2741 115 42 word
1302 2752 117 31 mea
1441 2742 195 54 signified
1658 2742 102 41 both
1780 2748 65 36 cat
1867 2739 78 43 and

341 2821 115 39 furs;
487 2816 79 41 but
597 2814 87 42 this
715 2813 37 41 is
783 2811 156 43 almost
964 2811 73 42 the
1059 2811 103 55 only
1183 2815 128 38 trace,
1332 2811 44 41 in
1399 2812 73 41 the
1501 2811 218 56 language,
1742 2812 46 41 of
1816 2823 129 29 words

342 2884 227 58 suggested
591 2885 55 40 by
671 2883 73 42 the
768 2882 215 41 imitation
1006 2882 46 41 of
1070 2881 170 42 sounds.
1297 2881 42 42 A
1361 2881 292 42 considerable
1675 2881 74 42 list
1770 2882 45 41 of
1832 2879 114 44 other

895 2957 12 21 1
936 2956 62 46 Op.
1017 2955 69 45 cit,
1104 2967 36 35 p.
1164 2955 78 46 138,
1261 2959 39 32 el.
1319 2967 63 34 seq.
