2113 3404
420 271 86 47 438
907 289 87 34 THE
1026 292 241 35 DISORDERS
1299 295 53 33 OF
1383 296 173 35 SPEECII.

422 404 89 42 this
548 406 248 44 conclusion
836 410 142 42 would
1011 411 51 43 be
1095 412 261 45 irresistible,
1390 417 33 40 if
1455 417 34 40 it
1522 431 107 27 were
1662 417 157 55 proved
1852 417 94 43 that
1977 417 58 45 all

424 475 298 56 degenerative
746 480 242 43 conditions
1012 482 206 57 invading
1240 485 73 43 the
1336 486 239 42 medullary
1598 487 138 41 nuclei
1764 487 166 55 singled
1961 492 76 38 out

425 546 73 42 the
535 547 209 43 abductor
784 550 103 43 cells
921 552 44 40 in
999 552 165 43 similar
1196 555 178 43 fashion.
1457 557 88 41 But
1575 557 87 42 this
1693 557 36 42 is
1761 563 75 36 not
1868 558 168 54 proved.

425 616 90 42 The
556 617 173 57 leading
770 619 299 56 degenerative
1111 623 162 43 disease
1316 625 45 41 of
1405 625 73 42 the
1530 626 239 55 medullary
1812 627 141 41 nuclei
2003 628 35 41 is

426 686 274 56 Progressive
742 688 163 42 Bulbar
947 690 217 56 Paralysis
1208 693 534 57 (glosso-labio-laryngeal
1785 697 253 55 paralysis);

427 758 84 41 and
535 757 125 42 when
684 758 95 42 that
800 759 176 53 disease,
999 762 44 40 in
1068 762 56 41 its
1145 762 131 43 latter
1297 767 130 52 stage,
1448 765 172 54 spreads
1643 765 106 42 from
1774 766 72 42 the
1867 780 174 28 nuclear

428 827 102 43 cells
563 829 44 40 of
639 828 72 42 the
744 828 88 41 oral
864 830 274 43 articulative
1168 833 265 43 mechanism
1466 834 92 42 into
1591 835 120 42 those
1743 836 44 41 of
1817 836 72 42 the
1920 837 121 41 vocal

429 899 278 48 mechanism,
739 900 36 41 it
796 900 168 42 attacks
1002 901 93 42 first
1127 902 73 42 the
1221 903 209 42 adductor
1461 904 250 43 cells,—not
1742 906 72 42 the
1846 906 102 42 cells
1980 908 63 39 for

429 969 244 42 abduction.
737 970 44 41 It
803 970 100 42 does
926 976 87 46 not,
1045 972 209 51 however,
1286 973 118 43 often
1437 988 125 29 cause
1593 976 210 54 complete
1835 976 206 55 paralysis

431 1040 43 41 of
496 1040 73 42 the
592 1039 240 43 adductors.
895 1045 21 17 "
931 1041 88 42 The
1041 1041 219 56 laryngeal
1283 1043 158 55 palsy,"
1458 1058 97 28 says
1578 1045 63 41 Dr
1663 1045 188 42 Gowers,
1868 1049 20 17 "
1903 1045 138 55 rarely

430 1111 196 41 becomes
649 1111 223 55 complete,
894 1111 85 42 and
1000 1112 36 41 it
1057 1112 37 42 is
1116 1112 90 42 still
1228 1127 114 28 rarer
1364 1113 64 42 for
1459 1114 74 42 the
1564 1129 142 41 power
1737 1116 45 40 of
1810 1116 230 41 abduction

431 1185 43 37 to
496 1180 53 42 be
572 1180 207 54 specially
806 1180 96 52 lost,
934 1195 197 28 common
1164 1196 46 28 as
1241 1182 208 43 abductor
1478 1184 123 55 palsy
1632 1185 36 41 is
1700 1185 46 41 in
1777 1199 116 29 some
1924 1185 119 42 other

432 1251 131 41 forms
586 1251 46 41 of
651 1251 164 41 central
838 1251 337 43 degeneration."

491 1319 125 42 Some
651 1319 278 55 explanation
962 1320 122 42 other
1115 1320 105 42 than
1253 1320 96 42 that
1380 1321 157 42 offered
1572 1322 56 55 by
1659 1322 65 41 Dr
1756 1321 156 43 Semon
1945 1336 98 41 may

432 1394 74 50 yet
523 1390 52 41 be
593 1389 389 56 found—possibly
1000 1404 79 28 one
1103 1390 233 42 connected
1359 1391 106 41 with
1486 1391 74 42 the
1582 1391 255 42 anatomical
1859 1397 184 49 position

433 1459 46 42 of
501 1459 74 43 the
598 1460 207 42 abductor
827 1460 220 42 cells,—to
1079 1465 182 37 account
1293 1461 64 41 for
1387 1461 73 42 the
1493 1461 197 55 frequent
1721 1475 250 28 occurrence
2002 1461 47 41 of

432 1531 210 42 abductor
662 1531 212 56 paralysis
897 1545 45 28 as
963 1545 25 28 a
1010 1531 303 42 complication
1336 1531 44 42 of
1399 1532 119 42 tabes
1540 1531 189 43 dorsalis.

492 1672 53 41 In
570 1671 171 43 dealing
764 1672 105 41 with
892 1686 86 41 any
995 1686 95 28 case
1113 1673 46 40 of
1177 1672 220 55 laryngeal
1418 1673 161 54 paresis
1602 1687 45 27 or
1663 1673 220 55 paralysis,
1901 1687 23 28 a
1940 1687 103 42 very

432 1744 240 54 important
693 1744 201 54 question
916 1744 66 41 for
1003 1757 51 28 us
1076 1747 44 38 to
1143 1743 235 42 determine
1400 1744 47 41 is,
1471 1744 190 41 whether
1684 1744 71 41 the
1778 1743 206 55 paralysis
2006 1743 37 42 is

432 1814 45 41 of
513 1813 242 42 functional
787 1828 46 27 or
867 1814 46 41 of
945 1814 171 56 organic
1149 1814 150 54 origin.
1362 1814 62 41 As
1455 1820 146 36 recent
1632 1814 305 42 investigation
1967 1814 78 42 has

433 1884 169 41 thrown
626 1884 291 42 considerable
939 1884 112 41 light
1072 1897 55 27 on
1149 1883 87 42 this
1258 1884 210 54 question,
1491 1884 182 54 perhaps
1694 1884 36 40 it
1753 1897 96 41 may
1872 1884 50 41 be
1949 1884 97 41 well

434 1953 66 42 for
520 1967 52 28 us
595 1958 43 38 to
661 1953 152 42 devote
831 1953 101 42 here
955 1967 23 27 a
1002 1953 112 41 little
1138 1952 213 42 attention
1376 1956 43 38 to
1440 1953 45 42 it.

493 2023 46 41 If
558 2037 63 28 we
650 2023 99 42 take
780 2023 94 42 first
905 2023 73 41 the
1010 2022 207 42 Bilateral
1250 2023 129 41 forms
1411 2023 46 41 of
1484 2023 160 54 paresis
1677 2037 45 27 or
1743 2023 220 55 paralysis,
1986 2037 60 27 we

436 2108 100 27 may
560 2094 125 41 make
707 2097 102 38 note
831 2093 46 42 of
895 2093 73 43 the
991 2093 221 55 following
1232 2093 174 55 general
1427 2093 351 42 conclusions:—

496 2165 36 39 1.
564 2163 112 41 That
697 2177 25 28 a
744 2163 197 42 bilateral
963 2163 161 55 paresis
1147 2164 46 41 of
1211 2163 73 41 the
1305 2163 225 42 Adductor
1554 2163 193 42 muscles,
1767 2163 181 41 without
1963 2177 84 40 any

434 2235 199 42 affection
668 2234 44 41 of
748 2234 73 42 the
853 2234 242 42 abductors,
1116 2234 37 41 is
1183 2247 156 28 almost
1362 2233 159 55 always
1553 2233 44 42 of
1630 2233 239 42 functional
1901 2234 147 48 origin,

436 2305 85 42 and
543 2305 37 42 is
603 2305 245 41 commonly
867 2304 82 42 due
972 2309 42 37 to
1037 2304 200 55 hysteria.
1300 2304 143 42 When
1467 2304 35 40 it
1518 2304 35 40 is
1571 2303 177 55 slightly
1765 2303 285 55 pronounced,

435 2377 36 41 it
512 2390 148 28 causes
702 2380 19 16 "
738 2375 232 55 hysterical
1012 2373 222 43 aphonia."
1295 2374 143 41 When
1476 2374 36 41 it
1547 2374 37 41 is
1621 2374 138 41 better
1794 2373 186 42 marked,
2016 2373 35 41 it

438 2460 149 29 causes
621 2446 74 41 the
728 2459 197 28 common
957 2448 167 38 variety
1156 2444 43 41 of
1230 2443 233 42 hysterical
1497 2443 187 42 mutism.
1747 2443 102 42 This
1886 2443 166 55 subject

436 2518 77 41 has
535 2516 174 42 already
732 2516 107 41 been
863 2515 111 56 fully
997 2514 220 43 discussed
1239 2514 46 40 in
1309 2513 73 42 the
1404 2513 158 42 second
1584 2526 186 41 chapter.

496 2587 82 42 We
615 2590 129 45 must,
781 2585 208 41 however,
1027 2583 136 43 admit
1206 2584 93 41 that
1340 2583 44 40 in
1427 2596 25 28 a
1494 2582 81 42 few
1618 2595 115 29 cases
1770 2581 87 43 this
1893 2582 160 55 paresis

437 2659 45 42 of
529 2657 72 42 the
649 2656 227 42 adductors
923 2669 100 27 may
1064 2655 51 40 be
1163 2654 43 41 of
1257 2653 172 55 organic
1475 2652 148 55 origin,
1641 2676 57 6 —
1714 2652 34 41 if
1795 2652 34 41 it
1878 2653 36 40 is
1960 2657 93 36 true

436 2733 97 39 that
565 2742 125 27 when
723 2725 263 57 progressive
1019 2724 153 41 bulbar
1203 2723 210 55 paralysis
1444 2722 177 42 invades
1653 2722 72 42 the
1748 2721 173 43 nuclear
1952 2721 102 42 cells

437 2802 45 41 of
511 2800 73 42 the
617 2797 121 43 vocal
780 2795 265 43 mechanism
1088 2794 73 42 the
1203 2793 207 42 adductor
1451 2792 102 43 cells
1594 2807 70 27 are
1702 2793 72 42 the
1806 2793 92 42 first
1927 2797 43 37 to
2002 2792 51 41 be

440 2869 191 45 affected.

498 2943 36 40 2.
568 2941 111 41 That
701 2952 24 28 a
746 2936 197 44 bilateral
966 2935 161 56 paresis
1145 2949 46 28 or
1208 2933 209 57 paralysis
1435 2934 46 41 of
1500 2933 73 42 the
1596 2933 257 43 Abductors,
1869 2937 183 37 without

437 3014 210 54 apparent
678 3008 201 42 affection
902 3006 44 42 of
976 3005 74 43 the
1083 3005 242 42 adductors,
1355 3004 37 42 is
1424 3017 103 42 very
1557 3003 219 57 generally
1809 3003 47 42 of
1882 3015 171 43 organic

438 3080 338 59 origin,—being
807 3082 113 39 most
952 3089 245 31 commonly
1228 3075 72 43 the
1332 3075 136 43 result
1499 3075 44 42 of
1573 3075 137 42 lesion
1738 3075 47 41 in
1808 3074 72 41 the
1904 3073 150 42 bulbar
