1895 3217
888 327 238 32 MONKEYS.

319 307 63 48 26

384 452 90 45 We
492 467 74 31 are
589 459 171 53 mostly
779 468 148 30 aware
945 453 105 45 how
1069 453 142 61 easily
1226 459 78 39 the
1322 456 147 42 minds
1486 453 44 45 of
1549 466 142 47 many

317 536 156 39 native
497 530 136 45 tribes
658 545 73 30 are
752 531 207 44 wrought
977 546 144 45 upon;
1154 530 91 44 and
1266 529 36 45 it
1324 545 81 29 can
1424 530 194 60 scarcely
1635 531 55 43 be

319 621 27 30 a
362 613 168 39 matter
547 606 50 46 of
613 607 206 60 surprise,
840 607 102 45 that
959 606 268 46 traditions*
1251 606 160 45 should
1425 606 132 53 exist,
1582 613 109 38 with

318 699 210 30 accounts
553 683 50 46 of
628 691 79 38 the
736 700 208 45 prowess,
977 684 216 61 sagacity,
1219 699 48 31 or
1290 684 176 61 cruelty
1489 683 51 45 of
1564 684 127 45 these

318 768 237 38 creatures.
642 761 261 46 Occasional
929 762 211 61 glimpses
1164 761 50 46 of
1237 777 57 30 an
1320 761 169 45 animal
1513 776 178 30 clothed

317 837 49 45 in
401 838 170 62 shaggy
604 839 113 53 hair,
751 838 50 46 of
825 838 195 61 gigantic
1055 855 105 38 size,
1187 839 115 45 with
1331 845 131 39 tusks
1497 854 194 46 rivaling

318 921 127 39 those
464 915 49 46 of
520 917 78 44 the
615 916 165 61 largest
798 916 90 45 and
904 922 116 40 most
1037 914 213 47 ferocious
1265 917 149 44 beasts
1429 914 51 46 of
1489 931 202 45 prey;—

318 1007 249 47 possessing
596 1009 27 28 a
651 993 186 45 hideous
866 995 304 43 resemblance
1194 992 50 46 of
1265 1008 305 30 countenance
1600 993 91 45 and

318 1070 177 60 general
534 1077 277 53 proportions
844 1079 47 36 to
924 1085 122 38 man,
1084 1071 89 44 and
1207 1070 230 61 assuming
1476 1077 215 53 positions

321 1147 250 44 somewhat
612 1148 189 53 human,
850 1147 151 45 would
1040 1153 180 54 present
1260 1153 46 39 to
1347 1162 59 30 an
1445 1147 247 45 untutored

320 1224 143 53 mind,
484 1240 26 28 a
530 1239 130 30 chaos
679 1223 50 46 of
739 1230 264 47 sensations,
1025 1239 150 30 whose
1193 1223 285 61 impressions
1498 1224 195 61 scarcely

321 1301 129 45 could
486 1302 54 43 be
581 1299 262 47 afterwards
884 1301 225 54 detailed;
1163 1301 136 45 while
1339 1316 83 30 one
1458 1300 51 46 of
1538 1301 157 45 higher

321 1377 267 45 cultivation
621 1377 146 45 miglit
799 1379 203 44 combine
1033 1379 162 44 doubts
1227 1377 50 46 of
1308 1379 118 44 their
1452 1377 171 45 animal
1647 1394 48 30 or

321 1454 173 45 human
518 1470 177 37 nature,
722 1455 90 44 and
835 1455 89 44 add
947 1462 45 38 to
1018 1455 143 44 either
1184 1455 77 45 the
1285 1455 153 45 brutal
1462 1470 47 30 or
1530 1454 165 62 malig-

321 1538 114 39 nant
470 1532 209 59 qualities
704 1531 49 46 of
781 1532 123 45 both.
973 1531 110 46 And
1106 1532 36 44 it
1175 1531 37 46 is
1244 1548 144 29 under
1419 1533 108 44 such
1558 1532 138 45 influ-

324 1625 144 38 ences,
493 1608 92 46 fear
615 1610 373 60 predominating,
1018 1616 102 38 that
1148 1616 78 38 the
1255 1624 209 30 accounts
1497 1608 51 47 of
1578 1610 120 44 their

323 1687 231 44 concerted
580 1688 189 51 attacks,
795 1687 118 44 their
936 1686 205 61 carrying
1159 1685 65 45 off
1240 1702 180 29 negi’oes
1445 1685 65 46 for
1533 1687 161 53 slaves,

324 1764 287 45 distribution
636 1763 50 46 of
700 1764 78 45 the
803 1764 206 45 different
1034 1779 141 37 sexes,
1202 1764 89 44 and
1315 1763 50 45 of
1379 1764 118 45 their
1520 1772 176 53 cruelty

325 1841 91 45 and
443 1856 281 31 carnivorous
748 1841 308 60 propensities,
1081 1841 116 44 have
1221 1842 113 43 been
1357 1841 182 45 handed
1563 1842 133 44 down

326 1919 114 45 with
465 1919 387 45 embellishments
876 1919 62 60 by
962 1925 79 38 the
1065 1919 121 44 older
1208 1918 255 45 historians.

393 1996 55 45 In
473 2003 127 38 other
623 2011 237 37 countries,
890 1995 290 61 superstition
1209 1995 216 45 exercises
1454 1996 79 44 her
1563 1995 135 45 influ-

327 2089 119 29 ence.
517 2074 146 52 India,
690 2089 46 29 so
775 2073 201 60 horribly
1013 2073 251 45 celebrated
1287 2073 63 59 by
1373 2079 78 38 the
1483 2072 215 45 sacrifices

327 2148 51 46 of
399 2149 58 45 its
481 2148 254 44 infatuated
760 2149 222 52 devotees,
1014 2149 37 44 is
1075 2149 47 43 in
1148 2163 121 30 some
1300 2149 197 43 districts
1528 2164 56 30 no
1612 2149 86 44 less

328 2242 46 30 so
398 2225 64 45 for
485 2225 58 44 its
568 2225 129 44 weak
722 2225 90 43 and
835 2230 299 55 extravagant
1163 2224 209 45 idolatry.
1442 2225 55 44 In
1522 2225 178 45 Ahme-

327 2304 164 51 nadab,
529 2301 217 46 hospitals
781 2301 117 45 have
938 2302 113 44 been
1092 2301 174 45 erected
1308 2300 63 46 for
1410 2301 78 45 the
1532 2301 168 46 benefit

329 2379 51 47 of
405 2395 120 45 apes,
565 2378 149 45 where
753 2378 249 45 thousands
1042 2394 73 29 are
1151 2379 108 44 kept
1296 2377 46 45 in
1385 2377 174 46 fancied
1600 2394 101 30 ease

331 2458 90 45 and
457 2456 295 60 indulgence;
789 2456 89 44 and
903 2462 187 38 another
1113 2456 109 60 city,
1249 2456 147 43 which
1433 2471 93 29 was
1561 2457 138 45 taken

564 2598 19 20 •
616 2595 96 37 Such
733 2609 36 25 as
790 2603 101 30 those
912 2598 40 36 of
967 2597 61 38 the
1048 2598 121 35 Fesse
1188 2599 69 34 and
1279 2595 178 39 Goolock.
