2113 3404
851 214 86 30 THE
970 215 241 32 DISOKDKRS
1243 217 53 30 OF
1328 217 174 32 SPKECH.

352 199 86 41 314

411 329 103 43 This
537 331 36 41 is
594 345 25 28 a
642 337 111 37 most
784 332 200 43 valuable
1015 347 107 37 case,
1145 334 195 55 showing
1362 341 76 35 not
1459 336 99 55 only
1584 337 72 43 the
1679 340 221 54 complete,
1922 355 45 27 or

354 399 157 43 almost
552 402 224 55 complete,
810 402 84 42 loss
936 404 46 40 of
1021 404 153 54 speech
1219 404 95 42 that
1350 405 34 39 i°
1428 406 212 54 produced
1682 409 42 40 in
1770 410 72 42 the
1878 412 92 40 first

354 469 196 44 instance
583 471 56 56 by
671 472 107 41 such
810 486 25 27 a
866 472 147 51 lesion,
1048 474 79 41 but
1162 474 194 55 showing
1392 475 89 42 also
1514 490 199 43 recovery
1740 480 44 40 of
1816 480 151 42 speech

357 540 54 55 by
431 541 227 43 education
681 543 46 40 of
746 543 72 41 the
842 543 278 41 convolution
1143 544 43 41 of
1208 544 72 42 the
1302 546 194 54 opposite
1518 547 114 43 side;
1660 549 83 41 and
1766 550 204 45 showing,

356 611 178 52 further,
576 626 116 28 some
735 612 46 41 of
818 613 74 41 the
934 613 290 54 peculiarities
1266 615 95 42 that
1402 631 69 27 Rre
1508 619 224 53 presented
1773 620 52 53 by
1863 621 104 41 such

355 682 190 54 patients
570 683 122 42 when
717 683 102 55 they
842 696 70 28 are
935 684 43 40 in
1003 698 167 40 process
1192 685 44 42 of
1266 700 211 42 recovery.
1538 689 42 41 A
1608 690 298 53 forgetfulness
1928 692 46 40 of

355 766 140 27 nouns
532 753 116 54 (true
685 753 193 41 amnesia
914 753 203 55 verbalis)
1155 755 84 41 and
1280 770 24 27 a
1350 757 219 43 thickness
1611 759 43 40 of
1694 760 275 42 articulation

355 822 263 55 resembling
655 823 95 41 that
784 822 45 42 of
863 824 174 54 general
1068 825 209 54 paralysis
1309 827 43 40 of
1383 826 73 42 the
1488 828 149 42 insane
1674 843 69 28 are
1777 829 72 43 the
1886 835 84 37 two

355 892 291 55 peculiarities
682 893 139 42 noted.
883 894 63 41 As
981 894 44 41 in
1059 896 103 40 such
1196 909 116 29 cases
1344 897 44 41 of
1418 897 241 56 advancing
1691 914 199 28 recovery
1929 902 46 39 of

355 963 157 55 speech
545 977 62 28 we
640 963 89 41 find
752 964 191 42 amnesia
966 965 43 40 of
1042 979 137 28 nouns
1203 971 43 36 to
1274 967 51 41 be
1347 980 45 28 so
1415 968 175 41 marked
1613 982 25 28 a
1659 975 227 48 symptom,
1910 985 61 27 we

356 1049 99 40 may
492 1034 254 55 reasonably
782 1034 208 42 conclude
1024 1035 95 42 that
1149 1037 193 41 amnesia
1374 1037 182 42 verbalis
1588 1039 133 42 exists
1752 1040 108 41 from
1898 1041 72 41 the

356 1106 235 54 beginning
625 1105 43 40 in
701 1109 139 37 motor
871 1105 186 55 aphasia.
1122 1106 43 41 It
1195 1107 206 54 probably
1425 1109 133 41 exists
1590 1109 43 41 in
1666 1123 24 27 a
1725 1111 242 54 proportion

354 1181 343 37 commensurate
735 1176 105 41 with
880 1176 71 41 the
984 1177 186 54 severity
1204 1178 43 40 of
1281 1177 73 42 the
1385 1179 185 54 aphasia.
1637 1179 89 43 The
1758 1180 86 42 fact
1877 1181 95 41 that

356 1246 103 40 both
482 1246 44 41 in
550 1246 200 55 auditory
773 1245 85 41 and
890 1245 46 41 in
969 1252 137 36 motor
1127 1247 177 54 aphasia
1328 1248 72 41 the
1433 1248 166 54 patient
1621 1263 97 39 may
1742 1249 50 42 be
1817 1250 153 41 unable

354 1321 43 36 to
421 1317 79 41 call
527 1331 57 27 up
610 1317 160 41 certain
806 1316 148 52 words,
978 1317 84 41 and
1095 1318 231 54 especially
1355 1332 150 27 nouns,
1527 1319 45 40 in
1606 1319 66 41 his
1696 1320 129 48 mind,
1849 1320 120 41 when

355 1388 53 42 he
434 1392 135 37 wants
591 1387 119 42 them
740 1387 65 41 for
826 1390 224 39 utterance
1072 1401 47 27 or
1142 1388 63 40 for
1233 1388 132 41 silent
1386 1388 195 55 thought,
1602 1403 163 41 proves,
1788 1389 20 41 I
1833 1389 138 50 think,

354 1458 292 42 conclusively
671 1458 95 41 that
789 1458 45 40 in
856 1457 123 42 order
1001 1462 43 36 to
1068 1458 50 41 be
1141 1457 136 42 called
1299 1472 59 40 up
1379 1459 102 41 from
1507 1459 149 41 within
1684 1460 102 40 with
1810 1473 160 41 perfect

354 1543 95 28 ease
472 1529 73 41 the
569 1529 334 54 word-percepts
927 1533 116 36 must
1066 1529 50 40 be
1141 1529 233 54 complete:
1409 1529 101 55 they
1533 1535 116 35 must
1680 1531 49 40 be
1751 1529 217 55 possessed

354 1601 46 41 of
420 1600 102 41 both
557 1599 111 41 their
690 1598 199 42 auditory
913 1599 83 40 and
1030 1599 111 41 their
1164 1604 137 36 motor
1333 1600 170 54 images,
1524 1600 82 41 and
1641 1600 117 41 these
1782 1606 114 34 must
1919 1600 50 40 be

353 1669 176 43 revived
567 1668 371 42 simultaneously.
1014 1669 88 41 The
1138 1669 85 41 loss
1261 1670 46 41 of
1339 1670 138 41 either
1513 1671 136 53 image
1687 1670 169 41 renders
1898 1670 72 41 the

353 1744 177 51 percept
551 1739 273 55 incomplete,
847 1739 85 41 and
965 1739 148 42 makes
1146 1740 56 41 its
1232 1740 161 41 revival
1418 1740 335 55 comparatively
1776 1740 192 42 difficult.

354 1811 152 41 Hence
529 1811 73 41 the
626 1810 191 41 amnesia
841 1809 182 42 verbalis
1046 1811 45 38 of
1115 1809 101 41 both
1241 1810 199 41 auditory
1463 1810 83 41 and
1571 1817 135 34 motor
1727 1811 185 53 aphasia.

413 1882 89 41 The
525 1881 262 41 Paraphasia
806 1879 140 42 which
963 1879 37 43 is
1022 1893 45 28 so
1087 1879 318 42 characteristic
1427 1895 24 26 a
1473 1886 214 49 symptom
1711 1883 45 38 of
1775 1881 196 54 auditory

353 1967 179 27 aphasia
553 1952 36 41 is
613 1951 138 42 rarely
769 1950 218 42 exhibited
1014 1951 41 40 in
1081 1964 116 28 cases
1220 1951 43 40 of
1288 1956 134 37 motor
1443 1950 185 42 aphasia.
1691 1951 44 41 If
1752 1952 218 41 exhibited

352 2030 46 36 at
419 2023 69 42 all,
512 2023 35 41 it
569 2023 36 41 is
628 2022 103 42 only
753 2022 45 40 in
832 2035 24 28 a
878 2035 105 42 very
1007 2021 133 55 slight
1162 2021 177 55 degree;
1372 2021 96 42 and,
1490 2036 45 27 as
1558 2021 119 42 there
1699 2022 35 41 is
1759 2035 53 27 no
1834 2021 135 41 word-

354 2095 209 41 deafness,
587 2093 74 42 the
693 2092 170 55 patient
894 2092 37 41 is
962 2097 45 36 at
1039 2105 104 28 once
1175 2105 136 28 aware
1335 2093 46 39 of
1409 2105 84 41 any
1517 2105 113 28 error
1651 2091 52 41 he
1727 2105 96 41 may
1847 2091 123 41 make

355 2167 41 39 in
425 2166 71 40 the
520 2178 76 27 use
618 2164 44 41 of
688 2177 25 27 a
737 2162 125 42 word.

416 2236 63 41 As
506 2234 191 42 amnesia
721 2232 186 42 verbalis
938 2233 36 41 is
1007 2246 45 28 so
1086 2232 174 41 marked
1292 2246 25 26 a
1348 2232 162 41 feature
1542 2231 45 41 in
1622 2235 135 37 motor
1787 2244 186 38 aphasia,

355 2321 65 27 we
444 2320 98 40 may
564 2318 184 42 suppose
770 2307 97 38 that
890 2303 71 41 the
991 2302 225 55 imperfect
1248 2302 302 42 development
1581 2301 44 42 of
1656 2302 72 41 the
1756 2305 213 51 symptom

357 2376 141 42 which
523 2389 61 27 we
607 2375 109 41 have
739 2373 165 42 termed
926 2373 288 41 Articulative
1242 2373 207 40 Amnesia
1480 2385 98 41 may
1612 2372 50 41 be
1693 2384 278 41 experienced

358 2449 56 40 by
438 2447 74 41 the
534 2446 170 54 patient
726 2445 46 40 in
799 2443 181 42 relation
1004 2448 44 36 to
1080 2443 161 41 certain
1277 2455 146 28 words.
1486 2441 88 41 The
1607 2441 195 54 auditory
1835 2441 136 54 image

358 2519 44 40 of
431 2517 74 42 the
533 2515 114 42 word
675 2528 99 28 may
802 2515 52 41 be
880 2513 273 55 imperfectly
1185 2512 187 42 revived,
1397 2525 46 28 so
1466 2511 95 42 that
1592 2511 73 42 the
1696 2511 168 55 patient
1894 2511 76 41 has

359 2586 210 44 mentally
593 2601 53 25 an
682 2585 226 54 imperfect
936 2585 138 40 image
1104 2584 46 40 of
1177 2583 44 41 it.
1287 2582 40 41 If
1353 2595 57 38 so,
1436 2581 54 43 he
1516 2581 87 42 will
1633 2586 74 37 not
1732 2582 51 41 be
1809 2581 93 43 able
1929 2587 43 35 to

359 2658 228 43 articulate
610 2657 72 40 the
705 2655 116 41 word
844 2654 218 43 correctly.
1125 2653 90 42 But
1239 2653 35 41 it
1301 2652 88 42 will
1416 2653 50 41 be
1498 2666 98 29 seen
1622 2652 106 50 that,
1760 2653 45 40 in
1837 2658 136 35 motor

359 2741 189 42 aphasia,
570 2726 36 40 it
628 2725 141 41 would
807 2725 51 41 be
896 2723 251 56 practically
1182 2722 249 42 impossible
1464 2727 42 37 to
1529 2722 125 41 know
1687 2721 188 43 whether
1900 2721 72 42 the

358 2797 202 57 patient's
578 2796 226 41 imperfect
821 2794 273 42 articulation
1114 2794 46 41 of
1174 2794 73 41 the
1266 2793 110 42 word
1398 2807 83 27 was
1498 2793 82 41 due
1600 2798 41 35 to
1659 2792 71 41 the
1749 2792 223 54 imperfect

358 2867 163 44 revival
554 2868 46 40 of
630 2867 35 41 it
701 2866 42 40 in
784 2865 65 42 his
887 2865 130 41 mind,
1051 2879 46 27 or
1132 2869 41 37 to
1208 2863 73 43 the
1303 2863 318 55 impossibility,
1654 2862 139 55 owing
1824 2866 42 37 to
1899 2862 72 41 the

359 2952 139 29 motor
519 2936 237 56 asynergia,
779 2936 47 40 of
843 2934 278 43 articulating
1142 2935 33 40 it
1201 2934 122 41 when
1348 2934 34 41 it
1403 2933 35 42 is
1460 2932 183 43 revived.
1709 2931 262 48 Practically,

357 3009 224 42 therefore,
606 3007 33 41 it
660 3007 36 41 is
719 3005 249 58 impossible
1000 3009 43 37 to
1065 3005 260 42 distinguish
1361 3004 189 42 between
1579 3003 86 41 this
1690 3001 283 44 Articulative
