<?xml version="1.0" encoding="UTF-8"?>
<alto xmlns="http://www.loc.gov/standards/alto/ns-v2#" xmlns:xsi="http://www.w3.org/2001/XMLSchema-instance" xsi:schemaLocation="http://www.loc.gov/standards/alto/ns-v2# http://www.loc.gov/standards/alto/alto.xsd">
  <Description>
    <MeasurementUnit>pixel</MeasurementUnit>
    <sourceImageInformation>
      <fileName>b22031261_abbyy.xml</fileName>
    </sourceImageInformation>
    <OCRProcessing ID="OCR_1">
      <preProcessingStep>
        <processingDateTime>2016-02-11T05:40:32</processingDateTime>
        <processingAgency>intranda GmbH, www.intranda.com</processingAgency>
        <processingSoftware>
          <softwareCreator>intranda GmbH, Germany</softwareCreator>
          <softwareName>intranda OCR Module for TaskManager</softwareName>
          <softwareVersion>1.0r42</softwareVersion>
        </processingSoftware>
      </preProcessingStep>
      <ocrProcessingStep>
        <processingSoftware>
          <softwareCreator>ABBYY (BIT Software), Russia</softwareCreator>
          <softwareName>FineReader Engine</softwareName>
          <softwareVersion>10</softwareVersion>
        </processingSoftware>
      </ocrProcessingStep>
    </OCRProcessing>
  </Description>
  <Layout>
    <Page PHYSICAL_IMG_NR="225" ID="PAGE_225" WIDTH="1895" HEIGHT="3217">
      <TopMargin ID="TopMargin_144" HPOS="586" VPOS="293" WIDTH="876" HEIGHT="41">
        <TextBlock ID="TextBlock_1270" HPOS="586" VPOS="293" WIDTH="876" HEIGHT="41">
          <TextLine ID="TextLine_4364" HPOS="586" VPOS="302" WIDTH="393" HEIGHT="32">
            <String CONTENT="THE" ID="Word_34823" HPOS="586" VPOS="303" WIDTH="91" HEIGHT="31" />
            <SP ID="SP_30464" HPOS="678" VPOS="303" WIDTH="23" HEIGHT="0" />
            <String CONTENT="BLACK" ID="Word_34824" HPOS="702" VPOS="303" WIDTH="149" HEIGHT="29" />
            <SP ID="SP_30465" HPOS="852" VPOS="303" WIDTH="24" HEIGHT="0" />
            <String CONTENT="APE." ID="Word_34825" HPOS="877" VPOS="302" WIDTH="102" HEIGHT="30" />
          </TextLine>
          <TextLine ID="TextLine_4365" HPOS="1378" VPOS="293" WIDTH="84" HEIGHT="39">
            <String CONTENT="151" ID="Word_34826" HPOS="1378" VPOS="293" WIDTH="84" HEIGHT="39" />
          </TextLine>
        </TextBlock>
      </TopMargin>
      <PrintSpace ID="PrintSpace_226" HPOS="107" VPOS="427" WIDTH="1377" HEIGHT="2190">
        <TextBlock ID="TextBlock_715" HPOS="107" VPOS="427" WIDTH="1377" HEIGHT="2129">
          <TextLine ID="TextLine_4366" HPOS="111" VPOS="427" WIDTH="1358" HEIGHT="61">
            <String CONTENT="of" ID="Word_34827" HPOS="111" VPOS="433" WIDTH="50" HEIGHT="44" />
            <SP ID="SP_30466" HPOS="162" VPOS="432" WIDTH="45" HEIGHT="0" />
            <String CONTENT="Cuvier;" ID="Word_34828" HPOS="208" VPOS="432" WIDTH="193" HEIGHT="53" />
            <SP ID="SP_30467" HPOS="402" VPOS="447" WIDTH="56" HEIGHT="0" />
            <String CONTENT="while" ID="Word_34829" HPOS="459" VPOS="431" WIDTH="134" HEIGHT="44" />
            <SP ID="SP_30468" HPOS="594" VPOS="437" WIDTH="53" HEIGHT="0" />
            <String CONTENT="the" ID="Word_34830" HPOS="648" VPOS="437" WIDTH="78" HEIGHT="37" />
            <SP ID="SP_30469" HPOS="727" VPOS="445" WIDTH="53" HEIGHT="0" />
            <String CONTENT="modern" ID="Word_34831" HPOS="781" VPOS="429" WIDTH="183" HEIGHT="44" />
            <SP ID="SP_30470" HPOS="965" VPOS="430" WIDTH="48" HEIGHT="0" />
            <String CONTENT="British" ID="Word_34832" HPOS="1014" VPOS="428" WIDTH="166" HEIGHT="45" />
            <SP ID="SP_30471" HPOS="1181" VPOS="428" WIDTH="56" HEIGHT="0" />
            <String CONTENT="zoologists" ID="Word_34833" HPOS="1238" VPOS="427" WIDTH="231" HEIGHT="61" />
          </TextLine>
          <TextLine ID="TextLine_4367" HPOS="107" VPOS="505" WIDTH="1363" HEIGHT="63">
            <String CONTENT="place" ID="Word_34834" HPOS="107" VPOS="524" WIDTH="123" HEIGHT="44" />
            <SP ID="SP_30472" HPOS="231" VPOS="508" WIDTH="32" HEIGHT="0" />
            <String CONTENT="it" ID="Word_34835" HPOS="264" VPOS="508" WIDTH="36" HEIGHT="45" />
            <SP ID="SP_30473" HPOS="301" VPOS="508" WIDTH="32" HEIGHT="0" />
            <String CONTENT="in" ID="Word_34836" HPOS="334" VPOS="508" WIDTH="47" HEIGHT="44" />
            <SP ID="SP_30474" HPOS="382" VPOS="523" WIDTH="29" HEIGHT="0" />
            <String CONTENT="company" ID="Word_34837" HPOS="412" VPOS="523" WIDTH="220" HEIGHT="44" />
            <SP ID="SP_30475" HPOS="633" VPOS="523" WIDTH="32" HEIGHT="0" />
            <String CONTENT="with" ID="Word_34838" HPOS="666" VPOS="507" WIDTH="113" HEIGHT="43" />
            <SP ID="SP_30476" HPOS="780" VPOS="507" WIDTH="34" HEIGHT="0" />
            <String CONTENT="the" ID="Word_34839" HPOS="815" VPOS="506" WIDTH="77" HEIGHT="44" />
            <SP ID="SP_30477" HPOS="893" VPOS="507" WIDTH="39" HEIGHT="0" />
            <String CONTENT="Barbary" ID="Word_34840" HPOS="933" VPOS="507" WIDTH="201" HEIGHT="58" />
            <SP ID="SP_30478" HPOS="1135" VPOS="521" WIDTH="22" HEIGHT="0" />
            <String CONTENT="ape" ID="Word_34841" HPOS="1158" VPOS="520" WIDTH="82" HEIGHT="29" />
            <SP ID="SP_30479" HPOS="1241" VPOS="520" WIDTH="37" HEIGHT="0" />
            <String CONTENT="and" ID="Word_34842" HPOS="1279" VPOS="505" WIDTH="90" HEIGHT="44" />
            <SP ID="SP_30480" HPOS="1370" VPOS="505" WIDTH="20" HEIGHT="0" />
            <String CONTENT="the" ID="Word_34843" HPOS="1391" VPOS="505" WIDTH="79" HEIGHT="44" />
          </TextLine>
          <TextLine ID="TextLine_4368" HPOS="109" VPOS="581" WIDTH="1361" HEIGHT="63">
            <String CONTENT="Rkcpsus" ID="Word_34844" HPOS="109" VPOS="585" WIDTH="195" HEIGHT="45" />
            <SP ID="SP_30481" HPOS="305" VPOS="600" WIDTH="20" HEIGHT="0" />
            <String CONTENT="monkey." ID="Word_34845" HPOS="326" VPOS="585" WIDTH="210" HEIGHT="44" />
            <SP ID="SP_30482" HPOS="537" VPOS="584" WIDTH="61" HEIGHT="0" />
            <String CONTENT="The" ID="Word_34846" HPOS="599" VPOS="584" WIDTH="96" HEIGHT="44" />
            <SP ID="SP_30483" HPOS="696" VPOS="599" WIDTH="21" HEIGHT="0" />
            <String CONTENT="general" ID="Word_34847" HPOS="718" VPOS="583" WIDTH="177" HEIGHT="61" />
            <SP ID="SP_30484" HPOS="896" VPOS="583" WIDTH="21" HEIGHT="0" />
            <String CONTENT="resemblance" ID="Word_34848" HPOS="918" VPOS="583" WIDTH="298" HEIGHT="44" />
            <SP ID="SP_30485" HPOS="1217" VPOS="597" WIDTH="22" HEIGHT="0" />
            <String CONTENT="and" ID="Word_34849" HPOS="1240" VPOS="581" WIDTH="89" HEIGHT="45" />
            <SP ID="SP_30486" HPOS="1330" VPOS="581" WIDTH="21" HEIGHT="0" />
            <String CONTENT="phy-" ID="Word_34850" HPOS="1352" VPOS="597" WIDTH="118" HEIGHT="45" />
          </TextLine>
          <TextLine ID="TextLine_4369" HPOS="110" VPOS="658" WIDTH="1360" HEIGHT="65">
            <String CONTENT="siognomy" ID="Word_34851" HPOS="110" VPOS="662" WIDTH="229" HEIGHT="61" />
            <SP ID="SP_30487" HPOS="340" VPOS="677" WIDTH="22" HEIGHT="0" />
            <String CONTENT="ally" ID="Word_34852" HPOS="363" VPOS="662" WIDTH="93" HEIGHT="60" />
            <SP ID="SP_30488" HPOS="457" VPOS="661" WIDTH="22" HEIGHT="0" />
            <String CONTENT="it" ID="Word_34853" HPOS="480" VPOS="661" WIDTH="36" HEIGHT="44" />
            <SP ID="SP_30489" HPOS="517" VPOS="667" WIDTH="31" HEIGHT="0" />
            <String CONTENT="to" ID="Word_34854" HPOS="549" VPOS="667" WIDTH="45" HEIGHT="38" />
            <SP ID="SP_30490" HPOS="595" VPOS="667" WIDTH="32" HEIGHT="0" />
            <String CONTENT="the" ID="Word_34855" HPOS="628" VPOS="661" WIDTH="79" HEIGHT="44" />
            <SP ID="SP_30491" HPOS="708" VPOS="660" WIDTH="33" HEIGHT="0" />
            <String CONTENT="dog-faced" ID="Word_34856" HPOS="742" VPOS="660" WIDTH="232" HEIGHT="60" />
            <SP ID="SP_30492" HPOS="975" VPOS="660" WIDTH="31" HEIGHT="0" />
            <String CONTENT="baboons^" ID="Word_34857" HPOS="1007" VPOS="660" WIDTH="208" HEIGHT="52" />
            <SP ID="SP_30493" HPOS="1216" VPOS="674" WIDTH="34" HEIGHT="0" />
            <String CONTENT="which" ID="Word_34858" HPOS="1251" VPOS="658" WIDTH="148" HEIGHT="44" />
            <SP ID="SP_30494" HPOS="1400" VPOS="658" WIDTH="32" HEIGHT="0" />
            <String CONTENT="is" ID="Word_34859" HPOS="1433" VPOS="658" WIDTH="37" HEIGHT="45" />
          </TextLine>
          <TextLine ID="TextLine_4370" HPOS="111" VPOS="736" WIDTH="1357" HEIGHT="62">
            <String CONTENT="strengthened" ID="Word_34860" HPOS="111" VPOS="738" WIDTH="315" HEIGHT="45" />
            <SP ID="SP_30495" HPOS="427" VPOS="738" WIDTH="35" HEIGHT="0" />
            <String CONTENT="by" ID="Word_34861" HPOS="463" VPOS="739" WIDTH="61" HEIGHT="59" />
            <SP ID="SP_30496" HPOS="525" VPOS="743" WIDTH="32" HEIGHT="0" />
            <String CONTENT="the" ID="Word_34862" HPOS="558" VPOS="743" WIDTH="77" HEIGHT="39" />
            <SP ID="SP_30497" HPOS="636" VPOS="753" WIDTH="39" HEIGHT="0" />
            <String CONTENT="swelled" ID="Word_34863" HPOS="676" VPOS="737" WIDTH="183" HEIGHT="44" />
            <SP ID="SP_30498" HPOS="860" VPOS="737" WIDTH="28" HEIGHT="0" />
            <String CONTENT="cheeks" ID="Word_34864" HPOS="889" VPOS="737" WIDTH="158" HEIGHT="45" />
            <SP ID="SP_30499" HPOS="1048" VPOS="751" WIDTH="35" HEIGHT="0" />
            <String CONTENT="and" ID="Word_34865" HPOS="1084" VPOS="736" WIDTH="90" HEIGHT="44" />
            <SP ID="SP_30500" HPOS="1175" VPOS="736" WIDTH="34" HEIGHT="0" />
            <String CONTENT="flat" ID="Word_34866" HPOS="1210" VPOS="736" WIDTH="80" HEIGHT="44" />
            <SP ID="SP_30501" HPOS="1291" VPOS="741" WIDTH="37" HEIGHT="0" />
            <String CONTENT="nose" ID="Word_34867" HPOS="1329" VPOS="750" WIDTH="105" HEIGHT="30" />
            <SP ID="SP_30502" HPOS="1435" VPOS="750" WIDTH="18" HEIGHT="0" />
            <String CONTENT=";" ID="Word_34868" HPOS="1454" VPOS="750" WIDTH="14" HEIGHT="38" />
          </TextLine>
          <TextLine ID="TextLine_4371" HPOS="109" VPOS="812" WIDTH="1363" HEIGHT="62">
            <String CONTENT="but" ID="Word_34869" HPOS="109" VPOS="817" WIDTH="83" HEIGHT="43" />
            <SP ID="SP_30503" HPOS="193" VPOS="821" WIDTH="34" HEIGHT="0" />
            <String CONTENT="the" ID="Word_34870" HPOS="228" VPOS="821" WIDTH="78" HEIGHT="38" />
            <SP ID="SP_30504" HPOS="307" VPOS="830" WIDTH="31" HEIGHT="0" />
            <String CONTENT="position" ID="Word_34871" HPOS="339" VPOS="821" WIDTH="189" HEIGHT="53" />
            <SP ID="SP_30505" HPOS="529" VPOS="829" WIDTH="29" HEIGHT="0" />
            <String CONTENT="of" ID="Word_34872" HPOS="559" VPOS="813" WIDTH="50" HEIGHT="45" />
            <SP ID="SP_30506" HPOS="610" VPOS="813" WIDTH="23" HEIGHT="0" />
            <String CONTENT="the" ID="Word_34873" HPOS="634" VPOS="820" WIDTH="77" HEIGHT="38" />
            <SP ID="SP_30507" HPOS="712" VPOS="829" WIDTH="31" HEIGHT="0" />
            <String CONTENT="nostrils," ID="Word_34874" HPOS="744" VPOS="813" WIDTH="193" HEIGHT="53" />
            <SP ID="SP_30508" HPOS="938" VPOS="829" WIDTH="31" HEIGHT="0" />
            <String CONTENT="v.rith" ID="Word_34875" HPOS="970" VPOS="812" WIDTH="113" HEIGHT="45" />
            <SP ID="SP_30509" HPOS="1084" VPOS="813" WIDTH="21" HEIGHT="0" />
            <String CONTENT="habits" ID="Word_34876" HPOS="1106" VPOS="813" WIDTH="150" HEIGHT="44" />
            <SP ID="SP_30510" HPOS="1257" VPOS="828" WIDTH="35" HEIGHT="0" />
            <String CONTENT="charac-" ID="Word_34877" HPOS="1293" VPOS="827" WIDTH="179" HEIGHT="29" />
          </TextLine>
          <TextLine ID="TextLine_4372" HPOS="110" VPOS="887" WIDTH="1362" HEIGHT="62">
            <String CONTENT="teristic" ID="Word_34878" HPOS="110" VPOS="891" WIDTH="168" HEIGHT="45" />
            <SP ID="SP_30511" HPOS="279" VPOS="906" WIDTH="33" HEIGHT="0" />
            <String CONTENT="of" ID="Word_34879" HPOS="313" VPOS="890" WIDTH="49" HEIGHT="46" />
            <SP ID="SP_30512" HPOS="363" VPOS="890" WIDTH="26" HEIGHT="0" />
            <String CONTENT="the" ID="Word_34880" HPOS="390" VPOS="891" WIDTH="79" HEIGHT="44" />
            <SP ID="SP_30513" HPOS="470" VPOS="890" WIDTH="38" HEIGHT="0" />
            <String CONTENT="Macaci," ID="Word_34881" HPOS="509" VPOS="890" WIDTH="199" HEIGHT="54" />
            <SP ID="SP_30514" HPOS="709" VPOS="905" WIDTH="40" HEIGHT="0" />
            <String CONTENT="and" ID="Word_34882" HPOS="750" VPOS="890" WIDTH="90" HEIGHT="44" />
            <SP ID="SP_30515" HPOS="841" VPOS="890" WIDTH="35" HEIGHT="0" />
            <String CONTENT="the" ID="Word_34883" HPOS="877" VPOS="890" WIDTH="78" HEIGHT="44" />
            <SP ID="SP_30516" HPOS="956" VPOS="896" WIDTH="36" HEIGHT="0" />
            <String CONTENT="total" ID="Word_34884" HPOS="993" VPOS="887" WIDTH="114" HEIGHT="47" />
            <SP ID="SP_30517" HPOS="1108" VPOS="887" WIDTH="38" HEIGHT="0" />
            <String CONTENT="want" ID="Word_34885" HPOS="1147" VPOS="895" WIDTH="123" HEIGHT="39" />
            <SP ID="SP_30518" HPOS="1271" VPOS="895" WIDTH="33" HEIGHT="0" />
            <String CONTENT="of" ID="Word_34886" HPOS="1305" VPOS="887" WIDTH="50" HEIGHT="47" />
            <SP ID="SP_30519" HPOS="1356" VPOS="887" WIDTH="23" HEIGHT="0" />
            <String CONTENT="any" ID="Word_34887" HPOS="1380" VPOS="904" WIDTH="92" HEIGHT="45" />
          </TextLine>
          <TextLine ID="TextLine_4373" HPOS="111" VPOS="965" WIDTH="1360" HEIGHT="63">
            <String CONTENT="tall," ID="Word_34888" HPOS="111" VPOS="968" WIDTH="97" HEIGHT="52" />
            <SP ID="SP_30520" HPOS="209" VPOS="968" WIDTH="31" HEIGHT="0" />
            <String CONTENT="join" ID="Word_34889" HPOS="241" VPOS="967" WIDTH="96" HEIGHT="61" />
            <SP ID="SP_30521" HPOS="338" VPOS="967" WIDTH="42" HEIGHT="0" />
            <String CONTENT="it" ID="Word_34890" HPOS="381" VPOS="967" WIDTH="36" HEIGHT="44" />
            <SP ID="SP_30522" HPOS="418" VPOS="973" WIDTH="43" HEIGHT="0" />
            <String CONTENT="with" ID="Word_34891" HPOS="462" VPOS="967" WIDTH="113" HEIGHT="44" />
            <SP ID="SP_30523" HPOS="576" VPOS="967" WIDTH="44" HEIGHT="0" />
            <String CONTENT="the" ID="Word_34892" HPOS="621" VPOS="974" WIDTH="78" HEIGHT="38" />
            <SP ID="SP_30524" HPOS="700" VPOS="983" WIDTH="42" HEIGHT="0" />
            <String CONTENT="preceding-" ID="Word_34893" HPOS="743" VPOS="966" WIDTH="245" HEIGHT="61" />
            <SP ID="SP_30525" HPOS="989" VPOS="966" WIDTH="80" HEIGHT="0" />
            <String CONTENT="Four" ID="Word_34894" HPOS="1070" VPOS="966" WIDTH="121" HEIGHT="45" />
            <SP ID="SP_30526" HPOS="1192" VPOS="982" WIDTH="34" HEIGHT="0" />
            <String CONTENT="specimens" ID="Word_34895" HPOS="1227" VPOS="965" WIDTH="244" HEIGHT="61" />
          </TextLine>
          <TextLine ID="TextLine_4374" HPOS="114" VPOS="1042" WIDTH="1359" HEIGHT="63">
            <String CONTENT="only" ID="Word_34896" HPOS="114" VPOS="1060" WIDTH="106" HEIGHT="45" />
            <SP ID="SP_30527" HPOS="221" VPOS="1060" WIDTH="43" HEIGHT="0" />
            <String CONTENT="seem" ID="Word_34897" HPOS="265" VPOS="1060" WIDTH="118" HEIGHT="29" />
            <SP ID="SP_30528" HPOS="384" VPOS="1060" WIDTH="45" HEIGHT="0" />
            <String CONTENT="yet" ID="Word_34898" HPOS="430" VPOS="1050" WIDTH="79" HEIGHT="54" />
            <SP ID="SP_30529" HPOS="510" VPOS="1050" WIDTH="43" HEIGHT="0" />
            <String CONTENT="to" ID="Word_34899" HPOS="554" VPOS="1050" WIDTH="45" HEIGHT="38" />
            <SP ID="SP_30530" HPOS="600" VPOS="1045" WIDTH="37" HEIGHT="0" />
            <String CONTENT="be" ID="Word_34900" HPOS="638" VPOS="1045" WIDTH="55" HEIGHT="43" />
            <SP ID="SP_30531" HPOS="694" VPOS="1044" WIDTH="42" HEIGHT="0" />
            <String CONTENT="known;" ID="Word_34901" HPOS="737" VPOS="1044" WIDTH="199" HEIGHT="52" />
            <SP ID="SP_30532" HPOS="937" VPOS="1059" WIDTH="49" HEIGHT="0" />
            <String CONTENT="one" ID="Word_34902" HPOS="987" VPOS="1059" WIDTH="81" HEIGHT="29" />
            <SP ID="SP_30533" HPOS="1069" VPOS="1042" WIDTH="44" HEIGHT="0" />
            <String CONTENT="in" ID="Word_34903" HPOS="1114" VPOS="1042" WIDTH="46" HEIGHT="45" />
            <SP ID="SP_30534" HPOS="1161" VPOS="1048" WIDTH="42" HEIGHT="0" />
            <String CONTENT="the" ID="Word_34904" HPOS="1204" VPOS="1043" WIDTH="78" HEIGHT="44" />
            <SP ID="SP_30535" HPOS="1283" VPOS="1043" WIDTH="43" HEIGHT="0" />
            <String CONTENT="Royal" ID="Word_34905" HPOS="1327" VPOS="1042" WIDTH="146" HEIGHT="61" />
          </TextLine>
          <TextLine ID="TextLine_4375" HPOS="115" VPOS="1119" WIDTH="1356" HEIGHT="55">
            <String CONTENT="Museum" ID="Word_34906" HPOS="115" VPOS="1121" WIDTH="213" HEIGHT="44" />
            <SP ID="SP_30536" HPOS="329" VPOS="1121" WIDTH="23" HEIGHT="0" />
            <String CONTENT="in" ID="Word_34907" HPOS="353" VPOS="1121" WIDTH="46" HEIGHT="44" />
            <SP ID="SP_30537" HPOS="400" VPOS="1121" WIDTH="23" HEIGHT="0" />
            <String CONTENT="Paris;" ID="Word_34908" HPOS="424" VPOS="1121" WIDTH="154" HEIGHT="53" />
            <SP ID="SP_30538" HPOS="579" VPOS="1136" WIDTH="35" HEIGHT="0" />
            <String CONTENT="another" ID="Word_34909" HPOS="615" VPOS="1121" WIDTH="186" HEIGHT="44" />
            <SP ID="SP_30539" HPOS="802" VPOS="1120" WIDTH="30" HEIGHT="0" />
            <String CONTENT="in" ID="Word_34910" HPOS="833" VPOS="1120" WIDTH="48" HEIGHT="45" />
            <SP ID="SP_30540" HPOS="882" VPOS="1127" WIDTH="31" HEIGHT="0" />
            <String CONTENT="the" ID="Word_34911" HPOS="914" VPOS="1121" WIDTH="78" HEIGHT="45" />
            <SP ID="SP_30541" HPOS="993" VPOS="1121" WIDTH="24" HEIGHT="0" />
            <String CONTENT="Tower" ID="Word_34912" HPOS="1018" VPOS="1121" WIDTH="158" HEIGHT="44" />
            <SP ID="SP_30542" HPOS="1177" VPOS="1135" WIDTH="21" HEIGHT="0" />
            <String CONTENT="of" ID="Word_34913" HPOS="1199" VPOS="1119" WIDTH="51" HEIGHT="46" />
            <SP ID="SP_30543" HPOS="1251" VPOS="1119" WIDTH="18" HEIGHT="0" />
            <String CONTENT="London," ID="Word_34914" HPOS="1270" VPOS="1120" WIDTH="201" HEIGHT="53" />
          </TextLine>
          <TextLine ID="TextLine_4376" HPOS="116" VPOS="1196" WIDTH="1355" HEIGHT="62">
            <String CONTENT="described" ID="Word_34915" HPOS="116" VPOS="1198" WIDTH="225" HEIGHT="44" />
            <SP ID="SP_30544" HPOS="342" VPOS="1198" WIDTH="32" HEIGHT="0" />
            <String CONTENT="by" ID="Word_34916" HPOS="375" VPOS="1198" WIDTH="62" HEIGHT="60" />
            <SP ID="SP_30545" HPOS="438" VPOS="1197" WIDTH="40" HEIGHT="0" />
            <String CONTENT="Mr" ID="Word_34917" HPOS="479" VPOS="1197" WIDTH="74" HEIGHT="45" />
            <SP ID="SP_30546" HPOS="554" VPOS="1197" WIDTH="39" HEIGHT="0" />
            <String CONTENT="Grey" ID="Word_34918" HPOS="594" VPOS="1197" WIDTH="122" HEIGHT="60" />
            <SP ID="SP_30547" HPOS="717" VPOS="1197" WIDTH="37" HEIGHT="0" />
            <String CONTENT="in" ID="Word_34919" HPOS="755" VPOS="1197" WIDTH="47" HEIGHT="44" />
            <SP ID="SP_30548" HPOS="803" VPOS="1197" WIDTH="16" HEIGHT="0" />
            <String CONTENT="his" ID="Word_34920" HPOS="820" VPOS="1197" WIDTH="69" HEIGHT="44" />
            <SP ID="SP_30549" HPOS="890" VPOS="1198" WIDTH="37" HEIGHT="0" />
            <String CONTENT="Spicelogia" ID="Word_34921" HPOS="928" VPOS="1197" WIDTH="244" HEIGHT="59" />
            <SP ID="SP_30550" HPOS="1173" VPOS="1197" WIDTH="38" HEIGHT="0" />
            <String CONTENT="Zoologica;" ID="Word_34922" HPOS="1212" VPOS="1196" WIDTH="259" HEIGHT="53" />
          </TextLine>
          <TextLine ID="TextLine_4377" HPOS="116" VPOS="1273" WIDTH="1357" HEIGHT="61">
            <String CONTENT="another" ID="Word_34923" HPOS="116" VPOS="1281" WIDTH="187" HEIGHT="36" />
            <SP ID="SP_30551" HPOS="304" VPOS="1289" WIDTH="19" HEIGHT="0" />
            <String CONTENT="more" ID="Word_34924" HPOS="324" VPOS="1289" WIDTH="120" HEIGHT="28" />
            <SP ID="SP_30552" HPOS="445" VPOS="1273" WIDTH="21" HEIGHT="0" />
            <String CONTENT="lately" ID="Word_34925" HPOS="467" VPOS="1273" WIDTH="143" HEIGHT="60" />
            <SP ID="SP_30553" HPOS="611" VPOS="1289" WIDTH="22" HEIGHT="0" />
            <String CONTENT="exhibited" ID="Word_34926" HPOS="634" VPOS="1273" WIDTH="230" HEIGHT="45" />
            <SP ID="SP_30554" HPOS="865" VPOS="1273" WIDTH="21" HEIGHT="0" />
            <String CONTENT="in" ID="Word_34927" HPOS="887" VPOS="1273" WIDTH="46" HEIGHT="44" />
            <SP ID="SP_30555" HPOS="934" VPOS="1274" WIDTH="24" HEIGHT="0" />
            <String CONTENT="Exeter" ID="Word_34928" HPOS="959" VPOS="1274" WIDTH="166" HEIGHT="44" />
            <SP ID="SP_30556" HPOS="1126" VPOS="1274" WIDTH="21" HEIGHT="0" />
            <String CONTENT="Change," ID="Word_34929" HPOS="1148" VPOS="1274" WIDTH="198" HEIGHT="60" />
            <SP ID="SP_30557" HPOS="1347" VPOS="1288" WIDTH="36" HEIGHT="0" />
            <String CONTENT="and" ID="Word_34930" HPOS="1384" VPOS="1273" WIDTH="89" HEIGHT="44" />
          </TextLine>
          <TextLine ID="TextLine_4378" HPOS="115" VPOS="1348" WIDTH="1359" HEIGHT="53">
            <String CONTENT="the" ID="Word_34931" HPOS="115" VPOS="1350" WIDTH="77" HEIGHT="43" />
            <SP ID="SP_30558" HPOS="193" VPOS="1348" WIDTH="28" HEIGHT="0" />
            <String CONTENT="fourth" ID="Word_34932" HPOS="222" VPOS="1348" WIDTH="150" HEIGHT="46" />
            <SP ID="SP_30559" HPOS="373" VPOS="1349" WIDTH="34" HEIGHT="0" />
            <String CONTENT="in" ID="Word_34933" HPOS="408" VPOS="1349" WIDTH="45" HEIGHT="44" />
            <SP ID="SP_30560" HPOS="454" VPOS="1356" WIDTH="32" HEIGHT="0" />
            <String CONTENT="the" ID="Word_34934" HPOS="487" VPOS="1350" WIDTH="79" HEIGHT="43" />
            <SP ID="SP_30561" HPOS="567" VPOS="1350" WIDTH="23" HEIGHT="0" />
            <String CONTENT="London" ID="Word_34935" HPOS="591" VPOS="1350" WIDTH="184" HEIGHT="44" />
            <SP ID="SP_30562" HPOS="776" VPOS="1350" WIDTH="22" HEIGHT="0" />
            <String CONTENT="Zoological" ID="Word_34936" HPOS="799" VPOS="1350" WIDTH="248" HEIGHT="44" />
            <SP ID="SP_30563" HPOS="1048" VPOS="1349" WIDTH="22" HEIGHT="0" />
            <String CONTENT="Gardens," ID="Word_34937" HPOS="1071" VPOS="1349" WIDTH="218" HEIGHT="52" />
            <SP ID="SP_30564" HPOS="1290" VPOS="1366" WIDTH="36" HEIGHT="0" />
            <String CONTENT="which" ID="Word_34938" HPOS="1327" VPOS="1349" WIDTH="147" HEIGHT="45" />
          </TextLine>
          <TextLine ID="TextLine_4379" HPOS="115" VPOS="1425" WIDTH="887" HEIGHT="61">
            <String CONTENT="is" ID="Word_34939" HPOS="115" VPOS="1425" WIDTH="37" HEIGHT="45" />
            <SP ID="SP_30565" HPOS="153" VPOS="1433" WIDTH="22" HEIGHT="0" />
            <String CONTENT="thus" ID="Word_34940" HPOS="176" VPOS="1427" WIDTH="105" HEIGHT="43" />
            <SP ID="SP_30566" HPOS="282" VPOS="1427" WIDTH="23" HEIGHT="0" />
            <String CONTENT="described" ID="Word_34941" HPOS="306" VPOS="1426" WIDTH="224" HEIGHT="45" />
            <SP ID="SP_30567" HPOS="531" VPOS="1426" WIDTH="21" HEIGHT="0" />
            <String CONTENT="by" ID="Word_34942" HPOS="553" VPOS="1427" WIDTH="60" HEIGHT="59" />
            <SP ID="SP_30568" HPOS="614" VPOS="1427" WIDTH="24" HEIGHT="0" />
            <String CONTENT="Mr" ID="Word_34943" HPOS="639" VPOS="1427" WIDTH="75" HEIGHT="43" />
            <SP ID="SP_30569" HPOS="715" VPOS="1427" WIDTH="22" HEIGHT="0" />
            <String CONTENT="Bennet:—" ID="Word_34944" HPOS="738" VPOS="1427" WIDTH="264" HEIGHT="43" />
          </TextLine>
          <TextLine ID="TextLine_4380" HPOS="183" VPOS="1500" WIDTH="1289" HEIGHT="63">
            <String CONTENT="^‘^Our" ID="Word_34945" HPOS="183" VPOS="1509" WIDTH="141" HEIGHT="39" />
            <SP ID="SP_30570" HPOS="325" VPOS="1518" WIDTH="21" HEIGHT="0" />
            <String CONTENT="animal" ID="Word_34946" HPOS="347" VPOS="1503" WIDTH="167" HEIGHT="44" />
            <SP ID="SP_30571" HPOS="515" VPOS="1502" WIDTH="22" HEIGHT="0" />
            <String CONTENT="is" ID="Word_34947" HPOS="538" VPOS="1502" WIDTH="37" HEIGHT="44" />
            <SP ID="SP_30572" HPOS="576" VPOS="1518" WIDTH="22" HEIGHT="0" />
            <String CONTENT="of" ID="Word_34948" HPOS="599" VPOS="1500" WIDTH="50" HEIGHT="47" />
            <SP ID="SP_30573" HPOS="650" VPOS="1500" WIDTH="24" HEIGHT="0" />
            <String CONTENT="a" ID="Word_34949" HPOS="675" VPOS="1517" WIDTH="27" HEIGHT="29" />
            <SP ID="SP_30574" HPOS="703" VPOS="1502" WIDTH="22" HEIGHT="0" />
            <String CONTENT="deep" ID="Word_34950" HPOS="726" VPOS="1502" WIDTH="110" HEIGHT="60" />
            <SP ID="SP_30575" HPOS="837" VPOS="1502" WIDTH="16" HEIGHT="0" />
            <String CONTENT="jet" ID="Word_34951" HPOS="854" VPOS="1502" WIDTH="68" HEIGHT="60" />
            <SP ID="SP_30576" HPOS="923" VPOS="1504" WIDTH="22" HEIGHT="0" />
            <String CONTENT="black" ID="Word_34952" HPOS="946" VPOS="1503" WIDTH="130" HEIGHT="44" />
            <SP ID="SP_30577" HPOS="1077" VPOS="1502" WIDTH="21" HEIGHT="0" />
            <String CONTENT="in" ID="Word_34953" HPOS="1099" VPOS="1502" WIDTH="47" HEIGHT="44" />
            <SP ID="SP_30578" HPOS="1147" VPOS="1518" WIDTH="22" HEIGHT="0" />
            <String CONTENT="all" ID="Word_34954" HPOS="1170" VPOS="1502" WIDTH="59" HEIGHT="45" />
            <SP ID="SP_30579" HPOS="1230" VPOS="1502" WIDTH="22" HEIGHT="0" />
            <String CONTENT="its" ID="Word_34955" HPOS="1253" VPOS="1502" WIDTH="58" HEIGHT="45" />
            <SP ID="SP_30580" HPOS="1312" VPOS="1519" WIDTH="20" HEIGHT="0" />
            <String CONTENT="parts," ID="Word_34956" HPOS="1333" VPOS="1511" WIDTH="139" HEIGHT="52" />
          </TextLine>
          <TextLine ID="TextLine_4381" HPOS="119" VPOS="1578" WIDTH="1357" HEIGHT="53">
            <String CONTENT="with" ID="Word_34957" HPOS="119" VPOS="1579" WIDTH="112" HEIGHT="44" />
            <SP ID="SP_30581" HPOS="232" VPOS="1579" WIDTH="23" HEIGHT="0" />
            <String CONTENT="the" ID="Word_34958" HPOS="256" VPOS="1584" WIDTH="77" HEIGHT="39" />
            <SP ID="SP_30582" HPOS="334" VPOS="1594" WIDTH="22" HEIGHT="0" />
            <String CONTENT="exception" ID="Word_34959" HPOS="357" VPOS="1585" WIDTH="231" HEIGHT="39" />
            <SP ID="SP_30583" HPOS="589" VPOS="1594" WIDTH="22" HEIGHT="0" />
            <String CONTENT="of" ID="Word_34960" HPOS="612" VPOS="1578" WIDTH="50" HEIGHT="45" />
            <SP ID="SP_30584" HPOS="663" VPOS="1578" WIDTH="23" HEIGHT="0" />
            <String CONTENT="its" ID="Word_34961" HPOS="687" VPOS="1578" WIDTH="59" HEIGHT="44" />
            <SP ID="SP_30585" HPOS="747" VPOS="1579" WIDTH="31" HEIGHT="0" />
            <String CONTENT="large" ID="Word_34962" HPOS="779" VPOS="1579" WIDTH="119" HEIGHT="43" />
            <SP ID="SP_30586" HPOS="899" VPOS="1594" WIDTH="33" HEIGHT="0" />
            <String CONTENT="callosities," ID="Word_34963" HPOS="933" VPOS="1578" WIDTH="249" HEIGHT="53" />
            <SP ID="SP_30587" HPOS="1183" VPOS="1594" WIDTH="35" HEIGHT="0" />
            <String CONTENT="which" ID="Word_34964" HPOS="1219" VPOS="1579" WIDTH="148" HEIGHT="44" />
            <SP ID="SP_30588" HPOS="1368" VPOS="1579" WIDTH="33" HEIGHT="0" />
            <String CONTENT="are" ID="Word_34965" HPOS="1402" VPOS="1595" WIDTH="74" HEIGHT="29" />
          </TextLine>
          <TextLine ID="TextLine_4382" HPOS="118" VPOS="1655" WIDTH="1357" HEIGHT="61">
            <String CONTENT="flesh-coloured." ID="Word_34966" HPOS="118" VPOS="1656" WIDTH="349" HEIGHT="44" />
            <SP ID="SP_30589" HPOS="468" VPOS="1656" WIDTH="53" HEIGHT="0" />
            <String CONTENT="The" ID="Word_34967" HPOS="522" VPOS="1656" WIDTH="96" HEIGHT="43" />
            <SP ID="SP_30590" HPOS="619" VPOS="1657" WIDTH="20" HEIGHT="0" />
            <String CONTENT="body" ID="Word_34968" HPOS="640" VPOS="1656" WIDTH="119" HEIGHT="59" />
            <SP ID="SP_30591" HPOS="760" VPOS="1655" WIDTH="22" HEIGHT="0" />
            <String CONTENT="is" ID="Word_34969" HPOS="783" VPOS="1655" WIDTH="37" HEIGHT="44" />
            <SP ID="SP_30592" HPOS="821" VPOS="1671" WIDTH="21" HEIGHT="0" />
            <String CONTENT="covered" ID="Word_34970" HPOS="843" VPOS="1655" WIDTH="184" HEIGHT="45" />
            <SP ID="SP_30593" HPOS="1028" VPOS="1655" WIDTH="21" HEIGHT="0" />
            <String CONTENT="with" ID="Word_34971" HPOS="1050" VPOS="1655" WIDTH="113" HEIGHT="45" />
            <SP ID="SP_30594" HPOS="1164" VPOS="1656" WIDTH="22" HEIGHT="0" />
            <String CONTENT="long" ID="Word_34972" HPOS="1187" VPOS="1656" WIDTH="102" HEIGHT="60" />
            <SP ID="SP_30595" HPOS="1290" VPOS="1671" WIDTH="21" HEIGHT="0" />
            <String CONTENT="woolly" ID="Word_34973" HPOS="1312" VPOS="1657" WIDTH="163" HEIGHT="59" />
          </TextLine>
          <TextLine ID="TextLine_4383" HPOS="118" VPOS="1731" WIDTH="1355" HEIGHT="61">
            <String CONTENT="hair," ID="Word_34974" HPOS="118" VPOS="1732" WIDTH="112" HEIGHT="53" />
            <SP ID="SP_30596" HPOS="231" VPOS="1733" WIDTH="18" HEIGHT="0" />
            <String CONTENT="becoming" ID="Word_34975" HPOS="250" VPOS="1733" WIDTH="228" HEIGHT="59" />
            <SP ID="SP_30597" HPOS="479" VPOS="1747" WIDTH="16" HEIGHT="0" />
            <String CONTENT="shorter" ID="Word_34976" HPOS="496" VPOS="1732" WIDTH="170" HEIGHT="44" />
            <SP ID="SP_30598" HPOS="667" VPOS="1747" WIDTH="15" HEIGHT="0" />
            <String CONTENT="on" ID="Word_34977" HPOS="683" VPOS="1747" WIDTH="56" HEIGHT="29" />
            <SP ID="SP_30599" HPOS="740" VPOS="1738" WIDTH="13" HEIGHT="0" />
            <String CONTENT="the" ID="Word_34978" HPOS="754" VPOS="1732" WIDTH="77" HEIGHT="44" />
            <SP ID="SP_30600" HPOS="832" VPOS="1732" WIDTH="11" HEIGHT="0" />
            <String CONTENT="limbs" ID="Word_34979" HPOS="844" VPOS="1732" WIDTH="133" HEIGHT="44" />
            <SP ID="SP_30601" HPOS="978" VPOS="1748" WIDTH="15" HEIGHT="0" />
            <String CONTENT=";" ID="Word_34980" HPOS="994" VPOS="1748" WIDTH="13" HEIGHT="36" />
            <SP ID="SP_30602" HPOS="1008" VPOS="1731" WIDTH="24" HEIGHT="0" />
            <String CONTENT="its" ID="Word_34981" HPOS="1033" VPOS="1731" WIDTH="58" HEIGHT="45" />
            <SP ID="SP_30603" HPOS="1092" VPOS="1748" WIDTH="18" HEIGHT="0" />
            <String CONTENT="ears" ID="Word_34982" HPOS="1111" VPOS="1748" WIDTH="94" HEIGHT="28" />
            <SP ID="SP_30604" HPOS="1206" VPOS="1748" WIDTH="17" HEIGHT="0" />
            <String CONTENT="are" ID="Word_34983" HPOS="1224" VPOS="1748" WIDTH="73" HEIGHT="29" />
            <SP ID="SP_30605" HPOS="1298" VPOS="1748" WIDTH="14" HEIGHT="0" />
            <String CONTENT="small;" ID="Word_34984" HPOS="1313" VPOS="1733" WIDTH="160" HEIGHT="53" />
          </TextLine>
          <TextLine ID="TextLine_4384" HPOS="119" VPOS="1807" WIDTH="1355" HEIGHT="54">
            <String CONTENT="its" ID="Word_34985" HPOS="119" VPOS="1807" WIDTH="57" HEIGHT="45" />
            <SP ID="SP_30606" HPOS="177" VPOS="1815" WIDTH="22" HEIGHT="0" />
            <String CONTENT="tail" ID="Word_34986" HPOS="200" VPOS="1808" WIDTH="81" HEIGHT="44" />
            <SP ID="SP_30607" HPOS="282" VPOS="1809" WIDTH="21" HEIGHT="0" />
            <String CONTENT="a" ID="Word_34987" HPOS="304" VPOS="1823" WIDTH="27" HEIGHT="29" />
            <SP ID="SP_30608" HPOS="332" VPOS="1823" WIDTH="20" HEIGHT="0" />
            <String CONTENT="mere" ID="Word_34988" HPOS="353" VPOS="1823" WIDTH="119" HEIGHT="30" />
            <SP ID="SP_30609" HPOS="473" VPOS="1814" WIDTH="32" HEIGHT="0" />
            <String CONTENT="tubercle," ID="Word_34989" HPOS="506" VPOS="1808" WIDTH="210" HEIGHT="53" />
            <SP ID="SP_30610" HPOS="717" VPOS="1807" WIDTH="33" HEIGHT="0" />
            <String CONTENT="less" ID="Word_34990" HPOS="751" VPOS="1807" WIDTH="87" HEIGHT="45" />
            <SP ID="SP_30611" HPOS="839" VPOS="1814" WIDTH="32" HEIGHT="0" />
            <String CONTENT="than" ID="Word_34991" HPOS="872" VPOS="1814" WIDTH="112" HEIGHT="38" />
            <SP ID="SP_30612" HPOS="985" VPOS="1823" WIDTH="22" HEIGHT="0" />
            <String CONTENT="an" ID="Word_34992" HPOS="1008" VPOS="1823" WIDTH="58" HEIGHT="29" />
            <SP ID="SP_30613" HPOS="1067" VPOS="1808" WIDTH="21" HEIGHT="0" />
            <String CONTENT="inch" ID="Word_34993" HPOS="1089" VPOS="1808" WIDTH="104" HEIGHT="44" />
            <SP ID="SP_30614" HPOS="1194" VPOS="1809" WIDTH="21" HEIGHT="0" />
            <String CONTENT="in" ID="Word_34994" HPOS="1216" VPOS="1809" WIDTH="46" HEIGHT="44" />
            <SP ID="SP_30615" HPOS="1263" VPOS="1809" WIDTH="26" HEIGHT="0" />
            <String CONTENT="length;" ID="Word_34995" HPOS="1290" VPOS="1809" WIDTH="184" HEIGHT="52" />
          </TextLine>
          <TextLine ID="TextLine_4385" HPOS="119" VPOS="1884" WIDTH="1357" HEIGHT="59">
            <String CONTENT="and" ID="Word_34996" HPOS="119" VPOS="1885" WIDTH="89" HEIGHT="43" />
            <SP ID="SP_30616" HPOS="209" VPOS="1884" WIDTH="31" HEIGHT="0" />
            <String CONTENT="its" ID="Word_34997" HPOS="241" VPOS="1884" WIDTH="58" HEIGHT="44" />
            <SP ID="SP_30617" HPOS="300" VPOS="1899" WIDTH="33" HEIGHT="0" />
            <String CONTENT="cheek-pouches" ID="Word_34998" HPOS="334" VPOS="1884" WIDTH="354" HEIGHT="44" />
            <SP ID="SP_30618" HPOS="689" VPOS="1899" WIDTH="39" HEIGHT="0" />
            <String CONTENT="seem" ID="Word_34999" HPOS="729" VPOS="1898" WIDTH="119" HEIGHT="29" />
            <SP ID="SP_30619" HPOS="849" VPOS="1890" WIDTH="36" HEIGHT="0" />
            <String CONTENT="to" ID="Word_35000" HPOS="886" VPOS="1890" WIDTH="46" HEIGHT="38" />
            <SP ID="SP_30620" HPOS="933" VPOS="1885" WIDTH="25" HEIGHT="0" />
            <String CONTENT="be" ID="Word_35001" HPOS="959" VPOS="1885" WIDTH="54" HEIGHT="43" />
            <SP ID="SP_30621" HPOS="1014" VPOS="1899" WIDTH="35" HEIGHT="0" />
            <String CONTENT="capable" ID="Word_35002" HPOS="1050" VPOS="1886" WIDTH="182" HEIGHT="57" />
            <SP ID="SP_30622" HPOS="1233" VPOS="1900" WIDTH="30" HEIGHT="0" />
            <String CONTENT="of" ID="Word_35003" HPOS="1264" VPOS="1884" WIDTH="49" HEIGHT="45" />
            <SP ID="SP_30623" HPOS="1314" VPOS="1884" WIDTH="25" HEIGHT="0" />
            <String CONTENT="much" ID="Word_35004" HPOS="1340" VPOS="1885" WIDTH="136" HEIGHT="44" />
          </TextLine>
          <TextLine ID="TextLine_4386" HPOS="121" VPOS="1958" WIDTH="1356" HEIGHT="61">
            <String CONTENT="distension." ID="Word_35005" HPOS="121" VPOS="1960" WIDTH="257" HEIGHT="44" />
            <SP ID="SP_30624" HPOS="379" VPOS="1960" WIDTH="36" HEIGHT="0" />
            <String CONTENT="Its" ID="Word_35006" HPOS="416" VPOS="1960" WIDTH="67" HEIGHT="44" />
            <SP ID="SP_30625" HPOS="484" VPOS="1958" WIDTH="13" HEIGHT="0" />
            <String CONTENT="face" ID="Word_35007" HPOS="498" VPOS="1958" WIDTH="93" HEIGHT="45" />
            <SP ID="SP_30626" HPOS="592" VPOS="1958" WIDTH="12" HEIGHT="0" />
            <String CONTENT="is" ID="Word_35008" HPOS="605" VPOS="1958" WIDTH="38" HEIGHT="45" />
            <SP ID="SP_30627" HPOS="644" VPOS="1960" WIDTH="15" HEIGHT="0" />
            <String CONTENT="broad," ID="Word_35009" HPOS="660" VPOS="1960" WIDTH="151" HEIGHT="52" />
            <SP ID="SP_30628" HPOS="812" VPOS="1974" WIDTH="23" HEIGHT="0" />
            <String CONTENT="rather" ID="Word_35010" HPOS="836" VPOS="1965" WIDTH="151" HEIGHT="38" />
            <SP ID="SP_30629" HPOS="988" VPOS="1975" WIDTH="15" HEIGHT="0" />
            <String CONTENT="prominent," ID="Word_35011" HPOS="1004" VPOS="1960" WIDTH="267" HEIGHT="59" />
            <SP ID="SP_30630" HPOS="1272" VPOS="1976" WIDTH="20" HEIGHT="0" />
            <String CONTENT="slightly" ID="Word_35012" HPOS="1293" VPOS="1960" WIDTH="184" HEIGHT="45" />
          </TextLine>
          <TextLine ID="TextLine_4387" HPOS="119" VPOS="2035" WIDTH="1359" HEIGHT="61">
            <String CONTENT="narrowing" ID="Word_35013" HPOS="119" VPOS="2035" WIDTH="252" HEIGHT="61" />
            <SP ID="SP_30631" HPOS="372" VPOS="2050" WIDTH="21" HEIGHT="0" />
            <String CONTENT="at" ID="Word_35014" HPOS="394" VPOS="2041" WIDTH="47" HEIGHT="38" />
            <SP ID="SP_30632" HPOS="442" VPOS="2041" WIDTH="16" HEIGHT="0" />
            <String CONTENT="the" ID="Word_35015" HPOS="459" VPOS="2041" WIDTH="77" HEIGHT="39" />
            <SP ID="SP_30633" HPOS="537" VPOS="2050" WIDTH="17" HEIGHT="0" />
            <String CONTENT="muzzle," ID="Word_35016" HPOS="555" VPOS="2050" WIDTH="191" HEIGHT="37" />
            <SP ID="SP_30634" HPOS="747" VPOS="2050" WIDTH="24" HEIGHT="0" />
            <String CONTENT="and" ID="Word_35017" HPOS="772" VPOS="2035" WIDTH="90" HEIGHT="44" />
            <SP ID="SP_30635" HPOS="863" VPOS="2035" WIDTH="23" HEIGHT="0" />
            <String CONTENT="abruptly" ID="Word_35018" HPOS="887" VPOS="2036" WIDTH="213" HEIGHT="60" />
            <SP ID="SP_30636" HPOS="1101" VPOS="2042" WIDTH="15" HEIGHT="0" />
            <String CONTENT="truncate," ID="Word_35019" HPOS="1117" VPOS="2042" WIDTH="221" HEIGHT="48" />
            <SP ID="SP_30637" HPOS="1339" VPOS="2053" WIDTH="24" HEIGHT="0" />
            <String CONTENT="with" ID="Word_35020" HPOS="1364" VPOS="2044" WIDTH="114" HEIGHT="38" />
          </TextLine>
          <TextLine ID="TextLine_4388" HPOS="120" VPOS="2111" WIDTH="1358" HEIGHT="62">
            <String CONTENT="the" ID="Word_35021" HPOS="120" VPOS="2118" WIDTH="77" HEIGHT="39" />
            <SP ID="SP_30638" HPOS="198" VPOS="2127" WIDTH="35" HEIGHT="0" />
            <String CONTENT="nostrils" ID="Word_35022" HPOS="234" VPOS="2111" WIDTH="178" HEIGHT="45" />
            <SP ID="SP_30639" HPOS="413" VPOS="2127" WIDTH="32" HEIGHT="0" />
            <String CONTENT="placed" ID="Word_35023" HPOS="446" VPOS="2112" WIDTH="156" HEIGHT="59" />
            <SP ID="SP_30640" HPOS="603" VPOS="2112" WIDTH="32" HEIGHT="0" />
            <String CONTENT="very" ID="Word_35024" HPOS="636" VPOS="2127" WIDTH="108" HEIGHT="44" />
            <SP ID="SP_30641" HPOS="745" VPOS="2127" WIDTH="22" HEIGHT="0" />
            <String CONTENT="obliquely" ID="Word_35025" HPOS="768" VPOS="2112" WIDTH="226" HEIGHT="60" />
            <SP ID="SP_30642" HPOS="995" VPOS="2128" WIDTH="28" HEIGHT="0" />
            <String CONTENT="on" ID="Word_35026" HPOS="1024" VPOS="2128" WIDTH="55" HEIGHT="29" />
            <SP ID="SP_30643" HPOS="1080" VPOS="2119" WIDTH="26" HEIGHT="0" />
            <String CONTENT="the" ID="Word_35027" HPOS="1107" VPOS="2119" WIDTH="79" HEIGHT="38" />
            <SP ID="SP_30644" HPOS="1187" VPOS="2129" WIDTH="28" HEIGHT="0" />
            <String CONTENT="upper" ID="Word_35028" HPOS="1216" VPOS="2130" WIDTH="142" HEIGHT="43" />
            <SP ID="SP_30645" HPOS="1359" VPOS="2130" WIDTH="20" HEIGHT="0" />
            <String CONTENT="sur-" ID="Word_35029" HPOS="1380" VPOS="2130" WIDTH="98" HEIGHT="29" />
          </TextLine>
          <TextLine ID="TextLine_4389" HPOS="119" VPOS="2187" WIDTH="1365" HEIGHT="61">
            <String CONTENT="face." ID="Word_35030" HPOS="119" VPOS="2187" WIDTH="106" HEIGHT="46" />
            <SP ID="SP_30646" HPOS="226" VPOS="2188" WIDTH="66" HEIGHT="0" />
            <String CONTENT="On" ID="Word_35031" HPOS="293" VPOS="2188" WIDTH="73" HEIGHT="46" />
            <SP ID="SP_30647" HPOS="367" VPOS="2195" WIDTH="26" HEIGHT="0" />
            <String CONTENT="the" ID="Word_35032" HPOS="394" VPOS="2195" WIDTH="79" HEIGHT="38" />
            <SP ID="SP_30648" HPOS="474" VPOS="2195" WIDTH="27" HEIGHT="0" />
            <String CONTENT="top" ID="Word_35033" HPOS="502" VPOS="2195" WIDTH="76" HEIGHT="53" />
            <SP ID="SP_30649" HPOS="579" VPOS="2203" WIDTH="32" HEIGHT="0" />
            <String CONTENT="of" ID="Word_35034" HPOS="612" VPOS="2187" WIDTH="49" HEIGHT="45" />
            <SP ID="SP_30650" HPOS="662" VPOS="2187" WIDTH="18" HEIGHT="0" />
            <String CONTENT="the" ID="Word_35035" HPOS="681" VPOS="2189" WIDTH="77" HEIGHT="43" />
            <SP ID="SP_30651" HPOS="759" VPOS="2189" WIDTH="28" HEIGHT="0" />
            <String CONTENT="head" ID="Word_35036" HPOS="788" VPOS="2189" WIDTH="116" HEIGHT="45" />
            <SP ID="SP_30652" HPOS="905" VPOS="2189" WIDTH="26" HEIGHT="0" />
            <String CONTENT="it" ID="Word_35037" HPOS="932" VPOS="2189" WIDTH="37" HEIGHT="45" />
            <SP ID="SP_30653" HPOS="970" VPOS="2189" WIDTH="26" HEIGHT="0" />
            <String CONTENT="has" ID="Word_35038" HPOS="997" VPOS="2189" WIDTH="81" HEIGHT="45" />
            <SP ID="SP_30654" HPOS="1079" VPOS="2205" WIDTH="28" HEIGHT="0" />
            <String CONTENT="a" ID="Word_35039" HPOS="1108" VPOS="2205" WIDTH="27" HEIGHT="29" />
            <SP ID="SP_30655" HPOS="1136" VPOS="2191" WIDTH="26" HEIGHT="0" />
            <String CONTENT="broad" ID="Word_35040" HPOS="1163" VPOS="2191" WIDTH="135" HEIGHT="44" />
            <SP ID="SP_30656" HPOS="1299" VPOS="2191" WIDTH="20" HEIGHT="0" />
            <String CONTENT="tuft" ID="Word_35041" HPOS="1320" VPOS="2197" WIDTH="92" HEIGHT="39" />
            <SP ID="SP_30657" HPOS="1413" VPOS="2198" WIDTH="22" HEIGHT="0" />
            <String CONTENT="of" ID="Word_35042" HPOS="1436" VPOS="2191" WIDTH="48" HEIGHT="45" />
          </TextLine>
          <TextLine ID="TextLine_4390" HPOS="119" VPOS="2265" WIDTH="1359" HEIGHT="63">
            <String CONTENT="long" ID="Word_35043" HPOS="119" VPOS="2265" WIDTH="102" HEIGHT="60" />
            <SP ID="SP_30658" HPOS="222" VPOS="2265" WIDTH="20" HEIGHT="0" />
            <String CONTENT="hairs," ID="Word_35044" HPOS="243" VPOS="2265" WIDTH="134" HEIGHT="53" />
            <SP ID="SP_30659" HPOS="378" VPOS="2265" WIDTH="34" HEIGHT="0" />
            <String CONTENT="falling" ID="Word_35045" HPOS="413" VPOS="2265" WIDTH="156" HEIGHT="60" />
            <SP ID="SP_30660" HPOS="570" VPOS="2266" WIDTH="22" HEIGHT="0" />
            <String CONTENT="backwards," ID="Word_35046" HPOS="593" VPOS="2266" WIDTH="274" HEIGHT="53" />
            <SP ID="SP_30661" HPOS="868" VPOS="2282" WIDTH="34" HEIGHT="0" />
            <String CONTENT="and" ID="Word_35047" HPOS="903" VPOS="2267" WIDTH="89" HEIGHT="44" />
            <SP ID="SP_30662" HPOS="993" VPOS="2265" WIDTH="21" HEIGHT="0" />
            <String CONTENT="forming" ID="Word_35048" HPOS="1015" VPOS="2265" WIDTH="188" HEIGHT="62" />
            <SP ID="SP_30663" HPOS="1204" VPOS="2282" WIDTH="21" HEIGHT="0" />
            <String CONTENT="a" ID="Word_35049" HPOS="1226" VPOS="2282" WIDTH="26" HEIGHT="29" />
            <SP ID="SP_30664" HPOS="1253" VPOS="2282" WIDTH="21" HEIGHT="0" />
            <String CONTENT="very" ID="Word_35050" HPOS="1275" VPOS="2283" WIDTH="109" HEIGHT="45" />
            <SP ID="SP_30665" HPOS="1385" VPOS="2283" WIDTH="21" HEIGHT="0" />
            <String CONTENT="re-" ID="Word_35051" HPOS="1407" VPOS="2284" WIDTH="71" HEIGHT="28" />
          </TextLine>
          <TextLine ID="TextLine_4391" HPOS="119" VPOS="2342" WIDTH="1358" HEIGHT="62">
            <String CONTENT="markable" ID="Word_35052" HPOS="119" VPOS="2344" WIDTH="231" HEIGHT="44" />
            <SP ID="SP_30666" HPOS="351" VPOS="2358" WIDTH="22" HEIGHT="0" />
            <String CONTENT="crest." ID="Word_35053" HPOS="374" VPOS="2349" WIDTH="126" HEIGHT="39" />
            <SP ID="SP_30667" HPOS="501" VPOS="2344" WIDTH="69" HEIGHT="0" />
            <String CONTENT="The" ID="Word_35054" HPOS="571" VPOS="2344" WIDTH="97" HEIGHT="43" />
            <SP ID="SP_30668" HPOS="669" VPOS="2357" WIDTH="34" HEIGHT="0" />
            <String CONTENT="expression" ID="Word_35055" HPOS="704" VPOS="2357" WIDTH="252" HEIGHT="45" />
            <SP ID="SP_30669" HPOS="957" VPOS="2358" WIDTH="29" HEIGHT="0" />
            <String CONTENT="of" ID="Word_35056" HPOS="987" VPOS="2342" WIDTH="49" HEIGHT="45" />
            <SP ID="SP_30670" HPOS="1037" VPOS="2342" WIDTH="23" HEIGHT="0" />
            <String CONTENT="its" ID="Word_35057" HPOS="1061" VPOS="2343" WIDTH="57" HEIGHT="45" />
            <SP ID="SP_30671" HPOS="1119" VPOS="2359" WIDTH="29" HEIGHT="0" />
            <String CONTENT="physiognomy" ID="Word_35058" HPOS="1149" VPOS="2344" WIDTH="328" HEIGHT="60" />
          </TextLine>
          <TextLine ID="TextLine_4392" HPOS="120" VPOS="2417" WIDTH="1356" HEIGHT="63">
            <String CONTENT="is" ID="Word_35059" HPOS="120" VPOS="2417" WIDTH="36" HEIGHT="44" />
            <SP ID="SP_30672" HPOS="157" VPOS="2434" WIDTH="32" HEIGHT="0" />
            <String CONTENT="peculiarly" ID="Word_35060" HPOS="190" VPOS="2419" WIDTH="245" HEIGHT="61" />
            <SP ID="SP_30673" HPOS="436" VPOS="2435" WIDTH="32" HEIGHT="0" />
            <String CONTENT="cunning." ID="Word_35061" HPOS="469" VPOS="2419" WIDTH="208" HEIGHT="44" />
            <SP ID="SP_30674" HPOS="678" VPOS="2419" WIDTH="68" HEIGHT="0" />
            <String CONTENT="It" ID="Word_35062" HPOS="747" VPOS="2419" WIDTH="44" HEIGHT="44" />
            <SP ID="SP_30675" HPOS="792" VPOS="2426" WIDTH="29" HEIGHT="0" />
            <String CONTENT="seems" ID="Word_35063" HPOS="822" VPOS="2434" WIDTH="140" HEIGHT="30" />
            <SP ID="SP_30676" HPOS="963" VPOS="2426" WIDTH="21" HEIGHT="0" />
            <String CONTENT="to" ID="Word_35064" HPOS="985" VPOS="2426" WIDTH="45" HEIGHT="39" />
            <SP ID="SP_30677" HPOS="1031" VPOS="2421" WIDTH="22" HEIGHT="0" />
            <String CONTENT="be" ID="Word_35065" HPOS="1054" VPOS="2421" WIDTH="54" HEIGHT="43" />
            <SP ID="SP_30678" HPOS="1109" VPOS="2436" WIDTH="20" HEIGHT="0" />
            <String CONTENT="rather" ID="Word_35066" HPOS="1130" VPOS="2427" WIDTH="151" HEIGHT="37" />
            <SP ID="SP_30679" HPOS="1282" VPOS="2435" WIDTH="26" HEIGHT="0" />
            <String CONTENT="violent" ID="Word_35067" HPOS="1309" VPOS="2421" WIDTH="167" HEIGHT="44" />
          </TextLine>
          <TextLine ID="TextLine_4393" HPOS="120" VPOS="2493" WIDTH="1356" HEIGHT="63">
            <String CONTENT="in" ID="Word_35068" HPOS="120" VPOS="2493" WIDTH="43" HEIGHT="44" />
            <SP ID="SP_30680" HPOS="164" VPOS="2495" WIDTH="25" HEIGHT="0" />
            <String CONTENT="its" ID="Word_35069" HPOS="190" VPOS="2495" WIDTH="57" HEIGHT="44" />
            <SP ID="SP_30681" HPOS="248" VPOS="2502" WIDTH="16" HEIGHT="0" />
            <String CONTENT="temper," ID="Word_35070" HPOS="265" VPOS="2502" WIDTH="186" HEIGHT="54" />
            <SP ID="SP_30682" HPOS="452" VPOS="2512" WIDTH="19" HEIGHT="0" />
            <String CONTENT="and" ID="Word_35071" HPOS="472" VPOS="2496" WIDTH="90" HEIGHT="45" />
            <SP ID="SP_30683" HPOS="563" VPOS="2496" WIDTH="15" HEIGHT="0" />
            <String CONTENT="tyrannizes" ID="Word_35072" HPOS="579" VPOS="2502" WIDTH="259" HEIGHT="38" />
            <SP ID="SP_30684" HPOS="839" VPOS="2511" WIDTH="13" HEIGHT="0" />
            <String CONTENT="not" ID="Word_35073" HPOS="853" VPOS="2502" WIDTH="78" HEIGHT="38" />
            <SP ID="SP_30685" HPOS="932" VPOS="2502" WIDTH="22" HEIGHT="0" />
            <String CONTENT="a" ID="Word_35074" HPOS="955" VPOS="2511" WIDTH="27" HEIGHT="30" />
            <SP ID="SP_30686" HPOS="983" VPOS="2496" WIDTH="21" HEIGHT="0" />
            <String CONTENT="little" ID="Word_35075" HPOS="1005" VPOS="2496" WIDTH="117" HEIGHT="45" />
            <SP ID="SP_30687" HPOS="1123" VPOS="2511" WIDTH="15" HEIGHT="0" />
            <String CONTENT="over" ID="Word_35076" HPOS="1139" VPOS="2511" WIDTH="103" HEIGHT="29" />
            <SP ID="SP_30688" HPOS="1243" VPOS="2502" WIDTH="13" HEIGHT="0" />
            <String CONTENT="the" ID="Word_35077" HPOS="1257" VPOS="2502" WIDTH="78" HEIGHT="38" />
            <SP ID="SP_30689" HPOS="1336" VPOS="2510" WIDTH="15" HEIGHT="0" />
            <String CONTENT="quiet" ID="Word_35078" HPOS="1352" VPOS="2501" WIDTH="124" HEIGHT="54" />
          </TextLine>
        </TextBlock>
        <TextBlock ID="TextBlock_716" HPOS="1259" VPOS="2589" WIDTH="25" HEIGHT="28">
          <TextLine ID="TextLine_4394" HPOS="1259" VPOS="2589" WIDTH="25" HEIGHT="28">
            <String CONTENT="T" ID="Word_35079" HPOS="1259" VPOS="2589" WIDTH="25" HEIGHT="28" />
          </TextLine>
        </TextBlock>
      </PrintSpace>
    </Page>
  </Layout>
</alto>
