2107 3450
1636 254 84 41 275

521 266 89 31 THE
645 264 280 32 LITERATURE
960 264 53 32 OF
1045 264 208 32 APHASIA.

119 389 175 43 Among
312 387 74 44 the
404 401 118 29 more
540 387 243 42 important
801 385 44 42 of
863 388 151 40 recent
1032 384 193 43 German
1244 384 323 43 contributions
1584 398 137 30 are—

60 461 78 55 (1),
155 460 209 56 Grashey,
381 459 175 43 "Ueber
570 458 196 43 Aphasie
784 457 90 42 unci
889 457 93 42 ihre
998 455 313 57 Beziehungen
1327 470 77 29 zur
1417 455 299 43 Wahrnehm-

62 530 123 58 ung,"
227 530 128 42 Arch.
399 530 40 56 f
484 530 159 55 Psych.,
688 529 100 41 xvi.,
834 527 40 43 S.
921 527 87 43 654
1031 543 9 37 ;
1093 526 81 56 (2),
1216 526 265 53 Lichtheim,
1526 531 20 17 "
1571 526 148 44 Ueber

58 602 231 56 Aphasie,"
323 601 240 43 translated
602 601 58 42 by
694 600 66 43 Dr
792 600 54 42 de
876 598 273 44 Watteville,
1171 598 49 43 in
1252 599 157 43 Brain,
1438 598 101 44 Jan.
1576 598 114 43 1885
1712 615 9 37 ;

57 674 79 55 (3),
159 673 249 43 Wernicke,
430 678 22 16 "
466 673 87 42 Die
576 686 193 30 neueren
785 671 218 43 Arbeiten
1025 671 108 43 iiber
1154 670 235 57 Aphasie,"
1416 672 206 42 Fortschr.
1645 685 75 28 cler

56 745 122 52 Med.,
203 745 127 53 1885,
352 745 57 51 ii.,
431 758 38 42 p.
497 745 84 42 825
603 760 9 37 ;
644 743 92 43 also
758 743 41 52 i.,
822 743 128 53 1886,
973 758 39 42 p.
1038 743 112 45 371;
1183 743 91 43 also
1297 744 59 58 ii.;
1377 743 129 53 1886,
1527 758 40 42 p.
1587 743 100 43 463.

116 817 23 42 I
162 817 114 43 shall
298 817 248 56 by-and-by
569 817 111 42 have
713 816 202 43 occasion
954 821 43 38 to
1037 817 115 42 refer
1187 822 44 37 to
1267 817 172 43 various
1472 817 246 56 important

56 903 154 41 papers
233 903 55 28 on
312 889 163 56 special
498 893 121 52 parts
638 889 44 42 of
707 888 73 44 the
802 889 182 43 subject.
1049 889 92 43 The
1160 889 162 44 wealth
1345 890 47 43 of
1410 890 231 42 literature
1660 903 57 28 on

55 961 74 43 the
152 961 170 43 subject
344 961 44 43 of
409 961 199 57 Aphasia
629 961 38 44 is
690 961 355 44 overwhelming.
1111 962 44 42 If
1177 962 75 44 the
1270 962 151 44 reader
1442 963 145 43 would
1605 963 112 42 form

56 1048 57 28 an
134 1033 99 44 idea
255 1034 44 42 of
321 1034 48 53 it,
390 1033 64 44 let
478 1034 94 43 him
604 1034 176 43 consult
813 1034 76 43 the
921 1034 139 43 Index
1095 1035 230 57 Catalogue
1356 1036 51 42 of
1432 1036 65 42 the
1528 1036 191 55 Library

54 1106 52 56 of
133 1107 65 41 the
234 1106 407 56 Surgeon-GeneraV
645 1122 19 28 s
701 1106 126 58 Office,
860 1106 89 44 U.S.
983 1106 156 58 Army,
1162 1108 147 43 edited
1343 1109 60 42 by
1425 1109 67 42 Dr
1515 1108 203 50 Billings,

56 1178 87 42 and
167 1178 75 43 the
263 1178 139 44 Index
424 1180 200 42 Medicus,
647 1178 147 44 edited
816 1179 58 43 by
897 1179 67 43 Dr
986 1179 191 57 Billings
1200 1181 87 42 and
1310 1181 67 42 Dr
1398 1180 215 44 Fletcher.
