2053 3564
215 281 322 36 DEVELOPMENT
570 282 53 30 OF
658 280 245 31 LANGUAGE
935 280 48 30 IN
1017 281 88 30 THE
1138 280 186 31 NORMAL
1356 280 148 31 CHILD.

1632 269 53 38 80

1 406 11 58 j
34 417 65 30 we
130 404 132 42 adopt
284 418 54 28 au
362 410 192 49 analytic
575 401 190 43 method,
788 400 86 42 and
909 404 113 38 treat
1044 400 45 41 of
1110 401 106 41 each
1240 400 137 42 factor
1401 400 113 56 fully
1538 400 146 42 before

6 493 5 27 i
32 476 260 55 proceeding
325 481 42 36 to
390 475 101 42 take
517 488 57 41 up
608 473 73 42 the
704 477 106 38 next
834 474 148 40 factor.
1032 464 125 49 'This
1183 476 307 51 arrangement
1512 471 104 52 will,
1638 470 47 44 in

5 561 5 30 I
31 546 74 42 the
123 561 95 27 case
236 547 47 41 of
296 545 102 43 each
418 546 139 41 factor
574 544 139 43 under
729 543 335 51 consideration,
1081 542 103 56 help
1204 557 50 28 us
1276 548 43 37 to
1338 543 128 56 bring
1482 542 201 56 together

6 625 3 24 :
31 618 186 42 without
239 618 240 42 confusion,
502 631 47 28 as
579 616 198 43 occasion
811 629 102 42 may
934 615 184 55 require,
1143 615 75 42 the
1251 619 300 38 observations
1586 613 98 42 that

3 687 6 43 I
30 689 110 42 have
184 690 106 41 been
329 689 126 42 made
497 703 55 28 on
589 688 36 42 it
660 688 57 56 by
752 687 76 43 the
862 687 175 42 various
1081 687 169 42 writers
1289 687 98 42 that
1424 686 112 43 have
1578 686 104 56 paid

27 761 163 55 special
213 761 216 42 attention
453 766 44 37 to
520 761 45 41 it.

87 833 91 42 The
196 832 102 56 plan
315 832 47 42 of
380 832 88 43 this
484 837 179 37 chapter
678 831 92 42 will
788 831 53 43 be
855 831 124 56 quite
997 831 116 42 clear
1129 835 46 38 to
1191 831 75 42 the
1285 830 151 43 reader
1453 830 35 42 if
1506 829 54 43 he
1579 829 105 52 will,

29 905 144 41 before
202 905 181 55 reading
411 905 48 50 it,
481 918 201 29 examine
706 903 110 43 with
849 917 97 29 care
979 903 74 44 the
1084 904 350 55 accompanying
1456 903 222 55 Diagram.

27 976 44 42 It
94 976 36 42 is
153 976 143 56 hoped
318 976 98 43 that
438 976 75 43 the
535 976 211 42 Diagram
771 975 92 43 will
889 976 53 43 be
967 976 137 43 found
1137 982 45 36 to
1207 976 51 43 be
1289 991 47 28 so
1359 975 139 44 easily
1521 989 159 29 under-

1 1055 4 37 !
25 1048 125 43 stood
172 1063 46 28 as
242 1054 77 37 not
348 1053 45 38 to
415 1049 172 56 require
610 1048 280 44 description.
953 1048 91 43 The
1067 1048 105 57 only
1196 1053 127 52 point
1355 1053 97 37 that
1483 1047 197 56 requires

27 1126 44 38 to
102 1121 54 43 be
188 1121 210 57 specially
421 1121 144 43 stated
597 1122 37 42 is
663 1121 97 43 that
792 1121 76 43 the
899 1121 175 43 various
1105 1121 163 42 factors
1295 1121 46 42 of
1371 1121 75 42 the
1468 1120 212 56 Diagram

1 1200 2 34 i
25 1193 104 42 will,
151 1194 46 41 in
221 1194 89 42 this
333 1194 193 56 chapter,
547 1194 53 43 be
622 1194 133 43 taken
779 1209 60 27 up
862 1195 113 41 from
1000 1194 80 41 left
1099 1198 44 37 to
1165 1193 133 56 right,
1316 1193 45 42 in
1387 1193 75 42 the
1487 1193 127 42 order
1636 1193 49 41 of

27 1266 73 42 the
124 1267 223 56 Diagram,
369 1266 165 57 Crying
556 1267 132 42 being
709 1267 95 42 first
837 1266 269 43 considered,
1135 1265 88 43 and
1246 1265 74 43 the
1344 1265 269 42 Production
1637 1265 46 42 of

26 1338 262 56 Intelligent
312 1338 165 56 Speech
500 1338 95 42 last.

84 1409 356 56 Independently
477 1410 45 41 of
563 1409 157 56 speech
764 1409 205 56 properly
1011 1408 224 44 so-called,
1272 1409 123 42 there
1438 1423 73 28 are
1555 1408 126 43 other

22 1494 150 29 means
196 1482 58 41 by
277 1481 143 42 which
445 1481 73 42 the
548 1481 118 42 child
688 1495 81 28 can
801 1481 99 56 give
923 1481 256 43 expression
1202 1485 45 38 to
1270 1480 58 43 its
1353 1481 215 42 emotions
1591 1481 88 41 and

21 1557 135 37 states
189 1553 44 41 of
263 1552 173 42 feeling.
501 1552 118 42 Such
652 1567 72 27 are
759 1552 167 56 Crying
958 1552 87 42 and
1079 1552 243 57 Laughing,
1354 1552 216 57 Crowing,
1592 1555 88 40 and

20 1623 74 43 the
137 1623 237 57 Language
426 1624 47 42 of
521 1624 148 42 Facial
712 1624 269 55 Expression
1025 1624 88 42 and
1157 1624 335 42 Gesticulation.
1587 1625 93 41 The

19 1696 311 43 development
361 1696 48 42 of
437 1695 124 43 these
585 1696 201 42 methods
809 1696 48 42 of
886 1696 255 56 expression
1172 1696 36 42 is
1232 1696 257 43 intimately
1511 1701 169 38 related

17 1774 45 37 to
86 1768 74 43 the
185 1768 309 43 development
526 1767 46 43 of
601 1768 159 56 speech
784 1782 167 42 proper.
1016 1768 140 42 There
1178 1768 37 42 is
1240 1782 25 28 a
1292 1768 217 57 language
1531 1769 47 41 in
1603 1769 76 42 the

18 1856 106 27 very
147 1845 124 38 tones
294 1842 47 40 of
361 1841 73 42 the
458 1840 154 43 child's
635 1841 136 42 voice,
793 1841 87 42 and
912 1839 47 44 in
983 1840 75 43 the
1081 1841 256 55 expression
1362 1841 49 43 of
1438 1842 59 42 its
1521 1842 157 43 face—

17 1928 25 28 a
64 1913 214 57 language
310 1913 221 42 inherited
564 1913 146 42 rather
743 1913 109 42 than
886 1913 419 43 acquired—which
1338 1913 37 43 is
1409 1919 269 38 understood

15 1986 59 41 by
99 1985 192 42 mothers
315 1985 86 42 and
423 1999 154 28 nurses
605 1985 110 42 from
740 1999 24 28 a
786 2000 106 41 very
916 1984 120 57 early
1060 1985 149 56 period
1233 1985 45 42 of
1310 1985 75 43 the
1409 1986 155 43 child's
1587 1987 88 43 life.

16 2057 91 43 The
126 2072 117 27 same
258 2057 214 56 language
490 2057 46 41 of
553 2056 121 43 vocal
689 2061 115 46 tone,
818 2057 131 42 facial
965 2057 266 56 expression,
1250 2058 86 42 and
1351 2059 326 55 gesticulation,

17 2128 108 43 used
161 2129 59 55 by
258 2129 75 42 the
377 2134 189 50 parents,
604 2129 38 42 is
682 2129 267 42 understood
992 2129 114 43 from
1150 2144 25 28 a
1219 2130 298 57 wonderfully
1556 2132 121 57 early

15 2201 152 56 period
200 2201 59 56 by
292 2201 75 42 the
400 2201 129 43 child.
594 2201 45 42 It
670 2201 147 52 forms,
849 2201 172 43 indeed,
1055 2202 75 42 the
1167 2203 94 42 first
1294 2217 151 29 means
1479 2204 48 43 of
1555 2219 118 28 com-

15 2273 273 42 munication
312 2274 197 42 between
534 2273 74 43 the
631 2273 146 43 minds
803 2273 49 42 of
879 2279 157 50 parent
1069 2274 87 42 and
1191 2275 145 54 child;
1369 2277 101 51 and,
1492 2276 123 44 later,
1638 2278 36 42 it

13 2345 125 55 plays
169 2360 55 27 an
258 2346 244 56 extremely
524 2346 242 56 important
797 2351 100 51 part
929 2346 46 42 in
1000 2346 74 43 the
1107 2347 236 43 education
1368 2350 47 41 of
1444 2350 76 42 the
1553 2351 120 42 child

12 2423 44 36 to
80 2417 72 42 the
177 2418 350 43 understanding
549 2418 47 42 of
614 2417 157 57 speech
796 2418 205 56 properly
1024 2433 46 28 so
1095 2419 152 44 called.

71 2487 23 44 I
117 2503 182 42 propose
322 2490 47 42 in
394 2490 73 43 the
490 2490 225 56 following
738 2490 114 43 brief
887 2490 155 43 sketch
1066 2496 45 38 to
1135 2505 91 43 say,
1249 2492 46 42 in
1320 2493 74 43 the
1419 2494 96 44 first
1536 2495 136 57 place,

9 2572 25 29 a
57 2559 81 42 few
163 2560 140 43 words
326 2560 134 43 about
482 2561 105 43 each
611 2561 45 42 of
689 2561 122 44 these
834 2561 282 44 inarticulate
1140 2564 204 43 methods
1368 2565 97 43 that
1498 2567 174 44 Nature

7 2630 79 43 lias
118 2632 208 56 provided
362 2634 64 41 for
458 2634 375 57 communicating
865 2634 285 44 information
1175 2640 45 39 to
1255 2637 149 44 others
1436 2640 236 57 regarding

9 2709 135 37 states
167 2705 47 41 of
234 2704 188 57 thought
445 2705 85 43 and
555 2705 171 58 feeling.

440 2862 248 56 Expressive
719 2863 291 43 Inarticulate
1043 2864 179 45 Sounds.

65 2992 53 42 A.
154 2992 247 44 Crying.—
405 2994 251 57 Naturally,
679 2995 75 44 the
786 2996 95 43 first
902 2996 265 57 Expressive
1191 2999 292 44 Inarticulate
1516 3001 152 43 Sound

8 3063 97 43 that
139 3065 152 43 claims
330 3081 80 27 our
444 3068 217 42 attention
701 3068 37 42 is
767 3068 175 57 Crying.
1007 3069 46 42 It
1090 3069 37 43 is
1165 3070 59 56 by
1263 3071 154 56 crying
1455 3073 97 41 that
1589 3073 76 42 the

5 3134 118 44 child
160 3151 249 30 announces
436 3139 57 43 its
525 3139 161 43 arrival
718 3141 46 41 in
799 3140 76 43 the
908 3141 163 54 world;
1103 3141 86 43 and
1223 3142 67 42 for
1322 3143 179 43 months
1534 3150 130 37 after-

1450 3214 33 32 M
