2107 3450
320 293 214 41 APHASIA,
569 293 103 31 ETC.,
704 292 46 31 IN
785 292 219 32 RELATION
1040 293 55 31 TO
1127 293 287 32 FUNCTIONAL
1447 293 258 32 DISORDERS.
1759 282 86 42 401

184 412 240 57 developed
456 414 244 55 gradually,
722 416 112 40 alter
867 427 57 29 ail
958 412 151 43 attack
1147 414 45 41 of
1226 419 213 37 subacute
1474 413 208 43 articular
1714 413 131 43 rheu-

181 484 189 43 matism,
392 484 47 42 in
475 484 74 42 the
584 484 236 56 preceding
853 484 207 56 August;
1093 483 88 43 and
1214 483 86 43 had
1331 484 111 42 been
1464 484 173 56 getting
1668 484 174 57 rapidly

180 569 136 29 worse
339 556 65 42 for
426 570 25 29 a
473 556 215 43 fortnight
711 555 147 44 before
879 556 70 42 his
980 555 250 43 admission.
1295 556 179 42 Almost
1505 555 112 42 from
1651 555 74 43 the
1748 556 97 42 first

181 643 269 43 appearance
472 630 47 41 of
540 628 73 43 the
636 628 170 43 choreic
830 633 287 38 movements,
1141 628 75 42 the
1240 628 171 42 mother
1433 627 87 43 had
1545 628 177 42 noticed
1746 628 98 43 that

180 702 74 42 the
292 700 280 43 articulation
607 714 86 28 was
732 700 239 43 interfered
1013 700 116 42 with.
1199 700 149 43 Along
1384 699 110 43 with
1525 713 107 29 very
1661 700 184 42 marked

181 773 169 44 choreic
373 777 273 37 movements
669 772 44 42 of
736 772 74 42 the
836 787 138 41 upper
997 774 86 41 and
1117 773 135 42 lower
1274 773 146 42 limbs,
1443 772 87 42 and
1564 773 47 41 of
1642 771 74 43 the
1749 772 95 43 face

181 846 85 41 and
306 846 122 49 neck,
465 845 122 43 there
626 860 100 27 was,
765 860 55 27 on
859 845 254 52 admission,
1146 861 46 28 so
1232 846 132 42 much
1401 845 293 43 interference
1735 851 108 34 with

180 917 294 44 articulation,
493 917 98 43 that
614 917 73 43 the
710 918 173 56 patient
900 933 89 28 was
1014 918 66 43 for
1102 933 25 28 a
1150 919 108 43 time
1282 933 159 28 almost
1458 918 149 42 dumb.
1673 917 69 43 On
1767 916 76 43 the

185 990 103 43 14th
313 990 44 42 of
379 990 256 43 December,
654 991 21 42 I
699 991 195 43 dictated
919 991 73 43 the
1015 991 228 43 following
1266 996 102 38 note
1392 1006 46 27 as
1461 996 45 37 to
1525 990 75 43 the
1616 989 227 43 condition

182 1066 44 41 of
257 1064 172 57 speech,
452 1070 106 37 etc.:
590 1069 22 17 "
631 1065 242 43 Breathing
896 1079 56 28 on
976 1065 75 43 the
1075 1065 140 43 whole
1245 1066 37 41 is
1312 1065 184 56 regular,
1519 1065 81 41 but
1634 1077 98 28 now
1756 1063 86 41 and

183 1138 126 55 again
326 1137 261 55 inspiration
603 1138 37 42 is
655 1137 105 57 only
775 1137 279 43 half-drawn,
1070 1152 46 28 or
1129 1138 37 41 it
1180 1138 36 41 is
1233 1142 72 37 too
1322 1137 112 42 fully
1444 1137 164 41 drawn.
1653 1136 190 55 Expres-

183 1211 95 41 sion
302 1210 44 41 of
370 1210 92 42 face
485 1209 37 43 is
545 1209 189 57 dreamy.
793 1209 148 43 When
965 1210 136 42 asked
1123 1210 69 42 his
1216 1224 141 37 name,
1380 1224 100 28 says
1503 1212 9 18 '
1528 1208 120 43 John
1665 1208 7 15 '
1697 1211 146 52 pretty

182 1281 242 56 distinctly,
449 1282 80 42 but
561 1282 123 56 gives
719 1282 68 42 his
822 1296 206 28 surname
1062 1286 9 16 '
1085 1281 171 43 Adam'
1287 1281 48 42 in
1370 1295 24 28 a
1431 1281 200 42 whisper.
1696 1279 150 43 When

182 1352 136 43 asked
340 1352 70 43 his
433 1367 91 42 age,
547 1367 99 28 says
680 1357 9 19 '
706 1353 248 56 ng—nine.'
1017 1354 91 42 The
1147 1353 227 43 following
1408 1354 37 41 is
1479 1368 25 27 a
1536 1353 79 42 list
1637 1354 47 41 of
1704 1366 142 28 words

182 1425 56 42 he
263 1439 86 28 was
372 1425 134 42 asked
532 1435 42 32 to
598 1439 263 41 pronounce,
883 1425 87 43 and
993 1426 44 42 of
1061 1425 75 43 the
1159 1426 164 42 sounds
1346 1426 54 42 he
1425 1425 221 57 produced
1672 1424 174 43 instead

182 1497 48 43 of
263 1497 294 42 them:—For
599 1497 305 57 Guardbridge
942 1498 90 56 (his
1078 1498 147 57 home)
1267 1498 56 42 he
1362 1498 96 42 said
1505 1502 9 16 '
1528 1496 154 58 Ayab.'
1761 1497 86 42 For

183 1569 180 43 Mother
385 1569 54 42 he
462 1569 94 42 said
590 1573 8 17 '
616 1569 131 43 Moo.'
809 1570 85 41 For
926 1570 260 43 Yes—only
1207 1570 153 43 makes
1393 1570 76 42 the
1498 1569 185 43 sibilant
1705 1568 142 44 sound

183 1642 47 42 of
249 1641 39 43 S.
352 1642 84 41 For
459 1641 363 56 Father—opens
845 1641 70 43 his
941 1642 152 42 mouth
1112 1643 88 42 and
1217 1642 231 57 protrudes
1466 1647 126 52 point
1609 1642 48 42 of
1673 1648 172 49 tongue.

186 1715 67 42 On
276 1714 160 42 second
458 1718 191 52 attempt
677 1727 101 29 says
811 1718 9 17 '
838 1713 140 43 Fath'
1010 1715 46 41 in
1091 1729 25 28 a
1138 1715 201 56 whisper,
1363 1715 183 56 turning
1568 1729 61 28 up
1651 1714 69 43 his
1744 1728 103 42 eyes

184 1792 44 37 at
252 1788 74 41 the
349 1800 119 30 same
492 1786 116 43 time.
673 1787 86 42 For
781 1787 351 57 Papa—merely
1150 1802 171 42 presses
1338 1788 69 43 his
1426 1788 85 56 lips
1531 1787 210 57 together,
1760 1787 88 42 and

185 1859 230 56 protrudes
453 1859 135 43 them.
654 1859 68 43 On
760 1860 160 42 second
953 1865 202 51 attempt,
1188 1875 101 29 says
1321 1864 8 19 1
1349 1860 122 43 Pap'
1505 1861 48 41 in
1587 1876 24 26 a
1645 1860 201 43 whisper.

185 1931 249 43 Mama—is
466 1930 282 57 pronounced
781 1931 228 57 correctly,
1032 1932 81 43 but
1144 1932 48 43 in
1226 1947 25 28 a
1276 1932 200 43 whisper.
1540 1933 85 42 For
1655 1932 194 42 From—

184 2019 99 28 says
317 2004 10 23 '
346 2003 199 43 Thumb.'
608 2003 85 44 For
715 2003 286 45 So—merely
1023 2005 141 43 hisses
1187 2005 76 43 the
1286 2005 185 43 sibilant
1494 2005 65 43 S."

245 2076 69 42 On
346 2075 76 43 the
457 2075 108 42 24th
599 2076 44 41 of
676 2075 259 55 December,
968 2077 129 43 when
1130 2077 56 44 he
1221 2092 88 29 was
1342 2078 136 43 asked
1512 2078 68 43 his
1614 2091 142 29 name,
1779 2077 69 43 his

185 2154 159 49 tongue
375 2146 128 43 could
535 2146 52 43 be
616 2146 135 44 heard
776 2148 198 57 working
998 2149 158 43 within
1185 2149 69 43 his
1288 2150 153 42 mouth
1476 2150 66 42 for
1574 2163 120 29 some
1726 2149 123 50 time,

186 2220 124 51 until,
334 2225 108 37 with
465 2219 181 43 evident
667 2219 141 55 effort,
831 2220 54 44 he
907 2228 75 50 got
1005 2226 80 38 out
1116 2225 21 19 "
1157 2221 91 52 on,"
1274 2223 66 42 for
1362 2222 133 43 John.

241 2294 128 41 From
394 2292 88 43 this
507 2292 111 52 date,
641 2292 54 43 he
719 2293 229 56 improved
971 2295 200 56 steadily.
1235 2295 66 43 On
1322 2295 76 43 the
1419 2296 107 42 25th
1542 2295 45 43 of
1608 2295 240 51 February,

184 2363 54 44 he
269 2364 83 43 left
385 2364 74 43 the
493 2364 235 57 Infirmary
750 2365 124 56 quite
910 2366 111 54 well,
1045 2368 89 42 and
1166 2368 98 43 able
1298 2373 44 38 to
1376 2369 136 42 speak
1539 2373 109 38 with
1682 2380 167 43 perfect

186 2451 105 29 ease.

245 2582 119 44 Case
385 2583 80 44 VI.
531 2583 229 55 (Personal
783 2586 312 44 observation.)
1158 2587 44 43 A
1226 2603 88 28 case
1345 2589 51 56 of
1420 2603 170 28 chronic
1621 2602 147 29 chorea
1798 2586 53 44 in

185 2669 58 28 an
264 2655 125 43 adult
410 2657 188 56 showing
620 2657 179 44 troubles
820 2659 52 56 of
895 2660 140 56 speech
1056 2675 99 42 very
1175 2661 178 43 similar
1385 2667 40 38 to
1452 2662 108 42 those
1592 2661 52 43 of
1669 2661 66 42 the
1767 2660 83 42 last

183 2728 251 43 case.—The
459 2730 172 55 patient
654 2745 88 29 was
765 2746 24 28 a
813 2746 115 38 man,
946 2732 110 57 aged
1079 2734 72 43 43,
1171 2734 97 43 who
1292 2749 123 28 came
1438 2739 45 38 to
1506 2748 72 29 me
1601 2748 47 28 as
1671 2747 57 29 an
1750 2739 96 36 out-

184 2801 171 55 patient
387 2801 47 43 in
456 2801 201 58 January
684 2804 126 43 1892.
875 2804 73 44 He
980 2805 39 43 is
1051 2820 26 28 a
1102 2807 286 43 well-known
1418 2807 255 42 inhabitant
1695 2806 45 42 of
1772 2805 76 42 the

186 2871 314 56 Grassmarket,
539 2875 145 43 where
726 2875 70 44 his
839 2877 336 58 extraordinary
1222 2879 117 43 walk
1381 2879 87 43 and
1510 2878 336 58 gesticulations

184 2950 159 38 attract
372 2947 177 55 general
581 2949 230 43 attention.
878 2950 142 57 Many
1054 2966 127 42 years
1215 2967 91 42 ago,
1329 2952 55 42 he
1419 2967 88 27 was
1540 2966 25 28 a
1598 2965 169 28 marine
1799 2949 47 42 in

185 3015 73 44 the
291 3018 139 56 Eoyal
466 3020 141 56 Navy.
686 3022 54 42 In
777 3021 128 48 1872,
934 3023 54 43 he
1026 3038 88 29 was
1147 3024 227 43 invalided
1408 3024 129 43 home
1570 3039 57 27 on
1660 3027 187 39 account

185 3088 47 42 of
260 3103 119 43 ague,
409 3093 256 43 contracted
698 3094 47 42 in
779 3094 74 44 the
877 3095 130 43 West
1041 3096 163 44 Indies.
1269 3096 56 43 In
1361 3096 129 43 1884,
1513 3095 126 42 when
1674 3095 94 42 still
1801 3093 46 45 in

188 3159 73 45 the
299 3162 143 60 Navy,
475 3163 55 44 he
563 3165 138 60 began
739 3171 42 38 to
817 3167 134 43 suffer
991 3168 107 42 from
1133 3168 209 58 epileptic
1376 3169 96 51 fits;
1513 3167 100 43 and,
1645 3181 47 28 as
1725 3166 124 43 these

1590 3230 26 41 3
1640 3240 26 32 E
