2113 3404
866 277 87 30 THE
985 278 242 32 DISORDERS
1258 279 54 32 OF
1343 280 175 33 SPEECH.

369 262 84 41 194

368 392 157 51 mania,
562 393 183 57 nothing
785 394 38 44 is
869 409 117 29 more
1022 410 198 29 common
1256 398 107 42 than
1404 398 87 43 tins
1530 400 232 54 particular
1798 401 106 43 kind
1940 402 46 42 of

368 462 325 44 hallucination.
755 465 90 42 The
872 466 159 55 misery
1053 467 46 41 of
1117 482 130 40 many
1269 481 116 29 cases
1407 469 44 41 of
1477 469 284 43 melancholia
1782 485 136 29 seems
1941 480 44 34 to

368 529 53 43 be
463 531 166 54 greatly
670 531 85 43 due
796 536 44 39 to
882 532 74 43 the
996 534 218 42 incessant
1253 536 271 53 persecution
1566 537 96 41 that
1697 537 73 43 the
1817 539 169 54 patient

369 599 189 42 sustains
582 600 109 41 from
728 600 73 42 the
825 601 150 43 voices.
1037 603 118 54 They
1178 603 162 42 seldom
1377 618 74 39 say
1476 605 144 55 things
1643 605 94 43 that
1764 620 71 29 are
1871 620 114 29 com-

369 669 264 55 plimentary
656 685 47 27 or
732 672 233 54 agreeable.
1028 672 132 43 Often
1192 674 104 55 they
1327 688 113 29 seem
1475 681 42 36 to
1554 676 73 42 the
1659 677 168 54 patient
1858 681 44 37 to
1933 677 53 42 be

369 738 75 43 the
467 740 283 55 whisperings
782 742 47 40 of
856 741 188 42 enemies
1067 742 94 42 who
1193 757 70 27 are
1301 744 204 56 hatching
1538 745 113 54 plots
1684 750 168 51 against
1884 745 99 43 him.

371 809 254 41 Sometimes
645 809 102 55 they
765 809 139 42 sound
926 810 46 41 in
993 824 80 28 one
1095 824 81 37 ear,
1193 813 244 41 sometimes
1458 814 46 40 in
1526 814 127 52 both;
1684 815 245 41 sometimes
1951 816 36 40 it

368 879 38 40 is
429 892 81 28 one
532 879 120 41 voice
673 877 175 55 always,
870 879 119 41 often
1011 879 119 42 there
1153 894 70 28 are
1245 882 188 51 several;
1463 883 96 50 and,
1581 897 154 41 among
1762 884 129 42 them,
1914 885 72 41 the

371 947 142 42 voices
546 948 46 40 of
620 962 100 27 men
742 961 79 28 can
854 948 51 41 be
928 948 317 55 distinguished
1267 950 109 42 from
1408 951 121 42 those
1555 952 44 41 of
1631 967 174 27 women.
1867 954 119 54 They

369 1031 102 41 may
493 1017 139 42 sound
664 1031 46 28 as
741 1018 35 41 if
807 1019 209 54 speaking
1039 1033 101 27 near
1172 1021 73 40 the
1267 1035 81 27 ear,
1370 1034 47 27 or
1442 1021 102 54 they
1569 1036 97 41 may
1694 1023 51 41 be
1777 1023 129 42 heard
1940 1025 45 40 in

370 1088 75 42 the
469 1089 63 40 far
554 1088 206 52 distance,
781 1088 185 56 perhaps
989 1090 46 40 in
1067 1090 179 42 another
1267 1095 194 50 country,
1484 1091 84 42 and
1599 1092 74 42 the
1699 1093 167 55 patient
1887 1108 99 40 may

369 1158 176 55 explain
568 1158 96 42 that
685 1158 104 57 they
811 1159 127 42 reach
960 1159 68 42 his
1050 1173 72 28 ear
1154 1159 56 56 by
1234 1160 72 42 the
1335 1161 228 55 telephone
1585 1176 46 28 or
1662 1176 115 29 some
1804 1164 109 41 form
1944 1165 45 41 of

367 1234 253 50 electricity.

431 1300 295 55 Opprobrious
757 1299 189 56 epithets
978 1314 116 28 seem
1126 1305 44 37 to
1193 1301 64 42 be,
1278 1301 45 41 in
1358 1306 110 38 most
1495 1316 128 29 cases,
1646 1303 72 42 the
1750 1303 163 42 burden
1943 1304 44 41 of

369 1369 119 42 what
508 1370 38 41 is
578 1369 94 42 said
704 1369 56 56 by
784 1370 74 41 the
879 1370 167 52 voices;
1077 1370 79 41 but
1177 1370 45 41 in
1254 1384 116 29 some
1393 1385 116 28 cases
1537 1371 186 56 friendly
1746 1372 139 42 voices
1916 1386 71 28 are

369 1440 147 51 heard,
537 1440 111 42 from
681 1440 104 42 time
817 1444 44 38 to
894 1440 118 51 time,
1034 1440 141 42 which
1206 1455 102 41 may
1329 1441 100 42 take
1460 1455 59 41 up
1547 1441 73 42 the
1643 1441 174 43 defence
1839 1443 46 41 of
1913 1442 72 42 the

367 1514 182 52 patient,
580 1510 85 42 and
697 1511 114 55 deny
843 1511 73 42 the
952 1511 290 42 insinuations
1275 1511 95 42 that
1400 1525 71 28 are
1503 1512 127 54 being
1666 1512 123 41 made
1826 1527 54 26 on
1912 1512 73 42 the

369 1582 125 41 other
525 1581 101 42 side.
689 1581 23 41 I
749 1580 86 42 had
871 1581 146 55 lately,
1048 1582 46 40 in
1130 1581 74 42 the
1240 1581 139 55 Eoyal
1414 1582 253 55 Edinburgh
1704 1582 197 55 Asylum,
1932 1596 56 27 an

368 1652 284 55 opportunity
675 1652 44 41 of
750 1652 254 41 conversing
1028 1651 103 41 with
1154 1665 24 28 a
1199 1652 289 42 middle-aged
1511 1652 280 42 melancholic
1818 1667 168 27 woman

368 1723 97 40 who
493 1736 85 27 was
611 1721 196 42 troubled
841 1722 105 41 with
978 1722 153 42 voices.
1193 1721 84 42 She
1308 1721 85 42 had
1426 1723 105 41 been
1563 1723 152 55 sitting
1745 1723 168 54 quietly
1939 1723 46 41 in

367 1792 75 42 the
478 1806 118 27 room
635 1791 129 42 while
803 1806 62 27 we
901 1806 111 27 were
1044 1791 246 42 examining
1326 1792 122 41 other
1484 1793 200 54 patients,
1715 1793 85 41 and
1840 1793 23 41 I
1901 1793 85 41 had

367 1862 173 42 noticed
574 1862 76 42 her
671 1876 118 40 weep
823 1861 179 43 silently
1031 1862 108 40 from
1174 1862 104 41 time
1305 1865 45 38 to
1384 1862 115 42 time.
1561 1863 22 40 I
1618 1862 131 42 asked
1782 1863 75 41 her
1889 1876 94 41 pre-

366 1933 146 42 sently
536 1937 43 37 to
602 1931 79 43 tell
715 1946 69 28 me
808 1932 98 55 why
930 1932 75 42 she
1039 1932 74 41 did
1147 1946 56 27 so.
1266 1932 84 42 She
1385 1932 91 42 told
1510 1947 67 27 me
1606 1932 94 42 that
1732 1933 36 41 it
1791 1947 85 27 was
1910 1933 73 42 the

366 2003 155 42 voices,
539 2017 24 28 a
584 2002 135 42 man's
740 2002 86 42 and
848 2017 24 27 a
896 2001 211 43 woman's,
1126 2002 141 41 which
1289 2016 117 28 came
1429 2006 44 37 to
1495 2003 86 41 her,
1603 2003 243 41 sometimes
1874 2003 108 41 from

366 2072 74 41 the
475 2086 150 28 corner
658 2072 44 41 of
736 2071 73 42 the
843 2085 130 28 room,
995 2071 84 41 and
1113 2071 245 42 sometimes
1389 2071 111 42 from
1539 2072 73 41 the
1646 2071 190 42 window.
1899 2071 84 42 She

365 2142 238 56 proceeded
638 2146 43 36 to
704 2141 78 42 tell
804 2156 80 26 me,
906 2141 106 41 with
1034 2146 119 50 great
1176 2140 237 43 frankness,
1436 2141 116 42 what
1578 2141 102 42 they
1703 2155 108 28 were
1832 2141 151 55 saying

365 2211 87 42 and
474 2211 271 41 insinuating
766 2216 132 36 about
919 2210 101 42 her;
1051 2210 86 42 and
1161 2210 124 42 when
1308 2211 22 41 I
1360 2210 85 41 had
1477 2209 130 42 heard
1633 2224 25 27 a
1680 2209 114 42 little
1815 2209 43 42 of
1891 2210 46 51 it,
1961 2210 21 40 I

366 2296 87 27 was
475 2286 77 37 not
573 2281 219 42 surprised
815 2281 96 41 that
932 2281 76 41 she
1030 2294 86 28 was
1139 2280 159 56 feeling
1323 2280 234 55 aggrieved.

426 2353 35 40 2.
504 2352 84 41 The
634 2350 359 55 Word-Speaking
1029 2350 328 42 Centre.This,
1387 2364 47 28 as
1474 2349 174 55 already
1685 2348 228 52 indicated,
1949 2349 36 41 is

365 2423 75 41 the
473 2426 140 37 motor
644 2435 145 28 centre
822 2421 109 40 from
955 2421 140 40 which
1118 2420 43 42 in
1189 2419 431 55 speech-production
1641 2432 69 28 are
1733 2418 251 55 discharged

365 2493 74 40 the
463 2496 139 37 motor
623 2490 209 56 impulses
856 2490 94 41 that
968 2504 96 40 pass
1092 2489 127 42 along
1238 2489 71 42 the
1331 2488 153 55 speech
1508 2493 109 36 tract
1640 2493 42 36 to
1701 2488 71 41 the
1795 2488 187 41 medulla

364 2562 243 55 oblongata,
629 2561 85 41 and
738 2561 153 41 thence
913 2564 43 37 to
980 2559 72 42 the
1075 2573 151 27 organs
1249 2560 46 39 of
1313 2558 235 55 phonation
1570 2558 85 41 and
1672 2557 89 41 oral
1782 2557 198 42 articula-

364 2633 105 43 tion.
530 2631 250 54 Keserving,
804 2630 64 41 for
900 2630 143 41 future
1077 2628 325 42 consideration,
1424 2628 72 41 the
1530 2641 116 28 more
1679 2627 185 42 detailed
1898 2627 84 42 dis-

363 2716 173 29 cussion
568 2701 46 42 of
643 2700 74 43 the
745 2699 310 56 physiological
1088 2698 86 42 and
1205 2697 257 43 anatomical
1484 2697 301 55 relationships
1819 2697 45 41 of
1894 2696 87 41 this

363 2787 159 28 centre,
545 2772 22 41 I
591 2785 98 27 may
712 2770 100 42 here
845 2770 80 41 ask
946 2769 74 42 the
1058 2768 180 43 reader's
1273 2768 214 42 attention
1510 2768 66 41 for
1608 2781 25 28 a
1666 2771 192 37 moment
1880 2770 42 37 to
1956 2779 25 28 a

360 2857 107 41 very
493 2842 241 42 important
767 2839 247 43 conclusion
1049 2838 229 54 regarding
1301 2838 71 41 the
1397 2837 196 42 function
1627 2837 44 42 of
1704 2836 86 42 this
1824 2840 157 45 centre,

361 2913 85 42 and
474 2913 47 42 of
552 2912 74 41 the
650 2924 137 29 motor
809 2914 166 38 centres
996 2909 233 56 generally,
1251 2908 96 42 that
1374 2908 77 41 has
1474 2921 96 28 now
1592 2907 107 42 been
1733 2905 168 42 arrived
1934 2912 45 34 at

357 2985 60 55 by
450 2981 319 58 physiologists.
831 2980 89 42 The
963 2979 249 43 conclusion
1249 2978 36 42 is
1319 2978 96 41 that
1447 2977 120 43 these
1602 2981 165 38 centres
1800 2988 69 29 are
1903 2978 76 37 not

358 3054 154 57 purely
544 3067 163 29 motor;
742 3051 80 43 but
853 3065 83 28 are,
968 3050 46 42 in
1047 3051 97 41 fact,
1176 3063 46 28 as
1260 3047 460 57 Hughlings-Jackson
1753 3042 225 58 suggested
