1817 3171
337 238 87 42 152

784 249 93 31 THE
899 249 342 33 CYNOCEPHALI.

333 389 110 46 gray
462 373 194 56 Gibbon,
683 373 150 46 which
856 374 38 46 is
918 380 46 40 at
989 380 178 55 present
1186 372 202 48 confined
1410 374 48 46 in
1476 380 78 39 the
1579 388 121 32 same

334 451 146 61 cage.”

401 529 98 45 The
513 535 155 39 native
686 543 190 46 country
892 527 51 47 of
957 528 91 45 this
1066 528 199 60 monkey
1289 528 37 44 is
1350 534 79 54 yet
1453 534 247 39 somewhat

334 605 265 53 uncertain;
641 606 83 44 but
753 605 78 45 the
860 606 98 45 best
989 604 266 46 authorities
1289 604 151 45 record
1470 603 36 45 it
1541 619 48 30 as
1623 605 78 43 the

335 681 170 46 islands
529 681 50 46 of
593 682 78 45 the
696 681 166 46 Indian
886 681 310 61 Archipelago.

399 833 135 46 With
558 834 92 45 this
677 850 165 29 species
867 849 69 30 we
959 850 113 29 close
1096 834 126 45 what
1246 850 93 29 was
1363 833 260 46 mentioned
1655 849 47 29 as

334 911 80 45 the
437 910 96 46 first
558 910 190 46 division
773 909 50 46 of
844 911 79 44 the
948 911 219 53 Baboons,
1203 912 90 44 and
1320 926 125 30 enter
1475 926 120 45 upon
1626 911 77 44 the

337 994 305 39 second—the
671 987 300 60 Cynocephali
993 985 47 47 of
1059 987 178 45 Cuvier.
1296 988 161 52 These,
1473 987 230 62 according

335 1071 48 39 to
406 1071 79 39 the
508 1079 249 31 researches
777 1063 49 47 of
840 1063 78 45 the
935 1064 180 45 brother
1133 1062 49 46 of
1197 1064 91 44 this
1306 1070 123 54 gi’eat
1446 1063 256 54 naturalist,

338 1141 164 46 consist
526 1140 51 47 of
592 1156 107 46 only
724 1157 69 29 six
817 1156 181 45 species,
1024 1140 150 46 which
1198 1155 73 30 are
1287 1155 132 30 again
1438 1140 268 46 subdivided

337 1217 96 47 into
457 1225 91 39 two
573 1233 110 45 very
706 1218 182 44 natural
912 1216 203 46 sections.
1170 1217 97 45 The
1291 1231 97 39 one,
1415 1216 113 45 with
1552 1232 27 30 a
1603 1232 104 30 con-

338 1294 216 46 siderable
577 1294 156 46 length
770 1293 50 47 of
846 1294 113 54 tail;
997 1301 80 38 the
1101 1300 140 48 other,
1274 1294 115 45 with
1422 1301 79 39 the
1530 1296 176 44 muzzle

339 1372 185 45 swollen
547 1386 120 30 upon
690 1377 78 38 the
793 1371 130 53 sides,
958 1371 90 45 and
1074 1371 48 45 in
1152 1377 79 39 the
1266 1372 150 45 adults
1443 1371 145 45 raised
1610 1371 96 46 into

339 1448 204 45 coloured
577 1447 159 61 ridges^
773 1448 137 45 while
940 1455 79 38 the
1054 1448 82 45 tail
1159 1448 37 45 is
1235 1463 27 30 a
1289 1449 197 45 tubercle
1516 1448 192 46 finished

338 1525 63 60 by
431 1540 27 29 a
485 1531 92 38 tuft
602 1524 50 45 of
671 1525 135 53 hairs,
833 1525 89 45 and
953 1540 155 30 stands
1146 1541 132 38 erect,
1311 1524 253 62 appearing,
1596 1524 111 46 from

340 1607 79 39 the
442 1601 193 61 position
658 1600 50 45 of
723 1607 78 38 the
823 1617 178 45 coccyx,
1021 1617 49 29 as
1094 1600 42 46 if
1149 1602 156 59 placed
1328 1617 119 45 upon
1471 1602 78 44 the
1572 1602 137 44 lower

339 1683 101 55 part
464 1676 50 47 of
528 1678 78 44 the
630 1678 113 45 back
766 1677 132 45 itself

406 1754 98 45 The
533 1754 299 60 Cynocephali
856 1769 73 30 are
960 1754 61 45 all
1055 1753 50 46 of
1129 1755 120 44 large
1285 1754 104 54 size,
1419 1754 90 45 and
1545 1754 163 45 indeed

341 1831 164 45 exceed
527 1837 102 39 that
654 1830 50 45 of
734 1846 92 45 any
851 1830 49 46 of
915 1837 77 38 the
1016 1831 340 59 quadrumanse,
1394 1829 42 47 if
1459 1846 68 30 we
1551 1838 157 53 except

340 1914 79 38 the
464 1908 129 45 adult
639 1914 355 54 orang-outang;
1036 1908 118 44 their
1192 1914 275 54 proportions
1508 1907 201 45 combine

342 1984 202 45 strength
561 1984 89 45 and
665 1984 206 60 activity,
890 1985 89 44 and
994 1984 117 45 their
1133 1984 330 61 physiognomy
1481 1983 229 46 fierceness

342 2061 114 44 with
475 2061 280 60 intelligence
773 2077 12 37 ;
812 2061 135 45 while
965 2061 119 45 their
1107 2061 283 45 dispositions
1409 2077 73 29 are
1501 2076 44 30 so
1562 2060 145 55 fickle,

342 2152 47 30 or
416 2153 47 29 so
491 2137 142 60 easily
657 2136 331 46 affected—the
1016 2137 239 46 transition
1284 2136 111 47 fi-om
1424 2153 81 30 one
1534 2136 177 62 passion

341 2220 47 38 to
428 2214 186 44 another
650 2213 36 45 is
726 2228 46 30 so
811 2213 141 61 rapid,
994 2215 102 44 that
1132 2221 113 53 they
1282 2230 73 29 are
1394 2230 137 29 never
1566 2220 46 39 to
1656 2214 54 44 be

344 2290 329 44 trusted—and
690 2296 78 38 the
785 2306 264 45 paroxysms
1068 2290 51 47 of
1132 2291 117 45 their
1270 2307 101 29 rage
1390 2306 73 30 are
1487 2290 225 46 described

343 2367 64 60 by
425 2366 52 45 F.
503 2366 165 46 Cuvier
690 2371 45 41 to
759 2368 54 44 be
838 2383 45 29 so
906 2374 139 54 great,
1072 2374 101 39 that
1193 2383 119 30 some
1335 2368 115 44 have
1465 2366 134 45 fallen
1617 2365 93 46 vic-

343 2449 108 39 tims
469 2449 46 39 to
529 2449 78 39 the
622 2458 334 45 consequences.
1016 2445 120 45 That
1152 2444 208 45 zoologist
1374 2443 154 45 thinks
1545 2442 102 45 that
1663 2442 48 45 in

345 2520 92 44 this
470 2535 137 46 group
637 2526 78 39 the
750 2527 145 39 active
928 2520 167 46 animal
1127 2520 198 62 passions
1360 2535 73 30 ai*e
1468 2518 243 62 developed
