1933 3302
683 132 295 42 Complicationen
1003 137 59 31 des
1088 138 326 44 Hospitalbrandes.J

236 129 53 39 48

234 237 108 38 einer
361 238 157 39 Wunde
548 253 49 25 an
626 239 305 52 Hospitalbrand
961 244 167 39 dieselbe
1157 246 62 38 für
1248 248 154 39 weitere
1423 249 179 40 ßecidive
1637 252 202 40 disponire.

235 289 126 40 Schon
394 292 62 38 bei
486 292 259 52 Brugmans
776 296 102 38 lesen
910 298 80 45 wir,
1023 298 87 37 dass
1140 299 60 37 ein
1231 300 179 40 Kranker
1440 304 35 45 5,
1507 305 23 37 6
1559 305 77 38 und
1671 306 170 41 mehrere

234 344 104 39 Male
369 346 70 37 auf
466 347 72 37 den
556 348 103 50 Weg
690 350 66 37 der
786 349 208 51 Genesung
1023 351 189 51 gebracht
1240 355 153 38 werden
1423 357 77 37 und
1530 358 173 39 dennoch
1723 361 118 38 durch

235 401 97 36 stets
354 399 82 38 sich
458 403 219 37 erneuende
700 402 203 39 Rückfalle
925 404 152 38 endlich
1098 419 46 23 zu
1165 405 153 40 Grunde
1339 409 125 50 gehen
1484 410 137 40 könne.
1654 412 188 40 Hennen

234 452 71 38 sah
346 453 73 37 den
457 453 310 51 Hospitalbrand
800 457 130 37 13mal
968 470 49 25 an
1056 458 201 40 derselben
1288 461 153 39 Wunde
1471 464 235 39 recidiviren.
1764 467 76 38 Be-

235 506 161 38 sonders
426 507 234 40 interessant
690 509 84 38 sind
805 510 205 49 Marmy's
1040 510 212 52 Angaben:
1291 515 93 44 „Die
1416 516 189 50 Beispiele
1635 531 75 25 von
1731 521 21 35 2
1785 521 56 37 bis

237 560 24 37 3
283 560 210 40 Recidiven
515 564 69 36 auf
602 563 203 38 derselben
827 563 155 39 Wunde
1003 565 85 37 sind
1109 566 107 38 nicht
1236 568 133 38 selten.
1429 569 70 39 Bei
1520 571 66 38 der
1606 571 238 40 Aufhebuno-

235 613 66 39 des
332 613 203 52 Hospitals
572 617 40 37 in
651 616 174 50 Canlidje
868 617 78 47 (15.
987 618 94 38 Juni
1114 620 116 46 18.56)
1267 621 127 39 haben
1431 623 71 38 wir
1539 625 111 37 einen
1687 639 156 26 unserer

234 667 291 41 Verwundeten
556 671 182 45 evacuirt,
770 671 136 37 dessen
932 671 154 39 Wunde
1120 695 45 5 —
1198 674 186 49 einfache,
1415 677 272 39 unerhebliche
1717 679 125 39 Haut-

234 722 274 40 schussfurche
539 738 138 24 aussen
710 738 62 24 am
802 725 195 51 Ellbogen
1032 748 45 4 —
1107 727 235 51 wenigstens
1374 731 131 37 20mal
1534 745 87 25 vom
1641 732 201 50 Hospital-

235 776 124 38 brand
390 778 182 50 ergriffen
602 779 143 37 wurde.
804 779 112 37 Doch
954 780 142 37 befand
1136 781 82 37 sich
1246 781 155 41 Patient
1430 784 107 38 nicht
1565 785 173 40 schlecht
1766 788 77 37 und

234 829 52 39 ist
314 844 47 25 zu
390 831 144 47 hoffen,
573 832 87 38 dass
700 833 67 37 der
799 832 182 39 Wechsel
1010 833 124 39 seines
1166 834 250 41 Aufenthalts
1446 838 195 39 definitive
1671 839 173 52 Heilung

234 884 169 51 bringen
443 888 163 36 werde."
670 885 114 39 Auch
825 886 172 38 Heine
1041 887 68 38 sah
1153 888 108 38 Fälle
1305 889 72 38 mit
1415 892 276 51 5—ßmaligen
1731 893 111 38 Reci-

235 938 135 46 diven;
415 939 82 38 ihm
540 940 132 38 schien
717 940 61 38 die
815 940 220 39 Krankheit
1071 942 71 37 mit
1174 942 131 50 jedem
1342 957 125 25 neuen
1497 945 204 39 Auftreten
1735 947 107 38 hart-

235 993 188 50 näckiger
451 1007 47 24 zu
519 994 166 38 werden.
745 994 75 38 Ein
841 994 114 39 Theil
984 995 67 38 der
1071 995 186 39 Kranken
1288 997 106 50 erlag
1414 998 73 38 den
1507 999 217 38 Recidiven.
1774 1000 70 38 Bei

235 1060 170 25 anderen
441 1047 136 39 Fällen
615 1049 91 37 kam
745 1062 39 24 es
822 1048 63 38 nie
924 1063 46 23 zu
1008 1049 105 38 einer
1151 1050 170 51 völligen
1352 1051 220 52 Reinigung
1602 1053 66 38 der
1697 1067 148 36 ganzen

236 1101 167 38 Wunde.
463 1101 131 39 Wenn
624 1102 63 38 ein
716 1102 114 38 Theil
859 1103 83 38 sich
971 1103 195 51 gereinigt
1194 1103 119 47 hatte,
1346 1118 41 25 so
1418 1106 153 50 begann
1601 1107 59 37 die
1688 1107 155 37 Krank-

235 1155 84 38 heit
340 1170 49 23 an
410 1156 106 38 einer
537 1157 170 38 anderen
727 1156 138 46 Stelle;
897 1157 107 38 hatte
1027 1158 102 37 diese
1151 1157 80 38 sich
1252 1159 203 49 gereinigt,
1487 1173 41 25 so
1554 1161 131 37 wurde
1705 1174 140 25 wieder

235 1210 87 38 eine
353 1210 141 38 andere
525 1210 119 38 Stelle
674 1224 76 25 von
780 1211 68 38 der
877 1211 221 38 Krankheit
1127 1212 181 50 ergriffen
1338 1226 35 24 u.
1396 1227 29 23 s.
1447 1214 26 37 f.

549 1382 39 40 J.
635 1382 366 50 Complicationen
1029 1383 72 40 des
1131 1384 395 40 Hospitalbrandes.

371 1480 406 52 Begreiflicherweise
821 1480 69 38 hat
932 1495 90 23 man
1051 1481 63 38 bei
1145 1482 74 37 den
1248 1481 243 39 zahlreichen
1516 1482 326 39 Hospitalbrand-

236 1535 193 38 kranken,
462 1535 145 38 welche
636 1535 239 38 namentlich
894 1534 39 38 in
954 1535 177 38 früherer
1151 1535 85 38 Zeit
1257 1536 58 37 die
1337 1535 335 51 Kriegslazarethe
1693 1537 149 46 füllten,

236 1588 258 52 Gelegenheit
522 1589 158 51 gehabt,
711 1589 61 39 die
801 1589 338 39 verschiedensten
1160 1589 328 39 Complicationen
1508 1591 160 37 anderer
1688 1590 155 38 Krank-

235 1643 132 39 heiten
405 1643 72 39 mit
515 1644 88 38 dem
640 1643 309 38 Hospitalbrand
987 1658 46 23 zu
1062 1643 254 38 beobachten.
1385 1643 85 38 Wh*
1503 1644 128 38 finden
1661 1647 183 35 zunächst

237 1698 62 37 die
330 1697 335 39 Complicationen
702 1698 71 37 mit
809 1698 161 38 inneren
1006 1697 469 39 Infectionskrankheiteu
1509 1711 98 38 ganz
1635 1698 208 38 besonders

236 1752 323 52 berücksichtigt.

369 1806 223 39 Delpech
630 1806 70 38 sah
739 1806 74 38 den
842 1805 308 39 Hospitalbrand
1187 1805 40 38 in
1257 1805 329 38 verschiedenster
1614 1805 131 38 Weise
1775 1808 69 35 mit

236 1861 163 50 Typhus
429 1860 225 39 combinirt;
695 1873 41 25 er
765 1860 238 38 coustatirte,
1036 1860 86 37 dass
1153 1859 103 38 diese
1285 1859 140 38 beiden
1453 1858 265 39 Krankheiten
1747 1872 97 37 ganz

236 1916 257 50 unabhängig
523 1914 261 39 voneinander
811 1914 209 38 verlaufen.
1061 1914 250 37 Erkrankten
1326 1912 367 50 Hospitalbrandige
1715 1916 129 46 später

236 1984 65 24 am
331 1969 171 51 Typhus,
545 1982 42 25 so
618 1969 145 38 konnte
794 1969 67 38 der
890 1968 306 38 Hospitalbrand
1234 1967 121 38 durch
1384 1967 60 37 die
1475 1966 159 38 örtliche
1664 1966 179 38 Behand-

236 2025 97 38 lung
362 2024 292 38 verschwinden
683 2023 79 37 und
783 2023 60 37 die
864 2022 155 38 Wunde
1049 2022 103 38 blieb
1179 2021 184 38 während
1388 2021 65 37 des
1474 2033 148 38 ganzen
1642 2020 201 38 Verlaufes

237 2080 68 37 des
345 2078 161 51 Typhus
544 2080 82 49 gut.
694 2076 114 38 Auch
845 2077 70 37 auf
947 2077 74 37 den
1051 2076 165 37 Verlauf
1254 2075 65 37 des
1350 2074 157 50 Typhus
1544 2074 123 44 hatte,
1709 2074 48 37 da
1785 2086 58 25 wo

239 2134 110 37 beide
380 2132 272 38 Krankheiten
688 2132 127 37 neben
856 2131 182 38 einander
1078 2129 229 39 bestanden,
1348 2128 58 38 die
1438 2127 76 39 Cur
1548 2128 66 37 des
1642 2127 200 49 Hospital-

240 2188 165 38 brandes
434 2187 143 38 keinen
605 2185 183 40 Einfluss.

370 2241 226 38 Delpech
625 2239 222 39 beschreibt
885 2238 98 38 auch
1013 2236 320 40 Combinationen
1371 2235 71 38 mit
1471 2235 155 38 Gallen-
1656 2235 77 37 und
1763 2234 79 37 Ka-

237 2296 311 38 tarrhalfiebern.
608 2294 101 38 Wer
718 2294 114 38 neck
872 2292 192 40 berichtet
1093 2292 94 37 über
1217 2289 329 51 Complicationen
1580 2291 69 35 mit
1678 2288 164 45 Masern,

237 2350 224 39 Scharlach,
494 2349 179 38 Blattern
702 2351 90 35 etc.;
825 2346 249 39 Schönlein
1105 2346 92 37 über
1227 2345 128 37 solche
1391 2345 72 36 mit
1483 2342 358 49 Petechialtyphus;

238 2419 34 24 V,
305 2404 140 39 Pitha
474 2404 70 38 sah
575 2403 60 38 die
657 2402 271 39 Combination
959 2413 103 25 einer
1083 2399 182 39 Cholera-
1297 2397 70 39 mit
1397 2410 103 26 einer
1520 2395 322 51 Hospitalbrand-

239 2459 202 50 epidemie.
501 2457 87 38 Wir
617 2457 130 37 finden
776 2456 40 38 in
846 2469 124 25 seiner
999 2453 139 39 Arbeit
1177 2452 203 39 detaillirte
1410 2449 434 52 Krankengeschichten

241 2516 70 35 mit
340 2512 381 39 Sectionsberichten
749 2524 76 24 von
853 2510 218 38 Patienten,
1103 2507 142 39 welche
1275 2506 123 38 dieser
1423 2503 337 51 Doppelinfection
1782 2516 60 25 er-

238 2568 116 38 legen
383 2567 98 39 sind.

371 2620 181 41 Vielfach
605 2632 157 25 wurden
807 2617 328 39 Complicationen
1185 2617 70 35 mit
1305 2609 376 52 Rachendiphtherie
1724 2610 118 38 beob-

239 2680 142 35 achtet.
439 2673 250 41 Namentlich
728 2672 52 38 ist
815 2686 40 24 es
890 2671 158 38 Heine,
1085 2682 166 25 welcher
1285 2667 62 38 bei
1382 2667 86 37 dem
1504 2664 338 39 Nebeneinander-

238 2731 189 39 bestehen
471 2743 105 25 einer
620 2725 397 41 Rachendiphtherie-
1060 2723 77 39 und
1181 2718 528 53 Hospitalbrand-Epidemie
1746 2717 97 38 viele

240 2784 458 52 Doppelerkrankungen
740 2781 124 37 dieser
898 2779 75 39 Art
1015 2778 89 39 sah;
1148 2776 120 38 leider
1304 2779 197 33 verführte
1544 2772 65 38 ihn
1651 2771 89 45 dies,
1784 2771 59 38 die

238 2839 190 40 Identität
457 2838 68 38 der
563 2833 381 42 Rachendiphtherie
984 2835 71 35 mit
1085 2832 87 37 dem
1200 2827 304 51 Hospitalbrand
1532 2826 39 38 in
1601 2824 243 51 energischer

241 2894 132 38 Weise
417 2906 46 24 zu
499 2905 235 25 verfechten.
801 2888 72 38 Bei
910 2887 101 38 allen
1050 2886 129 38 diesen
1218 2881 327 51 Complicationen
1582 2881 70 36 mit
1686 2878 157 38 inneren

240 2947 270 39 Krankheiten
538 2944 160 40 handelt
727 2956 40 25 es
797 2955 81 25 sich
909 2941 118 39 daher
1055 2953 73 25 nur
1157 2952 63 24 um
1251 2950 61 25 ein
1338 2931 504 43 Nebeneinanderbestehen
