2107 3450
1662 279 83 45 139

320 296 387 35 DEVELOPMKNTAL
740 293 289 33 BRADYLALIA
1065 293 93 31 AND
1192 293 299 31 LOGORIUHEA.

81 420 49 42 of
159 419 177 57 Lalling
372 415 287 62 (Stammeln)
694 416 38 42 is
756 415 85 43 clue
865 419 43 39 to
943 418 121 38 want
1086 413 47 43 of
1151 413 219 56 precision
1403 413 46 41 in
1483 413 76 43 the
1593 413 148 42 action

78 491 49 41 of
158 491 73 42 the
271 489 103 44 Oral
406 488 294 43 Articulative
733 486 290 43 Mechanism.
1089 485 54 41 In
1178 483 75 43 the
1287 482 171 43 normal
1491 482 132 53 child,
1648 483 90 42 this

77 569 119 36 want
230 564 47 41 of
307 561 216 57 precision
557 564 119 38 must
708 560 53 42 be
794 557 244 44 attributed
1072 562 44 37 to
1147 555 272 44 insufficient
1441 555 215 56 practice;
1689 555 46 41 in

77 634 75 42 the
190 633 201 43 imbecile
427 631 135 44 adult,
586 636 44 38 to
664 635 119 38 want
816 631 48 41 of
895 630 74 43 the
1002 628 285 57 intelligence
1320 626 202 57 required
1558 627 66 41 for
1658 626 76 43 the

76 710 232 38 education
332 704 47 42 of
398 704 73 42 the
495 703 372 56 Speech-centres.

135 778 84 40 For
240 777 74 42 the
338 776 298 43 examination
660 775 48 43 of
726 789 25 28 a
773 789 98 29 case
904 775 47 42 of
971 774 298 43 Stammering
1292 772 74 43 the
1391 776 87 39 test
1501 785 232 30 sentences

72 848 132 56 given
237 848 46 42 in
306 862 108 42 page
441 847 66 45 17,
530 847 87 43 and
640 848 46 42 in
709 847 76 43 the
818 847 197 42 footnote
1048 851 45 38 to
1116 846 98 43 that
1246 859 121 43 page,
1391 843 93 43 will
1507 844 52 43 be
1593 843 139 44 found

72 924 46 38 to
139 920 54 42 be
217 920 154 43 useful.
435 921 85 41 For
553 920 75 42 the
661 919 302 43 examination
995 919 47 42 of
1061 934 25 28 a
1119 933 96 29 case
1239 918 47 43 of
1304 917 187 57 Lalling,
1515 916 75 43 the
1623 920 108 43 test-

72 996 228 39 sentences
322 992 205 43 attached
545 996 44 39 to
607 992 75 43 the
700 991 325 58 Physiological
1043 991 228 43 Alphabet
1293 991 47 42 of
1353 990 73 43 the
1446 988 284 56 frontispiece

72 1079 72 28 are
167 1064 73 43 the
268 1069 112 39 most
401 1065 200 43 suitable.
667 1065 46 42 It
735 1065 37 42 is
794 1064 92 43 also
910 1064 114 43 well,
1046 1064 46 42 in
1118 1064 165 42 testing
1305 1077 25 28 a
1353 1077 98 29 case
1474 1062 47 42 of
1541 1060 188 51 Lalling,

72 1141 45 37 to
140 1137 103 43 take
266 1137 74 43 the
364 1142 266 38 consonants
653 1137 45 42 of
716 1136 74 44 the
813 1136 210 43 alphabet
1056 1151 82 28 one
1160 1136 60 55 by
1250 1150 95 37 one,
1368 1134 88 43 and
1479 1138 44 38 to
1547 1147 184 29 observe

72 1208 97 42 how
193 1209 106 42 each
322 1209 37 43 is
377 1209 295 56 pronounced,
694 1214 77 38 not
795 1208 105 43 only
918 1223 46 28 as
987 1223 56 28 an
1066 1208 161 42 initial,
1242 1209 81 41 but
1346 1221 129 29 when
1495 1220 234 42 occurring

75 1286 46 35 at
151 1279 75 43 the
249 1280 166 43 middle
438 1295 47 28 or
519 1281 75 43 the
627 1280 85 43 end
735 1281 45 41 of
801 1295 25 27 a
861 1280 129 42 word.
1055 1279 119 43 Thus
1199 1286 108 35 with
1343 1278 75 43 the
1450 1278 131 43 letter
1611 1278 35 41 P
1668 1276 65 43 let

71 1351 75 43 the
166 1352 171 55 patient
355 1367 250 41 pronounce
627 1353 80 42 Pa,
723 1352 105 42 then
852 1367 68 41 ap,
939 1351 87 43 and
1049 1351 105 43 then
1173 1366 145 41 appa;
1349 1350 87 42 and
1454 1364 47 29 so
1526 1349 108 42 with
1657 1349 76 42 the

73 1422 157 44 others.
295 1424 95 42 The
422 1424 152 42 reader
606 1438 101 27 may
740 1423 112 42 have
886 1422 227 43 remarked
1146 1422 99 42 that
1279 1422 21 40 I
1334 1421 113 43 have
1480 1421 256 56 frequently

69 1493 126 42 made
234 1508 76 27 use
347 1494 47 41 of
428 1494 74 42 the
539 1493 222 44 numerals
804 1508 47 28 as
885 1498 87 38 test
1006 1493 141 43 words
1178 1492 48 43 in
1258 1491 231 44 recording
1523 1492 77 43 the
1632 1506 99 42 pro-

67 1566 258 42 nunciation
349 1566 47 42 of
413 1565 157 58 lalling
593 1569 209 53 patients.

385 1722 343 57 Developmental
749 1723 265 56 Bradylalia
1037 1723 91 42 and
1153 1722 260 44 Logorrhcea.

124 1855 252 56 Bradylalia
411 1855 228 56 (slowness
671 1856 49 43 of
750 1855 189 58 Speech)
976 1856 39 43 is
1048 1870 24 28 a
1102 1855 227 43 condition
1353 1855 146 44 which
1533 1855 197 57 displays

62 1926 125 43 itself
207 1927 231 56 normally,
462 1932 44 38 to
539 1942 25 28 a
585 1933 173 51 greater
781 1942 47 28 or
859 1928 86 43 less
975 1933 167 37 extent,
1165 1928 46 41 in
1235 1942 132 42 every
1390 1927 183 57 healthy
1597 1928 132 52 child,

63 1999 159 56 during
260 1999 74 42 the
373 1999 156 44 earlier
566 2005 143 52 stages
744 2000 45 42 of
833 2000 59 43 its
931 2014 197 42 progress
1167 2000 47 42 in
1260 1999 468 57 Speech-production.

65 2069 172 58 Speech
272 2071 37 43 is
345 2086 46 28 as
425 2077 78 51 yet
540 2071 199 44 difficult,
775 2072 88 43 and
901 2072 75 43 the
1011 2072 222 56 difficulty
1265 2073 178 42 betrays
1476 2073 126 42 itself
1625 2073 45 42 in
1705 2088 25 28 a

61 2143 170 42 certain
275 2142 288 43 deliberation
617 2144 44 41 of
713 2149 239 37 utterance.
1032 2144 92 42 The
1177 2158 120 28 same
1351 2144 291 43 deliberation
1689 2145 39 43 is

61 2214 233 57 displayed
332 2215 307 56 permanently
679 2216 45 42 in
768 2216 75 43 the
887 2215 159 44 speech
1091 2217 47 41 of
1177 2231 25 27 a
1243 2217 170 42 certain
1450 2217 190 43 number
1682 2217 46 43 of

62 2286 236 43 imbeciles.
362 2288 122 41 Even
519 2302 119 29 some
671 2288 147 43 adults
851 2288 98 43 who
987 2303 71 28 are
1094 2294 78 36 not
1206 2288 215 44 imbecile,
1460 2289 82 42 but
1579 2303 148 30 whose

61 2358 169 43 mental
262 2359 249 56 operations
545 2374 71 29 are
648 2359 248 58 habitually
928 2360 249 56 performed
1202 2360 108 42 with
1343 2361 279 56 exceptional
1651 2362 73 44 de-

59 2429 248 52 liberation,
330 2430 174 57 display
528 2431 44 43 it.
638 2431 172 44 Speech
842 2433 46 41 in
923 2432 124 43 these
1076 2432 38 43 is
1149 2432 107 43 slow
1290 2433 86 42 and
1411 2435 120 41 often
1556 2439 166 39 scanty.

59 2501 122 58 They
203 2517 73 29 are
298 2506 22 18 "
334 2517 99 29 men
459 2503 47 43 of
535 2504 84 42 few
643 2504 178 54 words,"
844 2504 85 43 and
964 2505 123 43 these
1114 2504 85 44 few
1232 2519 72 29 are
1337 2505 166 58 always
1536 2506 187 45 deliber-

58 2574 84 42 ate!
152 2589 24 27 v
200 2582 194 36 emitted.

114 2647 91 42 The
241 2649 199 54 opposite
474 2649 241 53 condition,
749 2650 97 43 that
882 2652 47 41 of
962 2649 281 59 Logorrhcea,
1276 2651 36 43 is
1346 2652 91 43 also
1466 2652 254 58 frequently

53 2724 92 37 met
183 2720 107 42 with
328 2721 45 42 in
412 2722 125 43 those
576 2724 46 41 of
656 2723 125 43 weak
819 2723 136 43 mind,
995 2738 47 28 or
1078 2728 46 38 at
1160 2724 113 43 least
1310 2725 45 42 of
1393 2726 126 42 weak
1551 2727 169 42 mental

54 2789 250 46 inhibition.
369 2794 139 44 These
548 2809 73 29 are
664 2795 75 43 the
778 2795 255 44 chatterers,
1072 2797 98 42 who
1208 2811 91 43 say,
1342 2798 47 42 in
1432 2813 109 42 very
1584 2813 136 42 many

52 2863 156 51 words,
239 2863 117 45 little
388 2867 98 42 that
517 2868 37 42 is
587 2868 139 42 worth
760 2867 213 58 listening
1005 2874 55 38 to.
1128 2867 150 46 When
1307 2870 75 44 the
1408 2871 140 43 words
1571 2872 147 42 crowd

52 2948 119 43 upon
214 2936 106 43 each
360 2938 124 43 other
526 2954 47 28 so
618 2941 131 42 much
792 2955 47 29 as
883 2946 44 38 to
969 2942 210 43 interfere
1223 2943 110 42 with
1372 2943 116 44 their
1529 2944 189 43 distinct

49 3007 295 54 articulation,
368 3010 73 43 the
464 3013 226 42 condition
710 3013 79 43 has
812 3014 253 43 sometimes
1088 3014 108 43 been
1224 3015 142 43 called
1389 3019 22 19 "
1427 3015 288 58 Cluttering."

50 3078 54 42 In
138 3078 68 44 hi3
239 3080 241 46 admirable
513 3084 121 43 work
667 3099 57 28 on
762 3085 83 42 The
877 3085 206 44 Neuroses
1108 3086 51 56 of
1183 3086 308 56 Development,
1513 3087 201 56 recently

48 3149 248 56 published,
319 3153 66 43 Dr
407 3152 214 46 Clouston
642 3156 217 44 describes
882 3170 25 28 a
930 3171 97 29 case
1049 3157 48 42 of
1117 3156 88 43 this
1228 3156 121 43 kind.
1414 3157 91 43 The
1528 3158 183 56 patient,
