1933 3302
355 120 273 42 Besänftigende,
653 117 206 33 alterirende
885 116 66 31 und
977 114 259 33 desinficirende
1261 113 118 32 Mittel.

1622 112 51 40 65

68 232 122 39 selbst
227 244 69 25 vor
333 231 87 37 dem
451 227 211 39 Gliiheisen
701 226 74 38 den
805 223 170 39 Vorzug.
1035 221 74 38 Die
1148 221 186 38 trockene
1367 220 95 38 Luft
1491 220 184 38 trocknet

69 288 73 36 den
164 284 142 39 Schorf
323 285 61 37 ein
405 283 76 37 und
504 282 184 36 darunter
710 278 205 40 entstehen
941 278 95 49 gute
1059 274 326 46 Granulationen;
1417 274 94 38 tiefe
1535 273 138 52 Gänge

70 340 158 37 wurden
258 351 142 25 vorher
429 338 216 48 gespalten.

71 490 191 39 Oertliclie
290 487 143 39 Mittel,
474 485 143 38 welche
645 484 121 38 theils
796 481 288 49 besänftigend,
1126 480 120 38 theils
1285 479 229 46 alterirend,
1553 479 121 39 theils

73 552 265 42 desinficirend
356 551 151 39 wirken
536 549 151 44 sollten,
715 548 138 49 jedoch
872 548 110 37 nicht
1003 546 57 38 als
1082 544 226 40 Aetzmittel
1335 544 53 39 im
1417 547 259 37 eigentlichen

614 614 113 38 Sinne
756 613 183 50 applicirt
966 611 170 39 wurden.

205 714 118 38 Gross
360 713 50 36 ist
448 711 59 37 die
537 710 152 38 Anzahl
726 723 76 25 von
846 707 311 40 Umschlägen
1197 706 89 37 und
1326 705 350 39 Kataplasmen,

74 771 123 37 denen
219 781 90 24 man
330 779 84 25 eine
435 764 225 50 specifische
683 763 199 49 Wirkung
904 761 215 39 zuschrieb,
1151 760 121 38 selbst
1293 759 283 47 Carottenbrei,
1609 760 69 38 der

75 821 152 39 freilich
246 820 98 38 nach
366 818 190 39 Gerson
586 819 40 36 in
646 817 161 38 Brüssel
836 830 131 25 seinen
990 814 158 39 Nutzen
1170 817 203 47 versagte;
1405 813 95 39 auch
1525 813 152 39 Rosen-

74 876 131 50 honig,
236 873 256 39 Chinaabsud,
524 871 278 39 Rautenabsud
832 884 71 25 etc.
927 870 160 37 wurden
1108 868 235 50 angewandt
1365 890 46 4 —
1434 868 244 38 italienische

76 929 149 39 Mittel,
266 941 73 24 von
378 928 122 36 denen
533 926 59 37 die
624 925 204 38 Gebrüder
858 923 203 39 Wenzel
1090 922 213 39 berichten.
1362 922 111 38 Dazu
1503 927 177 45 gehören

77 984 97 38 auch
204 982 224 38 Fodere's
457 979 282 38 Kataplasmen
774 992 76 24 von
878 977 263 39 Brennesseln
1178 977 78 37 und
1294 976 213 45 Kochsalz,
1547 976 132 38 ferner

78 1038 60 38 die
167 1034 279 40 Kataplasmen
476 1047 67 24 aus
574 1032 232 38 Hafermehl
835 1033 77 37 und
943 1031 219 38 Seewasser
1193 1031 67 38 des
1289 1030 68 38 Dr.
1381 1029 205 46 Stokoe;
1619 1031 61 38 die

78 1105 75 24 von
184 1089 168 38 Curtis
390 1089 39 36 in
468 1087 136 38 Indien
642 1089 284 35 angewandten
966 1085 194 38 Kräuter-
1191 1085 78 37 und
1299 1084 379 48 Reiskataplasmen,

79 1145 61 37 die
169 1141 432 52 Hopfenkataplasmen
639 1141 65 37 des
742 1140 70 38 Dr.
844 1138 258 39 Hammick
1147 1139 39 37 in
1224 1138 234 50 Plymouth;
1504 1139 61 37 die
1604 1152 77 24 von

79 1197 213 39 Kamillen,
335 1196 139 37 rothen
518 1195 129 37 Rosen
688 1207 71 25 etc.
800 1207 71 25 etc.
935 1193 46 38 In
1023 1206 100 38 ganz
1167 1193 256 38 besonderem
1464 1192 83 38 Ruf
1586 1206 94 25 aber

80 1252 163 38 standen
271 1250 159 37 längere
453 1249 86 37 Zeit
569 1249 59 37 die
658 1248 226 50 gährenden
906 1248 292 49 Kataplasmen,
1231 1261 31 23 z.
1284 1246 45 38 B.
1353 1261 75 23 von
1458 1248 222 49 gährender

82 1305 278 49 Weizenpasta
402 1301 242 51 (Hennen)
694 1303 92 37 oder
824 1315 75 24 von
934 1301 183 38 Bierhefe
1158 1300 335 50 (Neudörfer).
1553 1300 128 39 Schon

82 1358 226 38 Delpech
345 1358 79 37 und
462 1356 246 50 Gillespie
746 1358 267 35 überzeugten
1051 1355 78 38 sich
1171 1368 74 25 von
1284 1355 68 37 der
1387 1354 295 51 Nutzlosigkeit

83 1412 217 38 derselben,
332 1411 60 37 die
423 1412 143 47 später,
596 1409 237 38 namentlich
855 1423 73 24 von
948 1409 235 38 Nelaton,
1214 1409 99 37 noch
1345 1409 142 37 einmal
1517 1409 163 37 hervor-

84 1479 178 37 gehoben
283 1478 107 23 wird.
423 1463 187 39 Dennoch
629 1463 167 38 tauchen
813 1464 104 36 diese
934 1463 225 50 gährenden
1172 1463 281 49 Kataplasmen
1469 1476 213 25 wiederum

86 1520 103 37 1863
226 1519 79 37 und
343 1519 38 36 in
419 1518 68 37 der
514 1517 122 38 Folge
674 1517 54 37 im
766 1518 336 36 amerikanischen
1134 1516 146 38 Kriege
1319 1516 56 38 als
1410 1516 132 38 Mittel
1578 1517 104 37 beim

84 1572 305 49 Hospitalbrand
421 1570 82 46 auf,
534 1571 210 37 allerdings
775 1570 224 38 wesentlich
1028 1585 73 23 nur
1130 1570 63 38 für
1224 1571 60 37 die
1314 1569 370 52 Nachbehandlung

85 1626 98 38 nach
221 1626 67 37 der
318 1625 192 37 Aetzung.
569 1624 88 37 Wir
693 1625 130 37 finden
860 1625 131 37 ferner
1029 1625 263 37 anregende
1332 1624 159 38 Mittel
1528 1625 40 37 in
1597 1625 85 37 An-

85 1693 194 36 wendung
316 1678 207 50 gebracht,
566 1678 185 37 zunächst
789 1679 269 49 weingeistige
1089 1677 251 51 Umschläge.
1401 1678 283 50 Thompson

88 1732 170 50 empfahl
276 1731 238 39 Umschläge
541 1745 74 24 von
637 1731 251 38 Branntwein
918 1733 77 36 und
1016 1732 236 49 Weinessig,
1286 1731 190 39 Gerson
1505 1732 177 46 örtliche,

88 1800 85 24 zum
205 1799 151 24 vierten
386 1785 114 38 Theil
536 1799 68 24 aus
634 1785 101 38 Rum
773 1786 235 37 bestehende
1040 1786 304 37 Wasserbäder,
1385 1786 98 37 auch
1513 1786 169 38 Fomen-

87 1841 172 36 tationen
288 1840 71 36 mit
387 1840 159 44 reinem,
576 1839 168 38 heissem
763 1839 113 38 Rum.
926 1839 166 38 Payan
1121 1840 70 37 sah
1219 1840 54 36 im
1302 1839 213 50 Hopital
1547 1841 137 37 d'Aix

89 1906 72 25 von
192 1892 489 51 Honigweinumschlägen
719 1894 78 36 und
836 1893 196 38 Demme
1069 1894 40 36 in
1148 1894 73 37 den
1258 1893 270 39 italienischen
1558 1894 125 38 Laza-

88 1946 137 38 rethen
256 1960 89 24 vom
373 1945 179 39 Vinum
582 1947 325 37 aromaticum
937 1947 89 37 sehr
1055 1949 93 49 gute
1178 1947 216 38 Resultate.

218 1999 145 38 Fette
414 1999 120 38 Oele
582 1999 55 38 als
685 2000 128 37 solche
863 2001 186 37 erwiesen
1098 2001 81 37 sich
1226 2001 274 50 wirkungslos.
1569 2001 116 39 Auch

91 2053 237 38 Glycerin
365 2053 139 38 wirkte
543 2053 190 38 durchaus
771 2055 283 48 ungenügend,
1098 2068 71 24 wie
1207 2054 189 38 Bourot
1432 2054 250 38 hervorhebt.

91 2105 263 39 Neudörfer
386 2106 198 49 empfiehlt
612 2106 136 39 Seife
778 2121 86 24 zum
894 2107 220 39 Verbände.

222 2159 174 37 Zucker
426 2154 55 43 als
502 2160 128 37 Mittel
656 2174 128 36 gegen
806 2162 73 36 den
899 2161 307 50 Hospitalbrand
1236 2161 139 48 spielte
1404 2162 53 36 im
1487 2162 196 37 amerika-

92 2212 158 38 nischen
279 2212 145 50 Kriege
455 2214 83 36 eine
570 2213 120 38 Rolle.
740 2214 225 38 Packard
995 2215 128 37 stellte
1155 2215 59 37 die
1245 2214 231 49 Hypothese
1508 2215 77 46 auf,
1617 2216 68 37 der

93 2265 460 49 Hospitalbrandprocess
592 2267 161 37 bedürfe
785 2266 218 39 Sauerstoff
1036 2269 78 36 und
1143 2267 134 38 suchte
1309 2268 159 38 deshalb
1499 2269 76 37 den
1605 2268 79 39 Zu-

93 2320 87 36 tritt
209 2319 201 37 desselben
440 2333 46 23 zu
516 2320 72 36 den
623 2319 182 39 Wunden
837 2321 119 37 durch
990 2321 252 38 reducirende
1278 2320 120 39 Stoffe
1430 2335 46 24 zu
1507 2321 177 39 hindern.

95 2372 55 40 Zu
172 2372 143 37 diesem
332 2371 141 38 Zweck
494 2373 187 37 bedeckte
704 2387 40 23 er
766 2375 59 36 die
845 2374 181 37 Wunden
1048 2375 87 37 dick
1157 2375 70 36 mit
1247 2375 272 48 gepulvertem
1533 2375 153 38 Zucker

96 2425 91 37 oder
206 2425 90 38 liess
317 2425 97 38 auch
437 2425 270 50 Zuckersyrup
737 2426 300 50 hineingiessen.
1082 2427 113 38 Nach
1225 2428 299 49 Kempster's
1555 2429 130 38 Beob-

96 2477 219 50 achtungen
336 2479 106 37 hatte
464 2478 152 38 Zucker
645 2479 141 38 keinen
815 2480 320 51 befriedigenden
1156 2481 151 50 Erfolg,
1339 2482 91 38 weit
1450 2483 236 50 geringeren

97 2544 57 24 als
184 2530 158 38 Säuren.

226 2583 239 39 Baisaraus
496 2585 173 49 copaiv.
702 2586 152 45 wurde,
886 2586 70 38 wie
989 2585 191 40 Gerson
1209 2588 211 38 berichtet,
1459 2589 39 37 in
1527 2589 161 39 Brüssel

97 2636 99 38 ohne
225 2636 176 38 Resultat
430 2642 191 34 versucht.
672 2638 178 38 Tribes
881 2640 175 37 erwähnt
1086 2641 60 38 die
1176 2641 261 51 Anwendung
1467 2655 75 25 von
1565 2642 121 39 Tolu-

97 2689 244 38 Fioraventi-
363 2691 75 37 und
460 2691 442 46 Commandeurbalsam,
934 2693 224 39 Clemens
1189 2695 60 37 die
1276 2708 74 24 von
1377 2695 210 49 Myrrhen-
1610 2697 78 37 und

99 2742 377 50 Weihrauchpulver
496 2746 77 36 und
591 2759 70 24 von
674 2745 344 49 Myrrhentinctur.
1051 2747 170 50 Styrax
1242 2749 131 36 wurde
1392 2762 71 24 von
1483 2748 96 38 Olli
1589 2763 98 25 vier

101 2796 239 48 empfohlen,
386 2797 289 51 vonMarmy
713 2799 92 37 aber
845 2799 59 37 die
944 2798 249 51 Styraxsalbe
1232 2801 123 38 selten
1394 2802 183 38 wirksam
1614 2816 72 38 ge-

100 2848 154 38 funden.
313 2849 55 37 Er
397 2849 102 38 zieht
536 2851 58 37 die
626 2851 284 39 Theersalbe
949 2866 87 34 vor,
1075 2853 146 39 welche
1262 2855 209 37 wiederum
1500 2855 189 39 Bourot

101 2901 62 37 für
191 2902 149 38 nutzlos
371 2902 157 38 erklärt.

166 2967 222 33 RoBcnbach,
408 2968 228 32 Hospitalbrand.
1474 2966 20 33 5
