1972 3202
661 280 91 30 THE
778 281 88 29 RED
889 280 59 32 OiJ
970 281 183 30 ASIATIC
1179 280 388 32 ORANG-OUTANG.

436 271 61 44 74.

435 410 102 41 that
560 405 36 45 it
622 406 150 45 would
804 413 79 38 not
916 422 175 30 remain
1124 422 57 29 on
1214 406 71 45 his
1309 406 223 54 shoulder,,
1556 406 58 44 he
1637 405 105 45 took
1766 405 35 45 it

436 482 95 45 into
554 483 69 44 his
645 483 175 44 mouth.

549 559 133 45 After
700 560 169 44 several
888 566 199 38 abortive
1103 564 219 55 attempts
1336 564 47 40 to
1399 573 149 30 secure
1564 558 97 45 him
1680 573 121 30 more

437 635 273 61 effectually,
734 637 57 43 he
832 651 93 29 was
965 635 191 45 allowed
1189 641 47 39 to
1277 635 185 45 wander
1494 633 141 63 freely
1665 641 137 39 about

438 719 77 37 the
543 713 114 59 ship,
683 713 90 44 and
804 728 103 29 soon
941 714 182 43 became
1156 711 198 46 familiar
1377 710 115 46 with
1520 718 79 38 the
1634 712 167 53 sailors,

439 790 90 43 and
553 790 235 44 surpassed
810 790 125 44 them
960 789 46 44 in
1031 789 173 60 agility.

553 866 130 60 They
707 864 121 46 often
843 866 162 44 chased
1021 866 96 44 him
1136 867 136 43 about
1290 871 78 39 the
1385 864 184 62 rigging,
1587 864 91 45 and
1694 879 111 45 gave

441 942 96 44 him
560 940 206 60 frequent
789 942 321 59 opportunities
1126 941 50 45 of
1192 941 255 61 displaying
1463 942 71 44 his
1559 940 247 45 adroitness

441 1017 47 44 in
511 1032 241 46 managing
784 1033 60 29 an
877 1032 168 30 escape.
1114 1017 71 45 On
1213 1017 96 45 first
1340 1017 204 61 starting,
1570 1017 57 45 he
1655 1017 153 45 would

442 1094 254 44 endeavour
717 1099 46 39 to
787 1092 189 61 outstrip
993 1093 71 44 his
1087 1108 207 44 pursuers
1316 1094 64 59 by
1402 1109 121 30 mere
1548 1093 148 61 speed,
1721 1095 84 43 but

444 1170 133 44 when
612 1170 136 44 much
784 1183 192 47 pressed,
1012 1169 131 45 elude
1177 1169 127 45 them
1337 1171 62 58 by
1431 1169 166 60 seizing
1631 1185 27 29 a
1690 1169 117 45 loose

443 1262 119 45 rope,
583 1247 89 44 and
688 1246 220 61 swinging
924 1252 78 39 out
1022 1245 49 46 of
1086 1247 117 43 their
1220 1246 146 44 reach.
1435 1245 68 46 At
1527 1246 126 45 other
1675 1245 134 45 times

444 1323 57 44 he
518 1323 149 44 would
681 1322 226 62 patiently
925 1322 109 45 wait
1053 1338 55 29 on
1126 1329 78 38 the
1223 1323 200 54 shrouds,
1444 1338 47 30 or
1507 1328 48 39 at
1572 1329 78 38 the
1668 1329 143 38 mast-

444 1400 131 53 head,
600 1399 72 45 till
694 1400 70 44 his
787 1415 207 44 pursuers
1019 1400 161 44 almost
1214 1400 194 44 touched
1441 1400 111 53 him,
1578 1400 90 44 and
1701 1400 108 44 then

447 1476 222 60 suddenly
693 1476 137 45 lower
858 1475 189 46 himself
1069 1483 47 38 to
1146 1477 78 45 the
1248 1476 111 45 deck
1382 1478 62 59 by
1467 1492 92 45 any
1582 1492 103 29 rope
1709 1477 99 44 that

447 1568 93 29 was
564 1568 106 30 near
692 1553 112 53 him,
830 1568 47 30 or
898 1554 153 44 bound
1075 1554 129 60 along
1226 1560 78 38 the
1332 1559 231 55 mainstay
1593 1552 112 46 from
1731 1569 81 29 one

447 1636 118 38 mast
588 1636 46 38 to
657 1636 78 38 the
759 1636 139 47 other,
920 1630 220 60 swinging
1161 1631 62 59 by
1241 1630 69 44 his
1333 1630 159 53 hands,
1519 1630 89 44 and
1631 1630 183 60 moving

447 1712 127 38 them
582 1721 82 29 one
679 1721 102 29 over
794 1712 78 38 the
887 1706 138 44 other.
1054 1707 95 43 The
1164 1722 104 28 men
1278 1706 151 45 would
1444 1704 121 47 often
1581 1706 137 44 shake
1735 1706 77 44 the

447 1797 125 45 ropes
595 1784 62 58 by
682 1782 147 44 which
852 1782 57 44 he
933 1798 132 44 clung
1088 1782 113 44 with
1225 1797 46 30 so
1293 1782 136 45 much
1452 1782 216 52 violence,
1694 1797 48 29 as
1766 1788 46 39 to

448 1859 134 44 make
615 1873 72 29 me
716 1857 92 45 fear
837 1858 70 45 his
937 1857 168 62 falling,
1130 1859 84 44 but
1242 1858 21 44 I
1296 1873 104 29 soon
1433 1857 139 45 found
1601 1858 103 44 that
1734 1858 78 44 the

449 1950 149 45 power
632 1934 50 46 of
711 1935 70 44 his
813 1949 192 30 muscles
1040 1935 130 45 could
1202 1941 78 38 not
1313 1936 54 43 be
1398 1934 142 61 easily
1571 1949 242 30 overcome.

449 2012 155 44 When
644 2011 46 44 in
725 2026 27 30 a
784 2011 176 60 playful
993 2012 207 52 humour,
1241 2011 56 45 he
1332 2011 151 45 would
1516 2009 121 47 often
1672 2010 144 61 swing

450 2088 163 44 within
639 2088 298 44 arms-length
961 2088 51 44 of
1030 2089 70 44 his
1131 2104 201 44 pursuer,
1360 2088 89 44 and
1470 2088 168 60 having
1662 2088 152 44 struck

450 2165 96 43 him
570 2163 113 44 with
706 2164 69 44 his
799 2164 135 52 hand,
959 2164 147 44 throw
1128 2163 186 45 himself
1329 2163 111 45 from
1463 2163 110 45 him.

566 2240 174 44 Whilst
764 2240 46 44 in
827 2240 133 52 Java,
981 2240 56 43 he
1061 2240 156 44 lodged
1235 2240 46 43 in
1297 2255 27 29 a
1341 2240 119 59 lai’ge
1475 2238 227 45 tamarind
1719 2245 95 39 tree

452 2331 107 29 near
590 2331 81 44 my
695 2315 226 60 dwelling,
947 2315 89 44 and
1063 2314 168 45 formed
1254 2330 26 29 a
1305 2316 86 44 bed
1418 2316 62 59 by
1504 2315 311 61 intertwining

452 2399 79 39 the
570 2392 132 46 small
739 2393 215 44 branches
988 2392 89 45 and
1110 2392 203 60 covering
1345 2397 127 39 them
1506 2391 114 45 with
1649 2392 164 45 leaves.

454 2469 174 60 During
650 2469 78 45 the
752 2469 106 60 day,
876 2469 57 44 he
957 2469 151 45 would
1123 2469 60 44 lie
1206 2474 113 38 with
1341 2467 71 45 his
1434 2468 116 45 head
1573 2468 240 62 projecting
