1933 3302
1653 180 75 38 103

581 184 142 31 Verlauf
743 183 59 31 der
826 181 468 41 Hospitalbrandepidemien.

143 308 74 24 eleu
245 293 147 38 Jahren
425 292 98 37 1807
555 291 77 37 und
663 290 114 37 1868.
837 288 203 38 Während
1071 287 156 38 Heine
1266 285 460 51 Hospitalbrandkranke

147 347 248 38 behandelte,
446 345 128 38 wurde
624 358 41 24 er
713 357 74 24 von
830 340 406 40 Kachendiphtlieritis
1284 341 180 37 befallen.
1536 339 190 46 Weber,

147 401 163 38 welcher
347 400 131 38 häufig
512 399 86 37 dem
628 397 206 38 Verbände
873 397 67 37 der
969 394 485 49 Hospitalbrandkranken
1494 393 232 46 beiwohnte,

145 455 109 38 erlag
291 455 67 37 der
396 451 270 40 Diphtheritis.
725 450 69 38 Als
831 450 53 37 im
922 448 209 38 folgenden
1161 447 120 38 Jahre
1324 448 67 36 der
1420 447 308 50 Hospitalbrand

145 522 72 24 neu
247 507 186 38 auflebte,
463 506 158 38 wurden
651 506 22 35 2
704 504 147 37 Kinder
881 502 197 38 Simon's
1108 500 121 39 durch
1258 500 261 50 Diphtheritis
1549 500 177 51 hinweg*-

144 562 150 48 geraü't.
343 561 96 37 Hier
468 560 77 37 und
573 559 39 36 in
642 559 73 37 den
744 557 210 50 folgenden
975 555 303 50 Mittheilungen
1307 568 68 24 aus
1397 555 67 37 der
1486 555 135 38 Praxis
1652 568 75 25 von

143 615 201 38 Chelius
383 615 86 37 dem
495 614 193 48 jüngeren
724 612 76 37 und
841 624 69 24 aus
941 610 67 37 der
1037 608 262 38 Innsbrucker
1329 607 135 38 Klinik
1495 607 122 51 (Seite
1648 609 77 37 228

143 669 57 37 bis
221 667 94 38 225)
346 666 179 38 handelte
547 679 39 24 es
607 665 92 46 sich,
732 678 71 25 wie
824 664 118 38 leicht
972 677 47 23 zu
1040 662 130 46 sehen,
1202 676 65 23 um
1288 662 67 37 das
1376 660 348 40 Nebeneinander-

144 722 182 37 bestehen
366 733 105 25 einer
501 719 280 37 Diphtheritis-
813 719 75 37 und
919 730 106 25 einer
1055 716 512 50 Hospitalbrandepidemie.
1625 716 99 38 Eine

142 774 310 38 weitergehende
482 772 178 38 Statistik
689 772 155 38 bezieht
873 771 82 38 sich
984 770 71 38 auf
1079 769 385 50 Erkrankungsfälle
1493 770 41 36 in
1562 769 162 39 Heidel-

142 829 95 37 berg
266 828 76 36 und
373 827 133 37 dessen
539 826 235 50 Umgebung
801 826 40 37 in
871 826 73 37 den
973 824 149 39 Jahren
1150 823 223 38 18G5—68.
1422 821 64 40 Sie
1515 823 208 47 beweisen,

140 882 86 36 dass
256 881 57 37 bis
353 881 101 37 1865
492 881 40 36 in
566 880 239 38 Heidelberg
834 892 128 24 weder
992 877 260 50 Diphtheritis
1291 876 99 39 noch
1418 876 306 40 Hospitalbrand

141 934 229 38 beobachtet
398 947 153 25 wurde;
583 934 86 37 dass
699 934 99 37 dann
830 934 103 37 diese
964 932 138 37 beiden
1124 930 282 47 Krankheiten,
1438 931 165 50 anfangs
1634 944 89 25 ver-

139 988 155 37 einzelt,
336 988 100 37 dann
470 988 38 37 in
547 987 212 38 deutlicher
790 986 254 50 Grruppirung
1073 986 78 37 und
1191 984 151 38 endlich
1372 985 39 37 in
1442 984 282 39 epidemischer

141 1041 239 50 Anhäufung
407 1041 163 49 parallel
604 1041 313 37 nebeneinander
952 1042 207 35 auftraten.
1217 1038 113 38 Auch
1361 1039 124 37 dieses
1515 1039 106 37 kann
1650 1053 73 23 un-

138 1095 167 37 möglich
325 1095 61 37 für
408 1095 109 37 einen
538 1094 150 38 Beweis
711 1095 66 37 der
798 1093 186 38 Identität
1004 1096 143 48 gelten.
1197 1092 100 38 Dass
1327 1092 89 38 sehr
1445 1093 277 38 verschiedene

138 1147 469 39 Infectionskrankheiten
645 1148 120 37 durch
804 1147 197 38 dieselben
1038 1146 217 39 Umstände
1294 1147 231 50 begünstigt
1565 1147 158 37 werden

139 1203 74 36 und
234 1202 201 38 innerhalb
463 1202 201 38 derselben
685 1202 304 38 Zeitabschnitte
1011 1201 81 37 sich
1111 1201 147 37 häufen
1277 1201 167 38 können,
1475 1200 105 38 steht
1601 1200 121 39 durch

139 1256 186 38 vielfache
346 1256 275 50 Erfahrungen
641 1256 88 38 fest,
759 1255 237 38 namentlich
1017 1255 98 38 auch
1134 1255 101 38 nach
1254 1254 289 51 Erfahrungen,
1574 1268 147 25 welche

137 1310 143 49 gerade
309 1310 39 37 in
378 1311 66 37 der
473 1309 198 39 Literatur
702 1310 65 38 des
796 1309 350 50 Hospitalbrandes
1177 1308 296 51 aufgezeichnet
1502 1309 97 40 sind.
1657 1309 63 46 Ja,

138 1363 68 37 wir
235 1364 139 37 wollen
403 1377 115 24 sogar
545 1363 181 38 Heine's
759 1363 138 38 Tafeln
927 1377 69 23 zur
1022 1363 118 37 Hand
1168 1362 178 38 nehmen.
1396 1362 82 38 Aus
1509 1363 114 38 Tafel
1642 1362 79 39 VII

137 1417 153 37 können
327 1418 67 36 wir
431 1420 70 34 mit
538 1417 221 38 demselben
787 1416 126 39 Recht
950 1430 84 24 eine
1072 1416 271 51 gleichzeitige
1373 1416 242 52 Anhäufung
1653 1417 66 39 des

137 1470 199 49 Erysipels
372 1471 78 37 und
488 1472 65 36 des
583 1471 355 37 Puerperalfiebers
974 1471 71 37 mit
1081 1472 86 36 dem
1196 1470 308 50 Hospitalbrand
1543 1471 173 47 ersehen,

136 1523 55 37 als
220 1525 70 36 mit
320 1525 66 37 der
414 1524 271 38 Diphtheritis.
725 1539 35 23 v.
791 1524 148 38 Pitha
968 1525 255 37 beobachtete
1253 1524 271 51 gleichzeitige
1554 1525 164 38 Anhäu-

133 1577 150 48 fungen
303 1591 74 24 von
399 1577 182 38 Cholera-
602 1579 78 36 und
700 1578 624 50 Hospitalbranderkrankungen.
1373 1578 125 38 Fock
1526 1579 194 38 berichtet

134 1631 287 46 ausdrücklich,
464 1632 85 37 dass
584 1632 63 37 bei
683 1632 87 37 dem
799 1632 210 37 Auftreten
1040 1633 65 37 des
1135 1632 351 49 Hospitalbrandes
1515 1632 40 38 in
1584 1632 137 38 Berlin

138 1684 99 38 1856
266 1684 106 38 nicht
402 1685 81 37 blos
503 1685 109 38 Fälle
641 1698 75 24 von
737 1685 271 50 Diphtheritis,
1039 1686 167 38 sondern
1236 1686 98 37 auch
1366 1685 129 39 solche
1517 1699 76 25 von
1614 1686 105 38 Zell-

133 1738 457 48 gewebsentzündungen
634 1739 78 37 und
748 1739 235 38 namentlich
1025 1739 129 38 solche
1192 1753 76 24 von
1306 1739 181 51 Erysipel
1531 1740 80 38 sich
1648 1754 71 37 ge-

133 1790 112 38 häuft
271 1791 135 38 hätten
436 1806 34 23 u.
502 1806 27 24 s.
561 1806 46 23 w.

259 1844 222 39 Betreffend
511 1846 151 37 endlich
692 1847 59 37 die
780 1847 294 49 vergleichende
1105 1847 260 38 anatomische
1397 1847 319 49 Untersuchung,

132 1898 145 37 welche
315 1899 73 37 den
415 1899 258 50 vollgültigen
701 1900 152 38 Beweis
881 1900 65 38 für
976 1901 60 37 die
1066 1899 188 39 Identität
1291 1901 167 51 bringen
1496 1902 90 46 soll,
1627 1916 89 24 ver-

132 1951 110 37 weist
268 1951 126 39 Heine
424 1953 68 37 auf
519 1953 72 37 den
620 1953 584 49 pathologisch-anatomischen
1233 1955 211 38 Abschnitt
1473 1956 128 37 seiner
1629 1955 87 39 Ab-

131 2003 208 51 handlung.
397 2005 112 38 Auch
549 2007 62 37 ich
641 2020 102 24 muss
785 2008 74 37 den
887 2007 122 38 Leser
1047 2008 70 37 auf
1152 2009 131 37 diesen
1314 2009 233 38 verweisen,
1589 2010 47 37 da
1676 2023 40 25 es

131 2057 226 39 unthunlich
387 2060 78 37 und
494 2061 252 47 unpraktisch
769 2061 82 37 sein
872 2061 142 38 dürfte,
1047 2062 83 37 eine
1161 2062 231 38 schwierige
1414 2064 78 36 und
1513 2065 202 37 umständ-

129 2110 98 38 liche
258 2112 129 37 Kritik
422 2126 74 24 von
531 2113 348 52 Untersuchungen
914 2116 239 49 anzufügen,
1195 2130 75 24 von
1307 2116 174 38 welchen
1512 2117 69 37 wir
1616 2117 101 38 nach

130 2165 73 36 den
243 2165 182 49 heutigen
454 2166 326 52 Anforderungen
818 2168 146 38 sichere
1002 2169 167 49 positive
1200 2169 254 38 Aufschlüsse
1494 2170 222 39 überhaupt

130 2217 105 37 nicht
265 2222 189 34 erwarten
483 2221 166 37 können.

498 2334 168 40 Verlauf
692 2337 71 38 der
794 2337 548 41 Hospitalbrandepidemien.

256 2428 97 39 Sehr
383 2430 97 38 viele
509 2431 243 40 Beobachter
782 2435 126 49 geben
938 2449 64 33 an,
1044 2437 85 37 dass
1160 2437 56 39 als
1248 2437 210 39 Vorläufer
1489 2438 105 38 einer
1624 2438 87 38 Ho-

128 2482 428 51 spitalbrandepidemie
595 2486 82 37 eine
707 2487 285 52 Veränderung
1022 2490 67 37 der
1121 2491 56 37 bis
1214 2491 116 38 dahin
1361 2494 71 47 gut
1461 2492 249 49 granuliren-

128 2535 72 37 den
239 2535 180 39 Wunden
459 2552 46 23 zu
546 2539 211 39 bemerken
794 2554 181 37 gewesen
1013 2544 66 36 sei.
1139 2544 73 38 Die
1254 2545 184 37 Wunden
1475 2545 133 50 legten
1651 2546 59 38 die

127 2589 272 48 granulirende
410 2590 311 41 Beschaffenheit
736 2594 59 47 ab,
815 2595 226 39 erschienen
1057 2597 363 39 schleimhautartig
1437 2599 77 37 und
1531 2602 180 35 machten

126 2641 115 49 lange
262 2641 85 39 Zeit
366 2643 188 39 hindurch
574 2646 107 37 nicht
701 2648 73 37 den
793 2648 182 39 leisesten
996 2649 235 40 Fortschritt
1251 2666 66 23 zur
1339 2652 173 49 Heilung
1530 2652 178 50 (Zeiss).

130 2693 58 38 Le
200 2696 153 36 Wando
366 2697 139 50 wsky,
532 2699 164 38 welcher
716 2701 40 37 in
777 2702 72 37 den
870 2702 244 40 Lazarethen
1137 2719 73 24 von
1232 2705 255 38 Weissenfeis
1510 2705 72 37 den
1602 2706 107 38 Aus-

130 2747 120 38 bruch
280 2748 65 37 des
373 2749 346 50 Ilospitalbrandes
749 2758 112 34 unter
882 2756 77 37 400
983 2755 288 41 Verwundeten
1300 2758 268 47 beobachtete,
1601 2760 110 49 giebt

127 2814 59 31 an,
219 2801 85 37 dass
333 2801 243 49 gleichzeitig
605 2807 70 36 mit
704 2808 73 36 den
807 2812 128 34 ersten
964 2812 362 48 ausgesprochenen
1354 2812 137 38 Fällen
1522 2825 74 25 von
1625 2812 85 39 Ho-

127 2853 238 49 spitalbrand
393 2854 76 39 fast
497 2858 72 37 alle
593 2859 180 38 Wunden
801 2863 77 35 und
908 2876 101 23 zwar
1038 2864 39 37 in
1106 2864 53 37 all
1188 2865 73 37 den
1291 2865 312 47 verschiedenen,
1634 2880 77 25 von

128 2906 181 38 einander
338 2910 230 46 getrennten
590 2911 211 39 Gebäuden
831 2915 76 37 und
928 2915 135 38 Zelten
1094 2917 59 37 ein
1184 2918 178 38 unreines
1385 2918 202 38 Aussehen
1618 2920 90 38 dar-

127 2959 126 38 boten.
314 2959 59 46 Ob
405 2961 121 39 dieses
555 2966 158 37 unreine
744 2966 204 39 Aussehen
978 2969 67 37 der
1074 2969 184 39 Wunden
1287 2972 40 36 in
1357 2972 67 37 der
1456 2971 103 39 That
1589 2973 119 39 schon
