1933 3302
661 182 253 32 Vorbereitung
938 189 59 21 zur
1019 178 168 33 Aetzung.

1681 178 50 38 73

124 297 72 35 mit
225 293 67 37 der
321 292 285 45 betreifenden,
644 288 255 50 orpfanischen
934 286 166 39 Materie
1137 291 249 44 erschöpfen,
1423 285 63 39 bei
1527 285 68 38 der
1630 286 100 36 erst-

124 349 222 49 genannten
376 346 75 38 Art
480 346 66 37 der
576 344 248 49 Application
856 340 249 39 energischer
1135 340 78 37 und
1243 340 183 38 sicherer.
1486 337 176 40 Handelt
1691 351 40 25 es

125 401 81 38 sich
234 414 78 24 nun
342 400 92 38 aber
463 412 64 24 um
564 398 60 37 die
653 396 250 50 Application
940 408 74 24 von
1050 392 273 46 Aetzmitteln,
1359 394 72 36 mit
1467 394 120 37 deren
1622 391 109 39 Hilfe

126 455 66 37 das
223 453 167 39 Gewebe
420 453 58 37 bis
509 465 46 24 zu
585 464 106 24 einer
722 450 191 49 gewissen
945 447 111 39 Tiefe
1086 451 165 34 zerstört
1271 447 156 37 werden
1450 447 82 46 soll,
1565 459 40 25 so
1628 446 104 37 kann

126 508 66 38 das
221 521 73 24 nur
323 510 71 34 mit
423 505 252 51 genügender
710 503 218 38 Sicherheit
965 501 240 50 geschehen,
1246 513 111 24 wenn
1395 501 60 37 die
1491 514 87 24 zum
1617 499 115 38 Theil

125 561 90 38 sehr
246 561 137 37 dicken
413 559 329 49 Auflagerungen
773 570 118 24 zuvor
922 556 172 38 entfernt
1122 554 77 38 und
1229 553 74 38 alle
1336 552 137 52 Gänge
1504 554 78 38 und
1603 553 128 38 Hohl-

125 628 133 24 räume
288 614 62 37 für
381 614 59 37 die
470 613 183 47 Aetzung
682 611 200 49 zugängig
912 611 183 49 gemacht
1132 620 168 26 werden.
1361 605 127 39 Schon
1523 607 210 38 Pouteau

127 667 200 39 empfiehlt
363 667 62 37 bei
464 665 373 49 tieferdringendem
875 662 306 51 Hospitalbrand
1222 661 230 50 ausgiebige
1488 660 244 39 Spaltungen

127 722 68 38 der
223 721 163 38 Fascien
416 734 36 23 u.
484 732 28 25 s.
547 732 43 24 w.
633 718 77 37 und
746 718 250 49 Entfernung
1035 729 268 37 gangränöser
1341 713 287 39 Gewebstheile
1663 728 69 24 vor

127 775 67 38 der
224 773 281 39 Cauterisation
537 771 298 39 vorzunehmen.
893 770 211 39 Delpech
1133 769 153 38 machte
1317 769 38 37 in
1387 768 126 38 dieser
1533 767 200 53 Richtung

126 828 183 38 folgende
339 826 90 38 sehr
458 826 256 38 interessante
744 825 345 37 Beobachtungen.
1147 822 204 39 Nachdem
1373 835 40 25 es
1433 821 80 38 ihm
1535 821 198 51 gelungen

126 895 79 23 war
221 883 70 35 mit
308 879 402 51 Essigüberschlägen
727 878 312 38 oberflächliche,
1062 890 176 25 ulceröse
1256 876 168 38 Formen
1443 876 67 37 des
1527 875 206 50 Hospital-

125 935 166 37 brandes
319 948 88 23 zum
436 933 214 38 Erlöschen
679 947 47 23 zu
755 933 183 50 bringen,
975 931 206 39 versuchte
1213 944 40 24 er
1285 930 66 37 das
1381 929 131 38 Mittel
1542 923 99 44 auch
1670 929 64 39 bei

124 993 191 45 pulpösen
343 987 179 38 Formen,
553 987 64 37 bei
646 987 124 37 denen
800 986 93 37 aber
915 986 60 37 die
997 984 121 39 Säure
1140 998 75 24 von
1235 984 206 51 geringem
1461 982 157 39 Nutzen
1640 997 92 33 war,

126 1042 88 37 weil
244 1042 71 38 sie,
352 1041 72 37 wie
456 1054 41 25 er
526 1041 81 37 sich
636 1039 120 39 leicht
785 1042 251 47 überzeugte,
1069 1039 59 37 die
1166 1038 145 38 derben
1341 1037 256 38 Fibrinhäute
1627 1050 108 25 nicht

127 1095 258 49 durchdrang.
442 1093 211 39 Delpech
681 1094 83 36 rieb
802 1093 160 37 deshalb
993 1093 60 37 die
1082 1092 394 38 Fibrinmembranen
1506 1091 71 37 mit
1608 1091 126 38 einem

127 1149 137 38 dicken
294 1147 367 50 Charpie-Tampon
700 1147 65 37 ab,
804 1160 41 24 so
884 1147 86 37 dass
1006 1147 60 37 die
1107 1159 125 38 ganze
1262 1145 144 38 Fläche
1445 1145 166 47 blutete,
1655 1146 77 37 und

127 1202 202 50 applicirte
361 1202 100 37 dann
492 1202 60 37 die
581 1200 358 51 Essigumschläge.
998 1199 99 39 War
1128 1200 61 37 die
1219 1199 207 38 Membran
1456 1199 122 49 völlig
1613 1199 121 38 durch

128 1257 66 37 das
224 1256 198 37 Abreiben
453 1255 183 38 entfernt,
668 1268 41 24 so
739 1257 201 48 genügten
972 1254 104 38 diese
1106 1253 240 39 Umschläge
1368 1267 66 24 um
1456 1253 60 37 die
1537 1252 196 39 Affection

127 1324 86 23 zum
242 1309 230 38 Schwinden
502 1323 45 23 zu
577 1309 177 37 bringen.
814 1307 109 38 Doch
954 1308 208 37 scheiterte
1183 1310 186 35 meistens
1391 1307 61 38 die
1472 1306 262 52 Behandlung

127 1377 50 24 an
203 1364 67 37 der
289 1362 324 50 unzulänglichen
634 1362 248 37 Entfernung
903 1362 68 37 der
991 1361 267 38 Membranen.
1300 1361 149 38 Waren
1469 1361 55 38 sie
1545 1361 189 38 zuweilen

129 1417 99 38 auch
255 1416 119 38 leicht
402 1430 76 24 von
508 1417 67 37 der
608 1415 230 39 Oberfläche
874 1415 288 38 abzuschaben,
1200 1428 41 25 so
1280 1415 156 38 blieben
1475 1415 54 37 sie
1567 1415 97 37 doch
1693 1415 39 37 in

131 1471 191 49 etwaigen
351 1469 304 51 Vertiefungen,
684 1469 216 47 Nieschen,
932 1468 158 51 Spalten
1130 1469 163 38 zurück;
1331 1469 57 37 oft
1417 1469 94 37 aber
1539 1469 96 50 hing
1673 1469 60 38 die

129 1523 203 39 Membran
363 1524 97 37 auch
492 1538 46 23 zu
568 1523 76 38 fest
671 1524 79 37 und
779 1537 81 24 war
889 1537 46 23 zu
966 1523 107 38 zähe,
1105 1523 56 38 als
1192 1524 86 37 dass
1308 1537 91 24 man
1428 1536 54 24 sie
1503 1522 109 38 hätte
1634 1523 98 37 voll-

132 1578 156 37 ständig
328 1578 203 37 entfernen
569 1578 166 36 können.
802 1577 110 37 Doch
957 1577 121 38 selbst
1120 1578 101 37 dann
1267 1577 133 38 wurde
1443 1577 60 37 die
1538 1576 195 39 Aff"ection

129 1631 248 37 beschränkt.
436 1631 177 37 Wurden
641 1631 178 37 indessen
849 1630 99 38 nach
969 1631 67 37 der
1056 1631 299 38 mechanischen
1374 1630 225 50 Reinigung
1619 1631 114 38 keine

130 1687 184 35 weiteren
343 1684 130 38 Mittel
502 1685 233 49 angewandt
763 1685 93 37 oder
886 1685 141 46 solche,
1059 1685 147 38 welche
1235 1685 109 37 nicht
1362 1685 51 37 im
1437 1683 145 39 Stande
1603 1698 131 24 waren

132 1739 66 37 das
229 1737 230 39 Contagium
498 1752 46 23 zu
573 1738 353 50 beeinträchtigen,
965 1752 41 24 so
1042 1739 174 37 konnten
1245 1739 64 37 für
1339 1738 124 38 dieses
1497 1752 99 24 neue
1635 1738 97 38 Ein-

132 1791 281 50 gangspforten
443 1791 222 49 geschaffen
701 1792 156 37 werden
894 1793 78 37 und
1008 1793 67 37 der
1109 1793 141 38 Erfolg
1286 1793 61 37 ein
1385 1792 217 38 schlechter
1637 1793 95 37 sein.

132 1845 94 37 Dies
262 1845 149 37 scheint
444 1845 176 50 Marmy
669 1845 181 38 erfahren
889 1860 46 23 zu
970 1846 139 38 haben.
1168 1846 257 38 Wenigstens
1462 1846 195 38 berichtet
1692 1860 41 24 er

132 1899 62 37 bei
224 1899 132 37 seinen
385 1898 236 39 Versuchen,
654 1899 60 38 die
744 1899 132 38 Häute
908 1900 61 37 bei
1000 1901 66 36 der
1097 1900 190 50 pulpösen
1308 1900 118 37 Form
1447 1914 48 23 zu
1516 1900 216 48 entfernen,

132 1952 235 50 ungünstige
397 1951 211 39 Resultate.

261 2005 112 37 Auch
404 2005 126 38 Groh
569 2006 192 38 entfernte
793 2006 59 38 die
882 2007 378 38 Exsudatschichten
1298 2008 72 37 mit
1410 2008 106 37 einer
1547 2007 186 39 Charpie-

132 2059 121 38 kugel
280 2072 66 24 um
377 2059 99 37 dann
506 2059 71 38 mit
606 2059 148 38 Säuren
784 2074 47 23 zu
861 2063 124 35 ätzen.

262 2126 35 23 V.
328 2112 135 38 Pitha
492 2113 84 50 legt
595 2127 158 36 grossen
777 2113 142 39 Werth
940 2114 153 46 darauf,
1125 2128 70 25 vor
1214 2114 261 39 Anwendung
1497 2115 66 37 des
1583 2114 150 39 Mittels

135 2165 241 38 sämmtliche
418 2166 199 38 Produkte
665 2168 66 36 des
769 2166 351 51 Hospitalbrandes
1163 2182 76 24 von
1285 2169 66 37 der
1389 2167 231 39 Oberfläche
1656 2169 77 37 und

135 2231 68 25 aus
233 2218 100 38 allen
363 2218 187 39 Winkeln
579 2221 79 37 und
687 2220 264 39 Sinuositäten
973 2222 119 37 durch
1115 2222 257 38 Ausspritzen
1393 2222 77 37 und
1491 2221 243 39 Wegreiben

136 2285 44 24 zu
212 2271 212 38 entfernen.
482 2273 55 37 Er
566 2274 238 49 gebrauchte
835 2275 203 49 energisch
1068 2288 134 37 grosse
1232 2275 180 38 Spritzen
1432 2276 78 36 und
1531 2275 201 47 Douchen,

135 2325 59 37 bis
213 2325 65 37 das
295 2324 160 39 Wasser
476 2340 67 23 aus
564 2326 99 38 allen
686 2326 305 39 Wundwinkeln
1011 2329 84 37 rein
1116 2329 122 37 ablief
1254 2329 78 37 und
1347 2329 83 37 rieb
1449 2329 59 37 die
1526 2327 208 40 Schichten

139 2379 65 36 des
235 2378 187 49 pulpösen
451 2379 173 38 Brandes
654 2380 71 37 mit
754 2380 313 50 Charpiekugeln
1098 2382 59 45 ab,
1188 2382 60 38 bis
1279 2382 61 38 ein
1368 2383 84 37 rein
1473 2382 132 38 rother
1626 2383 108 37 stark

136 2431 204 38 blutender
371 2431 132 38 Grund
530 2447 85 23 zum
635 2433 214 38 Vorschein
871 2435 102 37 kam.
1032 2435 94 37 Dies
1149 2435 212 38 erforderte
1383 2436 57 37 oft
1460 2436 60 37 die
1540 2435 192 39 Narkose.

137 2484 85 38 Auf
247 2485 131 37 diesen
409 2484 134 39 Grund
572 2486 201 49 applicirte
805 2500 40 24 er
876 2488 100 37 dann
1006 2489 67 37 das
1102 2488 239 39 Aetzmittel.

266 2537 192 39 Demme
488 2539 104 38 stellt
620 2540 39 36 in
689 2542 122 35 erster
840 2540 110 38 Linie
982 2542 72 37 den
1085 2541 218 39 Grundsatz
1333 2542 83 38 auf,
1448 2543 67 37 der
1545 2543 189 38 örtlichen

140 2590 246 50 Application
419 2592 103 38 eines
549 2593 198 49 jeglichen
776 2593 161 47 Mittels,
969 2595 60 37 die
1061 2595 221 51 Reinigung
1310 2597 79 37 und
1409 2596 236 51 Abtragung
1667 2598 66 36 der

138 2643 207 50 pulpösen,
381 2645 215 50 brandigen
631 2646 155 38 Massen
824 2648 269 50 vorausgehen
1130 2663 46 23 zu
1210 2650 127 37 lassen
1374 2651 79 37 und
1489 2650 60 38 die
1585 2650 147 38 Unter-

139 2697 246 50 minirungen
415 2699 118 38 durch
563 2698 191 50 Spaltung
782 2700 62 37 für
882 2701 161 38 örtliche
1079 2703 299 48 Applicationen
1412 2703 75 38 frei
1523 2717 47 24 zu
1604 2703 128 39 legen.

268 2750 154 38 Ebenso
458 2753 166 50 reinigte
662 2752 196 39 Fischer
900 2755 58 37 die
998 2755 155 38 Wunde
1191 2757 38 36 in
1281 2757 67 37 der
1389 2756 179 38 Narkose
1613 2757 120 38 durch

139 2803 148 38 Reiben
316 2804 71 36 mit
421 2804 328 52 Charpiekugeln,
787 2807 76 36 und
899 2808 203 51 Abtragen
1137 2810 67 37 der
1239 2810 215 37 brandigen
1489 2809 145 38 Fetzen
1664 2814 71 34 mit

141 2857 67 37 der
237 2855 177 39 Scheere.

269 2910 111 37 Auch
419 2910 368 52 Lewandowsky
827 2911 91 40 liess
953 2914 67 38 der
1055 2914 182 40 Aetzung
1271 2915 118 39 solch'
1428 2915 84 38 eine
1553 2930 180 32 .forcirte

141 2961 242 52 Reinigung"
420 2965 276 38 vorausgehen.
