1817 3171
339 302 93 47 164

835 322 92 30 THE
950 321 233 36 H0WLER5.

337 458 29 30 a
388 443 216 63 swelling.
675 446 97 46 The
805 446 195 47 internal
1031 454 221 40 structure
1285 447 51 47 of
1360 447 91 47 this
1484 449 215 54 member,

336 519 48 47 in
406 521 79 45 the
509 522 142 45 Mono
682 522 198 47 Colorado
908 523 51 47 of
983 525 274 54 Humboldt,
1284 524 37 46 is
1344 524 107 46 thus
1475 524 226 47 described

336 596 48 46 in
421 598 71 45 his
531 599 248 62 Zoological
811 600 333 55 Observations,
1180 602 90 45 and
1305 601 94 45 will
1433 617 124 29 serve
1591 617 47 29 as
1674 617 27 29 a

335 675 148 45 model
518 674 65 47 for
619 682 78 40 the
737 677 161 46 others.
1037 679 97 44 The
1173 679 121 60 bony
1330 693 99 30 case
1466 676 50 47 of
1540 684 79 38 the
1653 694 46 29 os

334 750 202 61 hyoides,
561 754 235 45 measured
818 756 63 59 by
905 770 155 39 water,
1084 770 111 46 gave
1219 771 27 29 a
1269 755 90 45 size
1383 754 133 45 equal
1539 760 45 39 to
1603 753 98 46 four

335 828 124 46 cubic
498 829 184 55 inches;
732 831 79 45 the
846 831 165 61 larynx
1049 847 94 30 was
1182 832 186 60 slightly
1398 831 211 45 attached
1640 832 60 60 by

333 907 228 44 muscular
582 906 146 55 fibres,
754 907 90 45 and
871 907 358 47 communicated
1250 909 63 60 by
1335 924 28 30 a
1384 923 314 30 membranous

334 983 142 44 canal.
545 983 98 46 The
680 983 167 62 larynx
882 984 221 46 consisted
1141 983 50 47 of
1222 1000 69 29 six
1320 1000 191 45 pouches
1546 984 50 46 of
1620 991 79 38 ten

333 1058 113 47 lines
469 1059 48 46 in
538 1060 170 61 length,
728 1067 47 40 to
798 1059 112 47 fi'om
944 1067 126 39 three
1097 1067 45 39 to
1165 1060 88 46 five
1270 1061 48 45 in
1333 1061 151 45 depth.
1553 1061 145 46 These

332 1152 193 45 pouches
539 1139 216 44 resemble
772 1145 127 39 those
915 1136 50 48 of
974 1144 78 40 the
1068 1138 132 45 small
1215 1137 231 61 whistling
1462 1138 233 45 monkeys,

334 1213 223 60 squirrels,
582 1215 91 45 and
712 1230 121 31 some
871 1214 135 47 birds.
1089 1216 131 60 They
1258 1215 117 45 have
1415 1230 58 30 an
1509 1214 191 62 opening

333 1305 140 32 above
504 1307 56 30 on
590 1298 78 40 the
700 1308 123 30 same
857 1292 94 46 side
984 1292 115 46 with
1131 1298 104 39 that
1264 1291 50 47 of
1333 1299 78 38 the
1444 1291 167 62 glottis,
1636 1293 63 60 by

333 1367 150 46 which
521 1374 77 40 the
643 1384 67 31 air
754 1375 162 40 cannot
961 1384 127 30 enter
1131 1368 195 46 without
1371 1368 207 61 shutting
1619 1369 79 46 the

333 1444 238 62 epiglottis.
639 1446 159 46 Above
828 1452 80 40 the
941 1446 193 61 pouches
1157 1452 125 39 there
1307 1461 73 30 are
1407 1452 92 39 two
1531 1445 163 55 others,

332 1521 51 47 of
398 1523 148 45 which
569 1523 79 46 the
669 1524 86 60 lips
779 1539 48 31 or
847 1525 178 45 borders
1044 1539 73 30 are
1135 1523 250 62 yellowish.
1454 1525 145 43 These
1623 1539 75 30 are

331 1605 79 40 the
432 1601 256 59 pyi-amidal
720 1617 126 30 sacks
884 1601 148 46 which
1063 1615 126 31 enter
1218 1600 96 46 into
1337 1601 78 45 the
1438 1601 121 60 bony
1583 1616 112 39 case,

332 1677 90 45 and
457 1692 74 31 are
559 1677 171 46 formed
758 1679 63 60 by
842 1693 315 30 membranous
1185 1676 248 62 partitions.
1505 1678 97 44 The
1632 1678 66 44 air

331 1752 38 46 is
406 1753 155 46 driven
594 1754 95 46 into
723 1760 127 40 these
884 1770 140 39 sacks,
1051 1754 149 45 which
1234 1769 74 29 are
1342 1753 113 45 from
1488 1760 127 39 three
1649 1761 47 38 to

331 1829 97 46 four
461 1829 151 47 inches
645 1831 117 61 long,
788 1831 90 46 and
905 1830 240 46 terminate
1175 1830 49 45 in
1246 1845 28 30 a
1295 1829 141 61 point,
1461 1830 83 44 but
1573 1845 123 31 come

330 1906 47 45 in
402 1913 175 40 contact
601 1907 114 46 with
736 1923 57 31 no
808 1913 100 55 part
923 1906 50 47 of
993 1907 77 45 the
1085 1908 119 44 large
1217 1906 141 45 hyoid
1371 1907 114 44 bone
1508 1907 189 61 opening

330 1984 158 45 below.
559 1984 97 46 The
673 1983 102 47 fifth
790 1984 144 61 pouch
948 1984 37 45 is
1008 1983 139 47 found
1170 1984 47 45 in
1241 1990 78 39 the
1343 1997 189 47 opening
1555 1982 49 46 of
1619 1983 77 45 the

331 2062 269 59 arythenoid
623 2061 222 62 cartilage,
864 2062 90 45 and
976 2061 37 46 is
1033 2061 197 45 situated
1245 2062 205 44 between
1464 2066 78 38 the
1559 2075 137 46 pyra-

329 2138 142 45 midal
499 2153 125 31 sacks
656 2137 49 47 of
732 2145 78 38 the
841 2153 122 30 same
995 2137 125 54 form,
1147 2138 83 44 but
1262 2137 196 53 shorter;
1506 2137 88 44 and
1617 2137 77 44 the

331 2214 123 45 sixth
477 2215 144 60 pouch
639 2214 36 46 is
700 2214 169 46 formed
892 2216 61 59 by
977 2215 78 44 the
1078 2216 121 58 bony
1223 2214 131 44 drum
1378 2211 133 55 itself,
1532 2219 161 38 within

331 2290 148 45 which
502 2297 78 38 the
604 2307 121 30 voice
759 2291 199 45 acquires
992 2298 78 37 the
1104 2289 228 47 mournful
1366 2289 88 46 and
1477 2288 215 61 plaintive

329 2372 107 41 tone
489 2368 148 44 which
689 2368 312 45 characterises
1053 2374 125 38 these
1229 2366 269 45 animals.”*
1595 2365 95 46 The

640 2521 22 22 •
693 2521 223 47 Humboldt,
936 2521 102 38 Zool.
1066 2520 149 39 Observ.
1243 2521 33 36 I.
1295 2533 33 35 p.
1354 2520 36 36 9.
