2107 3450
590 300 362 32 CLASSIFICATION
989 298 57 32 OF
1080 298 282 32 LANGUAGES.

1724 287 82 42 1C9

148 436 152 42 guage.
363 423 71 42 He
458 426 194 51 says,—"
668 421 90 42 The
782 419 185 57 English
984 419 215 56 language
1217 432 220 42 possesses
1456 431 24 31 a
1495 432 147 42 power
1658 418 144 42 which

147 494 212 54 probably
384 507 130 28 never
535 492 125 42 stood
683 496 46 38 at
752 491 75 43 the
857 490 233 44 command
1122 489 48 45 of
1199 504 87 42 any
1309 489 126 42 other
1467 489 163 42 nation.
1695 489 107 42 This

146 566 239 55 singularly
410 565 145 54 happy
580 563 308 43 development
911 562 86 42 and
1021 561 226 43 condition
1272 561 78 42 has
1372 561 111 43 been
1507 561 75 42 the
1600 560 140 43 result
1757 562 45 40 of

145 650 54 28 an
223 637 204 41 intimate
457 649 135 28 union
627 634 45 43 of
703 639 87 38 two
822 635 46 42 of
898 634 76 43 the
1008 633 174 43 noblest
1213 633 252 57 languages,
1488 633 76 42 the
1586 633 214 42 Teutonic

143 707 85 41 and
253 707 72 41 the
350 707 220 42 liomance
589 722 10 37 ;
630 706 75 42 the
729 706 159 43 former
910 705 242 57 supplying
1175 705 74 42 the
1272 704 204 43 material
1492 704 308 56 groundwork,

141 777 75 43 the
247 777 143 43 latter,
412 777 75 43 the
520 777 203 56 spiritual
756 777 293 43 conceptions.
1116 778 55 41 In
1204 777 138 42 truth,
1374 776 75 43 the
1483 776 188 57 English
1704 775 94 43 lan-

138 863 151 41 guage,
312 849 155 51 which,
490 849 58 43 by
572 863 56 29 no
651 864 117 28 mere
792 849 212 43 accident,
1028 849 78 43 has
1129 849 222 56 produced
1381 848 87 43 and
1502 862 198 29 upborne
1722 848 76 42 the

140 924 189 54 greatest
352 921 85 42 and
471 927 115 37 most
618 921 310 57 predominant
960 927 104 51 poet
1095 922 48 42 of
1170 921 183 43 modern
1386 921 131 43 times
1553 920 41 57 (I
1627 935 93 29 can,
1754 921 45 41 of

141 1007 161 39 course,
317 993 105 57 only
436 1008 127 29 mean
580 994 332 57 Shakespeare),
923 1009 113 42 may,
1045 999 108 38 with
1168 994 59 43 all
1243 994 190 57 right,be
1449 993 139 43 called
1602 1008 25 28 a
1642 992 156 43 world-

142 1064 225 59 language,
389 1066 99 52 and,
509 1066 92 44 like
633 1066 75 43 the
740 1066 186 57 English
958 1066 168 56 people,
1148 1080 184 42 appears
1355 1066 201 43 destined
1579 1065 220 44 hereafter

141 1142 44 38 to
209 1139 161 55 prevail
397 1139 106 42 with
528 1154 24 27 a
579 1153 120 42 sway
721 1154 119 28 more
873 1139 228 43 extensive
1135 1139 108 42 than
1275 1139 58 43 its
1365 1143 179 52 present
1576 1153 82 28 one
1696 1152 104 28 over

142 1210 60 42 all
240 1212 196 55 portions
471 1212 45 42 of
550 1211 76 43 the
661 1211 137 57 globe.
862 1212 85 42 For
980 1212 47 41 in
1052 1211 174 51 wealth,
1246 1211 112 57 good
1388 1225 137 29 sense,
1549 1211 87 41 and
1659 1224 134 29 close-

142 1297 99 28 ness
264 1283 44 42 of
343 1288 232 38 structure,
598 1298 57 28 no
678 1283 125 43 other
841 1284 48 41 of
922 1283 76 43 the
1035 1283 238 56 languages
1312 1288 46 37 at
1393 1283 89 42 this
1518 1283 85 55 day
1626 1296 169 42 spoken

139 1355 201 43 deserves
363 1361 44 37 to
430 1356 52 42 be
506 1355 231 43 compared
756 1355 108 42 with
887 1355 188 42 it,—not
1089 1369 110 29 even
1217 1369 81 28 our
1314 1369 98 28 own
1429 1355 205 42 German,
1651 1354 144 42 which

138 1426 38 43 is
200 1431 97 38 torn
321 1441 109 29 even
454 1442 46 27 as
524 1442 63 28 we
609 1442 71 28 are
703 1432 111 37 torn,
836 1427 88 42 and
947 1431 119 37 must
1086 1426 67 42 rid
1176 1426 123 42 itself
1314 1427 43 41 of
1380 1427 57 41 its
1456 1426 168 42 defects
1647 1426 148 42 before

138 1498 36 42 it
196 1513 81 27 can
301 1504 123 37 enter
446 1499 94 41 into
564 1499 75 42 the
661 1498 99 43 lists
782 1512 47 28 as
852 1512 25 28 a
898 1498 263 42 competitor
1183 1497 108 42 with
1316 1497 222 56 English."
1557 1497 14 24 1

199 1570 90 42 The
327 1570 110 42 total
468 1571 187 41 number
677 1570 45 42 of
746 1583 139 28 words
907 1568 48 43 in
987 1569 76 42 the
1096 1569 186 56 English
1315 1568 215 58 language
1569 1569 79 43 has
1687 1569 111 43 been

138 1642 222 56 variously
378 1642 244 42 estimated,
638 1656 81 28 one
743 1641 247 43 dictionary
1008 1641 44 42 of
1075 1647 154 50 repute
1252 1641 152 57 giving
1426 1642 174 51 43,566,
1615 1642 185 42 another

139 1714 172 51 58,000,
333 1713 86 43 and
453 1728 24 27 a
509 1713 119 42 third
664 1713 170 46 70,000.
900 1713 44 42 It
978 1713 37 42 is
1050 1713 95 43 said
1180 1713 97 43 that
1300 1728 25 28 a
1346 1714 172 55 perfect
1551 1714 249 56 dictionary

138 1785 145 42 would
305 1785 178 42 include
506 1799 46 28 as
574 1799 135 42 many
732 1799 46 29 as
803 1786 199 42 100,000.
1067 1785 225 43 Professor
1308 1786 169 43 Miiller
1494 1790 197 52 says,—"
1707 1786 91 43 The

139 1857 190 42 Hebrew
367 1857 256 43 Testament
660 1871 99 29 says
792 1857 61 43 all
885 1857 97 43 that
1014 1857 37 43 it
1073 1858 79 42 has
1175 1863 44 37 to
1242 1873 79 28 say
1343 1858 112 43 with
1490 1859 117 43 5642
1645 1859 157 52 words,

139 1927 199 44 Milton's
377 1928 142 42 works
557 1943 73 28 are
668 1928 115 42 built
814 1943 61 41 up
910 1929 107 42 with
1057 1930 129 42 8000,
1219 1929 87 42 and
1345 1929 311 58 Shakespeare,
1701 1931 98 42 who

138 2000 213 56 probably
375 2000 230 56 displayed
628 2015 25 28 a
674 2006 169 50 greater
867 2002 170 42 variety
1060 2002 48 42 of
1127 2002 257 42 expression
1407 2002 108 42 than
1539 2018 88 42 any
1650 2010 149 37 writer

133 2073 47 41 in
204 2087 86 41 any
308 2072 226 56 language,
552 2073 221 55 produced
795 2073 60 42 all
877 2073 69 43 his
968 2073 127 56 plays
1118 2073 109 43 with
1251 2074 136 42 about
1412 2075 157 52 15,000
1596 2074 201 45 words."2

135 2145 91 42 The
249 2159 119 28 same
391 2145 223 55 authority
639 2149 135 39 states
797 2145 98 43 that
917 2160 25 27 a
967 2146 336 43 well-educated
1339 2161 159 41 person
1521 2149 47 40 in
1590 2148 205 43 England

135 2216 168 43 seldom
329 2230 97 29 uses
448 2230 120 29 more
588 2216 107 43 than
720 2217 134 42 about
877 2218 115 42 3000
1017 2232 48 27 or
1086 2217 118 43 4000
1228 2218 47 41 in
1299 2218 147 43 actual
1468 2221 328 53 conversation;

133 2288 89 43 and
251 2288 55 43 he
329 2293 155 52 quotes
507 2303 56 28 an
586 2289 280 43 observation
900 2289 126 43 made
1050 2289 58 56 by
1131 2304 56 27 an
1211 2290 187 56 English
1432 2291 265 57 clergyman,
1719 2293 75 42 Mr

133 2359 213 58 D'Orsey,
368 2361 47 42 in
448 2360 69 44 his
540 2361 140 56 Study
712 2362 51 55 of
788 2362 65 42 the
874 2362 185 55 English
1090 2362 245 55 Language,
1358 2362 99 43 that
1488 2378 121 29 some
1641 2365 46 42 of
1720 2365 75 43 the

130 2433 225 44 labourers
387 2434 47 42 in
467 2433 68 44 his
570 2434 151 56 parish
759 2434 86 42 had
881 2438 79 38 not
993 2434 85 43 300
1115 2434 142 43 words
1286 2435 48 42 in
1365 2435 116 43 their
1514 2437 279 44 vocabulary.

130 2506 106 43 This
259 2506 291 44 observation,
568 2507 74 42 Mr
658 2507 155 42 Farrar
830 2506 184 43 informs
1039 2506 81 43 us,3
1137 2506 79 43 has
1240 2507 111 43 been
1376 2507 162 58 widely
1559 2508 236 45 disputed;

129 2577 80 43 but
233 2577 52 43 he
304 2592 140 29 seems
466 2577 192 44 himself,
676 2579 112 42 from
811 2578 69 43 his
898 2592 98 28 own
1020 2578 316 52 observations,
1354 2578 195 45 inclined
1573 2585 45 38 to
1640 2586 155 51 accept

128 2649 36 43 it
187 2664 45 28 as
256 2650 315 56 substantially
593 2655 176 39 correct.

188 2722 297 55 Alphabetical
506 2723 316 43 Letter-sounds
843 2723 104 42 used
959 2723 51 42 in
1026 2723 213 57 Different
1259 2724 414 55 Languages}—No
1695 2725 96 43 lan-

129 2807 137 42 guage
291 2808 96 29 uses
410 2809 117 29 more
551 2795 106 43 than
676 2810 25 28 a
723 2795 346 57 comparatively
1094 2796 130 43 small
1248 2797 190 42 number
1461 2797 44 42 of
1528 2797 76 44 the
1627 2798 165 43 sounds

177 2913 10 21 1
216 2912 146 44 Quoted
381 2913 51 47 by
452 2914 156 37 Lennox
627 2915 159 37 Browne
804 2915 31 37 &
854 2915 170 47 Bchnke,
1050 2916 115 46 Voice,
1185 2916 106 48 Song,
1311 2916 75 37 and
1404 2917 139 47 Speech,
1563 2930 34 36 p.
1619 2920 57 35 37.

178 2970 14 22 2
219 2971 88 36 Max
330 2973 150 45 Miiller,
499 2987 52 35 op.
572 2975 70 47 cit.,
665 2988 36 36 p.
722 2977 83 36 309.

175 3031 15 23 3
217 3031 167 48 Chapters
402 3046 46 24 on
464 3035 206 48 Language,
690 3049 34 35 p.
747 3040 55 33 52.

173 3094 13 20 4
214 3091 92 36 This
334 3093 144 48 subject
496 3095 30 35 is
546 3096 190 37 discussed
754 3101 39 32 at
812 3097 257 37 considerable
1100 3097 132 49 length
1260 3097 49 48 by
1335 3098 221 49 Kussmaul,
1577 3100 84 37 who
1687 3114 104 35 gives

128 3164 114 35 many
262 3152 106 36 other
386 3152 198 41 examples.

1581 3222 26 30 Y
