2113 3404
827 215 86 31 TUB
945 216 242 33 DISORDERS
1219 220 53 29 OF
1304 220 174 32 SPEECH.

328 202 84 41 338

329 333 45 40 of
393 332 73 42 the
491 332 221 57 following
734 333 202 55 diagram,
960 336 87 55 Fig.
1071 337 39 51 9,
1133 337 138 43 which
1295 339 36 41 is
1363 339 158 55 merely
1555 341 87 55 Fig.
1676 341 26 41 3
1735 343 209 41 repeated,

330 403 105 42 with
460 404 72 42 the
553 404 195 42 addition
773 406 47 40 of
838 406 72 41 the
933 407 148 43 dotted
1105 409 109 41 lines
1237 409 80 41 and
1343 409 160 45 circles.

1096 1244 66 25 Fio.
1173 1245 27 25 9.

395 1315 52 41 In
470 1316 89 56 Fig.
589 1319 37 51 9,
658 1319 62 42 let
753 1321 148 43 L.O.L.
936 1322 83 41 and
1053 1322 147 43 RO.L.
1236 1328 219 36 represent
1487 1323 72 41 the
1593 1323 187 54 primary
1814 1323 138 42 visual

334 1391 167 38 centres
522 1389 45 40 in
591 1390 73 42 the
687 1391 80 42 left
789 1392 84 41 and
896 1393 115 54 right
1034 1394 201 54 occipital
1258 1394 117 41 lobes
1398 1393 298 55 respectively.
1757 1394 41 40 A
1815 1393 134 41 lesion

334 1461 43 37 at
400 1463 34 40 X
461 1459 88 41 will
572 1465 73 37 cut
667 1476 140 28 across
830 1463 72 41 the
926 1463 125 41 fibres
1074 1464 175 54 passing
1277 1463 182 41 forward
1493 1464 105 40 from
1635 1463 118 42 these
1785 1467 165 38 centres

335 1534 43 35 to
401 1529 74 42 the
497 1532 180 54 angular
699 1533 279 42 convolution
1009 1534 44 42 C.
1117 1535 43 40 It
1192 1535 88 41 will
1313 1548 125 28 cause
1472 1533 369 42 word-blindness,
1873 1535 78 40 but

335 1607 75 34 not
451 1602 215 54 agraphia.
753 1605 41 40 It
837 1604 90 41 will
969 1604 88 42 also
1104 1619 126 27 cause
1281 1605 314 54 homonymous
1646 1603 306 51 hemianopsia,

333 1670 193 53 because,
560 1687 45 27 as
635 1674 149 41 shown
818 1675 44 40 in
900 1675 88 55 Fig.
1024 1676 37 40 8,
1096 1675 106 41 such
1239 1689 24 27 a
1295 1675 134 41 lesion
1463 1675 159 40 always
1653 1674 194 41 involves
1879 1675 73 41 the

336 1740 228 43 Radiation
584 1743 44 41 of
645 1744 226 42 Gratiolet.
935 1744 66 42 On
1025 1745 74 41 the
1122 1745 122 41 other
1265 1745 127 41 hand,
1416 1744 262 41 destruction
1697 1745 45 40 of
1761 1745 32 41 C
1813 1745 138 41 would

335 1825 126 28 cause
485 1812 100 41 both
612 1814 360 42 word-blindness
995 1815 84 41 and
1102 1815 217 55 agraphia.
1383 1815 88 40 But
1492 1815 34 40 it
1548 1814 140 41 would
1722 1820 76 35 not
1828 1829 124 27 cause

336 1882 296 55 hemianopsia
674 1884 145 42 unless
861 1884 89 55 (see
992 1885 87 54 Fig.
1125 1885 45 42 8)
1212 1884 73 42 the
1327 1884 135 42 lesion
1505 1884 252 55 penetrated
1799 1885 153 55 deeply

335 1953 169 55 enough
528 1953 92 42 into
644 1954 72 42 the
739 1955 225 41 subjacent
990 1955 127 41 white
1141 1960 155 36 matter
1319 1960 42 36 to
1384 1960 73 36 cut
1473 1968 140 28 across
1633 1955 72 41 the
1722 1954 229 42 Eadiation

336 2024 45 40 of
402 2023 223 44 Gratiolet.

395 2094 315 56 Hemianopsia
731 2095 36 42 is
790 2095 101 42 thus
923 2110 24 27 a
980 2110 103 27 very
1114 2109 196 28 common
1344 2109 370 28 accompaniment
1745 2095 44 41 of
1821 2096 131 41 word-

337 2161 235 43 blindness.
647 2163 250 41 Whenever
940 2162 361 42 word-blindness
1344 2163 36 41 is
1421 2167 184 50 present,
1641 2162 35 41 it
1713 2162 152 42 should
1903 2163 51 41 be

338 2232 154 42 looked
531 2233 73 41 for.
669 2234 43 40 It
749 2247 77 27 can
866 2233 134 42 easily
1038 2233 51 41 be
1126 2233 205 41 detected.
1395 2233 87 41 The
1521 2232 166 55 patient
1717 2232 154 42 should
1903 2233 51 42 be

338 2302 132 42 asked
494 2308 42 36 to
559 2303 99 41 look
681 2303 184 41 steadily
890 2303 90 41 into
1004 2303 72 41 the
1101 2303 257 54 physician's
1388 2316 90 41 eye,
1509 2302 83 41 and
1626 2302 72 41 the
1730 2303 222 55 physician

339 2373 154 41 should
517 2373 101 41 then
644 2373 125 41 make
792 2387 24 26 a
842 2373 223 41 flickering
1098 2377 246 37 movement
1375 2377 102 36 with
1512 2372 72 42 the
1618 2373 151 54 fingers
1801 2373 46 40 of
1873 2387 80 28 one

339 2443 115 41 hand
478 2448 44 36 at
544 2443 72 42 the
640 2444 232 54 periphery
889 2444 44 40 of
955 2443 72 40 the
1052 2442 199 55 patient's
1275 2442 98 41 field
1397 2443 43 40 of
1466 2456 148 27 vision,
1630 2442 83 41 and
1738 2443 122 55 bring
1881 2444 73 41 the

342 2516 165 53 fingers,
525 2514 101 41 thus
649 2514 45 41 in
717 2518 257 46 movement,
991 2513 221 54 gradually
1234 2513 185 40 inwards
1445 2512 181 41 towards
1649 2512 73 42 the
1745 2517 143 38 centre
1913 2516 46 39 of

341 2586 73 40 the
438 2585 99 41 field
560 2586 44 40 of
625 2598 150 27 vision.
840 2584 44 40 If
903 2584 119 41 there
1039 2583 35 43 is
1093 2583 305 54 hemianopsia,
1417 2583 72 42 the
1508 2583 164 55 patient
1690 2583 85 40 will
1796 2588 74 37 not
1886 2598 69 28 see

341 2656 72 41 the
438 2655 174 56 moving
633 2656 156 40 fingers
812 2668 52 26 on
890 2654 72 41 the
985 2653 119 41 blind
1128 2653 90 41 side
1252 2653 111 41 until
1395 2654 102 41 they
1530 2653 108 42 have
1670 2653 179 42 reached
1881 2654 72 42 the

340 2726 162 41 middle
526 2725 45 42 of
590 2725 73 41 the
688 2725 96 41 field
809 2725 43 40 of
874 2738 152 27 vision,
1048 2723 82 41 and
1154 2737 71 27 are
1247 2723 181 42 directly
1460 2724 42 40 in
1539 2723 71 42 the
1642 2724 88 41 line
1763 2724 189 42 between

340 2797 74 41 the
439 2795 258 56 physician's
720 2808 77 28 eye
820 2794 85 41 and
928 2793 65 42 his
1015 2807 106 28 own.
1186 2793 81 40 For
1291 2793 70 40 the
1385 2807 113 27 more
1521 2799 125 35 exact
1668 2793 283 42 demarcation

341 2869 46 41 of
406 2868 74 42 the
504 2866 99 42 field
626 2866 44 41 of
696 2865 139 42 vision
867 2865 45 41 in
947 2864 105 41 such
1083 2877 127 38 cases,
1243 2863 71 41 the
1348 2864 234 41 Perimeter
1614 2877 45 28 or
1692 2865 70 40 the
1786 2862 165 58 Carnpi-

341 2944 137 36 meter
500 2937 154 43 should
676 2937 52 41 be
750 2935 115 43 used.

401 3011 22 42 I
447 3023 94 28 now
564 3007 178 60 proceed
766 3011 43 37 to
831 3020 95 42 give
949 3004 218 58 examples
1189 3005 46 40 of
1254 3004 121 44 these
1396 3008 85 39 two
1504 3004 154 44 classes
1687 3005 45 40 of
1759 3017 127 30 cases,
1910 3004 42 41 in
