2113 3404
436 284 83 42 220

933 304 86 31 THE
1051 305 242 35 DISORDERS
1325 309 52 31 OF
1409 309 174 34 SPEECH.

434 419 140 39 motor
596 425 231 47 apparatus
850 422 44 41 of
915 424 274 43 articulation
1210 426 35 42 is
1274 441 45 28 as
1351 428 129 41 much
1513 428 178 43 affected
1722 444 46 28 as
1791 430 71 42 the
1885 432 161 41 mental

432 492 240 48 apparatus.
737 491 143 47 When
918 493 154 44 looked
1108 500 44 38 at
1185 497 219 56 carefully,
1431 512 60 28 we
1527 512 80 29 see,
1630 500 41 40 in
1707 500 73 42 the
1801 501 92 42 first
1913 515 133 41 place,

432 556 94 42 that
564 558 120 43 there
723 561 36 42 is
797 576 24 27 a
853 564 161 41 certain
1049 572 178 36 amount
1263 568 43 41 of
1343 568 214 52 slowness,
1589 569 337 44 indistinctness,
1959 571 84 42 and

430 626 226 59 hesitancy
679 632 44 40 of
754 634 242 54 speech—a
1029 637 172 53 paresis,
1231 638 44 41 in
1310 638 94 42 fact.
1468 639 132 43 Then,
1622 640 42 42 in
1693 654 115 28 some
1831 654 127 38 cases,
1980 655 62 29 we

430 711 68 29 see
521 699 106 51 that,
645 700 89 43 like
757 703 73 42 the
847 705 172 54 general
1042 707 209 55 paralytic
1268 709 177 54 patient,
1461 710 118 42 there
1595 711 36 41 is
1649 725 24 27 a
1689 711 162 42 certain
1866 716 177 37 amount

430 768 44 42 of
496 771 252 43 convulsive
772 774 229 55 tendency,
1019 789 99 29 seen
1141 777 45 41 in
1203 777 73 42 the
1293 782 158 38 tremor
1467 780 46 41 of
1530 780 75 42 the
1627 781 130 41 labial
1773 781 84 41 and
1880 781 162 55 lingual

432 840 194 43 muscles.
690 842 89 47 The
802 844 94 42 first
918 845 138 42 words
1079 846 47 41 of
1144 860 23 28 a
1190 851 212 39 sentence,
1425 863 45 27 or
1503 849 72 42 the
1606 851 92 41 first
1729 851 202 55 syllables
1954 852 43 41 of
2018 866 25 27 a

429 909 101 55 long
553 911 127 50 word,
702 926 70 27 are
796 913 64 41 far
882 928 117 28 more
1022 915 227 57 distinctly
1271 919 257 41 enunciated
1559 919 102 42 than
1685 920 72 42 the
1789 921 95 50 last,
1905 921 135 42 show-

427 980 75 55 ing
523 994 54 28 an
602 982 135 55 easily
760 983 238 44 exhausted
1021 986 121 42 stock
1166 987 43 41 of
1231 1001 183 29 nervous
1437 990 123 52 force,
1577 1004 46 28 as
1642 991 95 41 well
1758 1005 45 27 as
1825 1005 24 27 a
1870 992 169 54 paresis.

427 1050 120 42 Then
574 1051 122 42 there
720 1053 35 41 is
788 1068 23 27 a
837 1059 114 37 want
983 1056 44 40 of
1059 1057 299 57 coordinating
1389 1073 153 41 power.
1604 1061 87 42 The
1715 1061 135 43 words
1883 1062 157 55 having

426 1133 132 42 many
580 1122 45 41 th
646 1123 160 43 sounds
829 1138 71 28 are
917 1130 77 37 not
1010 1127 197 54 properly
1227 1130 270 50 enunciated,
1512 1145 80 39 e.g.,
1611 1131 72 42 the
1701 1131 165 55 patient
1884 1140 155 33 cannot

426 1205 88 42 say,
538 1193 111 42 'The
672 1196 271 55 astonishing
965 1197 125 56 thing
1111 1198 36 41 is
1170 1198 95 41 that
1286 1199 121 43 those
1429 1200 165 43 thieves
1612 1202 152 41 should
1787 1201 126 42 think
1929 1201 109 42 this.'

424 1262 89 42 The
537 1277 142 41 power
701 1265 44 41 of
766 1266 156 56 rolling
954 1267 73 42 the
1059 1267 55 43 r's
1147 1268 36 42 is
1216 1269 201 43 deficient
1440 1275 78 37 too.
1581 1272 134 42 There
1738 1273 35 41 is
1794 1272 89 42 also
1906 1286 24 27 a
1951 1272 84 42 dis-

424 1333 111 42 tinct
557 1335 215 56 tendency
796 1341 42 37 to
860 1338 229 51 reversion,
1112 1338 46 42 in
1181 1339 73 42 the
1286 1340 290 43 resemblance
1608 1342 45 41 of
1681 1342 104 42 such
1817 1341 153 55 speech
1990 1346 44 37 to

423 1404 96 42 that
540 1406 46 41 of
614 1421 24 27 a
661 1407 117 41 child
800 1407 198 57 learning
1019 1413 44 38 to
1086 1409 141 55 speak.
1291 1410 183 54 Finally,
1501 1412 120 42 there
1649 1426 70 28 are
1741 1413 294 41 well-marked

422 1475 176 55 aphasic
620 1482 240 51 symptoms
896 1479 44 41 in
976 1493 116 28 some
1127 1494 92 28 rare
1254 1494 125 29 cases.
1444 1482 22 41 I
1499 1482 107 42 have
1639 1497 22 27 a
1683 1496 166 28 woman
1872 1497 95 27 now
1988 1484 44 40 in

422 1547 74 41 the
518 1547 139 56 Eoyal
678 1548 256 57 Edinburgh
956 1549 186 43 Asylum
1166 1551 95 41 who
1285 1552 121 41 when
1443 1553 75 41 she
1540 1557 138 37 wants
1713 1558 42 36 to
1777 1567 87 41 say,
1896 1557 9 17 '
1922 1553 109 41 Now

420 1631 86 41 you
526 1619 99 42 take
643 1619 118 52 that,'
779 1634 109 41 says,
908 1621 125 41 'Now
1047 1635 87 41 you
1152 1627 63 36 ter
1232 1625 64 39 ter
1312 1623 123 41 ter.'"
1487 1621 140 45 There
1645 1638 67 28 are
1731 1624 100 42 thus
1849 1625 185 41 features

419 1689 47 41 in
484 1689 135 43 senile
637 1690 154 55 speech
812 1691 140 40 which
970 1691 132 42 relate
1125 1691 35 42 it
1182 1695 44 38 to
1244 1692 72 42 the
1334 1693 153 55 speech
1510 1694 45 40 of
1573 1694 169 54 general
1760 1694 208 54 paralysis
1991 1695 46 41 of

419 1759 74 42 the
515 1759 151 44 insane
685 1776 9 37 ;
725 1761 79 41 but
827 1761 118 42 there
968 1761 36 42 is
1026 1767 76 36 not
1124 1776 53 26 on
1202 1762 86 41 this
1317 1768 182 37 account
1527 1764 128 41 much
1677 1764 89 41 risk
1788 1764 46 40 of
1852 1778 114 27 error
1988 1764 43 40 in

419 1830 226 56 diagnosis.
710 1831 185 43 General
913 1831 209 55 paralysis
1139 1832 36 42 is
1191 1846 104 42 very
1312 1847 91 28 rare
1420 1838 44 37 at
1482 1833 72 42 the
1571 1834 218 42 advanced
1811 1848 74 41 age
1907 1848 124 28 when

418 1903 137 41 senile
593 1903 154 55 speech
785 1917 202 41 appears;
1020 1903 95 50 and,
1149 1917 44 28 as
1231 1904 64 41 Dr
1329 1903 206 43 Clouston
1575 1904 201 41 remarks,
1808 1904 75 41 "A
1920 1904 111 42 close

416 1974 131 55 study
571 1974 43 41 of
637 1973 71 43 the
732 1974 154 54 speech
911 1974 90 41 will
1029 1974 171 55 usually
1223 1974 236 42 determine
1492 1974 72 42 the
1597 1975 237 41 difference.
1897 1974 132 42 There

414 2043 37 43 is
474 2049 77 37 not
574 2044 72 42 the
668 2049 95 37 true
785 2045 171 55 general
989 2045 211 55 paralytic
1221 2045 244 55 trembling,
1488 2059 45 27 or
1564 2045 73 41 the
1669 2045 240 55 spasmodic
1930 2059 100 27 con-

417 2114 193 43 vulsions
634 2116 43 41 of
700 2116 73 41 the
795 2115 174 42 smaller
992 2115 125 42 facial
1139 2115 84 41 and
1245 2115 130 42 labial
1397 2114 250 43 muscles."1

477 2186 73 54 (2.)
593 2186 177 42 General
806 2187 224 54 Paralysis
1065 2187 50 40 of
1143 2186 64 41 the
1243 2186 372 42 Insane.—Every
1651 2200 78 28 one
1770 2186 149 41 knows
1957 2186 72 42 the

415 2257 182 42 terribly
621 2257 106 42 fatal
751 2257 217 42 character
990 2258 47 40 of
1054 2256 173 56 general
1249 2256 209 55 paralysis
1477 2256 45 42 of
1550 2256 72 42 the
1645 2256 158 42 insane.
1868 2256 65 42 On
1958 2257 70 41 the

416 2341 178 28 average
628 2328 35 40 it
694 2342 104 27 runs
830 2327 57 42 its
917 2341 145 28 course
1095 2327 46 41 in
1175 2332 84 36 two
1291 2341 46 27 or
1368 2327 120 42 three
1521 2340 133 41 years.
1718 2327 87 41 The
1828 2331 137 51 stages
1988 2328 45 40 of

416 2398 73 42 the
512 2398 174 42 malady
708 2398 46 41 in
777 2398 57 41 its
856 2412 198 28 common
1077 2398 108 42 form
1209 2411 69 27 are
1309 2397 89 41 also
1430 2397 233 55 familiarly
1685 2397 169 41 known.
1916 2398 115 41 First

417 2468 119 42 there
573 2469 36 41 is
644 2468 72 42 the
755 2472 117 51 stage
907 2468 46 40 of
991 2467 171 42 Mental
1204 2467 264 42 Exaltation,
1504 2467 102 41 with
1652 2467 55 42 its
1750 2473 279 49 extravagant

416 2539 171 41 notions
630 2538 43 41 of
714 2538 226 55 grandeur,
987 2537 83 41 and
1118 2537 57 41 its
1220 2537 154 42 foolish
1422 2537 86 41 and
1550 2537 242 42 sometimes
1834 2539 193 40 criminal

415 2609 164 41 actions
599 2623 9 36 ;
638 2607 89 41 also
752 2606 105 42 with
878 2607 57 41 its
958 2606 133 42 slight
1112 2606 187 42 tell-tale
1322 2607 296 42 disturbances
1641 2607 43 41 of
1705 2607 166 54 speech,
1889 2608 138 40 which

414 2679 74 42 the
506 2678 175 42 alienist
697 2677 120 41 looks
836 2682 43 36 to
897 2676 219 56 specially,
1130 2677 44 40 in
1198 2677 145 54 trying
1358 2681 43 37 to
1419 2676 261 42 distinguish
1705 2677 71 41 the
1800 2691 94 27 case
1914 2678 110 40 from

413 2764 81 28 one
517 2749 44 42 of
583 2748 201 42 ordinary
806 2747 144 41 mania
975 2754 102 34 with
1101 2746 245 42 exaltation.
1409 2747 132 41 Then,
1558 2747 46 41 in
1627 2747 72 42 the
1721 2747 154 42 second
1898 2752 128 45 stage,

413 2820 107 42 with
541 2823 262 52 persistence
826 2817 46 42 of
900 2817 73 42 the
1007 2816 248 52 exaltation,
1279 2816 120 43 there
1433 2816 36 42 is
1506 2831 116 28 more
1657 2817 179 42 distinct
1866 2816 85 43 loss
1983 2817 46 40 of

413 2904 217 41 memory;
660 2902 117 28 more
799 2886 177 43 evident
997 2886 200 42 affection
1219 2886 44 41 of
1285 2885 154 56 speech
1458 2901 10 37 ;
1498 2886 84 42 and
1604 2885 73 43 the
1699 2899 259 41 appearance
1981 2886 44 41 of

409 2959 348 45 incoordination
789 2958 44 41 in
868 2957 105 42 such
1005 2956 123 42 other
1159 2955 282 43 complicated
1469 2960 265 38 movements
1757 2969 44 28 as
1827 2955 120 42 those
1980 2955 48 41 of

456 3054 10 22 1
494 3052 55 36 Dr
578 3051 179 37 Clouston
785 3062 48 24 on
870 3048 225 37 "Disorders
1125 3047 40 37 of
1189 3047 141 37 Speech
1357 3047 40 37 in
1425 3046 202 48 Insanity,"
1648 3047 101 36 Edin.
1770 3046 93 36 Med.
1883 3045 141 45 Journ.,

407 3112 109 38 April
537 3115 102 34 1876.
