1933 3302
1637 111 50 37 67

465 115 184 41 Kampher,
673 113 326 41 Kampherspiritus,
1024 110 275 41 Kampherwein.

86 225 107 39 nicht
213 225 207 38 berühren,
450 224 47 37 da
518 236 39 24 es
579 221 230 39 Dermatitis
830 221 238 37 verursacht.
1110 217 149 38 Heine
1290 217 171 38 bestrich
1482 217 60 38 die
1563 231 124 36 ganze

87 279 142 38 vorher
259 279 255 50 getrocknete
545 275 259 38 Wundfläche
842 274 149 38 täglich
1020 271 211 39 mehrmals
1263 271 132 38 damit.
1454 271 75 38 Die
1561 271 125 39 Hohl-

85 346 135 24 räume
251 345 159 25 wurden
439 332 71 36 mit
532 328 395 39 Wattebäuschchen,
960 327 60 37 die
1051 328 71 35 mit
1143 325 257 49 Terpentinöl
1429 325 260 39 durchtränkt

85 400 153 32 waren,
270 383 259 41 ausgewischt
558 384 77 37 und
666 387 230 46 ausgefüllt,
935 381 79 38 und
1044 380 104 38 diese
1179 378 105 38 Bmal
1313 378 148 50 täglich
1492 382 194 36 erneuert.

87 440 337 38 Hachenberg
464 437 92 38 liess
599 437 60 38 die
698 436 184 38 Wunden
922 434 99 39 nach
1061 435 40 49 je
1145 434 22 36 3
1208 431 176 39 Stunden
1424 434 72 37 mit
1526 434 161 38 Wasser

86 495 187 49 reinigen,
307 493 99 37 dann
437 494 69 35 mit
527 490 254 38 Terpentinöl
810 488 245 39 bestreichen
1086 487 78 39 und
1193 486 60 38 die
1277 485 137 52 Gänge
1446 488 121 38 damit
1595 502 91 24 aus-

86 550 181 35 spritzen.
326 546 54 38 Er
409 545 131 38 rühmt
569 545 60 37 die
660 544 173 50 Erfolge.

215 599 233 39 Kampher
477 598 52 37 ist
557 597 168 39 vielfach
756 610 128 38 gegen
913 594 308 52 Hospitalbrand
1251 595 235 49 angewandt
1515 597 170 38 worden.

85 654 74 38 Die
181 653 203 38 Gebrüder
405 651 203 38 Wenzel
638 651 139 37 füllten
809 652 60 37 die
888 649 236 39 Geschwüre
1155 650 71 36 mit
1246 647 344 50 Kampherpulver
1617 664 69 24 aus

87 708 76 37 und
184 708 201 37 schrieben
408 706 145 37 diesem
574 705 129 37 Mittel
734 706 84 36 eine
845 718 134 37 grosse
1001 703 201 49 Wirkung
1223 715 59 24 zu.
1325 701 75 38 We
1412 716 19 23 r
1441 716 23 23 n
1478 716 19 24 e
1509 716 19 25 c
1540 704 25 37 k
1595 704 90 39 liess

86 762 62 36 bei
177 761 214 37 leichteren
419 758 168 39 Formen
617 758 200 38 Kampher
855 760 71 35 mit
956 757 157 39 Gummi
1143 757 92 37 oder
1265 755 154 38 Zucker
1450 759 234 37 einstreuen.

89 814 218 38 Ollivier
336 813 134 37 suchte
502 813 60 38 die
584 812 200 38 Wirkung
815 813 65 37 des
910 811 221 38 Kamphers
1153 809 121 39 durch
1295 808 200 39 Versuche
1525 825 49 23 an
1603 812 83 38 sich

86 868 120 37 selbst
233 866 280 38 festzustellen.
570 865 203 39 Nachdem
804 879 40 24 es
872 865 81 38 ihm
983 865 197 51 gelungen
1212 877 96 32 war,
1347 863 82 38 sich
1459 864 122 39 selbst
1611 866 75 38 den

87 921 306 37 Hospitalbrand
429 922 73 36 mit
538 920 140 50 Erfolg
722 919 280 50 einzuimpfen,
1043 917 250 39 wiederholte
1336 930 41 25 er
1420 918 130 38 solche
1586 920 98 38 Ein-

86 976 226 48 impfungen
334 974 71 37 mit
425 974 176 50 gleichen
615 973 191 38 Volumen
826 986 76 25 von
913 972 434 38 Hospitalbrandmasse
1369 972 79 37 und
1459 972 225 39 Kampher-

87 1029 148 49 pulver.
277 1027 63 39 Sie
362 1041 131 24 waren
514 1027 271 38 wirkungslos.
829 1026 203 38 Ollivier
1063 1039 166 25 erkennt
1249 1025 94 37 aber
1364 1026 110 37 darin
1494 1040 74 24 nur
1599 1028 85 38 eine

87 1082 394 38 Präventivwirkung
517 1082 65 36 des
612 1080 220 50 Kamphers
874 1093 128 37 gegen
1046 1081 60 36 die
1136 1079 260 50 Ansteckung
1436 1081 78 36 und
1554 1094 130 37 gegen

86 1135 195 38 Recidive.
338 1135 72 37 Bei
439 1134 378 51 ausgesprochenem
847 1134 307 37 Hospitalbrand
1182 1132 93 38 fand
1306 1146 41 24 er
1378 1133 74 37 den
1481 1133 203 40 Kampher

88 1203 45 23 zu
164 1189 196 38 schwach,
399 1188 236 38 namentlich
673 1188 67 37 da,
780 1201 58 24 wo
877 1188 67 37 der
974 1187 124 50 Belag
1136 1187 304 49 einigermassen
1471 1188 87 38 dick
1589 1203 92 24 war.

87 1243 56 37 Er
171 1243 145 37 konnte
348 1243 69 37 mit
438 1243 87 37 dem
545 1242 131 37 Mittel
695 1242 40 37 in
754 1242 155 37 keinem
930 1241 108 38 Falle
1061 1241 60 37 die
1141 1240 272 51 Ausbreitung
1434 1241 67 37 der
1522 1242 159 39 Krank-

87 1296 81 38 heit
195 1296 176 38 hindern.
419 1296 59 37 Im
508 1295 471 38 deutsch-französischen
1007 1295 147 50 Kriege
1183 1293 93 38 fand
1305 1294 71 37 auf
1400 1294 283 41 französischer

89 1349 103 38 Seite
224 1351 67 36 der
321 1349 200 38 Kampher
551 1349 168 37 vielfach
748 1349 271 49 Anwendung,
1050 1349 210 37 besonders
1288 1347 182 50 plaidirte
1500 1349 183 40 Netter

88 1403 62 37 für
181 1404 123 37 dieses
334 1403 139 37 Mittel.
515 1402 90 38 Sein
626 1402 130 38 Calcul
785 1416 80 24 war
893 1402 224 51 folgendes:
1148 1402 82 37 Der
1258 1401 307 49 Hospitalbrand
1596 1418 85 24 zer-

89 1462 98 32 stört
208 1457 206 37 besonders
437 1457 65 37 das
515 1456 244 38 Unterhaut-
776 1457 78 37 und
871 1455 595 50 Zwischenmuskelfettgewebe
1488 1456 35 49 (?
1540 1457 140 50 Verf.).

89 1510 74 38 Die
191 1515 161 45 pulpöse
381 1510 128 38 Masse
541 1510 149 37 enthält
719 1510 118 37 daher
866 1509 77 38 viel
967 1509 103 38 Fett.
1124 1509 200 49 Kampher
1353 1510 40 36 in
1421 1509 92 38 Fett
1542 1517 138 44 gelöst,

87 1563 131 38 macht
239 1564 123 37 dieses
378 1563 89 38 sehr
480 1563 120 38 leicht
614 1563 146 49 flüssig,
783 1563 80 37 also
884 1563 112 37 sollte
1018 1564 63 37 bei
1098 1563 259 49 Anwendung
1374 1563 66 38 des
1458 1563 223 40 Kamphers

89 1617 59 37 die
169 1617 427 49 Hospitalbrandpulpa
626 1630 75 24 von
722 1617 73 37 den
823 1617 193 37 lebenden
1037 1616 196 38 Geweben
1254 1616 205 39 abfliessen
1490 1618 34 48 (?
1542 1618 137 40 Verf.).

89 1670 76 38 Zur
195 1671 257 37 Herstellung
483 1671 103 37 eines
617 1670 275 50 gleichmässig
920 1670 132 38 feinen
1081 1670 164 38 Pulvers
1275 1670 201 50 empfiehlt
1505 1685 60 34 er,
1607 1674 74 38 den

89 1724 198 49 Kampher
315 1724 251 37 unmittelbar
596 1737 68 25 vor
694 1724 92 37 oder
806 1724 185 37 während
1013 1725 67 37 der
1101 1724 259 38 Anwendung
1389 1738 48 24 zu
1465 1727 213 39 zerreiben.

89 1777 187 38 Dasselbe
307 1778 71 37 soll
406 1778 38 36 in
474 1791 160 36 grossen
664 1777 155 38 Massen
849 1777 69 38 auf
944 1778 60 37 die
1034 1777 157 38 Wunde
1228 1778 77 37 und
1335 1778 39 37 in
1402 1778 84 38 ihre
1517 1784 162 34 sämmt-

87 1830 127 38 lichen
238 1831 330 49 Ausbuchtungen
598 1831 188 49 gebracht
806 1832 166 37 werden.
1013 1831 81 38 Der
1114 1832 183 37 Verband
1326 1831 73 38 soll
1427 1832 252 41 hinreichend

87 1883 77 38 fest
191 1885 101 45 sein,
331 1898 64 24 um
433 1885 73 37 den
534 1885 158 37 Abfluss
722 1885 66 37 des
817 1884 163 38 Pulvers
1021 1885 120 37 durch
1171 1886 60 37 die
1261 1885 250 51 abhängigen
1542 1887 137 39 Theile

88 1951 46 23 zu
163 1937 246 46 verhindern,
441 1939 78 36 und
540 1939 67 36 der
627 1937 355 39 Verbandwechsel
1002 1938 73 38 alle
1098 1939 50 37 24
1168 1938 175 39 Stunden
1374 1952 306 26 vorgenommen

88 1992 174 45 werden,
300 1991 187 38 nachdem
525 1992 59 37 die
615 1991 155 37 Wunde
808 1995 70 34 mit
917 1991 346 51 alkoholhaltigem
1291 1992 161 39 Wasser
1481 1996 199 49 gereinigt

87 2044 63 37 ist.
208 2045 113 37 Auch
349 2058 112 24 wenn
491 2045 59 37 die
582 2044 304 39 Granulationen
915 2048 72 47 gut
1016 2046 104 46 sind,
1159 2046 72 38 soll
1259 2046 71 37 mit
1360 2047 87 37 dem
1477 2047 202 39 Kampher

87 2096 267 51 fortgefahren
391 2099 166 36 werden.
615 2098 71 38 Bei
724 2099 104 37 einer
867 2099 156 38 kleinen
1052 2099 202 38 Epidemie
1290 2100 37 36 in
1358 2099 156 39 Vannes
1544 2103 133 37 wurde

91 2163 72 24 von
192 2150 68 37 Dr.
293 2149 205 39 Galzain
539 2152 66 36 der
636 2152 199 37 Kampher
872 2153 71 36 mit
978 2153 151 37 bestem
1158 2153 139 49 Erfolg
1327 2155 244 48 angewandt.
1630 2155 47 39 In

89 2203 112 49 Lyon
225 2203 129 38 führte
376 2205 66 36 der
461 2205 200 48 Kampher
690 2205 61 37 bei
783 2206 124 37 einem
936 2206 59 37 bis
1027 2206 114 37 dahin
1171 2209 71 34 mit
1271 2206 229 38 schwachen
1519 2207 157 40 Mitteln

89 2257 215 49 vergebens
333 2257 258 38 behandelten
620 2258 107 37 Falle
757 2272 87 23 zum
874 2258 93 38 Ziel.
1019 2258 303 39 Warlomont
1349 2259 41 38 in
1418 2260 159 39 Brüssel
1606 2262 70 38 sah

90 2309 186 38 ebenfalls
307 2310 110 37 einen
446 2310 83 37 Fall
560 2324 72 24 von
664 2311 303 49 Hospitalbrand
1005 2312 98 37 nach
1134 2312 105 38 einer
1269 2311 406 41 Carcinomoperation

89 2376 61 23 am
170 2362 113 51 Auge
305 2363 119 37 durch
444 2363 237 51 Bedeckung
710 2365 70 36 mit
800 2365 339 48 Kampherpulver
1166 2365 139 38 heilen.
1347 2365 44 38 In
1422 2367 105 38 einer
1548 2368 127 39 These

90 2428 74 25 von
192 2415 162 50 Mothy
384 2417 96 36 wird
510 2417 159 49 günstig
697 2417 96 37 über
823 2418 59 36 die
913 2418 451 51 Kampherbehandlung
1393 2423 224 46 geurtheilt.

218 2469 229 49 Kampher
456 2470 195 49 Spiritus
680 2471 77 36 und
779 2470 160 38 Wasser
969 2471 40 48 (3
1031 2485 46 24 zu
1101 2470 65 51 10)
1197 2472 171 50 empfahl
1397 2473 185 51 Marmy
1610 2476 63 37 bei

88 2521 210 38 leichteren
328 2522 134 38 Fällen
500 2536 46 24 zu
576 2522 278 51 Waschungen
891 2524 75 37 und
996 2524 287 51 Ausspritzung
1323 2527 67 37 der
1428 2527 244 39 Untermini-

89 2587 162 37 rungen.
291 2575 111 38 Auch
431 2575 121 38 Paul
584 2575 220 38 Ollivier
834 2577 39 37 in
893 2577 135 38 Ronen
1054 2579 151 37 wandte
1229 2580 99 36 1871
1354 2580 73 37 den
1449 2581 223 38 Kampher-

89 2627 158 49 spiritus
278 2641 59 32 an,
364 2629 139 48 jedoch
534 2629 69 37 mit
631 2629 238 37 unsicherem
902 2630 148 51 Erfolg.

217 2681 81 37 Der
338 2695 66 23 zur
443 2682 202 49 Belebung
687 2683 216 37 atonischer
944 2683 232 39 Geschwüre
1218 2688 70 35 etc.
1324 2685 134 38 früher
1501 2687 62 37 bei
1600 2702 72 24 uns

90 2733 164 38 vielfach
284 2738 250 45 angewandte
556 2735 355 49 Kampherwein
940 2737 136 48 spielte
1107 2738 97 38 auch
1232 2739 61 37 bei
1325 2739 67 37 der
1413 2739 259 53 Behandlung

91 2787 64 37 des
186 2787 346 48 Hospitalbrandes
563 2788 83 37 eine
676 2788 121 38 Rolle.
856 2789 54 37 Er
939 2791 130 37 wurde
1110 2791 38 38 in
1178 2793 67 36 der
1276 2791 154 39 Charite
1461 2807 45 23 zu
1536 2793 135 40 Berlin

91 2853 66 23 zur
186 2839 360 51 Nachbehandlung
576 2841 241 49 gewöhnlich
847 2842 230 49 gebraucht,
1116 2845 234 37 namentlich
1380 2859 63 23 um
1474 2847 66 36 das
1570 2846 99 40 Los-

90 2894 146 36 stossen
280 2893 66 37 der
390 2893 157 37 Fascien
591 2907 46 24 zu
680 2894 216 38 befördern.
963 2896 205 39 Fischer
1210 2898 108 49 giebt
1361 2912 68 33 an,
1474 2900 86 38 dass
1602 2902 68 38 der
