1933 3302
171 146 225 31 Erkrankung
420 144 59 30 der
504 143 274 40 Lymphgetasse,
801 139 259 40 Lymphdrüsen
1085 138 59 31 des
1169 138 137 31 lockern
1331 137 222 41 Zellgewebe.
1629 137 52 38 33

274 290 32 24 c.
332 280 282 43 Lyinphang:itis
639 280 74 31 und
739 275 305 44 Lymphadouitis
1070 275 97 33 beim
1191 274 312 34 Hospitalbrand.

209 378 328 39 Beobachtungen
576 378 93 36 Uber
706 380 218 46 regionäre,
970 386 110 25 acute
1109 373 263 50 Entzündung
1407 374 67 37 der
1504 371 176 51 Lymph-

81 433 142 37 drüsen
259 433 77 37 und
372 430 323 50 Lymphgetasse,
735 442 70 25 wie
834 442 70 24 wir
941 427 54 38 sie
1032 427 62 37 bei
1134 427 72 37 den
1246 426 164 50 eitrigen
1439 426 243 38 Lifectionen

80 486 160 38 kennen,
272 486 126 38 finden
429 498 68 23 wir
527 483 97 38 auch
654 483 60 38 bei
749 481 384 51 hospitalbrandigen
1166 479 191 38 Wunden.
1418 480 111 38 Doch
1560 480 50 38 ist
1640 493 41 24 es

81 540 225 37 auffallend,
338 539 85 37 dass
443 551 72 24 nur
534 549 148 25 wenige
712 535 174 39 Autoren
916 535 129 37 solche
1068 534 220 38 erwähnen.
1331 532 63 39 Sie
1424 534 256 38 beschreiben

81 593 330 49 Lymphstränge,
451 590 143 38 welche
631 590 83 38 sich
751 603 75 25 von
864 590 86 37 dem
985 587 512 50 Hospitalbrandgeschwür
1534 587 148 38 centx-al

80 649 254 35 erstreckten,
376 644 179 38 während
599 644 59 37 die
691 647 230 34 regionären
958 642 152 38 Drüsen
1140 640 208 39 schwollen
1377 641 79 37 und
1485 654 195 26 schmerz-

81 700 83 37 haft
191 712 166 24 wurden,
388 697 184 39 zuweilen
601 697 98 37 auch
720 699 230 36 vereiterten
980 696 79 38 und
1084 694 252 47 aufbrachen,
1368 695 77 37 und
1476 695 103 38 dann
1599 694 83 39 sich

80 753 38 37 in
139 765 95 25 neue
250 751 354 50 hospitalbrandige
621 750 230 38 Geschwüre
872 751 293 36 umwandelten.
1198 748 49 38 So
1263 748 192 38 berichtet
1467 747 214 40 Hennen:

86 806 125 44 ,Züge
240 818 71 25 von
333 804 337 50 Lymphsträngen
689 804 128 38 lassen
847 803 81 38 sich
957 817 46 24 zu
1033 803 72 37 den
1125 802 266 38 betreffenden
1410 802 154 38 Drüsen
1594 816 86 24 ver-

80 858 146 51 folgen,
269 871 57 25 wo
364 859 53 37 sie
453 858 260 38 Entzündung
754 858 79 37 und
861 857 109 38 Eiter
1000 869 172 38 erregen,
1205 869 41 25 so
1277 856 87 38 dass
1395 855 103 39 diese
1528 856 154 38 Drüsen

78 911 59 38 oft
166 912 61 38 ein
254 924 116 26 neues
399 911 99 39 Nest
525 911 63 38 für
617 912 73 38 den
719 911 130 37 Brand
887 912 188 36 werden."
1128 909 46 38 In
1202 923 161 25 neuerer
1392 909 86 39 Zeit
1507 912 176 36 erwähnt

80 964 159 46 Heine,
288 965 108 46 ,dass
431 965 167 38 seltener
635 965 54 37 als
717 964 202 51 Erysipele
949 965 77 37 und
1056 964 267 49 Phlegmonen
1357 963 323 50 Lymphdrüsen-

80 1019 296 50 entzündungen
410 1022 70 34 mit
517 1018 320 38 Abscedirungen
871 1020 114 35 unter
1029 1018 73 37 den
1141 1017 432 51 Folgeerscheinungen
1615 1018 66 38 des

82 1071 339 39 Hospitalbrandes
451 1085 287 25 vorkommen".
797 1071 83 39 Nur
919 1071 142 38 einmal
1095 1071 69 38 sah
1200 1084 41 26 er
1277 1071 60 38 die
1368 1084 312 26 aufgebrochene

80 1125 283 39 Abscesshöhle
409 1126 103 37 eines
553 1127 66 36 der
655 1125 155 38 Wunde
856 1127 186 36 zunächst
1096 1124 216 51 gelegenen
1364 1125 316 50 Drüsenpaketes

80 1179 119 38 selbst
226 1179 334 50 hospitalbrandig
594 1179 165 38 werden.
817 1179 61 37 Da
913 1178 146 38 sowohl
1093 1178 206 38 Hennen
1333 1179 72 37 wie
1431 1178 146 39 Heine
1608 1180 69 37 be-

81 1233 157 38 richten,
270 1234 86 37 dass
382 1233 59 38 die
461 1233 153 37 Drüsen
634 1232 178 38 Anfangs
833 1232 160 38 eiterten
1014 1233 79 37 und
1113 1233 102 37 dann
1244 1235 79 35 erst
1342 1233 337 51 hospitalbrandig

82 1287 172 45 wurden,
299 1300 41 25 so
374 1287 96 37 liegt
504 1286 59 38 die
593 1286 271 50 Vermuthung
896 1286 116 38 nahe,
1055 1287 86 37 dass
1178 1300 39 25 es
1254 1286 80 38 sich
1363 1286 85 38 hier
1475 1287 109 38 nicht
1612 1300 67 25 um

82 1340 61 37 ein
171 1345 188 44 primäres
389 1340 241 37 Eindringen
660 1341 66 36 des
746 1339 427 50 Hospitalbrandgiftes
1203 1341 40 36 in
1262 1340 312 50 Lymphgefässe
1600 1341 78 37 und

82 1393 294 50 Lymphdrüsen
410 1393 207 51 gehandelt
644 1393 115 38 habe,
792 1394 165 37 sondern
985 1407 65 24 um
1080 1393 83 38 eine
1194 1393 280 39 Complication
1503 1407 70 25 von
1607 1407 69 37 ge-

83 1447 231 38 wöhnlicher
343 1447 155 50 eitriger
526 1447 296 50 Lymphangitis
850 1448 79 36 und
957 1447 320 50 Lymphadenitis
1312 1448 72 37 mit
1420 1448 258 38 nachheriger

83 1500 188 38 Infection
316 1501 120 37 durch
478 1500 313 50 Hospitalbrand.
850 1501 188 50 Dagegen
1085 1501 106 37 lesen
1241 1501 70 38 wir
1351 1501 63 38 bei
1456 1501 144 38 Trott
1611 1515 64 24 er:

87 1552 149 46 ,Selbst
262 1554 40 36 in
331 1555 85 36 dem
445 1553 138 38 frühen
613 1554 172 38 Stadium
822 1554 77 37 und
933 1554 74 38 oft,
1053 1554 68 38 ehe
1152 1555 59 37 die
1240 1554 108 38 Haut
1386 1555 292 38 aufgebrochen

82 1620 94 31 war,
214 1607 150 49 zeigten
398 1607 80 37 sich
512 1607 40 37 in
587 1608 66 36 der
681 1607 128 38 Leiste
844 1621 99 24 resp.
975 1607 144 38 Achsel
1153 1607 206 39 Bubonen,
1406 1608 146 38 welche
1588 1609 90 38 sehr

81 1659 256 38 schmerzhaft
372 1673 126 37 gegen
535 1660 232 38 Berührung
803 1661 78 37 und
916 1663 93 36 stets
1044 1674 74 25 von
1147 1661 138 39 Fieber
1313 1662 188 50 begleitet
1533 1676 142 25 waren.

80 1712 183 39 Indessen
301 1714 159 37 eiterten
498 1714 53 37 sie
581 1714 139 46 selten,
758 1727 111 25 wenn
908 1728 39 24 es
983 1715 93 37 aber
1110 1715 67 38 der
1210 1715 85 38 Fall
1325 1729 95 32 war,
1452 1729 42 25 so
1523 1729 155 25 zeigten

82 1766 53 38 sie
164 1770 93 34 stets
287 1767 59 38 die
375 1767 310 38 Beschaffenheit
719 1768 67 37 der
819 1768 320 50 ursprünglichen
1168 1768 259 39 Ulceration."

232 1913 35 32 d.
291 1913 253 40 Terbreituag
569 1914 62 32 des
656 1915 337 40 Hospitalbrandes
1018 1917 67 31 auf
1107 1916 81 33 dem
1211 1917 111 33 Wege
1346 1918 177 32 lockerer

617 1968 524 33 Biudegewebslnterstitien.

210 2063 86 37 Wir
314 2064 137 37 wollen
479 2064 83 38 hier
591 2066 182 37 zunächst
802 2080 74 24 von
906 2068 72 36 den
998 2067 133 38 Fällen
1161 2067 179 47 absehen,
1372 2068 62 38 bei
1461 2069 123 38 denen
1614 2070 60 37 die

82 2114 188 46 Infectign
299 2117 119 38 direct
451 2117 39 37 in
519 2118 128 38 solche
676 2118 238 40 Interstitien
943 2120 190 38 zwischen
1170 2121 74 37 den
1271 2121 198 46 Muskeln,
1515 2137 64 23 um
1614 2124 61 38 die

86 2167 157 39 Gefässe
280 2172 69 35 etc.
387 2171 320 52 hineingetragen
744 2174 151 37 wurde,
941 2174 70 37 wie
1049 2174 62 38 bei
1147 2173 170 39 frischen
1354 2174 319 49 Schusscauälen,

85 2220 121 38 Hieb-
241 2223 89 37 oder
367 2223 268 40 Stichwunden
669 2226 39 37 in
742 2226 60 38 die
840 2227 261 38 Muskulatur,
1146 2227 128 38 ferner
1310 2228 62 38 bei
1410 2230 266 37 complicirten

85 2273 224 48 Fracturen,
350 2275 309 41 Gelenkwanden
688 2282 70 35 etc.
817 2279 112 38 Auch
959 2281 59 37 die
1048 2280 107 38 Fälle
1184 2281 128 38 lassen
1340 2281 69 38 wir
1438 2282 82 39 hier
1549 2284 124 38 unbe-

84 2327 133 47 rührt,
259 2328 64 38 bei
364 2330 121 38 denen
519 2333 66 36 der
619 2332 304 38 Hospitalbrand
970 2333 82 37 sich
1089 2347 45 24 zu
1172 2335 105 37 einer
1313 2334 120 39 tiefen
1468 2336 205 47 Eiterung,

86 2379 121 38 einem
236 2381 316 48 Drüsenabscess,
585 2385 102 38 einer
716 2385 435 39 Knochentuberkulose
1182 2388 91 37 oder
1303 2388 163 51 eitrigen
1497 2390 175 38 Sehnen-

85 2433 425 54 scheidenentzündung
550 2441 70 34 etc.
665 2439 170 49 gesellte.
907 2439 78 38 Der
1022 2439 165 39 Verlauf
1228 2441 149 38 solcher
1417 2442 253 48 Infectionen,

85 2487 232 38 namentlich
361 2489 109 37 derer
508 2504 72 24 von
617 2491 168 38 frischen
823 2491 322 48 Schusswunden,
1187 2494 51 38 ist
1276 2495 99 38 oben
1420 2496 253 40 beschrieben

85 2540 165 37 worden.
297 2541 96 38 Hier
413 2543 136 38 wollen
571 2544 65 37 wir
666 2545 66 37 das
753 2547 185 47 spontane
959 2545 247 52 Vordringen
1235 2548 66 38 des
1322 2548 350 40 Hospitalbrandes

85 2591 39 37 in
154 2593 59 37 die
243 2593 106 39 Tiefe
378 2595 233 39 betrachten.

214 2646 73 38 Urs
291 2649 201 47 prünglich
512 2650 291 39 oberflächliche
821 2649 235 42 Geschwüre
1077 2654 66 38 der
1162 2654 199 39 ulcerösen
1381 2655 116 39 Form
1517 2658 154 38 können

86 2697 104 38 Haut
218 2700 78 36 und
316 2700 350 53 Subcutangewebe
695 2709 192 33 zerstören
915 2706 78 37 und
1023 2707 101 38 dann
1149 2708 185 49 jederzeit
1362 2709 39 37 in
1423 2710 65 37 das
1518 2711 154 39 lockere

87 2750 161 40 Gewebe
278 2753 65 37 der
365 2754 383 39 Muskelinterstitien
769 2757 226 40 einbrechen
1024 2761 77 37 und
1122 2774 40 24 so
1202 2761 40 37 in
1280 2761 59 38 die
1370 2761 108 39 Tiefe
1507 2765 162 49 greifen.

88 2803 67 38 Oft
191 2805 94 50 geht
322 2807 121 38 dieser
470 2809 228 39 Fortschritt
734 2811 66 37 der
834 2810 217 41 Krankheit
1085 2827 96 37 ganz
1215 2815 229 38 unbemerkt
1478 2830 68 24 vor
1575 2819 94 36 sich.

89 2857 193 39 Während
311 2859 81 38 sich
421 2861 64 38 das
515 2862 206 39 Geschwür
748 2864 173 50 langsam
951 2866 65 38 der
1035 2866 139 39 Fläche
1203 2867 99 38 nach
1327 2873 239 47 vergrössert
1593 2872 79 38 und

87 2910 66 38 der
183 2912 117 37 durch
335 2912 58 38 die
426 2913 269 41 Muskeifascie
721 2917 189 49 gebildete
945 2919 115 38 derbe
1089 2919 147 47 Grund,
1276 2922 116 38 sowie
1421 2922 60 39 die
1510 2924 161 52 geringe

149 2976 223 34 Rosenbach,
390 2979 230 33 Hospitalbraiid.
1457 2981 19 32 3
