2113 3404
310 293 83 44 136

808 310 86 32 THE
928 311 240 35 DISORDERS
1201 315 52 31 OF
1285 315 172 32 SPEECH.

307 425 263 53 Alcibiades,
591 428 66 43 for
689 430 208 56 example,
929 434 297 53 pronouncing
1256 434 75 42 the
1362 443 118 33 word
1510 448 137 38 corax,
1670 450 25 28 a
1715 451 140 40 raven,
1875 456 42 31 as

307 495 288 56 colax;—but
638 499 88 44 this
764 506 44 38 at
846 501 72 43 the
951 507 174 51 present
1162 504 83 42 day
1282 504 36 42 is
1357 509 68 38 too
1458 507 244 54 suggestive
1736 508 46 42 of
1808 523 109 34 mere

309 568 301 45 childishness.

321 719 203 57 Defective
545 721 293 44 Articulation
860 725 133 54 owing
1015 729 39 38 to
1077 725 244 54 Congenital
1341 726 222 56 Paralysis
1583 729 50 55 of
1648 730 63 42 the
1738 731 169 45 Tongue,

712 798 79 46 etc.,
813 795 89 41 and
923 799 38 37 to
979 809 113 40 gross
1121 793 106 44 Oral
1248 796 279 42 Deformities.

868 871 75 39 ■itX

368 910 75 55 (1.)
481 910 245 54 Congenital
746 912 225 54 Paralysis
988 913 49 54 of
1052 913 63 41 the
1139 913 175 42 Muscles
1333 914 51 54 of
1398 914 63 42 the
1487 915 256 44 Mouth.—A
1765 932 92 31 case
1877 924 42 42 of

309 979 88 43 this
418 980 108 42 kind
557 981 78 42 has
665 981 110 43 been
807 982 202 41 recorded
1040 983 58 55 by
1121 983 68 42 Sir
1219 983 198 42 William
1447 984 176 44 Wilde.1
1684 987 183 54 Patient,
1896 1006 24 29 a

309 1050 155 42 female
486 1050 105 56 aged
616 1051 126 52 forty,
765 1055 20 18 "
801 1065 78 28 can
902 1051 103 43 hear
1026 1053 210 55 perfectly
1255 1053 109 43 well,
1386 1054 79 42 but
1486 1055 76 43 has
1586 1070 53 28 no
1662 1071 141 41 power
1823 1074 96 30 over

307 1119 74 42 the
412 1121 186 42 muscles
630 1122 46 42 of
713 1122 78 42 her
832 1123 164 50 mouth,
1032 1137 45 28 so
1119 1123 95 42 that
1256 1124 75 42 she
1373 1130 158 37 cannot
1570 1125 128 43 drink
1741 1134 178 39 without

307 1190 214 57 throwing
551 1192 109 42 back
693 1192 77 43 her
799 1193 122 43 head,
953 1194 169 42 neither
1154 1209 86 28 was
1272 1195 75 42 she
1378 1195 96 43 able
1505 1200 44 38 to
1581 1197 106 42 suck
1721 1198 124 42 when
1867 1214 52 29 an

306 1261 156 56 infant,
708 1269 158 37 cannot
896 1264 204 55 protrude
1133 1265 72 42 the
1237 1270 158 50 tongue
1427 1266 168 55 beyond
1618 1267 72 43 the
1719 1267 96 56 lips,
1846 1284 73 28 nor

311 1331 167 44 elevate
500 1333 74 43 the
595 1334 153 55 palate.
813 1335 89 42 Can
927 1335 103 55 only
1053 1349 87 42 say,
1162 1338 9 20 '
1186 1335 127 42 No.'"

367 1403 198 43 Another
607 1418 94 28 case
743 1405 76 42 has
863 1406 105 41 been
1006 1405 200 42 recorded
1245 1406 56 55 by
1337 1406 279 42 Hartmann.2
1678 1408 183 56 Patient,
1898 1424 23 27 a

310 1474 246 51 coachman,
596 1475 84 42 had
722 1476 221 42 remained
986 1477 133 41 dumb
1161 1490 99 28 ever
1301 1477 110 42 after
1441 1491 24 28 a
1496 1478 174 54 passing
1702 1479 143 42 attack
1881 1482 42 40 of

310 1546 161 54 paresis
514 1546 43 41 of
598 1546 80 41 left
719 1561 89 26 arm
851 1547 84 41 and
976 1547 69 55 leg
1082 1547 154 55 during
1288 1547 238 42 childhood.
1620 1549 299 42 Examination

311 1615 173 42 showed
519 1616 94 41 that
647 1616 73 42 the
752 1617 186 42 motions
970 1618 43 40 of
1045 1618 73 41 the
1150 1621 158 51 tongue
1341 1631 108 28 were
1480 1632 103 40 very
1616 1618 191 55 sluggish
1840 1620 79 41 and

309 1686 235 55 imperfect.
598 1687 70 42 He
691 1687 125 42 could
839 1692 77 37 not
938 1687 164 43 elevate
1126 1688 71 41 the
1216 1688 77 53 tip,
1314 1702 78 27 nor
1414 1688 201 54 protrude
1637 1688 36 42 it
1694 1689 225 53 normally;

310 1757 86 41 had
418 1757 177 42 marked
628 1757 174 42 Lalling
833 1758 45 41 in
912 1757 72 42 the
1007 1757 330 56 pronunciation
1364 1758 45 41 of
1443 1758 73 41 the
1547 1758 81 41 few
1661 1759 136 41 words
1831 1760 89 42 that

310 1828 54 42 he
387 1828 251 43 attempted.

369 1897 240 43 Kussmaul
641 1899 198 42 observes
872 1903 96 37 that
998 1898 244 43 congenital
1279 1913 48 27 or
1367 1898 203 55 acquired
1615 1899 306 55 Hypertrophy

308 1969 44 41 of
374 1969 74 43 the
470 1973 159 51 tongue
650 1969 247 43 sometimes
919 1969 175 43 renders
1117 1969 154 55 speech
1293 1969 260 55 impossible,
1576 1969 85 42 and
1682 1970 238 42 sometimes

309 2040 163 55 merely
494 2054 148 29 causes
665 2041 357 54 "Stammering"
1045 2039 219 56 (Lalling).

365 2112 77 55 (2.)
473 2111 64 42 As
569 2116 44 37 to
647 2111 121 42 Gross
807 2110 104 43 Oral
941 2111 281 55 Deformities,
1254 2110 74 42 the
1358 2115 113 37 most
1502 2124 196 28 common
1730 2111 84 41 and
1845 2111 73 41 im-

306 2187 176 50 portant
513 2196 70 28 are
616 2182 202 54 Hare-lip
851 2182 85 42 and
965 2181 290 55 Split-palate.
1318 2181 89 42 The
1429 2181 166 49 former,
1620 2181 137 41 which
1781 2194 138 29 neces-

306 2252 131 54 sarily
473 2253 226 43 interferes
738 2253 105 42 witli
880 2252 73 42 the
990 2252 167 41 labials,
1193 2266 78 27 can
1307 2251 53 41 be
1392 2251 215 42 remedied
1639 2251 57 55 by
1734 2250 184 56 Surgical

306 2324 232 54 operation.
601 2325 89 41 The
712 2324 140 42 latter,
875 2322 142 42 which
1034 2322 222 55 produces,
1279 2336 108 28 even
1404 2322 45 40 in
1472 2321 133 55 slight
1625 2334 128 38 cases,
1775 2335 25 27 a
1819 2334 100 41 very

306 2393 289 55 disagreeable
626 2394 136 42 Nasal
795 2393 213 54 Snuffling
1040 2392 155 54 during
1226 2391 166 54 speech,
1424 2391 84 41 and
1540 2390 141 42 which
1712 2391 43 40 in
1780 2402 137 30 severe

308 2478 116 28 cases
447 2478 100 42 may
569 2478 154 29 render
745 2463 155 56 speech
922 2468 120 49 quite
1075 2461 332 55 unintelligible,
1429 2475 77 28 can
1529 2461 52 42 be
1603 2461 163 41 treated
1789 2470 129 33 either

306 2534 59 55 by
400 2534 193 55 Surgical
627 2533 221 55 operation
881 2547 48 27 or
961 2532 58 41 by
1053 2531 73 42 the
1163 2531 208 42 insertion
1405 2532 91 41 into
1529 2531 72 41 the
1630 2531 143 41 hiatus
1795 2532 44 40 of
1867 2545 47 24 an

306 2604 199 42 artificial
529 2604 235 42 Obturator
784 2617 48 28 or
851 2602 171 42 Velum.
1083 2602 85 41 For
1188 2601 82 42 full
1292 2602 279 41 information
1593 2602 222 53 regarding
1835 2600 82 41 this

305 2675 131 41 latter
457 2674 176 42 method
655 2673 46 42 of
719 2676 245 39 treatment,
987 2671 74 42 the
1093 2671 148 42 reader
1270 2671 37 41 is
1336 2670 185 43 referred
1543 2675 43 37 to
1609 2670 73 42 the
1704 2683 103 42 very
1827 2669 90 41 able

307 2745 119 41 work
458 2759 55 27 on
554 2742 104 45 Oral
688 2743 269 55 Deformities
987 2741 57 55 by
1066 2741 194 41 Norman
1281 2740 67 43 W.
1372 2740 226 55 Kingsley,
1619 2740 85 42 late
1725 2740 121 41 Dean
1877 2738 44 41 of

306 2817 74 42 the
411 2815 108 42 New
551 2814 120 42 York
705 2812 172 43 College
899 2812 46 42 of
973 2811 241 42 Dentistry.
1277 2810 102 43 This
1401 2810 154 42 author
1582 2814 132 38 states
1737 2814 92 37 that
1857 2809 61 41 far

305 2902 117 29 more
443 2899 163 43 perfect
627 2883 156 43 speech
805 2897 80 28 can
906 2882 52 42 be
981 2880 203 43 obtained
1206 2880 108 42 from
1339 2880 75 42 the
1436 2879 293 56 employment
1750 2879 46 42 of
1813 2883 102 37 suit-

306 2959 95 42 able
440 2957 255 43 Obturators
737 2953 86 44 and
863 2952 111 43 Vela
1014 2951 106 42 than
1162 2951 76 42 has
1281 2964 99 28 ever
1421 2950 108 42 been
1570 2949 201 43 obtained
1812 2949 103 41 from

305 3028 195 58 Surgical
523 3026 230 57 operation.

593 3117 12 23 i
632 3114 121 38 Aural
770 3112 161 50 Surrjery,
948 3122 33 40 p.
1002 3112 79 34 4G6.
1367 3107 61 49 Op.
1447 3107 69 46 cit.,
1535 3119 33 36 p.
1590 3109 54 34 26.
