2107 3450
1781 268 86 45 367

605 283 146 32 OTHER
786 281 160 32 SIMPLE
980 281 145 32 FORMS
1159 281 55 32 OF
1249 282 205 30 APHASIA.

202 406 86 42 and
311 406 61 41 B;
405 406 85 41 and
515 405 42 43 in
584 405 172 55 having,
780 402 172 43 instead
985 403 44 41 of
1063 403 62 41 M,
1151 402 142 41 which
1327 402 164 41 stands,
1518 402 41 39 in
1586 401 91 54 Fig.
1706 400 67 49 15,
1799 400 63 40 for

203 478 72 42 the
311 478 97 41 idea
443 492 47 27 or
524 477 206 42 meaning
767 482 43 36 to
846 475 53 42 be
932 474 168 43 evoked
1140 488 47 27 or
1222 473 248 56 expressed,
1502 472 185 42 another
1720 471 144 50 letter,

204 549 142 42 which
362 549 151 42 stands
534 550 62 40 for
614 548 75 43 the
708 561 320 42 word-percept
1044 545 258 57 (belonging
1321 549 42 37 to
1382 544 43 43 A
1442 544 87 42 and
1548 543 57 55 B)
1625 543 141 42 which
1786 542 80 43 has

203 626 45 37 to
271 621 52 42 be
346 621 167 42 evoked
549 621 56 55 by
630 620 191 56 reading,
844 634 48 27 or
926 617 236 57 expressed
1196 618 57 55 by
1279 617 187 56 writing.
1531 616 47 42 If
1608 615 74 42 the
1716 615 152 42 reader

201 693 162 42 desires
398 698 44 37 to
481 693 54 41 do
574 707 59 28 so,
673 692 54 43 he
760 706 81 28 can
875 694 275 39 reconstruct
1195 690 74 42 the
1313 689 194 56 diagram
1542 688 45 41 in
1633 687 89 42 this
1757 701 109 37 way,

201 765 86 42 and
320 765 122 42 work
480 769 77 37 out
595 764 123 43 these
751 778 133 29 seven
925 763 203 44 varieties
1165 764 45 42 of
1248 762 181 57 aphasic
1467 761 317 56 derangement
1822 760 45 42 of

204 837 173 43 written
407 837 156 42 speecli
597 837 66 41 for
690 836 189 43 himself.
944 836 170 42 Whilst
1140 840 124 52 quite
1293 834 211 58 prepared
1538 838 43 37 to
1611 837 130 53 grant
1769 837 98 38 that

201 909 107 43 such
330 909 299 43 speculations
651 923 73 28 are
747 913 122 38 often
892 908 155 58 highly
1081 908 202 42 valuable
1307 922 48 28 as
1388 920 236 44 preparing
1659 905 75 44 the
1769 919 96 42 way

201 982 65 41 for
287 981 145 42 actual
466 981 274 43 discoveries,
773 981 23 42 I
829 981 55 43 do
919 986 78 37 not
1029 981 133 42 think
1194 981 98 42 that
1324 981 104 42 Nos.
1453 980 41 51 3,
1519 979 36 51 5,
1585 980 39 51 6,
1647 978 87 43 and
1762 976 26 48 7
1822 978 46 42 of

201 1054 122 42 these
361 1053 179 57 aphasic
583 1054 305 42 disturbances
931 1054 46 42 of
1019 1060 178 37 written
1241 1053 160 43 speech
1447 1067 73 28 are
1562 1057 77 51 yet
1682 1066 46 27 so
1768 1050 100 43 well

201 1126 188 43 attested
424 1127 58 42 by
506 1126 143 42 actual
686 1141 119 28 cases
838 1140 47 29 as
920 1131 45 38 to
1001 1127 127 41 make
1160 1126 37 42 it
1231 1139 228 29 necessary
1484 1124 66 42 for
1582 1138 70 29 me
1685 1123 102 43 here
1820 1127 45 38 to

203 1199 195 42 describe
432 1199 115 42 their
580 1213 257 41 symptoms.
901 1200 84 42 We
1008 1199 112 43 have
1153 1198 178 43 already
1354 1197 257 43 considered
1635 1197 103 42 Nos.
1766 1196 38 51 1,
1827 1196 42 51 2,

201 1270 84 42 and
311 1270 29 41 4
356 1270 96 56 (the
477 1270 172 43 cutting
671 1271 64 42 off
752 1271 48 41 of
818 1271 74 41 the
917 1274 146 38 centre
1089 1270 33 42 C
1148 1271 110 41 from
1291 1269 226 56 incoming
1550 1267 319 44 impressions),

201 1342 47 41 in
279 1341 145 44 detail.
490 1343 22 41 I
548 1342 124 43 leave
708 1343 74 42 the
817 1343 151 41 reader
1002 1347 45 37 to
1083 1342 134 43 study
1252 1341 272 43 Wernicke's
1562 1340 200 43 treatise1
1802 1341 68 42 for

203 1414 203 43 himself;
437 1429 48 28 or
515 1420 44 37 to
582 1419 226 38 construct
838 1414 75 43 the
943 1414 195 57 diagram
1170 1428 56 28 on
1260 1413 76 42 the
1370 1412 113 43 lines
1515 1412 238 51 indicated,
1782 1411 88 42 and

202 1487 191 56 imagine
416 1488 67 41 for
506 1487 181 42 himself
708 1487 73 43 the
799 1491 246 51 symptoms
1071 1486 97 42 that
1192 1486 144 42 would
1363 1486 51 42 be
1437 1484 230 43 exhibited
1691 1484 45 41 in
1760 1483 106 43 each

200 1560 48 41 of
267 1559 74 42 the
364 1559 96 42 four
482 1559 246 42 remaining
751 1558 217 42 varieties.

259 1631 123 43 Even
405 1646 46 27 as
474 1630 176 43 regards
675 1630 285 43 Lichtheim's
991 1645 131 28 seven
1149 1630 204 43 varieties
1387 1630 47 42 of
1464 1629 182 56 aphasia
1679 1629 44 41 in
1758 1628 110 43 rela-

200 1702 92 42 tion
310 1707 44 37 to
377 1702 168 56 spoken
563 1702 172 56 speech,
753 1703 36 41 it
808 1708 161 36 cannot
987 1702 53 42 be
1058 1702 95 42 said
1177 1701 98 43 that
1292 1702 103 42 Nos.
1416 1701 40 51 4,
1480 1702 39 52 5,
1544 1703 39 41 6,
1605 1701 86 42 and
1711 1700 25 45 7
1758 1701 110 42 have

200 1779 75 52 yet
296 1774 267 43 established
590 1775 65 42 for
673 1774 267 43 themselves
959 1789 47 28 so
1031 1775 94 42 firm
1150 1789 23 28 a
1197 1774 193 57 position
1415 1789 46 28 as
1485 1775 104 42 Nos.
1618 1775 37 51 1,
1674 1775 38 41 2,
1731 1774 87 42 and
1843 1774 25 42 3

200 1862 70 28 are
303 1847 224 57 generally
550 1847 185 43 allowed
770 1852 44 38 to
847 1847 115 43 hold.
1029 1848 44 41 It
1095 1847 79 43 has
1199 1852 77 38 not
1298 1852 77 52 yet
1399 1847 111 43 been
1536 1847 151 43 shown
1726 1861 144 28 where

199 1920 175 42 exactly
398 1920 45 42 in
466 1920 74 43 the
566 1921 124 42 brain
714 1920 75 43 the
812 1920 140 43 lesion
976 1920 182 43 capable
1191 1921 47 41 of
1258 1920 246 56 producing
1536 1920 106 43 each
1668 1920 44 41 of
1747 1919 122 43 them

200 1997 120 36 must
338 1992 52 42 be
410 1997 202 37 situated.
658 1991 139 43 There
820 1991 50 43 is,
888 1992 45 41 in
957 1991 102 43 fact,
1082 2006 55 28 an
1161 1991 268 43 anatomical
1452 1990 219 43 difficulty
1700 1991 43 42 in
1768 2005 101 28 con-

200 2064 173 56 ceiving
396 2064 142 43 where
562 2079 24 27 a
609 2064 139 43 lesion
772 2064 131 43 could
927 2064 52 43 be
1009 2064 193 43 situated
1236 2064 98 43 that
1356 2064 145 43 would
1527 2070 77 36 cut
1626 2078 145 29 across
1794 2064 76 43 the

200 2136 182 43 afferent
407 2136 128 43 fibres
558 2136 86 43 and
667 2136 125 43 leave
825 2136 74 43 the
933 2137 182 42 efferent
1148 2136 152 43 intact,
1325 2151 46 27 or
1393 2136 85 42 vice
1500 2151 148 37 versa;
1684 2138 184 42 because

201 2209 73 42 the
297 2209 184 42 afferent
514 2209 85 42 and
633 2210 183 42 efferent
842 2210 125 42 fibres
996 2210 236 56 belonging
1255 2214 44 38 to
1322 2209 43 42 A
1387 2209 86 43 and
1498 2214 44 37 to
1566 2209 38 42 B
1627 2224 71 28 are
1717 2210 152 55 joined

200 2287 43 36 to
262 2281 74 42 the
360 2296 107 42 grey
487 2287 159 37 matter
669 2282 45 42 of
736 2282 123 43 these
882 2286 172 39 centres
1078 2297 56 27 on
1153 2281 105 44 only
1278 2296 83 28 one
1378 2282 88 42 and
1483 2282 74 42 the
1576 2296 120 29 same
1713 2283 94 42 side
1826 2283 45 42 of

200 2354 73 42 the
308 2359 160 38 cortex,
502 2368 46 28 so
582 2354 98 43 that
713 2369 25 27 a
773 2354 265 43 subcortical
1072 2354 157 43 lesion,
1255 2354 149 43 unless
1440 2354 194 43 situated
1670 2360 46 37 at
1750 2369 121 29 some

199 2426 197 44 distance
426 2427 114 42 from
573 2427 75 43 the
683 2431 161 39 centre,
866 2432 120 38 must
1019 2432 161 38 almost
1213 2426 268 44 necessarily
1504 2433 76 36 cut
1613 2442 157 29 across,
1793 2433 79 38 not

198 2498 105 57 only
320 2499 76 43 the
415 2500 183 42 efferent
612 2514 47 28 or
677 2499 105 57 only
799 2500 75 43 the
892 2500 186 43 afferent
1093 2500 142 42 fibres,
1251 2500 83 42 but
1350 2499 107 43 both
1474 2499 210 57 together.
1726 2501 146 54 Cases,

199 2572 210 43 however,
432 2586 71 29 are
526 2587 98 27 now
646 2572 129 43 being
798 2572 205 43 recorded
1029 2572 144 43 which
1207 2572 104 43 lend
1345 2577 186 51 support
1554 2578 43 36 to
1622 2573 76 43 the
1722 2574 149 43 classi-

199 2644 171 42 fication
390 2644 38 54 ;2
460 2645 87 43 and
570 2645 285 43 Lichtheim's
879 2660 100 28 own
1007 2660 121 28 cases
1152 2660 71 28 are
1247 2644 200 58 strongly
1470 2645 323 45 corroborative
1827 2647 45 43 of

198 2718 43 41 it.
310 2716 61 43 As
395 2717 222 54 evidence,
641 2718 74 43 the
740 2718 132 43 latter
895 2732 72 29 are
990 2718 218 44 defective
1231 2718 106 43 only
1370 2718 46 42 in
1451 2733 83 28 one
1568 2725 186 50 respect,
1777 2720 96 53 viz.,

198 2788 96 42 that
347 2804 113 28 none
513 2790 45 42 of
611 2790 119 43 them
775 2790 179 43 include
1008 2791 173 43 records
1226 2792 44 41 of
1324 2791 298 56 pathological
1670 2792 201 44 changes.

197 2860 215 42 Whether
447 2876 46 27 or
529 2867 77 36 not
638 2862 105 44 Nos.
775 2862 41 52 4,
841 2864 38 51 5,
904 2863 38 42 6,
966 2862 87 43 and
1078 2862 25 47 7
1139 2863 91 42 will
1266 2868 76 53 yet
1376 2863 214 43 establish
1626 2864 68 43 for
1730 2864 142 43 thein-

247 2973 11 22 1
286 2971 158 37 Fortsch.
464 2971 62 37 der
544 2972 111 45 Med.,
673 2972 40 36 ii.
737 2973 107 46 1886,
863 2985 37 36 p.
922 2974 86 36 463.

245 3033 14 23 2
286 3034 81 44 See,
394 3032 58 37 for
477 3033 185 49 example,
689 3033 47 37 A.
768 3034 103 46 Pick,
900 3034 77 36 Ein
996 3035 78 47 fall
1105 3035 290 37 transcorticaler
1426 3036 244 37 Sensorischer
1696 3037 176 37 Aphasie,

196 3100 149 37 Neurol.
371 3098 191 48 Centrabl.,
583 3099 164 49 Leipzig,
771 3103 105 34 1890,
892 3101 52 36 ix.
964 3113 36 36 p.
1021 3104 72 34 646
1111 3114 8 31 ;
1144 3101 75 36 and
1238 3102 45 37 G.
1306 3102 136 37 Brock,
1466 3102 111 37 Ueber
1594 3102 106 37 cinen
1710 3103 78 47 fall
1806 3116 69 24 von

194 3161 288 37 transcorticaler
503 3161 234 37 Motorischer
755 3162 165 48 Aphasic
939 3161 257 49 (Graduation
1215 3162 163 49 Thesis),
1402 3165 105 35 1892.
