2113 3404
811 203 86 34 THE
929 205 242 35 DISOltDEKS
1204 208 52 31 OF
1289 209 173 31 SPEECH.

327 189 85 46 278

328 334 99 42 may
450 320 89 43 also
563 322 96 42 flow
692 323 45 41 in
769 323 73 43 the
866 326 194 53 opposite
1083 326 221 44 direction.
1366 327 129 43 Thus,
1516 327 46 42 in
1593 331 139 38 motor
1752 328 187 51 aphasia,

326 391 46 40 in
406 390 140 44 which
580 392 36 42 B
648 393 36 42 is
716 393 239 57 destroyed,
988 395 74 43 the
1094 397 200 55 auditory
1326 397 161 56 images
1514 397 46 41 of
1589 397 136 42 words
1766 411 110 41 may,
1899 402 43 37 to

327 475 118 30 some
467 467 153 38 extent
642 468 45 38 at
708 463 121 52 least,
850 465 52 42 be
924 466 176 42 revived
1123 471 45 37 at
1189 468 52 49 A,
1264 467 55 55 by
1340 467 260 43 descending
1622 471 191 38 currents
1838 468 103 41 from

329 533 73 43 the
425 534 286 56 sense-image
734 539 181 39 centres,
933 549 46 29 so
1002 536 94 42 that
1119 537 73 42 the
1215 537 168 55 patient
1405 551 98 41 may
1525 537 52 42 be
1600 537 94 42 able
1716 541 44 38 to
1781 537 83 42 call
1887 551 57 41 up

328 604 139 42 words
499 604 46 40 in
578 603 73 42 the
683 603 135 51 mind,
853 604 164 56 though
1055 606 157 41 unable
1246 610 43 37 to
1323 610 115 38 utter
1470 606 130 42 them.
1662 606 53 41 In
1748 606 197 55 auditory

329 674 190 56 aphasia,
541 674 47 42 in
613 674 140 42 which
774 675 43 41 A
838 675 37 42 is
897 675 241 57 destroyed,
1161 677 36 41 it
1218 677 36 41 is
1287 681 77 37 not
1386 690 45 29 so
1453 677 163 42 certain
1650 677 95 41 that
1767 691 24 27 a
1811 682 136 36 motor

329 745 139 56 image
486 745 164 42 formed
673 749 45 37 at
741 745 36 41 B
800 759 91 37 can,
908 745 58 55 by
984 746 191 56 exciting
1198 746 177 55 upward
1398 751 193 38 currents
1614 747 108 41 from
1745 747 48 41 B,
1811 747 135 41 throw

330 830 23 27 a
372 815 129 42 reflex
525 814 45 42 of
584 815 121 41 itself
723 815 111 41 back
855 815 93 41 into
970 815 74 42 the
1067 817 283 55 sense-image
1369 821 178 38 centres,
1563 831 45 28 so
1626 831 46 28 as
1690 821 43 38 to
1750 818 109 41 keep
1876 817 73 42 the

331 885 121 41 mind
475 884 215 42 informed
713 885 43 41 of
779 884 73 42 the
876 885 203 55 meaning
1101 886 44 40 of
1167 885 72 43 the
1257 886 139 42 words
1418 887 96 41 that
1530 900 71 28 are
1622 887 126 55 being
1769 886 181 43 uttered.

329 956 55 41 In
408 969 130 28 many
562 968 116 29 cases
702 955 43 41 of
766 954 201 56 auditory
985 955 187 55 aphasia,
1197 956 73 42 the
1293 956 167 55 patient
1477 971 137 28 seems
1638 961 43 38 to
1703 957 109 41 have
1833 956 114 42 little

331 1026 323 42 consciousness
678 1026 46 40 of
743 1025 73 42 the
838 1025 140 42 words
1002 1025 51 42 he
1077 1026 36 42 is
1137 1027 126 41 using
1286 1032 44 36 at
1351 1027 48 41 B,
1417 1027 82 41 and
1523 1027 129 42 often,
1670 1027 45 41 in
1738 1027 97 41 fact,
1854 1040 94 28 uses

331 1111 145 26 wrong
510 1095 137 42 words
672 1095 184 42 without
887 1095 205 42 knowing
1123 1096 96 41 that
1241 1096 53 42 he
1316 1097 36 41 is
1375 1097 129 55 doing
1532 1111 56 28 so.
1651 1098 87 40 But
1761 1097 35 41 it
1818 1097 35 41 is
1877 1101 74 37 not

332 1166 268 55 improbable
644 1165 96 42 that
776 1166 144 41 future
963 1166 175 41 inquiry
1177 1167 90 40 will
1304 1167 118 41 show
1458 1167 97 41 that
1596 1167 119 41 there
1757 1167 36 41 is
1834 1171 118 51 great

332 1241 215 38 variation
581 1236 45 41 in
659 1236 87 42 this
779 1239 176 51 respect.
1019 1237 122 42 Even
1173 1251 108 37 now,
1316 1251 63 28 we
1411 1250 79 29 can
1521 1251 75 28 say
1629 1237 95 42 that
1758 1237 46 41 in
1836 1250 115 29 some

332 1322 119 28 cases
473 1307 120 43 there
625 1307 37 42 is
695 1306 203 43 evidence
931 1306 43 42 of
1006 1307 106 42 such
1144 1321 24 27 a
1200 1307 130 42 reflex
1363 1307 127 42 being
1515 1307 167 41 thrown
1715 1307 107 42 back
1844 1307 108 41 from

333 1380 38 41 B
403 1382 44 39 to
480 1378 73 42 the
587 1377 132 43 mind.
781 1377 137 43 These
950 1378 159 54 points,
1130 1378 46 41 in
1208 1377 84 43 due
1324 1391 159 29 course,
1506 1377 89 42 will
1626 1378 52 41 be
1709 1376 244 43 illustrated

335 1450 59 55 by
417 1448 232 49 examples.

393 1521 77 55 (2.)
503 1520 89 42 The
615 1519 191 56 diagram
831 1519 120 56 gives
978 1533 55 28 no
1055 1519 238 41 indication
1315 1519 45 41 of
1383 1518 73 42 the
1478 1518 89 42 fact
1589 1518 105 42 that,
1718 1518 143 42 whilst
1882 1518 72 41 the

336 1592 161 42 images
516 1590 139 42 which
675 1604 52 41 go
746 1595 43 36 to
805 1590 108 41 form
931 1589 73 42 the
1024 1589 357 54 Object-Percept
1403 1603 69 28 are
1494 1589 207 55 probably
1722 1587 233 56 imprinted

338 1662 174 56 equally
536 1661 110 42 well,
679 1675 45 27 or
756 1674 158 28 almost
945 1659 173 56 equally
1142 1659 110 42 well,
1274 1659 45 41 in
1352 1659 104 41 both
1487 1659 291 55 hemispheres
1810 1659 46 41 of
1883 1658 73 42 the

338 1736 134 41 brain,
492 1735 72 41 the
582 1734 161 41 images
761 1732 142 42 which
920 1746 52 42 go
990 1737 44 37 to
1052 1732 110 41 form
1179 1731 74 42 the
1270 1731 342 42 Word-Percept
1634 1745 69 28 are
1724 1729 233 56 imprinted

339 1805 236 43 efficiently
597 1805 45 40 in
677 1817 80 28 one
791 1802 274 55 hemisphere
1103 1801 114 55 only.
1278 1801 102 42 This
1416 1801 238 49 difference,
1676 1814 45 28 as
1752 1814 64 28 we
1849 1799 108 42 have

339 1891 115 28 seen,
490 1876 36 41 is
563 1875 96 42 best
695 1872 231 56 explained
964 1873 57 41 by
1058 1872 74 42 the
1170 1871 212 42 closeness
1419 1871 46 41 of
1493 1875 223 38 educative
1745 1870 213 42 attention

339 1946 200 44 required
562 1946 64 41 for
648 1944 74 42 the
741 1943 189 43 efficient
951 1941 301 57 imprintation
1276 1941 42 42 of
1341 1941 72 42 the
1436 1941 197 42 intricate
1651 1941 306 54 word-images.

401 2019 77 55 (3.)
511 2017 89 42 The
622 2016 192 41 diagram
836 2014 100 41 does
960 2018 75 37 not
1057 2013 186 41 indicate
1267 2012 73 42 the
1362 2011 187 56 possible
1576 2010 316 56 juxtaposition
1912 2010 48 42 in

342 2090 74 42 the
448 2087 123 43 brain
603 2087 44 41 of
679 2099 55 28 an
756 2085 338 54 object-percept
1115 2083 138 41 image
1277 2082 105 41 with
1405 2095 79 28 one
1506 2081 44 42 of
1570 2081 56 42 its
1648 2094 312 41 word-percept

344 2160 171 40 images.
577 2156 117 41 Take
729 2154 73 42 the
837 2153 142 42 object
1014 2168 27 26 a
1075 2153 85 41 bell,
1195 2152 85 41 and
1313 2152 73 41 the
1421 2151 116 42 word
1570 2150 155 43 "bell."
1792 2150 92 42 One
1918 2150 42 41 of

344 2231 73 41 the
449 2229 161 41 images
643 2241 45 27 or
718 2238 228 28 memories
971 2223 140 42 which
1139 2237 52 42 go
1225 2226 44 38 to
1292 2222 109 42 form
1424 2221 73 42 the
1519 2221 333 55 object-percept
1873 2220 46 41 of
1937 2234 23 26 a

346 2299 86 42 bell
468 2298 37 41 is
543 2297 73 42 the
655 2308 355 30 sound-memory
1049 2293 44 41 of
1123 2293 57 41 its
1218 2291 134 55 clang.
1415 2291 122 52 Now,
1574 2290 87 42 this
1698 2302 190 41 memory
1924 2288 37 41 is

345 2367 238 45 imprinted
619 2367 46 40 in
702 2366 73 41 the
812 2365 200 54 auditory
1050 2362 282 55 sense-image
1365 2375 154 37 centre,
1551 2359 191 56 possibly
1773 2360 47 40 in
1851 2372 110 28 close

342 2437 319 60 juxtaposition
685 2440 105 37 with
824 2435 73 41 the
930 2433 137 43 sound
1100 2446 191 28 memory
1324 2431 46 42 of
1392 2431 73 42 the
1499 2430 114 42 word
1645 2429 158 42 "bell."
1863 2429 99 51 But,

347 2526 45 27 as
416 2507 217 44 indicated
655 2520 145 29 above,
818 2505 74 42 the
911 2518 189 28 memory
1119 2504 46 41 of
1184 2503 73 41 the
1275 2502 123 55 clang
1420 2502 35 41 is
1473 2500 234 55 imprinted
1729 2499 232 56 efficiently

348 2583 44 40 in
427 2580 103 42 both
563 2577 198 55 auditory
785 2575 283 54 sense-image
1091 2586 179 29 centres,
1293 2572 84 42 and
1408 2571 95 42 that
1535 2571 46 41 of
1608 2570 72 42 the
1713 2569 116 43 word
1861 2569 101 55 only

349 2652 46 41 in
417 2663 80 29 one
521 2648 45 43 of
586 2647 129 43 them.

408 2720 79 56 (4.)
518 2718 42 42 A
591 2717 191 43 diagram
816 2717 159 40 cannot
1007 2712 118 43 show
1156 2712 108 50 how,
1286 2725 45 28 as
1363 2709 177 57 pointed
1572 2713 76 39 out
1678 2710 58 55 by
1769 2708 192 52 Charcot,

351 2793 73 43 the
458 2796 84 37 two
575 2787 299 44 word-images
905 2788 45 39 at
970 2783 43 43 A
1034 2783 85 43 and
1141 2783 36 41 B
1202 2796 97 41 may
1321 2781 108 43 have
1452 2795 24 28 a
1497 2780 177 43 relative
1702 2780 261 54 importance

351 2866 96 40 that
479 2860 145 44 differs
655 2858 47 42 in
734 2857 202 42 different
967 2853 162 57 people.
1193 2853 42 41 It
1268 2851 89 42 will
1388 2850 52 43 be
1472 2848 291 45 remembered
1793 2851 96 39 that
1919 2847 46 42 in

351 2934 114 41 most
486 2940 152 45 people
661 2925 73 43 the
755 2923 173 44 leading
950 2921 85 43 and
1064 2934 117 29 more
1212 2920 236 55 important
1475 2917 139 56 image
1645 2917 36 42 is
1713 2914 252 56 apparently

353 3004 97 42 that
481 3004 44 38 at
557 2998 53 43 A,
632 3011 45 30 so
709 2995 96 44 that
828 2997 112 40 most
971 2992 151 56 people
1145 3005 98 28 may
1266 2990 52 43 be
1351 2988 162 44 termed
1537 2987 211 55 aiiditifs;
1779 2999 187 29 whereas
