1478 2662
67 84 52 38 go

498 83 64 41 Dr
581 87 278 41 Abercrombie
876 102 48 26 on
943 95 58 39 the

76 201 67 26 are
160 189 156 53 already
333 203 41 26 in
394 205 22 25 a
435 198 97 33 state
550 192 179 40 oUctive
753 196 289 47 inflammation.
1098 206 22 38 I
1153 205 97 43 have
1279 211 177 49 formerly

78 241 171 41 referred
268 251 41 31 to
328 258 24 25 a
368 244 78 40 fact
471 246 127 39 which
616 247 32 38 is
666 262 79 26 also
772 251 46 39 of
843 256 172 40 essential
1042 258 239 53 importance
1310 267 40 38 in
1381 272 75 37 this

73 310 155 39 inquiry
247 312 12 31 ;
287 306 98 39 that,
404 299 111 39 when
533 302 222 49 purgatives
773 306 50 38 do
841 318 155 42 operate
1015 311 40 38 in
1075 326 103 26 cases
1196 317 46 38 of
1254 319 73 39 this
1346 321 92 40 kind

74 359 91 44 they
184 352 195 52 generally
397 353 117 52 bring
540 354 61 38 oft'
624 357 164 54 nothing
816 360 66 40 but
910 377 141 38 watery
1069 375 180 40 matters;
1278 374 76 38 and
1374 376 82 39 that

74 405 32 37 it
124 405 32 38 is
174 419 91 37 only
282 404 90 39 aftei
397 406 66 39 the
488 408 145 39 disease
650 410 31 38 is
710 413 185 46 subduedj
916 417 76 38 and
1013 418 66 39 the
1106 421 136 42 bowels
1270 426 95 40 have
1396 442 61 25 re-

74 458 165 38 covered
266 458 102 38 their
393 460 156 53 healthy
575 470 142 40 action,
745 474 82 32 that
858 469 96 39 solid
982 470 98 40 feces
1114 488 66 26 are
1209 485 148 33 thrown
1388 481 61 38 olF

74 512 142 46 which,
247 525 56 25 we
321 512 98 40 have
437 528 114 39 every
569 530 132 26 reason
722 527 39 31 to
781 520 155 47 believe,
957 524 75 38 had
1053 526 94 40 been
1179 532 160 48 lodging
1357 535 100 38 from

73 573 68 31 the
160 577 331 32 commencement
510 569 47 38 of
579 570 64 38 the
663 571 154 41 disease.
875 578 131 37 There
1029 593 79 34 are,
1129 582 105 47 then,
1245 564 83 60 two
1347 588 112 38 views

72 618 53 39 of
149 619 77 39 this
253 620 213 51 important
492 623 143 39 subject
663 626 122 39 which
807 628 20 38 I
846 630 142 39 submit
1007 632 58 38 for
1083 635 268 44 investio-ation
1380 642 77 38 and

72 673 168 52 inquiry.
297 676 73 50 (1.)
392 675 103 40 That
514 677 40 38 in
575 686 63 30 the
657 692 103 26 cases
778 682 124 38 which
923 684 17 36 I
960 684 96 40 have
1075 692 223 40 consid^ed
1326 709 40 24 as
1393 709 67 35 pe-

74 727 184 47 ritonitis,
279 728 40 38 in
339 729 124 39 which
481 739 220 42 purgatives
718 743 157 42 operate
903 736 105 53 fully,
1032 755 52 24 we
1116 742 96 41 have
1243 759 52 26 no
1323 762 135 25 reason

73 788 43 31 to
134 782 178 38 consider
331 782 99 39 their
448 795 201 40 operation
669 800 40 24 as
728 787 197 41 beneficial
943 791 143 55 during
1105 804 65 32 the
1197 807 122 32 active
1351 809 106 32 sta<re

74 834 47 39 of
133 834 66 39 the
218 835 154 39 disease.
429 839 71 49 (2.)
531 838 105 38 That
653 852 41 25 in
714 847 65 32 the
797 856 103 25 cases
929 844 48 38 of
1000 860 141 37 proper
1168 854 171 38 enteritis
1359 857 99 36 their

73 890 204 49 operation
310 890 30 38 is
369 890 175 40 defeated
577 892 48 52 by
645 901 65 31 the
741 908 88 40 very
850 897 143 41 disease
1022 902 90 39 with
1146 906 124 38 which
1302 922 58 24 we
1391 923 66 25 are

71 943 250 52 contending.

126 996 48 38 In
194 1004 66 30 the
278 1005 205 31 treatment
501 998 46 38 of
559 1001 184 46 enteritis,
764 1002 154 47 indeed,
938 1005 29 38 it
986 1006 31 39 is
1035 1008 46 38 of
1101 1012 174 39 essential
1294 1014 162 39 import-

72 1063 97 25 ance
188 1057 83 31 that
289 1051 67 38 the
383 1052 196 39 intestines
611 1054 138 39 should
784 1056 47 38 be
858 1057 92 51 kept
982 1060 77 40 free
1091 1062 98 40 from
1222 1066 205 40 distention
1444 1082 12 31 ;

71 1104 71 38 but
165 1104 31 38 it
223 1105 32 36 is
287 1118 23 24 a
342 1113 112 43 point
480 1105 206 56 deserving
704 1118 100 29 most
822 1112 183 39 attentive
1022 1115 153 53 inquiry
1195 1119 168 40 whether
1382 1123 75 36 this

71 1170 91 40 may
180 1165 69 30 not
277 1158 40 38 in
336 1159 155 52 general
512 1160 47 38 be
577 1161 102 39 done
699 1163 48 51 by
767 1176 129 26 means
915 1166 124 38 which
1065 1183 65 24 are
1151 1172 91 38 both
1262 1187 98 25 safer
1377 1175 79 38 and

73 1225 111 24 more
203 1211 175 39 effectual
397 1220 91 31 than
509 1223 66 30 the
594 1229 66 25 use
678 1217 46 37 of
747 1226 243 43 purgatives;
1020 1224 245 52 particularly
1285 1236 169 30 whether

71 1265 111 38 there
203 1265 46 39 be
269 1275 82 39 not,
372 1267 40 37 in
442 1277 65 28 the
526 1269 184 53 ordinary
728 1283 102 26 cases
849 1271 45 37 of
911 1276 185 46 enteritis,
1118 1291 49 23 an
1187 1279 126 39 action
1332 1282 40 37 in
1393 1282 65 38 the

71 1318 158 53 healthy
248 1328 87 42 part
363 1320 46 39 of
434 1329 66 30 the
517 1324 108 37 canal
646 1324 110 44 itself,
776 1324 125 39 which
928 1328 126 38 would
1073 1344 146 26 answer
1238 1347 111 25 everv
1367 1348 91 38 pur-

69 1386 95 39 pose
182 1382 85 30 that
285 1387 71 25 can
377 1375 47 38 be
443 1375 165 48 desired,
629 1377 66 39 did
715 1387 106 30 there
840 1387 69 31 not
927 1382 97 38 exist
1042 1397 105 25 some
1168 1395 109 41 great
1295 1397 166 30 obstacle

70 1435 42 30 to
131 1428 48 38 its
199 1436 141 39 action,
361 1429 78 38 and
460 1429 170 39 whether
648 1446 73 24 our
739 1432 124 52 object
881 1435 121 51 ought
1021 1445 69 30 not
1109 1446 40 30 to
1168 1439 47 39 be
1240 1450 41 29 to
1307 1455 154 25 remove

71 1481 77 38 this
167 1481 169 40 obstacle
354 1490 131 31 rather
513 1492 94 30 than
637 1492 40 32 to
704 1485 170 39 increase
894 1494 64 31 the
977 1491 136 37 action*
1124 1491 108 40 itself.
1287 1494 87 39 The
1391 1495 69 39 ob-

70 1543 118 31 stacle
207 1536 116 38 arises
342 1536 100 40 from
462 1537 65 38 the
545 1538 195 39 deranged
756 1549 127 29 action
903 1541 45 38 of
960 1542 65 38 the
1043 1543 180 41 inflamed
1241 1560 117 38 parts,
1379 1549 77 38 and

69 1597 69 31 the
155 1589 108 39 chief
276 1603 131 25 means
426 1591 50 50 by
492 1591 122 38 which
635 1594 29 36 it
683 1594 30 36 is
733 1600 39 31 to
793 1594 46 36 be
858 1596 178 38 removed
1057 1611 64 24 are
1140 1598 108 40 those
1267 1601 50 52 by
1331 1602 124 38 which

71 1656 58 24 we
147 1643 149 39 subdue
315 1646 65 36 the
400 1645 280 39 inflammation
699 1661 11 30 ;
741 1647 68 38 but
829 1647 107 39 there
955 1648 31 38 is
1011 1664 23 23 a
1053 1653 181 48 powerful
1252 1656 202 46 auxiliary,

69 1696 130 39 which
219 1698 21 36 I
260 1697 114 39 think
392 1699 31 38 is
438 1699 208 39 calculated
666 1708 40 31 to
725 1714 146 25 answer
885 1708 66 32 the
968 1716 166 37 purpose
1152 1704 59 40 for
1225 1708 122 38 which
1367 1723 92 36 pur-

72 1758 148 44 gatives
239 1765 65 24 are
322 1766 127 38 given,
470 1753 76 38 and
567 1753 83 39 that
669 1754 31 38 is
719 1763 65 30 the
803 1755 159 39 tobacco
982 1758 191 50 injection.
1232 1761 21 38 I
1270 1762 95 38 have
1384 1762 74 38 for-

71 1817 124 38 merly
213 1804 150 39 alluded
393 1815 41 29 to
462 1814 66 31 the
554 1816 246 42 precautions
819 1808 90 38 with
930 1809 123 40 which
1073 1811 74 40 this
1165 1826 91 41 very
1273 1816 185 50 powerful

72 1871 160 38 remedy
251 1857 122 53 ought
392 1868 41 30 to
459 1859 50 39 be
535 1860 273 41 administered
824 1878 11 29 ;
866 1872 65 28 the
949 1874 109 41 great
1076 1866 213 55 advantage
1307 1870 150 38 attend-

73 1914 70 51 ing
160 1920 68 30 the
248 1925 66 24 use
339 1912 46 38 of
402 1913 31 37 it
459 1914 41 37 in
525 1916 172 37 enteritis
716 1916 45 44 is,
780 1924 96 38 that,
898 1916 110 40 while
1025 1919 31 37 it
1075 1927 109 32 tends
1205 1930 39 31 to
1264 1937 111 25 move
1391 1923 66 39 the

74 1967 140 38 bowels
233 1965 77 39 and
329 1965 97 51 keep
447 1966 105 40 them
570 1968 80 39 free
676 1970 99 37 from
802 1970 223 48 distention,
1056 1973 29 38 it
1112 1975 45 45 is,
1187 1984 39 30 at
1258 1986 65 29 the
1353 1990 103 25 same

72 2028 107 38 time,
212 2018 221 53 powerfully
458 2021 207 39 calculated
696 2031 39 30 to
765 2023 96 51 allay
887 2037 172 28 vascular
1084 2036 143 40 action,
1259 2031 77 38 and
1367 2043 87 39 may

74 2084 91 29 thus
185 2075 108 38 assist
311 2075 41 37 in
371 2073 168 53 keeping
556 2075 114 39 down
691 2076 65 40 the
774 2077 291 40 Inflammation.

74 2162 3 5 .
129 2129 129 39 These
276 2128 205 51 principles
502 2128 20 38 I
543 2129 143 40 submit
712 2131 60 39 for
800 2131 144 39 farther
971 2133 278 52 investigation.
1307 2134 147 42 Several

74 2183 96 39 facts
189 2181 125 40 which
336 2182 19 39 I
375 2181 97 39 have
490 2181 141 40 related
652 2186 184 50 certainly
855 2185 87 53 give
968 2189 262 38 considerable
1262 2203 132 25 reason
1414 2197 39 31 to

74 2236 158 45 believe,
252 2236 97 48 that,
369 2236 111 38 when
500 2235 65 39 the
585 2237 192 40 intestinal
795 2239 107 38 canal
921 2239 32 38 is
972 2241 38 37 in
1031 2255 22 24 a
1071 2249 96 31 state
1190 2242 46 39 of
1258 2244 120 37 active
1396 2244 56 36 in-

73 2290 255 47 flammation,
361 2290 65 39 the
453 2297 190 45 tendency
677 2292 48 38 of
745 2293 219 50 purgatives
994 2295 31 37 is
1058 2304 129 30 rather
1216 2305 40 29 to
1286 2297 165 37 increase

74 2343 96 39 than
190 2345 193 44 diminislt.
393 2344 64 39 the
476 2343 170 48 disease;
676 2347 76 37 and
770 2347 19 37 I
809 2347 112 38 think
941 2348 20 36 I
981 2361 62 24 am
1063 2350 209 38 warranted
1293 2350 38 37 in
1357 2362 89 38 pro-

73 2397 141 52 posing
231 2398 77 37 this
326 2397 234 40 rule,that
578 2405 89 45 they
686 2413 65 24 are
769 2408 69 30 not
857 2410 40 28 to
925 2401 47 38 be
998 2403 224 38 considered
1251 2416 39 25 as
1317 2417 22 23 a
1365 2406 83 46 part

73 2450 47 40 of
133 2450 66 39 the
217 2457 206 34 treatment
441 2453 44 38 of
498 2451 183 47 enteritis,
703 2453 68 38 but
790 2461 129 30 rather
947 2462 39 30 to
1014 2455 48 39 be
1088 2455 174 46 avoided,
1283 2455 34 37 if
1338 2455 29 36 it
1400 2455 45 37 be

74 2504 191 52 possible;
295 2505 83 38 that
396 2508 31 36 is
447 2514 40 31 to
505 2519 78 38 say,
604 2514 137 30 except
758 2514 108 31 there
884 2507 97 39 exist
999 2522 105 25 some
1122 2518 133 40 strong
1281 2506 75 38 and
1382 2507 63 37 de-

75 2559 111 40 cided
207 2571 135 27 reason
364 2559 57 44 for
441 2560 142 52 having
601 2572 176 28 recourse
805 2569 40 31 to
872 2560 119 40 them.
1047 2563 119 38 What
1185 2570 63 30 the
1267 2573 100 26 cases
1386 2571 60 27 are
