1972 3202
409 281 91 48 Il6
684 297 96 31 THE
805 295 173 32 KAHAU
1006 295 56 31 OR
1085 292 235 33 PROBOSCIS
1344 290 216 35 MONKET.

397 422 49 45 of
463 429 77 38 the
564 421 82 47 tail
670 423 90 45 and
782 422 138 46 lower
942 426 101 56 part
1067 418 51 47 of
1131 419 79 45 the
1234 418 126 53 back,
1385 417 38 46 is
1446 416 51 47 of
1511 432 27 30 a
1559 413 205 48 reddish-

400 500 155 45 brown
589 500 161 45 colour.
819 499 98 46 The
951 497 161 46 female
1145 495 38 46 is
1218 496 110 54 said,
1359 496 63 60 by
1446 494 239 52 Audibert,
1716 497 46 40 to

401 581 125 40 want
548 576 80 46 the
649 574 346 48 light-coloured
1016 574 228 44 markings
1268 587 56 31 on
1347 572 79 44 the
1452 572 128 51 back,
1606 569 88 45 and
1718 574 46 39 to

400 652 56 44 be
492 653 152 45 rather
672 653 87 45 less
791 652 49 46 in
874 651 119 54 size;
1041 656 80 39 the
1155 664 106 31 nose
1302 649 90 45 and
1430 646 94 46 face
1559 661 74 30 are
1664 644 48 46 of
1738 660 27 28 a

400 730 382 46 blackish-brown
835 729 161 53 colour,
1053 733 79 39 the
1175 726 179 46 nostrils
1400 740 74 30 are
1517 722 156 62 placed
1719 727 47 38 at

401 811 79 40 the
510 813 261 56 extremity,
797 806 89 46 and
914 812 113 53 they
1051 819 82 30 can
1163 804 55 45 be
1249 804 151 44 blown
1428 817 61 45 up
1514 815 46 31 or
1583 797 184 47 swelled

739 1863 90 32 Nose
843 1873 77 23 seen
933 1865 85 31 from
1032 1865 152 35 beneath,
1199 1864 84 30 from
1298 1863 170 31 Audibert.

422 2007 46 39 to
493 2015 27 30 a
550 1997 300 47 considerable
873 1999 103 45 size.
1061 2000 166 45 Messrs
1253 1999 162 46 Vigors
1449 1999 88 44 and
1563 1998 224 46 Horsfield

423 2077 118 45 have
579 2075 132 61 given
749 2081 79 39 the
863 2074 153 62 profile
1047 2074 50 47 of
1133 2082 188 39 another
1354 2076 213 60 monkey,
1597 2075 190 61 brought

424 2151 113 46 from
577 2151 78 45 the
692 2151 155 46 Island
886 2151 50 46 of
964 2153 186 53 Borneo,
1197 2152 48 45 in
1289 2152 148 45 which
1481 2158 78 38 the
1602 2167 104 29 nose
1750 2152 37 44 is

428 2228 193 61 scarcely
657 2228 230 45 one-third
923 2227 50 46 of
1008 2229 78 44 the
1124 2229 170 61 length,
1336 2229 89 44 and
1464 2228 37 44 is
1541 2234 248 39 somewhat

429 2304 163 46 turned
614 2304 105 45 up.*
791 2304 130 61 They
946 2311 175 54 suspect
1149 2311 102 39 that
1273 2305 91 44 this
1400 2305 37 44 is
1469 2312 78 37 the
1575 2320 152 45 young
1750 2303 45 46 of

429 2389 79 38 the
547 2382 217 60 proboscis
803 2396 213 46 monkey,
1043 2381 162 53 which,
1244 2380 41 46 if
1316 2397 178 39 correct,
1533 2381 95 45 will
1669 2382 124 45 show

431 2465 101 39 that
564 2465 77 38 the
676 2458 251 45 elongation
955 2458 37 45 is
1022 2458 135 45 much
1186 2459 254 60 dependent
1471 2474 119 45 upon
1613 2465 78 38 the
1714 2473 80 30 age

685 2587 21 21 •
737 2586 204 49 Zoological
962 2586 168 44 Jounial,
1156 2586 74 39 No,
1253 2585 124 38 XIII.
1403 2600 33 34 p.
1461 2587 83 35 110.
