1933 3302
164 92 52 38 56

469 90 173 42 Diagnose
668 92 59 31 der
752 96 112 28 ersten
888 94 161 41 Anlange
1073 94 59 32 des
1156 95 316 32 Hospitalbrandes.

164 212 77 24 von
272 212 127 25 einem
431 198 189 39 Kranken
650 201 73 37 mit
753 201 126 38 einem
909 214 184 37 grossen,
1123 202 292 52 missfarbigen,
1446 205 327 41 kraterförmigen

166 251 239 40 Geschwüre
435 252 40 38 in
506 253 68 37 der
605 254 283 47 Achselhöhle,
929 256 137 37 dessen
1096 255 241 52 Umgebung
1374 258 195 39 bretthart
1602 262 173 37 infiltrirt

166 321 93 23 war.
300 306 85 38 Seit
415 306 128 38 einem
571 307 143 39 halben
735 308 122 39 Jahre
888 308 109 38 hatte
1029 309 126 37 dieser
1176 309 161 40 Kranke
1359 325 49 24 an
1429 311 248 54 Schwellung
1707 316 67 37 der

166 360 295 38 Achseldrüsen
491 361 179 51 gelitten.
731 362 83 38 Aus
846 363 68 37 der
945 361 346 41 Aufbruchsstelle
1331 366 126 37 dieser
1487 366 287 47 (tuberculösen

167 412 171 52 [Verf.])
379 414 158 38 Drüsen
576 430 81 23 war
696 416 68 37 das
804 415 216 39 Geschwür
1060 418 242 38 entstanden.
1360 419 75 38 Die
1474 419 156 39 Wunde
1667 421 108 39 hatte

165 481 104 25 zwar
318 468 67 37 das
432 468 206 40 Aussehen
687 470 67 37 des
802 470 191 49 pulpösen
1034 470 351 50 Hospitalbrandes
1433 473 70 37 auf
1546 473 229 40 indurirtem

166 521 173 47 Grunde,
373 522 98 38 doch
501 524 147 37 konnte
680 524 61 37 die
773 524 138 45 derbe,
952 524 270 39 entzündliche
1253 525 234 40 Infiltration
1525 528 67 38 des
1627 541 148 37 ganzen

165 576 274 48 Vorderarms,
471 577 61 38 die
562 577 203 38 Resistenz
796 590 131 37 gegen
956 577 315 49 Kauterisation,
1302 580 132 38 ferner
1465 581 60 37 die
1555 581 220 39 Beschäfti-

165 630 252 50 gimgsweise
439 632 67 36 des
526 630 210 39 Patienten
756 631 104 38 wohl
887 632 61 37 die
969 631 200 51 Diagnose
1201 634 105 38 eines
1337 634 253 40 chronischen
1613 636 161 38 Wurm-

165 684 253 50 geschwüres
448 698 286 25 unterstützen.
792 685 74 38 Die
897 685 196 38 Aifection
1124 687 137 38 erwies
1290 688 79 38 sich
1399 689 41 37 in
1470 689 68 38 der
1566 689 124 39 Folge
1720 690 57 38 als

165 737 325 40 Hospitalbrand.

297 793 91 37 Viel
427 793 254 50 schwieriger
720 793 56 38 als
815 793 61 37 die
915 792 200 52 Diagnose
1154 794 119 38 schon
1311 796 269 39 entwickelter
1609 797 167 39 Formen

166 847 68 38 des
256 847 355 50 Hospitalbrandes
631 847 52 37 ist
704 848 67 36 das
791 847 215 37 Erkennen
1028 848 68 37 der
1127 850 156 36 ersten
1303 849 234 51 Anfänge,
1569 852 55 37 sei
1654 865 39 25 es
1714 852 63 38 bei

167 901 75 38 den
271 901 204 39 ulcerösen
506 902 94 37 oder
622 902 74 37 den
717 901 412 50 diphtheritisähnlich
1158 902 274 51 beginnenden
1451 904 179 39 Formen.
1670 906 107 37 Aber

166 956 147 49 gerade
343 956 40 37 in
415 956 68 37 der
512 955 298 50 rechtzeitigen,
843 955 34 37 d.
900 955 37 37 h.
960 955 91 38 sehr
1080 956 140 38 frühen
1242 957 197 50 Diagnose
1471 959 67 37 der
1558 959 221 38 Krankheit

165 1010 101 50 liegt
305 1010 68 38 der
412 1009 292 39 Schwerpunkt
746 1009 149 38 sowohl
934 1010 63 37 für
1039 1011 61 37 die
1139 1010 259 52 Behandlung
1437 1013 66 37 des
1543 1014 234 37 ergriffenen

166 1064 191 38 Kranken
405 1064 57 38 als
503 1064 99 38 auch
646 1064 212 37 besonders
902 1077 69 24 zur
1014 1064 237 51 Verhütung
1293 1066 67 37 der
1401 1065 265 52 Ausbreitung
1711 1068 67 37 der

168 1118 237 38 Krankheit.
466 1117 130 39 Schon
634 1118 163 38 Heine
841 1118 80 38 und
965 1121 132 47 später
1136 1118 164 39 Hüter
1342 1120 133 50 legten
1514 1121 156 37 hierauf
1705 1122 74 36 den

167 1175 181 48 grössten
370 1172 146 38 Werth
536 1173 80 37 und
637 1172 257 38 berichteten,
927 1173 88 37 dass
1036 1174 146 49 gerade
1211 1173 53 37 im
1285 1173 238 39 Verkennen
1554 1175 67 37 der
1651 1178 128 34 ersten

167 1227 401 38 charakteristischen
599 1226 467 39 Wundveränderungen
1106 1227 67 37 der
1214 1227 224 38 Krankheit
1473 1228 79 37 fort
1589 1229 77 37 und
1703 1228 79 38 fort

167 1282 320 49 therapeutische
531 1280 466 51 Unterlassungssünden
1045 1281 210 51 begangen
1304 1282 180 38 würden,
1535 1282 145 38 welche
1724 1286 58 34 oft

167 1349 136 37 genug
340 1336 40 37 in
417 1335 114 38 ihren
561 1335 152 38 Folgen
751 1335 108 38 nicht
898 1335 143 38 wieder
1080 1338 72 47 gut
1189 1335 183 51 gemacht
1409 1337 156 37 werden
1595 1337 183 37 könnten.

167 1389 165 39 Hüter
370 1391 93 37 wies
502 1389 208 52 Collegen,
750 1389 148 38 welche
936 1389 287 51 behaupteten,
1265 1389 308 39 Hospitalbrand
1607 1391 40 36 in
1676 1390 104 38 ihrer

167 1444 140 38 Praxis
323 1458 64 24 nie
405 1444 127 38 erlebt
547 1458 48 24 zu
610 1444 141 38 haben,
769 1444 71 37 auf
850 1443 110 38 ihren
978 1443 472 39 Krankenabtheilungen
1467 1444 313 38 unzweifelhafte

168 1499 111 38 Fälle
300 1513 78 24 "von
397 1499 293 50 beginnendem
711 1498 312 38 Hospitalbrand
1051 1498 112 38 nach.
1203 1497 68 39 Ich
1302 1498 79 38 will
1410 1498 107 38 nicht
1545 1498 234 46 behaupten,

170 1554 89 38 dass
288 1553 240 38 heutzutage
560 1566 42 25 so
639 1555 122 35 etwas
796 1552 108 38 nicht
942 1552 98 38 auch
1080 1552 82 38 sich
1203 1552 185 38 ereignen
1429 1553 148 37 könne,
1621 1566 57 24 wo
1719 1552 60 38 die

171 1607 264 39 Studirenden
466 1607 130 39 solche
618 1607 186 38 Anfänge
835 1620 76 24 von
933 1606 310 38 Hospitalbrand
1274 1607 37 36 in
1343 1607 67 37 der
1431 1606 135 38 Klinik
1596 1606 108 38 nicht
1733 1619 47 24 zu

169 1662 121 38 sehen
320 1662 237 38 bekommen
586 1662 79 37 und
695 1660 282 51 grossentheils
1009 1674 39 24 es
1088 1675 47 23 zu
1173 1660 178 38 mühsam
1393 1661 144 37 finden,
1570 1674 68 24 aus
1666 1660 113 38 theo-

168 1716 200 39 retischen
397 1716 276 38 Vorlesungen
702 1715 85 37 ihre
818 1715 237 37 Kenntnisse
1087 1729 47 23 zu
1164 1714 370 51 vervollständigen.

302 1771 79 38 Am
411 1771 299 49 schwierigsten
740 1769 188 51 gestaltet
958 1768 84 39 sich
1071 1769 60 38 die
1162 1768 198 38 Diagnose
1400 1769 68 37 der
1507 1781 154 25 ersten
1692 1767 88 38 An-

169 1825 145 38 fänge
347 1826 77 37 des
445 1824 435 39 Hospitalbrandes
910 1823 76 38 bei
1014 1822 212 39 frischen
1256 1822 229 46 Wunden,
1517 1835 41 25 so
1583 1822 115 50 lange
1721 1822 60 37 die

169 1879 212 39 Nekrosen
411 1879 100 38 noch
541 1879 108 38 nicht
678 1891 255 25 abgestossen
963 1878 97 37 sind.
1118 1877 111 38 Doch
1261 1877 154 50 ergiebt
1444 1877 59 37 die
1534 1876 246 49 anfängliche

172 1934 270 38 Trockenheit
471 1934 63 38 bei
561 1933 95 38 derb
677 1932 322 51 phlegmonösem
1020 1931 218 39 Verhalten
1260 1932 66 36 der
1355 1931 297 50 begrenzenden
1674 1929 108 38 Haut

169 1989 81 38 und
280 1991 134 35 später
445 1988 60 38 die
536 1988 128 38 dünne
686 1986 359 40 Jauchesecretion,
1077 1986 68 37 der
1170 1990 329 46 eigenthümliche
1521 1983 166 46 Geruch,
1720 1983 60 37 die

169 2043 195 38 intensive
396 2041 413 50 Schmerzhaftigkeit,
842 2041 66 37 das
940 2039 418 51 Allgemeinbefinden,
1390 2038 151 38 endlich
1571 2037 209 38 vornehm-

169 2098 80 37 lich
290 2098 68 37 der
399 2097 347 45 fortschreitende,
791 2099 274 47 geschwürige
1104 2093 145 39 Zerfall
1285 2093 276 37 hinreichende
1594 2091 186 38 Anhalts-

170 2154 152 49 punkte
343 2152 65 38 für
429 2152 61 38 die
511 2152 199 38 Diagnose
731 2151 53 36 im
807 2149 222 38 Gegensatz
1057 2162 46 23 zu
1125 2148 67 38 der
1213 2146 295 52 gewöhnlichen
1529 2145 251 39 Beschafi"en-

170 2207 84 38 heit
285 2207 125 38 einer,
442 2220 114 24 wenn
587 2205 99 39 auch
718 2207 71 35 mit
818 2203 220 39 brandigen
1066 2202 147 38 Fetzen
1242 2201 202 51 belegten,
1476 2200 304 50 phlegmonösen

175 2261 169 38 Wunde,
376 2261 148 38 welche
554 2261 91 37 bald
676 2260 141 38 dicken
846 2258 112 38 Eiter
987 2270 221 25 absondert.

306 2316 85 37 Auf
417 2316 119 38 schon
568 2314 372 52 granulirenden
971 2311 204 38 Flächen
1204 2311 105 37 kann
1341 2310 78 37 der
1450 2322 122 24 erste
1602 2307 179 50 Beginn

173 2371 69 38 der
262 2370 392 50 hospitalbrandigen
670 2368 270 39 Erkrankung
960 2369 72 35 mit
1051 2365 209 38 folgenden
1285 2364 224 38 Zuständen
1529 2360 254 40 verwechselt

173 2425 171 38 werden.
385 2424 163 39 Heine
579 2426 132 35 macht
738 2423 186 37 zunächst
945 2420 66 38 auf
1041 2421 60 37 die
1123 2418 193 51 gelbliche
1337 2417 179 39 Nekrose
1538 2416 67 38 der
1626 2414 154 39 Granu-

172 2479 187 39 lationen,
391 2478 147 39 welche
568 2477 257 50 Fistelgänge
857 2475 208 50 umgeben,
1097 2487 277 25 aufmerksam.

304 2534 222 38 Besonders
557 2546 93 24 aber
680 2532 85 37 sind
796 2544 40 24 es
857 2529 349 38 Misshandlungen
1238 2528 67 37 der
1327 2524 305 40 Granulationen
1662 2521 119 39 durch

173 2588 331 39 mechanische
534 2587 79 37 und
644 2584 264 39 chemische
929 2583 391 49 Einwirkungen,
1353 2578 144 39 welche
1529 2591 46 24 zu
1605 2576 176 50 blutigen

173 2642 311 46 Infiltrationen,
518 2640 171 45 Oedem,
729 2638 457 49 Fibrinauflagerungen
1215 2635 77 38 und
1322 2634 219 38 Abscessen
1573 2644 111 25 unter
1714 2630 68 37 der

176 2696 404 40 Granulationsdecke
602 2695 77 37 und
703 2693 181 38 eitrigem
906 2691 145 38 Zerfall
1074 2690 202 38 derselben
1298 2687 141 38 führen
1459 2687 167 37 können.
1666 2684 114 37 Diese

174 2752 329 39 Erscheinungen
550 2751 157 37 können
756 2747 214 38 allerdings
1019 2748 70 35 mit
1141 2742 286 52 beginnendem
1474 2736 307 52 Hospitalbrand

175 2806 284 39 Aehnlichkeit
487 2805 151 38 haben;
669 2800 239 40 namentlich
930 2813 158 25 wurden
1120 2798 55 39 sie
1197 2795 121 40 durch
1340 2795 59 38 die
1429 2795 40 37 in
1497 2792 178 40 früherer
1696 2790 86 38 Zeit

175 2860 181 52 häufiger
405 2874 56 25 als
510 2859 238 39 heutzutage
794 2854 305 39 vorkommende
1141 2849 298 49 Misshandlung
1487 2845 295 52 granulirender

176 2914 187 39 Wunden
394 2914 123 39 durch
556 2913 61 39 die
656 2911 256 49 fortgesetzte
943 2907 262 39 Anwendung
1240 2904 201 38 reizender
1471 2897 312 42 Verbandmittel
