2775 3976
1415 3838 30 46 4

424 379 292 64 important
742 378 246 64 holdings
1013 377 225 65 relating
1261 385 56 41 to
1342 378 188 59 travel,
1557 377 393 65 ethnography,
1978 378 262 65 alchemy,
2267 387 298 51 occultism,

424 461 248 57 tobacco,
711 460 262 49 smallpox
1010 459 105 49 and
1150 459 357 60 vaccination,
1544 460 252 49 venereal
1832 460 256 50 diseases,
2128 461 104 49 and
2267 461 302 65 veterinary

425 543 285 49 medicine,
733 542 105 49 and
857 542 151 49 there
1028 541 41 50 is
1088 557 29 33 a
1133 541 195 50 wealth
1346 541 60 49 of
1421 542 242 49 material
1682 557 71 34 on
1771 542 252 65 ordinary
2042 550 207 42 aspects
2267 543 60 49 of
2341 543 227 50 medical

424 641 121 33 care
599 625 127 49 such
782 640 54 33 as
891 624 279 65 hospitals,
1227 639 120 34 case
1401 624 267 59 histories,
1724 624 105 49 and
1882 625 234 64 nursing.
2173 625 394 59 Additionally,

424 707 315 50 substantial
762 706 346 50 acquisitions
1127 706 135 49 have
1283 706 140 49 been
1443 706 158 50 made
1621 706 53 49 in
1693 714 182 42 recent
1894 722 152 49 years
2065 707 60 49 of
2141 707 269 50 materials
2429 708 141 49 from

424 790 157 49 other
604 789 345 50 institutions.
980 789 367 64 Outstanding
1371 789 273 65 examples
1670 805 89 34 are
1784 805 150 34 some
1959 789 141 50 forty
2124 790 105 49 five
2253 806 96 49 per
2370 798 121 42 cent
2514 791 59 49 of

424 873 89 49 the
540 872 223 65 original
790 872 194 49 library
1010 871 60 49 of
1090 871 90 50 the
1205 871 236 50 Medical
1467 871 213 50 Society
1704 872 59 49 of
1784 872 253 49 London,
2064 888 29 33 a
2117 873 143 64 large
2285 873 285 49 collection

426 954 65 65 (c.
522 954 190 56 24,000
734 953 269 65 volumes)
1029 954 60 49 of
1108 954 195 64 mostly
1325 953 334 65 eighteenth-
1683 954 105 49 and
1810 954 565 65 nineteenth-century
2396 955 175 50 books

424 1037 289 65 belonging
734 1045 56 41 to
812 1037 89 49 the
927 1037 173 64 Royal
1123 1036 214 50 Society
1358 1036 60 49 of
1437 1036 293 50 Medicine,
1756 1036 105 50 and
1883 1037 89 49 the
1995 1037 194 49 library
2209 1037 60 49 of
2286 1037 89 50 the
2398 1038 172 64 Royal

424 1120 213 50 Society
658 1120 60 49 of
736 1119 202 50 Health
962 1117 65 66 (c.
1058 1119 190 58 30,000
1268 1118 290 65 volumes).

434 3431 83 39 The
537 3431 193 40 Reading
749 3432 141 39 Room
912 3430 52 41 of
977 3431 66 39 the
1065 3430 227 40 Wellcome
1312 3431 187 39 Institute
1520 3429 191 40 Library.
1738 3429 34 39 It
1789 3429 192 39 contains
2002 3425 373 55 reference-books
2395 3439 56 27 on
2471 3438 111 39 open

428 3499 153 28 access,
603 3486 75 40 but
690 3495 75 31 not
779 3486 67 40 the
860 3499 91 27 rare
966 3486 139 40 books
1119 3485 88 41 and
1220 3493 263 33 manuscript
1498 3484 133 40 which
1647 3497 70 27 are
1732 3483 98 40 kept
1844 3485 39 38 in
1899 3481 361 42 air-conditioned
2271 3494 306 38 strongrooms.

434 3541 84 40 The
538 3541 260 40 anatomical
812 3541 162 52 figures
997 3550 41 31 at
1059 3541 66 40 the
1148 3541 84 40 end
1252 3540 54 41 of
1320 3540 67 40 the
1408 3553 125 27 room
1554 3553 70 27 are
1647 3552 306 39 enlargements
1974 3538 53 52 of
2043 3550 218 28 woodcuts
2278 3535 232 54 published
2529 3535 54 52 by

429 3596 195 40 Andreas
645 3596 188 40 Vesalius
851 3598 40 38 in
912 3596 117 40 1543.
