2287 3957
1143 145 65 56 16

254 282 55 59 It
353 284 90 56 has
488 285 128 55 been
657 285 172 56 before
871 285 109 55 said
1022 291 114 49 that
1180 285 142 54 mind
1367 286 101 53 and
1512 305 382 36 consciousness
1938 307 80 35 are
2059 293 89 49 not

180 378 383 55 synonymous;
628 362 41 53 it
721 381 114 51 may
879 379 114 35 now
1034 361 64 54 be
1143 361 181 66 added,
1371 365 114 49 that
1522 366 89 48 the
1639 362 251 53 existence
1916 363 57 53 of
2008 365 140 53 mind

179 434 121 55 does
339 442 92 48 not
470 437 298 71 necessarily
805 437 203 53 involve
1045 442 90 47 the
1174 435 210 72 activity
1423 436 57 53 of
1513 437 160 52 mind.
1751 437 267 53 Descartes
2046 457 103 35 cer-

178 511 161 71 tainly
365 511 309 54 maintained
713 512 114 53 that
871 517 88 48 the
1000 510 142 54 mind
1178 511 181 53 always
1387 510 197 67 thinks,
1613 510 102 54 and
1742 517 186 60 others,
1955 512 191 73 resting

180 604 68 34 on
285 591 113 48 that
438 586 336 72 assumption,
807 586 129 53 have
962 585 117 54 held
1104 590 114 49 that
1244 605 73 34 we
1342 591 141 48 must
1509 604 182 35 always
1720 585 168 54 dream
1913 586 56 53 in
1995 605 150 49 sleep,

178 657 216 56 because
438 666 88 48 the
567 661 158 66 mind,
774 660 154 72 being
973 660 251 72 spiritual,
1268 665 187 48 cannot
1494 679 138 34 cease
1670 665 54 49 to
1765 665 113 62 act;
1918 661 78 53 for
2021 680 126 35 non-

178 735 210 71 activity
414 736 170 53 would
611 735 63 54 be
699 740 398 49 non-existence.
1178 735 139 53 Such
1355 734 235 55 opinions
1618 735 118 72 only
1760 735 250 53 illustrate
2035 735 113 55 how

178 809 303 74 completely
522 810 365 73 metaphysical
914 816 326 48 conceptions
1279 829 115 52 may
1435 809 229 54 overrule
1702 810 88 53 the
1829 809 113 54 best
1968 809 179 54 under-

178 883 242 73 standing
436 907 13 43 ;
491 904 54 34 so
589 885 76 53 far
710 886 131 52 from
881 890 90 48 the
1012 885 144 53 mind
1194 884 156 72 being
1386 904 180 34 always
1594 884 176 66 active,
1798 885 42 52 it
1865 884 42 53 is
1934 884 87 54 the
2047 885 99 54 fact

175 963 115 48 that
336 964 51 48 at
433 960 122 52 each
604 965 230 48 moment
873 966 89 47 the
1007 979 198 52 greater
1239 964 115 67 part
1396 959 56 53 of
1499 965 89 48 the
1631 959 143 53 mind
1817 959 44 53 is
1902 964 93 48 not
2030 960 118 72 only

176 1033 340 54 unconscious
544 1034 93 54 but
663 1034 236 54 inactive.
941 1034 198 54 Mental
1163 1054 167 52 power
1347 1034 154 53 exists
1521 1034 55 53 in
1602 1033 198 54 statical
1827 1033 322 55 equilibrium

174 1127 55 34 as
271 1108 112 53 well
428 1128 53 33 as
521 1109 55 52 in
620 1109 305 53 manifested
965 1128 214 52 energy;
1236 1108 100 54 and
1384 1113 89 50 the
1522 1113 195 49 utmost
1766 1113 201 49 tension
2018 1109 54 52 of
2120 1129 27 33 a

174 1183 276 71 particular
493 1183 190 53 mental
729 1184 210 72 activity
984 1204 118 52 may
1142 1189 91 48 not
1272 1183 130 55 avail
1442 1189 54 48 to
1539 1184 94 53 call
1671 1183 140 53 forth
1848 1183 132 54 from
2018 1183 129 55 their

176 1263 159 48 secret
360 1258 283 72 repository
668 1258 89 53 the
784 1258 234 54 dormant
1060 1278 224 34 energies
1322 1259 55 53 of
1411 1258 163 54 latent
1608 1258 217 65 residua,
1854 1277 124 34 even
2003 1259 143 53 when

172 1337 137 48 most
336 1338 240 66 urgently
601 1333 194 54 needed
819 1355 10 31 :
870 1353 67 34 no
965 1353 120 33 man
1113 1352 94 34 can
1233 1332 96 54 call
1354 1338 55 49 to
1436 1333 146 53 mind
1608 1338 52 48 at
1687 1352 100 53 any
1806 1338 229 48 moment
2059 1333 85 54 the

170 1406 319 54 thousandth
532 1413 114 66 part
692 1408 57 53 of
798 1408 79 53 his
918 1407 315 55 knowledge.
1315 1407 133 54 How
1485 1407 191 72 utterly
1714 1408 218 53 helpless
1959 1408 43 53 is
2029 1427 115 34 con-

173 1481 285 54 sciousness
503 1487 55 49 to
605 1482 115 71 give
762 1501 100 53 any
903 1488 218 48 account
1160 1483 55 52 of
1248 1488 89 48 the
1377 1482 197 54 statical
1601 1482 259 54 condition
1887 1482 55 53 of
1973 1483 168 54 mind!

170 1554 109 54 But
306 1576 52 33 as
386 1557 195 53 statical
607 1557 144 53 mind
776 1557 41 54 is
845 1557 53 54 in
924 1558 177 72 reality
1126 1563 88 48 the
1242 1557 199 54 statical
1468 1557 264 54 condition
1749 1557 55 53 of
1826 1562 87 48 the
1941 1558 202 53 organic

172 1630 218 54 element
416 1632 163 53 which
617 1632 257 54 ministers
912 1640 53 46 to
1004 1633 68 53 its
1111 1632 421 66 manifestations,
1559 1633 41 52 it
1626 1632 43 53 is
1695 1632 140 71 plain
1860 1631 113 54 that
1999 1633 42 52 if
2074 1652 70 34 we

173 1725 116 34 ever
328 1725 82 34 are
449 1713 55 47 to
531 1706 151 54 know
708 1708 251 71 anything
985 1707 56 54 of
1074 1707 216 54 inactive
1317 1707 157 66 mind,
1502 1707 43 53 it
1569 1706 44 54 is
1638 1712 55 48 to
1720 1712 88 48 the
1833 1726 233 53 progress
2094 1707 54 54 of

170 1780 304 72 physiology
500 1787 113 48 that
639 1801 74 33 we
739 1787 139 48 must
905 1782 118 53 look
1050 1782 79 53 for
1154 1782 345 54 information.

249 1859 49 50 5.
340 1855 397 55 Consciousness
783 1876 189 34 reveals
1014 1857 219 71 nothing
1275 1857 56 53 of
1370 1862 89 48 the
1503 1875 199 53 process
1746 1856 69 72 by
1853 1855 166 55 which
2053 1875 91 35 one

173 1928 115 56 idea
332 1931 123 53 calls
501 1931 214 53 another
749 1931 109 53 into
897 1931 227 72 activity,
1159 1931 100 54 and
1292 1931 91 53 has
1425 1950 68 35 no
1525 1930 198 54 control
1748 1931 254 54 whatever
2029 1950 114 35 over

173 2009 89 49 the
288 2024 210 36 manner
524 2006 56 53 of
614 2011 87 48 the
726 2006 393 71 reproduction;
1160 2006 42 53 it
1235 2007 45 52 is
1317 2025 117 52 only
1475 2006 145 53 when
1664 2006 86 53 the
1791 2005 110 54 idea
1930 2005 42 53 is
2000 2024 143 35 made

172 2079 165 54 active
381 2080 67 71 by
489 2080 165 54 virtue
696 2080 57 54 of
802 2100 139 34 some
986 2081 318 65 association,
1349 2080 145 54 when
1533 2086 89 48 the
1667 2082 140 71 effect
1851 2080 191 54 solicits
2085 2099 54 34 or

169 2158 194 50 extorts
391 2155 265 66 attention,
685 2159 115 49 that
826 2174 73 34 we
927 2173 83 36 are
1038 2174 269 35 conscious
1335 2155 55 54 of
1419 2155 71 68 it;
1531 2155 100 53 and
1646 2155 141 53 there
1813 2155 43 53 is
1883 2174 68 35 no
1977 2173 164 53 power

168 2227 54 54 in
263 2233 89 49 the
393 2229 140 53 mind
577 2234 55 49 to
675 2229 94 53 call
807 2249 71 52 up
914 2229 137 54 ideas
1085 2229 362 54 indifferently.
1527 2229 56 54 If
1618 2248 72 35 we
1714 2229 171 54 would
1911 2229 230 54 recollect

169 2304 291 70 something
484 2304 165 53 which
690 2309 52 48 at
785 2308 88 49 the
914 2309 227 49 moment
1182 2323 200 35 escapes
1424 2323 81 47 us,
1540 2304 90 54 the
1666 2303 112 54 best
1804 2323 108 53 way
1939 2304 56 53 of
2029 2322 109 35 suc-

170 2377 212 72 ceeding
424 2378 313 72 confessedly
762 2378 43 53 is
839 2384 55 48 to
936 2378 184 72 permit
1160 2384 88 48 the
1286 2377 143 54 mind
1462 2383 55 48 to
1544 2378 142 53 work
1712 2378 424 65 unconsciously;

168 2451 102 54 and
311 2453 148 53 while
504 2459 87 47 the
638 2454 384 53 consciousness
1060 2453 44 54 is
1147 2453 265 54 otherwise
1450 2453 257 71 occupied,
1749 2453 89 53 the
1882 2452 257 72 forgotten

167 2545 149 35 name
357 2547 56 33 or
455 2527 361 54 circumstance
848 2528 103 53 will
996 2527 290 54 oftentimes
1327 2527 128 53 flash
1495 2527 110 53 into
1642 2532 87 48 the
1754 2546 241 35 memory.
2073 2526 64 53 In

169 2602 342 71 composition
554 2608 88 47 the
681 2608 212 47 writer's
936 2602 385 54 consciousness
1362 2602 45 53 is
1449 2601 228 72 engaged
1708 2601 180 71 chiefly
1913 2601 123 53 with
2061 2600 75 53 his

167 2694 117 54 pen,
313 2676 101 53 and
440 2682 88 48 the
555 2696 258 34 sentences
839 2677 167 53 which
1040 2678 64 52 he
1128 2677 42 53 is
1198 2677 239 70 forming,
1464 2677 147 52 while
1637 2681 89 49 the
1751 2676 184 53 results
1965 2675 55 54 of
2052 2675 85 53 the

168 2751 189 53 mind's
383 2770 342 35 unconscious
751 2751 232 72 working
1008 2752 132 66 flow,
1169 2771 53 34 as
1247 2751 41 53 it
1317 2770 142 47 were,
1486 2750 133 54 from
1658 2751 263 53 unknown
1957 2749 178 72 depths

166 2824 111 54 into
323 2845 397 48 consciousness,
766 2825 100 55 and
913 2845 83 35 are
1036 2825 68 73 by
1145 2826 67 54 its
1254 2826 118 70 help
1415 2824 267 54 embodied
1726 2825 56 53 in
1817 2827 318 69 appropriate

168 2899 184 54 words.

242 2974 113 54 Not
399 2974 120 72 only
562 2975 44 53 is
649 2980 88 49 the
778 2975 167 53 actual
984 2994 201 51 process
1225 2974 55 53 of
1314 2979 87 48 the
1446 2973 299 54 association
1784 2973 55 54 of
1874 2992 93 35 our
2001 2972 131 53 ideas

168 3048 345 70 independent
540 3050 56 52 of
629 3049 397 66 consciousness,
1072 3049 96 53 but
1212 3048 112 53 that
1361 3048 332 53 assimilation
1729 3067 56 33 or
1811 3047 245 69 blending
2082 3044 53 54 of

170 3123 191 53 similar
386 3123 153 65 ideas,
568 3142 58 34 or
648 3124 55 53 of
724 3124 89 53 the
839 3123 103 53 like
967 3123 54 53 in
1047 3123 230 53 different
1302 3122 155 65 ideas,
1484 3121 69 74 by
1581 3121 164 54 which
1773 3121 201 71 general
1998 3120 133 53 ideas

168 3216 83 34 are
291 3197 212 67 formed,
546 3198 42 52 is
633 3197 54 53 in
731 3217 69 34 no
841 3217 108 52 way
979 3197 163 53 under
1178 3202 90 48 the
1303 3196 197 53 control
1527 3215 55 34 or
1608 3196 299 53 cognisance
1928 3195 55 53 of
2016 3211 118 36 con-

167 3271 299 53 sciousness.
544 3272 170 52 When
739 3272 88 52 the
852 3272 102 53 like
981 3272 54 52 in
1060 3277 100 48 two
1187 3270 316 73 perceptions
1523 3270 41 53 is
1591 3273 369 67 appropriated,
1989 3267 143 54 while

167 3345 114 53 that
320 3345 54 53 in
415 3345 165 53 which
620 3346 122 71 they
784 3345 144 54 differ
968 3345 44 53 is
1051 3345 281 71 neglected,
1369 3345 42 52 it
1439 3344 168 53 would
1643 3363 136 34 seem
1804 3349 54 48 to
1886 3343 62 53 be
1976 3342 65 70 by
2065 3358 64 36 an

165 3419 321 53 assimilative
525 3424 170 49 action
745 3420 56 52 of
851 3426 86 47 the
978 3419 271 54 nerve-cell
1293 3438 57 34 or
1390 3418 118 54 cells
1545 3418 56 53 of
1648 3418 89 53 the
1770 3418 147 53 brain
1952 3414 175 64 which,

163 3493 329 72 particularly
530 3494 238 53 modified
804 3494 68 71 by
898 3494 87 53 the
1018 3494 110 52 first
1163 3493 316 71 impression,
1508 3493 128 52 have
1678 3512 65 33 an
1776 3496 270 48 attraction
2073 3505 55 35 or

168 3567 191 72 affinity
386 3568 78 54 for
490 3587 29 34 a
543 3569 101 53 like
670 3567 310 55 subsequent
1006 3568 297 53 impression
1326 3590 10 30 :
1378 3573 88 47 the
1493 3567 94 53 cell
1614 3586 55 34 so
1687 3565 238 54 modified
1951 3563 96 54 and
2074 3579 52 34 so

168 3641 320 74 ministering
532 3647 142 49 takes
717 3648 54 48 to
810 3643 141 54 itself
1005 3647 112 49 that
1154 3642 164 54 which
1344 3641 43 53 is
1415 3641 214 54 suitable
1657 3640 99 54 and
1783 3639 162 54 which
1970 3638 40 53 it
2038 3653 90 37 can
