1933 3217
828 248 91 30 THE
944 248 140 31 SILKY
1111 248 238 32 TAMARIN.

415 236 88 48 198

411 374 64 45 for
498 373 36 46 it
565 380 78 39 the
671 389 134 30 name
837 373 49 47 of
917 375 78 45 the
1024 375 92 46 lion
1139 375 211 45 monkey.
1421 375 111 46 This
1555 375 166 61 species
1745 376 37 47 is

411 451 121 47 often
554 454 190 44 brought
762 458 46 40 to
824 453 191 60 Europe^
1036 453 90 45 and
1143 452 59 45 its
1220 453 186 60 beauty,
1426 453 89 45 and
1530 453 112 46 mild
1664 459 119 40 tem-

410 546 93 45 per,
524 530 90 45 and
628 536 268 55 gentleness,
916 530 159 45 render
1089 529 36 45 it
1144 545 27 29 a
1188 529 177 61 general
1381 528 234 48 favourite.
1651 531 132 62 They

411 622 90 39 are,
526 607 223 53 however,
783 622 111 46 very
917 613 173 48 tender,
1116 607 90 45 and
1228 607 80 44 the
1331 607 115 45 least
1469 607 136 61 damp
1630 623 152 30 causes

409 691 128 39 them
555 691 46 39 to
621 684 149 61 droop,
795 684 105 54 and,
925 682 41 46 if
981 683 256 55 continued,
1263 684 105 45 kills
1392 684 141 45 them.
1590 684 141 45 Little
1746 685 37 44 is

410 764 168 43 known
602 761 50 46 of
677 762 118 44 their
824 761 155 45 native
1010 761 183 53 habits;
1229 762 83 44 but
1345 761 50 45 F.
1432 761 167 46 Cuvier
1626 762 156 44 thinks

410 847 103 38 that
537 841 112 59 they
666 839 90 45 live
771 854 27 30 a
815 839 110 61 good
944 838 97 45 deal
1058 838 47 44 in
1120 844 78 39 the
1213 853 190 30 manner
1419 837 51 47 of
1484 845 78 38 the
1579 840 201 44 squirels,

411 920 92 44 and
526 919 102 44 that
651 925 112 54 they
786 933 173 29 remain
995 917 161 45 almost
1187 931 258 46 constantly
1469 932 57 30 on
1550 923 78 39 the
1651 924 129 38 trees.

414 998 74 44 He
512 997 81 44 has
624 1011 135 30 never
794 1011 103 29 seen
928 1002 127 38 them
1087 1000 196 39 attempt
1307 1000 46 40 to
1388 994 134 45 stand
1556 1010 119 45 upon
1704 995 78 45 the

411 1074 161 44 hinder
595 1072 291 46 extremities.
957 1073 98 44 The
1078 1070 353 62 accompanying
1454 1071 272 45 illustration
1746 1072 36 44 is

412 1151 139 44 taken
575 1147 112 47 from
712 1157 76 37 the
812 1149 121 61 plate
956 1148 50 46 of
1022 1148 129 46 Fred.
1177 1148 179 46 Cuvier.
1427 1148 97 45 The
1547 1154 111 39 next
1682 1148 95 45 ani-

413 1228 94 44 mal
526 1242 68 29 we
618 1227 115 44 shall
758 1226 193 46 describe
975 1225 37 46 is
1035 1226 190 60 perhaps
1252 1230 82 39 the
1358 1224 203 46 smallest
1581 1239 201 46 monkey
1810 1252 13 4 -

414 1305 182 51 known,
622 1303 36 46 it
682 1303 51 46 is.
