2178 3965
57 344 78 53 his
166 366 111 33 own
308 348 407 67 consciousness;
768 351 76 51 for
878 350 62 53 he
969 351 296 53 introduced
1303 357 86 48 the
1428 355 373 70 practice—for
1840 360 165 51 which

58 419 188 53 Cousin
273 440 96 33 was
397 441 53 33 so
478 441 157 52 angry
654 423 118 53 with
799 424 238 52 him—of
1058 425 241 70 referring
1324 431 54 48 to
1407 447 201 52 savages
1637 430 100 52 and
1758 431 241 54 children.

58 493 119 52 And
213 513 72 33 we
315 513 113 52 may
453 495 119 53 take
606 496 137 53 leave
777 502 53 47 to
868 503 207 62 suggest
1109 503 111 48 that
1252 505 86 47 the
1371 507 132 46 most
1543 502 231 54 valuable
1808 510 112 65 part
1957 507 56 52 of

59 564 211 55 Locke's
307 569 325 71 psychology,
660 574 111 49 that
810 570 164 52 which
1008 572 89 51 has
1132 571 127 53 been
1297 593 65 32 an
1400 574 250 72 enduring
1689 577 226 52 addition
1952 584 55 46 to

59 639 311 73 knowledge,
398 642 152 71 really
575 663 97 32 was
698 649 86 47 the
809 644 158 52 result
994 646 55 51 of
1070 651 86 47 the
1182 647 336 69 employment
1547 649 55 51 of
1633 649 87 53 the
1747 650 259 54 inductive

60 732 55 33 or
141 720 166 47 rather
334 715 241 70 objective
600 717 220 54 method.
898 718 118 71 Nay
1050 737 166 35 more:
1269 720 43 52 if
1349 740 93 51 any
1469 740 93 34 one
1601 722 101 52 will
1738 722 61 53 be
1835 729 51 47 at
1922 725 86 52 the

60 787 142 70 pains
229 793 53 47 to
310 789 224 53 examine
559 789 107 54 into
693 791 86 53 the
805 792 191 70 history
1025 792 54 53 of
1118 793 86 52 the
1232 793 350 72 development
1609 796 55 52 of
1697 797 311 71 psychology

61 880 68 52 up
154 866 53 48 to
236 862 65 52 its
328 868 199 65 present
559 869 157 66 stage,
744 865 63 53 he
833 884 113 51 may
973 866 62 52 be
1070 866 255 70 surprised
1358 872 54 47 to
1451 868 106 52 find
1588 869 114 52 how
1737 870 153 52 much
1921 872 88 51 the

61 935 276 71 important
365 937 325 70 acquisitions
718 939 55 52 of
793 957 108 34 new
926 939 143 52 truth
1091 940 100 52 and
1216 946 87 46 the
1329 946 300 48 corrections
1658 942 55 52 of
1737 943 83 52 old
1849 963 160 34 errors

61 1009 125 52 have
213 1009 126 53 been
367 1010 115 66 due,
509 1016 90 47 not
623 1016 54 48 to
702 1012 87 52 the
814 1013 364 52 interrogation
1204 1014 57 51 of
1291 1014 514 66 self-consciousness,
1833 1016 95 53 but
1955 1023 53 46 to

62 1083 223 53 external
311 1083 333 68 observation,
672 1086 198 52 though
904 1087 40 51 it
980 1106 99 32 was
1111 1092 91 47 not
1232 1088 294 69 recognised
1565 1108 52 33 as
1655 1108 28 33 a
1718 1091 291 51 systematic

62 1157 224 53 method.
363 1159 105 51 The
507 1164 112 65 past
653 1159 190 72 history
871 1160 55 52 of
955 1161 446 70 psychology—its
1440 1161 287 53 instinctive
1757 1182 251 51 progress,

64 1250 55 33 so
162 1236 61 47 to
275 1231 295 71 speak—no
609 1232 97 53 less
739 1238 124 48 than
902 1238 89 47 the
1023 1234 371 53 consideration
1433 1235 55 52 of
1522 1236 66 51 its
1623 1242 204 64 present
1863 1243 144 59 state,

62 1324 178 52 proves
267 1310 86 48 the
377 1307 246 69 necessity
651 1307 55 52 of
736 1307 271 69 admitting
1032 1313 86 46 the
1146 1307 246 71 objective
1417 1308 222 53 method.

136 1379 132 52 That
308 1379 160 53 which
515 1400 27 32 a
580 1382 108 69 just
728 1381 254 52 reflection
1022 1382 366 70 incontestably
1421 1387 212 59 teaches,
1681 1387 88 47 the
1810 1388 203 65 present

64 1458 130 47 state
237 1453 56 52 of
334 1454 299 71 physiology
659 1454 286 71 practically
971 1454 293 53 illustrates.
1341 1456 221 69 Though
1605 1475 119 51 very
1751 1456 263 53 imperfect

64 1546 53 34 as
157 1547 28 32 a
223 1546 204 47 science,
460 1527 298 72 physiology
777 1529 43 51 is
865 1528 104 52 still
1007 1528 300 71 sufficiently
1327 1529 256 52 advanced
1621 1534 53 47 to
1708 1548 152 52 prove
1903 1530 111 52 that

64 1620 67 33 no
157 1601 309 70 psychology
493 1621 89 32 can
611 1621 187 34 endure
823 1607 175 47 except
1024 1602 40 52 it
1091 1602 62 52 be
1178 1601 153 53 based
1355 1622 139 32 upon
1520 1603 65 51 its
1611 1603 401 70 investigations.

64 1674 96 53 Let
194 1675 41 51 it
272 1694 106 45 not,
408 1694 272 47 moreover,
708 1675 63 53 be
808 1676 271 69 forgotten,
1109 1695 52 33 as
1201 1675 42 52 it
1287 1676 42 52 is
1375 1696 55 32 so
1470 1682 86 46 apt
1595 1681 53 48 to
1684 1676 81 64 be,
1785 1683 112 46 that
1927 1678 88 51 the

66 1749 241 52 divisions
358 1749 53 52 in
463 1768 92 33 our
603 1749 296 53 knowledge
950 1769 82 33 are
1082 1748 258 66 artificial;
1394 1755 114 47 that
1556 1755 120 66 they
1718 1750 179 52 should
1950 1750 64 52 be

67 1827 249 66 accepted,
346 1822 97 53 and
477 1823 124 52 used
642 1829 184 60 rather,
854 1843 54 32 as
939 1823 171 53 Bacon
1153 1842 128 51 says,
1328 1828 33 24 “
1380 1823 78 52 for
1503 1823 126 52 lines
1673 1829 54 46 to
1769 1823 144 53 mark
1960 1843 56 33 or

67 1896 319 70 distinguish,
429 1903 124 46 than
594 1902 215 47 sections
853 1902 54 47 to
955 1897 164 52 divide
1162 1896 99 53 and
1306 1902 260 66 separate;
1619 1897 55 52 in
1716 1897 143 53 order
1903 1897 112 52 that

67 1969 221 53 solution
314 1970 56 52 of
404 1970 284 70 continuity
708 1971 53 51 in
788 1970 215 52 sciences
1030 1990 112 51 may
1171 1970 179 53 always
1367 1971 61 52 be
1455 1970 259 52 avoided."
1792 1971 112 52 Not
1929 1971 88 52 the

68 2045 222 51 smallest
317 2049 136 47 atom
477 2044 111 52 that
614 2045 146 51 floats
785 2044 53 52 in
864 2050 88 46 the
979 2063 260 46 sunbeam,
1267 2064 92 32 nor
1384 2050 87 46 the
1502 2044 242 52 minutest
1770 2045 245 51 molecule

68 2123 113 47 that
206 2118 215 52 vibrates
448 2118 174 52 within
646 2123 87 47 the
759 2118 294 52 microcosm
1081 2118 54 51 of
1170 2137 64 33 an
1262 2137 201 51 organic
1503 2118 110 64 cell,
1642 2117 94 52 but
1761 2118 41 51 is
1840 2117 176 53 bound

69 2210 52 34 as
148 2212 29 32 a
201 2197 112 65 part
338 2191 57 52 of
433 2197 86 47 the
546 2197 297 65 mysterious
875 2191 157 53 whole
1068 2191 56 52 in
1162 2210 64 34 an
1262 2191 323 52 inextricable
1625 2191 242 71 harmony
1894 2200 123 43 with

69 2266 86 52 the
184 2266 118 51 laws
335 2264 68 71 by
430 2265 162 53 which
621 2266 196 70 planets
862 2284 144 33 move
1046 2265 53 52 in
1142 2265 132 52 their
1316 2265 270 70 appointed
1633 2264 174 64 orbits,
1838 2284 54 32 or
1930 2265 88 52 the

69 2339 117 53 laws
230 2338 161 53 which
455 2358 189 50 govern
685 2345 88 47 the
817 2338 300 53 marvellous
1168 2343 247 48 creations
1467 2338 54 52 of
1568 2338 203 69 godlike
1822 2338 192 70 genius.

70 2415 177 50 Above
275 2412 65 53 all
364 2412 172 71 things
572 2413 39 52 it
635 2413 43 52 is
717 2431 114 34 now
867 2431 261 52 necessary
1153 2417 110 47 that
1300 2417 88 47 the
1422 2411 228 52 absolute
1685 2411 100 52 and
1824 2412 191 69 unholy

71 2486 185 53 barrier
296 2492 74 47 set
409 2506 69 50 up
523 2486 222 53 between
795 2486 253 70 psychical
1089 2486 98 52 and
1230 2485 228 70 physical
1498 2503 177 33 nature
1719 2484 63 53 be
1827 2485 192 52 broken

72 2561 162 64 down,
263 2560 100 53 and
386 2565 111 48 that
524 2580 28 32 a
572 2561 107 70 just
711 2565 294 47 conception
1044 2559 55 52 of
1133 2559 143 52 mind
1313 2559 62 52 be
1412 2558 192 52 formed
1644 2559 225 51 founded
1896 2578 67 32 on
1991 2578 28 32 a

71 2634 198 53 faithful
298 2634 308 70 recognition
633 2634 54 52 of
723 2633 66 53 all
813 2640 145 46 those
983 2633 313 70 phenomena
1323 2633 54 52 of
1415 2651 179 32 nature
1620 2631 165 53 which
1811 2632 111 51 lead
1951 2631 67 70 by

72 2708 373 72 imperceptible
471 2707 288 71 gradations
786 2727 70 50 up
883 2713 53 47 to
963 2707 100 52 this
1102 2706 66 52 its
1208 2706 203 52 highest
1439 2704 270 53 evolution.
1790 2705 227 70 Happily

72 2782 86 52 the
183 2782 257 53 beneficial
465 2782 189 52 change
679 2782 43 51 is
761 2781 152 70 being
951 2780 264 70 gradually
1241 2779 222 65 effected,
1493 2778 100 52 and
1632 2778 234 52 ignorant
1905 2797 114 51 pre-

69 2856 167 70 judice
263 2875 54 33 or
344 2855 227 53 offended
598 2855 225 52 self-love
848 2855 55 51 in
929 2854 117 52 vain
1072 2872 212 51 opposes
1311 2872 28 33 a
1365 2871 232 52 progress
1637 2851 49 52 in
1718 2851 295 70 knowledge

73 2930 162 52 wThich
259 2930 195 52 reflects
480 2935 88 47 the
602 2948 171 33 course
810 2928 55 52 of
900 2946 233 53 progress
1172 2926 54 52 in
1251 2931 180 47 nature
1454 2947 10 30 :
1506 2930 86 47 the
1632 2930 127 46 stars
1798 2925 54 51 in
1889 2925 131 51 their

75 3022 199 34 courses
313 3004 129 51 fight
467 3003 77 52 for
584 3002 123 52 such
731 3007 162 60 truth,
921 3001 95 52 and
1042 3001 65 51 its
1148 3019 158 51 angry
1331 2999 264 68 adversary
1625 2998 164 69 might
1825 3017 52 33 as
1909 2998 112 51 well

74 3076 130 70 hope
230 3083 53 47 to
309 3076 130 53 blow
467 3082 89 47 out
581 3076 123 51 with
729 3076 79 51 his
843 3093 284 53 pernicious
1167 3073 177 53 breath
1382 3078 87 46 the
1508 3072 67 52 all
1612 3071 408 71 inspiring-light

77 3150 54 53 of
152 3156 85 47 the
263 3170 96 33 sun
385 3170 52 33 as
464 3156 53 46 to
545 3149 290 53 extinguish
861 3148 66 52 its
955 3167 113 33 ever
1095 3146 202 70 waxing
1326 3164 287 34 splendour.

148 3224 87 53 No
277 3243 95 34 one
412 3223 235 71 pretends
688 3222 110 52 that
839 3221 299 71 physiology
1174 3239 90 33 can
1300 3220 77 51 for
1423 3238 148 50 many
1597 3237 140 50 years
1778 3222 55 47 to
1881 3236 141 33 come

76 3297 194 52 furnish
297 3303 88 46 the
411 3302 247 47 complete
685 3295 116 53 data
828 3295 54 52 of
923 3315 29 32 a
983 3295 215 69 positive
1236 3292 190 52 mental
1466 3310 221 33 science:
1731 3290 65 52 all
1833 3290 112 52 that
1982 3291 41 51 it

78 3389 90 33 can
196 3376 50 47 at
284 3375 199 66 present
523 3370 63 52 do
624 3370 43 51 is
707 3374 52 47 to
792 3373 277 47 overthrow
1107 3368 88 50 the
1235 3366 117 52 data
1389 3365 54 52 of
1480 3384 27 32 a
1537 3365 121 51 false
1695 3363 326 71 psychology.

78 3444 52 51 It
155 3444 42 52 is
224 3463 132 51 easy,
382 3463 67 33 no
477 3442 175 66 doubt,
680 3442 77 53 for
784 3461 97 51 any
909 3459 93 34 one
1028 3446 54 46 to
1108 3440 142 70 point
1276 3444 54 47 to
1357 3443 87 48 the
1472 3438 358 52 completeness
1859 3437 53 50 of
1934 3456 92 32 our

78 3517 279 68 ignorance,
388 3517 98 51 and
522 3522 54 46 to
622 3515 244 53 maintain
905 3515 110 51 that
1049 3512 299 72 physiology
1377 3530 150 33 never
1568 3509 101 52 will
1710 3509 221 70 securely
1956 3512 68 50 fix

79 3590 86 51 the
190 3591 324 51 foundations
542 3589 54 52 of
633 3609 29 32 a
686 3588 189 52 mental
902 3588 212 63 science,
1138 3587 108 69 just
1273 3605 52 33 as
1356 3585 42 52 it
1436 3603 99 33 was
1575 3602 114 51 easy
1715 3589 53 45 to
1809 3601 101 51 say,
1939 3582 85 52 be-

80 3663 105 53 fore
210 3663 86 52 the
320 3663 262 52 invention
609 3663 56 52 of
687 3662 86 52 the
793 3661 269 70 telescope,
1084 3660 110 52 that
1220 3665 86 47 the
1329 3677 131 33 ways
1483 3657 52 52 of
1551 3663 86 45 the
1657 3656 194 70 planets
1879 3656 149 52 could
