1933 3302
177 129 52 39 92
381 133 233 42 Maassregeln
639 136 61 30 der
724 138 161 42 heutigen
910 141 154 42 Hygiene
1088 154 108 30 gegen
1221 147 65 31 den
1310 149 275 32 Hospitalbrand.

176 237 112 39 dann
325 239 263 39 befindlichen
619 241 168 52 (todten)
819 245 277 53 Gegenstände
1133 251 135 41 haften
1305 256 166 40 können.
1532 260 71 39 Die
1633 262 141 41 Staub-

174 291 133 48 theile,
339 293 148 38 welche
518 295 81 38 sich
630 299 96 37 stets
756 312 49 24 an
829 299 259 42 Oberflächen
1117 304 222 52 festsetzen,
1371 311 153 39 können
1545 313 229 43 Infections-

174 345 129 39 keime
335 346 200 40 enthalten
567 351 78 37 und
684 352 156 39 können
880 368 74 24 von
987 358 118 48 jenen
1136 358 168 42 Flächen
1335 364 80 38 sich
1447 367 143 38 wieder
1619 371 157 39 ablösen

174 400 78 36 und
281 414 39 24 in
352 401 61 37 die
445 401 186 41 Wunden
659 405 338 52 hineingerathen.
1044 411 53 37 Es
1127 413 50 37 ist
1206 415 159 39 deshalb
1397 418 84 38 eine
1511 420 265 42 Desinfection

173 454 154 36 solcher
358 454 188 49 Zimmer,
578 472 39 23 in
648 460 124 37 denen
804 461 172 40 schwere
1007 463 108 39 Fälle
1147 469 231 49 vorkamen,
1410 473 97 37 nach
1538 475 74 37 den
1640 477 136 39 besten

172 507 185 38 üblichen
386 508 214 41 Methoden
632 513 194 38 durchaus
857 516 265 52 nothwendig.

303 561 150 40 Ferner
492 565 94 38 aber
626 567 79 37 wiU
742 568 62 36 ich
841 569 85 38 hier
957 571 60 37 die
1049 571 258 52 Gelegenheit
1336 578 212 49 benutzen,
1588 583 70 37 auf
1691 585 83 37 eine

171 615 133 38 bisher
334 617 108 38 nicht
480 621 209 48 genügend
729 621 334 51 berücksichtigte
1094 626 135 45 Quelle
1261 631 67 37 der
1357 632 190 40 Infection
1576 639 197 36 aufmerk-

172 683 83 23 sam
287 684 47 24 zu
365 672 175 38 machen.
599 673 76 38 Die
706 674 357 53 Infectionsgefahr
1092 685 145 35 müsste
1268 685 81 38 sich
1378 688 195 38 natürlich
1602 690 40 37 in
1672 692 104 38 einer

169 722 198 40 Localität
425 726 90 38 sehr
566 727 199 39 erheblich
817 732 195 49 steigern,
1071 747 112 25 wenn
1241 740 100 36 etwa
1398 743 377 38 zurückgebliebene

169 776 141 40 Keime
351 779 85 38 hier
479 781 85 37 eine
610 782 194 50 ektogene
845 784 255 42 Culturstätte
1140 789 154 39 fänden.
1360 793 101 40 Dass
1504 797 80 38 dies
1624 798 36 37 in
1702 799 73 38 den

168 830 304 42 Krankensälen
503 849 49 23 an
583 835 73 38 den
685 838 136 37 todten
855 838 272 50 Oberflächen,
1160 843 74 38 den
1264 844 192 50 Wänden,
1487 849 145 48 Böden,
1663 851 111 39 Bett-

169 886 139 38 stellen
342 890 71 35 etc.
446 889 226 38 stattfinden
705 891 129 48 sollte,
873 893 52 38 ist
959 895 177 39 ziemlich
1168 898 391 52 unwahrscheinlich,
1600 905 174 39 dagegen

168 940 86 38 sind
293 942 61 38 die
385 942 408 50 Körperoberflächen
832 947 68 38 der
940 949 39 36 in
1020 949 129 39 diesen
1181 951 299 42 Krankensälen
1517 957 259 40 befindlichen

167 994 229 49 Patienten,
439 996 177 48 Wärter,
659 997 250 41 Schwestern
947 1003 121 37 durch
1106 1004 83 38 ihre
1227 1005 182 49 Wärme,
1447 1010 66 37 das
1556 1012 70 37 auf
1658 1012 117 39 ihnen

168 1048 189 40 haftende
397 1051 232 51 organische
659 1053 184 39 Material
882 1055 55 38 als
966 1056 241 40 Nährböden
1244 1060 65 38 für
1347 1062 129 39 solche
1507 1063 186 41 Culturen
1729 1081 46 24 zu

168 1104 207 47 erachten,
425 1106 73 37 mit
539 1107 126 37 denen
712 1121 91 25 man
853 1110 168 38 rechnen
1069 1126 117 24 muss.
1252 1113 82 39 Der
1381 1116 195 41 bekannte
1622 1120 151 39 farbige

167 1156 77 39 Sch
250 1159 133 46 weiss,
424 1160 60 37 die
514 1159 290 52 Vegetationen
835 1177 48 24 an
915 1165 72 37 den
1019 1165 159 39 Haaren
1207 1167 40 38 in
1277 1169 68 37 der
1374 1170 144 40 Achsel
1548 1175 71 35 etc.
1650 1175 125 48 geben

165 1211 281 41 hinreichende
478 1214 148 52 Belege
658 1216 125 46 dafür,
817 1218 86 38 dass
934 1219 83 37 sich
1046 1220 128 38 solche
1197 1220 184 41 Culturen
1411 1225 70 37 auf
1506 1227 68 37 der
1600 1227 173 39 Körper-

166 1267 222 38 oberfläche
435 1269 235 38 entwickeln
715 1271 79 37 und
837 1271 134 39 halten
1014 1273 168 39 können.
1241 1276 53 38 Es
1324 1277 50 37 ist
1410 1280 114 37 somit
1562 1293 70 37 gar
1669 1282 106 38 nicht

165 1321 254 48 undenkbar,
465 1323 87 38 dass
600 1324 121 38 durch
768 1326 237 39 auffallende
1055 1328 328 50 Hospitalbrand-
1432 1334 93 36 oder
1571 1334 202 39 Erysipel-

164 1376 276 49 partikelchen
470 1391 48 24 an
549 1378 107 38 einer
687 1378 120 39 Stelle
838 1381 67 37 des
935 1381 174 50 Körpers
1139 1384 70 36 auf
1236 1384 67 38 der
1336 1384 230 41 Oberfläche
1588 1388 187 39 Culturen

166 1430 207 39 entstehen
403 1432 80 37 und
514 1432 82 38 sich
627 1433 85 38 eine
744 1433 87 39 Zeit
859 1435 94 50 lang
990 1435 133 39 halten
1154 1437 166 39 können.
1378 1439 207 40 Natürlich
1624 1443 51 37 ist
1713 1443 61 38 ein

164 1484 153 39 solcher
360 1485 186 39 Kranker
585 1487 65 37 bei
694 1488 108 38 einer
848 1488 226 51 Operation,
1106 1491 102 38 beim
1252 1492 375 42 Verbandwechsel,
1670 1497 104 37 beim

164 1539 318 39 Lockerwerden
521 1541 106 38 eines
664 1542 140 51 länger
845 1543 209 50 liegenden
1097 1545 227 39 Verbandes
1366 1550 71 36 etc.
1478 1550 67 37 der
1583 1549 190 39 Infection

165 1597 238 47 ausgesetzt.
462 1595 117 38 Auch
608 1596 106 38 kann
746 1597 121 38 durch
888 1599 106 37 seine
1029 1599 172 38 Wäsche
1238 1603 84 44 etc.,
1354 1602 39 37 in
1428 1603 68 37 der
1534 1618 89 23 man
1662 1605 111 37 einen

164 1647 379 53 Ansteckungsstoff
585 1650 109 38 nicht
740 1652 247 46 vermuthet,
1038 1653 84 38 eine
1168 1654 304 51 üebertragung
1519 1658 70 37 auf
1631 1659 140 37 andere

159 1702 214 39 Patienten
403 1704 239 38 stattfinden.
702 1705 74 38 Die
805 1706 242 39 habituellen
1076 1708 206 50 Erysipele
1303 1710 129 37 finden
1452 1711 320 39 wahrscheinlich

162 1757 85 38 ihre
285 1758 231 51 Erklärung
555 1760 126 46 darin,
722 1760 87 38 dass
846 1761 364 50 Erysipelculturen
1248 1764 97 37 auch
1382 1764 40 38 in
1465 1765 71 37 den
1573 1767 199 49 gesunden

161 1811 243 40 Intervallen
438 1827 47 23 an
508 1813 75 38 den
603 1813 284 52 Nasenflügeln
908 1816 94 37 oder
1023 1830 48 23 an
1093 1817 73 37 den
1189 1817 361 51 Thränenpunkten
1575 1823 195 35 existiren.

162 1866 77 38 Ein
269 1866 117 47 Arzt,
420 1867 85 38 eine
536 1866 234 49 Schwester,
803 1869 62 37 ein
894 1869 163 39 Wärter
1092 1871 71 37 mit
1198 1871 156 38 solchen
1394 1871 185 39 Culturen
1614 1875 157 36 würden

161 1920 64 38 für
256 1921 60 38 die
338 1922 191 38 Kranken
551 1922 219 51 gefährlich
792 1924 94 45 sein,
919 1924 98 38 auch
1040 1938 111 24 wenn
1172 1925 54 37 sie
1247 1925 121 39 selbst
1387 1926 106 38 nicht
1524 1928 246 37 erkrankten.

161 1974 70 40 Ich
260 1975 102 39 habe
394 1977 85 37 eine
508 1976 132 38 kleine
671 1977 379 51 Erysipelepideraie
1081 1979 183 50 gesehen,
1296 1980 145 38 welche
1472 1982 119 36 damit
1621 1984 148 41 endete,

162 2030 88 38 dass
284 2031 61 38 die
377 2030 233 47 Schwester,
642 2031 147 38 welche
821 2032 60 38 die
911 2032 350 49 Verbandsachen,
1295 2034 66 38 das
1389 2034 269 38 Nähmaterial
1697 2038 71 35 etc.

160 2087 115 36 unter
326 2086 68 37 der
435 2085 119 38 Hand
601 2085 130 47 hatte,
782 2100 49 23 an
881 2087 126 37 einem
1051 2087 183 50 Erysipel
1283 2088 67 37 der
1393 2087 104 39 Nase
1546 2089 222 37 erkrankte.

161 2139 55 39 Es
246 2140 51 37 ist
327 2139 133 39 ferner
490 2139 108 39 nicht
627 2140 400 38 unwahrscheinlich,
1068 2141 85 37 dass
1192 2141 117 38 schon
1347 2155 88 24 vom
1465 2142 306 50 Hospitalbrand

159 2194 223 51 gereinigte
427 2194 202 46 Wunden,
673 2194 148 38 welche
858 2194 153 38 überall
1054 2195 243 50 granuliren,
1341 2196 96 37 doch
1480 2197 97 37 noch
1620 2196 151 51 Träger

161 2249 69 37 der
274 2247 193 39 Infection
510 2249 127 37 dieser
678 2249 223 37 Krankheit
944 2249 82 38 sein
1064 2250 167 37 können.
1290 2249 68 38 Ich
1394 2251 131 37 würde
1564 2251 79 37 also
1672 2251 99 37 nach

161 2303 134 38 diesen
337 2303 312 38 Ausführungen
695 2303 61 38 bei
806 2304 86 37 dem
938 2303 288 49 epidemischen
1271 2303 208 39 Auftreten
1528 2310 242 44 contagiöser

159 2357 404 38 Wundkrankheiten
593 2358 211 38 besonders
834 2371 90 25 vom
963 2357 204 50 Erysipel,
1205 2359 101 36 dann
1342 2372 88 24 vom
1466 2358 304 50 Hospitalbrand

160 2412 127 38 meine
333 2412 367 38 Aufmerksamkeit
736 2412 40 37 in
812 2412 73 38 den
921 2411 298 39 Krankensälen
1257 2426 132 24 ausser
1425 2413 73 37 den
1532 2412 236 46 Fussböden,

159 2466 185 38 Wänden
374 2467 78 37 und
483 2466 163 38 Decken
668 2467 74 37 den
762 2466 192 38 lebenden
978 2465 255 39 Oberflächen
1257 2467 210 37 zuwenden
1488 2467 76 36 und
1585 2467 40 36 in
1646 2467 123 37 dieser

158 2520 201 51 Richtung
380 2521 61 37 die
464 2520 309 38 erforderlichen
786 2520 271 51 Maassregeln
1077 2520 152 38 treffen,
1254 2520 73 38 alle
1345 2520 159 38 Kranke
1526 2533 112 24 wenn
1657 2533 111 37 mög-

158 2575 79 38 lich
267 2576 146 37 baden,
444 2575 124 38 seifen
606 2578 86 34 etc.,
725 2575 55 37 sie
826 2575 102 37 dann
971 2575 71 37 mit
1083 2575 129 37 reiner
1241 2574 112 38 Bett-
1396 2574 79 37 und
1518 2573 250 39 Leibwäsche

158 2643 219 25 versorgen
427 2631 82 37 etc.
569 2629 54 37 Es
661 2629 157 37 können
860 2631 80 35 erst
977 2631 155 47 spätere
1170 2628 357 38 Untersuchungen
1567 2628 78 37 und
1691 2627 76 38 Be-

158 2684 278 50 obachtungen
468 2683 265 38 entscheiden,
765 2683 48 37 ob
845 2682 129 38 solche
1006 2682 185 38 Culturen
1222 2682 69 37 auf
1308 2683 66 36 der
1395 2681 371 50 Körperoberfläche

157 2739 41 37 in
230 2739 68 37 der
321 2738 106 38 That
458 2738 186 38 existiren
672 2738 78 36 und
771 2738 40 36 in
833 2737 68 37 der
922 2739 286 35 angedeuteten
1231 2736 132 38 Weise
1387 2735 197 38 Gefahren
1604 2735 163 49 bringen

158 2793 170 38 können.
379 2793 54 38 Es
454 2793 107 37 kann
581 2791 134 39 ferner
737 2794 82 36 erst
839 2791 60 37 die
923 2793 157 35 weitere
1102 2790 138 38 Praxis
1263 2789 261 47 entscheiden,
1548 2790 48 37 ob
1616 2788 150 38 Maass-

159 2847 140 50 regeln
328 2847 41 38 in
400 2847 69 38 der
499 2859 289 36 angedeuteten
824 2845 198 38 Richtung
1052 2858 75 24 von
1157 2843 156 39 Nutzen
1351 2844 78 37 und
1469 2843 98 38 nach
1602 2841 164 39 welcher

158 2900 191 40 Methode
381 2901 54 38 sie
466 2901 54 37 im
551 2899 220 39 Speciellen
801 2899 262 38 auszuführen
1093 2899 96 37 sind.
