2113 3404
480 260 85 42 240

979 274 87 30 THE
1100 275 241 30 DISORDKKS
1373 276 51 30 OF
1456 276 173 31 SPEKCH.

480 390 162 57 images
673 391 46 43 in
752 392 203 44 different
986 393 274 43 individuals.
1324 394 52 41 In
1410 393 75 43 the
1506 395 201 42 majority
1731 395 45 42 of
1805 410 185 42 persons,
2025 399 72 42 the

477 461 198 57 auditory
698 464 139 56 image
861 478 138 29 seems
1026 469 44 37 to
1093 465 52 42 be
1168 465 75 42 the
1278 470 112 38 most
1421 465 271 55 prominent;
1723 466 44 42 in
1790 467 73 42 the
1895 470 204 55 minority

475 529 73 42 the
571 535 146 38 motor.
781 532 89 42 The
892 533 294 55 idea-percept
1207 547 46 28 or
1275 533 202 42 meaning
1499 547 137 28 seems
1659 538 42 37 to
1724 535 142 42 attach
1898 535 118 43 itself
2047 543 44 36 to

474 600 92 42 both
587 601 160 56 images
770 603 46 42 of
835 603 72 42 the
929 603 188 56 primary
1141 604 162 55 couple,
1326 604 78 42 but
1428 603 71 43 the
1522 603 269 43 attachment
1813 605 36 42 is
1880 613 215 37 strongest

473 675 45 38 to
541 671 73 42 the
638 686 114 28 more
773 673 249 55 prominent
1045 674 148 41 image.
1259 674 52 41 In
1334 673 219 43 reception
1575 674 44 41 of
1638 674 147 42 words,
1805 674 72 42 the
1895 676 198 56 auditory

474 741 139 56 image
635 743 37 41 is
693 748 114 37 most
829 743 275 55 prominent;
1140 744 44 40 in
1209 750 269 49 production,
1500 743 73 42 the
1595 749 147 37 motor.

532 812 89 43 The
644 812 244 56 Secondary
912 813 164 55 Couple
1099 814 43 40 of
1164 813 174 55 images,
1362 813 123 43 those
1509 814 63 41 for
1593 814 176 55 reading
1790 815 85 42 and
1910 822 185 43 writing,

471 882 69 52 lie,
563 882 156 56 during
741 883 74 42 the
840 897 167 41 process
1030 883 44 41 of
1096 883 203 55 ordinary
1321 883 186 42 thought
1529 883 84 42 and
1630 885 166 53 speech,
1813 885 42 41 in
1877 885 71 43 the
1966 886 126 42 back-

471 953 178 55 ground,
674 953 245 42 unrevived.
982 954 123 41 Even
1127 953 126 42 when
1277 953 189 42 revived,
1488 967 47 28 as
1558 953 102 43 they
1684 968 68 28 are
1775 955 44 41 in
1842 956 175 55 reading
2047 971 48 27 or

474 1022 184 55 writing,
687 1022 105 42 they
829 1037 69 27 are
935 1027 88 37 not,
1060 1023 45 40 in
1144 1023 202 54 ordinary
1385 1036 188 41 persons,
1611 1023 183 55 brought
1830 1024 91 41 into
1959 1025 134 42 direct

471 1093 256 43 association
751 1093 106 42 with
879 1093 74 41 the
974 1093 326 55 idea-percepts.
1365 1093 118 55 They
1507 1107 69 28 are
1594 1094 233 42 connected
1846 1094 105 42 with
1971 1095 118 43 these

471 1164 104 55 only
596 1164 245 55 indirectly,
862 1163 187 42 through
1071 1163 74 42 the
1167 1163 189 55 primary
1380 1163 162 54 couple,
1565 1177 44 28 as
1633 1163 75 42 has
1732 1164 104 41 been
1861 1165 227 42 explained

470 1236 47 40 in
539 1235 102 41 Nos.
665 1235 28 41 4
714 1234 85 42 and
823 1234 23 42 5
871 1235 45 41 of
935 1234 73 43 the
1030 1234 221 55 foregoing
1273 1239 301 50 propositions.
1638 1233 53 41 In
1715 1234 101 41 only
1839 1249 24 26 a
1886 1250 100 27 very
2010 1236 78 41 few

471 1305 267 42 individuals
756 1305 101 42 does
876 1305 86 42 this
979 1305 82 42 law
1081 1318 113 29 seem
1219 1309 42 36 to
1284 1304 52 42 be
1358 1304 216 55 infringed
1596 1304 56 54 by
1670 1304 72 42 the
1760 1305 139 41 visual
1921 1306 170 42 images.

472 1378 44 41 It
539 1378 35 41 is
597 1377 92 42 said
710 1376 108 42 that,
841 1377 45 41 in
905 1391 23 27 a
950 1376 82 41 few
1054 1389 92 28 rare
1169 1389 129 36 cases,
1319 1374 174 55 literary
1517 1388 99 28 men
1649 1374 108 41 have
1789 1376 199 54 acquired
2022 1377 69 41 the

472 1462 142 42 power
637 1448 43 41 of
709 1447 182 55 directly
916 1451 257 49 associating
1203 1449 172 51 printed
1407 1444 140 42 words
1582 1444 102 41 with
1717 1444 112 42 their
1860 1447 232 49 meaning?,

474 1523 185 37 without
690 1517 262 43 translating
984 1517 73 41 the
1089 1515 174 56 printed
1295 1514 192 43 symbols
1519 1515 92 40 into
1642 1519 20 15 "
1681 1515 186 41 internal
1899 1517 190 41 speech."

472 1592 89 40 But
583 1589 103 43 such
712 1603 115 27 cases
850 1592 118 37 must
983 1587 53 42 be
1054 1586 236 43 extremely
1309 1600 102 27 rare.
1473 1585 90 41 The
1580 1585 165 41 normal
1764 1584 80 41 law
1868 1586 221 54 evidently

471 1663 37 39 is
532 1665 96 37 that
650 1659 72 42 the
757 1672 233 41 secondary
1028 1656 152 42 couple
1217 1655 111 43 shall
1366 1662 70 35 act
1472 1669 46 28 as
1555 1655 73 41 the
1666 1661 194 35 servants
1897 1656 83 40 and
2018 1656 72 41 the

472 1730 191 43 symbols
686 1729 44 42 of
751 1729 73 42 the
847 1742 190 42 primary
1061 1727 163 55 couple,
1249 1726 84 41 and
1356 1730 94 37 that
1472 1725 73 42 the
1579 1725 332 55 word-percepts
1943 1727 46 40 of
2017 1727 73 41 the

470 1816 193 41 primary
685 1799 151 43 couple
859 1798 111 43 shall
991 1797 124 42 alone
1137 1798 50 40 be
1211 1796 184 42 brought
1426 1796 92 40 into
1549 1794 247 42 immediate
1829 1800 255 36 association

471 1871 86 42 and
580 1884 133 28 union
737 1868 106 42 with
867 1868 72 42 the
961 1867 325 54 idea-percepts.

532 1943 44 40 It
610 1941 79 42 has
727 1939 174 43 already
937 1939 108 41 been
1082 1936 220 42 indicated
1339 1935 95 41 that
1473 1949 55 27 an
1567 1934 301 55 Idea-percept
1905 1948 97 41 may
2039 1935 51 41 be

472 2013 166 43 formed
659 2013 45 40 in
729 2011 72 43 the
824 2009 122 43 mind
968 2011 186 40 without
1174 2007 57 42 its
1254 2009 235 39 associated
1521 2004 334 55 word-symbol:
1887 2018 45 27 as
1965 2005 122 41 when

472 2105 62 26 we
558 2088 128 43 think
708 2088 47 42 of
773 2101 24 28 a
818 2100 156 42 person
996 2099 46 28 or
1064 2099 54 27 an
1142 2084 141 42 object
1305 2082 141 42 whose
1470 2095 125 27 name
1628 2095 61 27 we
1722 2081 107 41 have
1862 2080 226 42 forgotten.

472 2167 44 41 It
539 2165 154 43 should
717 2164 88 42 also
829 2164 51 40 be
903 2161 128 42 noted
1055 2161 96 41 that
1174 2173 63 28 we
1260 2172 78 28 can
1363 2158 108 41 form
1495 2157 45 40 in
1563 2156 72 42 the
1659 2155 121 42 mind
1811 2155 73 42 the
1915 2161 173 50 percept

472 2238 47 42 of
537 2252 25 27 a
583 2236 128 42 word,
735 2238 184 39 without
941 2233 73 41 the
1036 2233 174 53 percept
1231 2229 44 41 of
1297 2229 57 41 its
1375 2227 225 55 meaning:
1633 2240 44 27 as
1710 2226 124 41 when
1869 2240 59 27 we
1960 2227 127 40 think

473 2310 45 40 of
538 2322 24 28 a
583 2307 118 42 word
724 2319 141 29 whose
890 2302 202 43 meaning
1115 2316 60 25 we
1198 2300 108 41 have
1330 2300 222 41 forgotten.
1616 2297 58 41 To
1698 2310 24 27 a
1742 2310 142 41 young
1907 2296 126 50 child,
2056 2297 35 41 it

472 2381 37 40 is
532 2378 135 42 easier
689 2383 42 35 to
753 2376 112 41 form
887 2375 45 41 in
955 2373 73 42 the
1052 2371 120 42 mind
1196 2370 71 41 the
1290 2382 80 29 one
1392 2371 174 52 percept
1590 2381 45 27 or
1667 2366 70 41 the
1770 2365 132 51 other,
1934 2367 152 53 singly,

473 2451 105 41 than
603 2454 42 36 to
670 2449 107 40 form
798 2445 106 43 both
927 2444 204 42 together.
1194 2441 88 41 The
1306 2439 116 43 child
1446 2439 128 40 forms
1597 2438 43 40 in
1659 2437 56 42 its
1734 2436 117 41 mind
1871 2450 24 27 a
1911 2436 178 42 distinct

473 2524 175 53 percept
671 2519 54 50 of,
747 2531 86 41 say,
855 2516 74 41 the
961 2513 189 56 pet-clog,
1182 2512 102 41 long
1314 2510 142 41 before
1491 2509 71 41 the
1598 2507 310 54 word-percept
1938 2512 21 15 "
1975 2507 110 41 bow-

475 2605 106 26 wow
596 2590 19 15 "
639 2589 77 41 has
739 2600 117 29 come
880 2591 43 35 to
945 2585 83 40 rise
1051 2597 58 26 up
1132 2582 44 40 in
1202 2582 55 40 its
1274 2579 134 52 mind,
1426 2592 45 28 as
1488 2577 74 42 the
1579 2575 115 57 dog's
1712 2590 135 36 name,
1870 2575 121 42 when
2015 2576 72 41 the

475 2662 82 42 dog
578 2661 37 41 is
637 2657 154 44 looked
813 2661 69 48 at;
902 2655 97 49 and,
1021 2653 138 56 again,
1180 2656 45 37 at
1247 2665 24 27 a
1292 2651 107 41 later
1421 2662 131 41 stage,
1574 2647 73 42 the
1680 2646 114 42 child
1827 2645 183 56 delights
2042 2647 43 39 in

473 2731 223 56 repeating
743 2729 45 41 in
831 2724 335 58 parrot-fashion
1209 2721 136 41 words
1383 2720 93 54 just
1516 2717 144 50 heard,
1701 2716 182 42 without
1924 2730 44 27 as
2016 2720 68 51 yet

473 2801 262 55 attempting
757 2803 43 37 to
822 2796 145 43 attach
990 2808 84 41 any
1098 2791 201 43 meaning
1319 2794 44 38 to
1386 2789 129 43 them.
1579 2787 54 41 In
1655 2787 73 42 the
1750 2787 91 41 first
1863 2799 93 29 case
1985 2786 35 41 it
2050 2786 36 42 is

472 2873 186 54 forming
691 2870 370 55 object-percepts,
1095 2864 45 40 in
1174 2862 74 42 the
1283 2859 155 44 second
1474 2858 344 54 word-percepts,
1851 2869 104 41 pure
2000 2855 85 42 and

471 2957 165 30 simple.
699 2941 59 41 To
793 2939 109 42 form
939 2936 75 42 the
1051 2940 84 37 two
1171 2944 207 44 percepts,
1416 2929 114 42 word
1568 2927 84 42 and
1691 2926 210 54 meaning,
1936 2926 149 41 simul-

471 3011 241 56 taneously,
728 3009 84 43 and
834 3012 44 38 to
902 3006 108 42 weld
1034 3005 72 41 the
1131 3009 83 35 two
1238 3000 142 55 firmly
1403 2998 194 57 together
1618 3010 45 28 so
1685 2995 94 42 that
1801 2995 72 42 the
1895 3009 78 28 one
1996 2996 89 40 will

471 3087 46 37 at
538 3094 105 30 once
665 3077 83 44 call
771 3091 56 27 up
850 3075 74 43 the
947 3073 132 43 other,
1102 3071 36 41 is
1160 3084 24 28 a
1206 3082 115 29 more
1353 3065 184 43 difficult
1568 3062 392 56 accomplishment,
1993 3068 94 36 that
