2125 3524
359 210 54 39 84

838 221 86 31 THE
957 222 242 33 DISOHDEUS
1231 224 53 32 OF
1316 225 177 31 SPEECH.

361 338 170 56 fatigue.
596 339 53 44 Iii
681 340 73 43 the
778 341 90 42 first
899 341 46 42 of
973 341 132 43 these,
1125 357 25 27 a
1172 343 129 50 clerk,
1323 343 104 54 aged
1451 344 66 42 27,
1539 342 208 43 admitted
1779 344 90 43 into
1896 361 67 42 my

361 408 134 42 Ward
538 407 103 57 May
686 412 77 48 1st,
799 412 125 51 1886,
966 411 73 42 the
1079 418 239 47 symptoms
1355 417 66 36 set
1461 411 44 43 in
1549 412 103 41 with
1694 427 24 27 a
1757 414 208 54 prickliii"

361 479 219 42 sensation
602 480 85 42 and
704 482 234 40 numbness
960 481 45 41 in
1029 481 72 41 the
1124 481 115 54 right
1255 479 115 44 hand
1393 480 84 41 and
1499 494 101 37 arm,
1619 482 121 41 when
1764 483 72 42 the
1858 483 109 47 hand

364 563 85 28 was
472 550 191 55 fatigued
686 551 56 54 by
760 551 181 54 writing.
1003 551 104 41 This
1125 563 85 28 was
1231 549 194 55 speedily
1443 550 198 43 followed
1658 552 56 54 by
1732 552 234 59 increasing

362 619 86 42 loss
481 620 47 42 of
559 634 144 41 power
733 620 85 42 and
850 620 182 42 wasting
1063 620 45 40 in
1140 619 75 42 the
1245 619 197 51 muscles,
1467 633 46 28 so
1544 621 95 41 that
1670 621 53 42 he
1754 635 85 29 was
1870 637 98 30 soon

363 689 182 55 obliged,
575 689 47 43 in
654 690 183 54 writing,
869 694 44 36 to
945 702 74 28 use
1051 688 74 42 the
1160 688 81 41 left
1281 687 125 43 hand.
1470 689 237 56 Presently,
1739 697 231 48 symptoms

363 760 47 40 of
428 759 73 42 the
523 774 116 27 same
661 759 107 41 kind
789 758 211 55 appeared
1022 757 89 42 also
1128 757 45 41 in
1196 758 72 41 the
1291 758 79 41 left
1392 758 134 53 hand;
1550 759 85 42 and
1657 768 313 48 subsequently,

363 843 103 41 year
496 830 58 54 by
584 843 114 41 year,
731 829 72 41 the
834 829 183 54 wasting
1048 827 229 52 increased,
1309 829 234 55 extending
1572 830 224 54 gradually
1827 836 43 36 to
1901 832 69 43 the

364 913 113 27 arms
500 899 84 41 and
607 899 145 41 trunk.
815 898 71 42 He
917 897 86 42 had
1025 898 108 41 been
1157 897 72 42 the
1250 898 168 54 subject
1439 899 45 41 of
1511 899 120 42 these
1653 907 235 47 symptoms
1910 902 60 42 for

365 983 131 26 about
527 969 103 41 nine
661 982 123 40 years
815 967 145 42 before
993 967 22 41 I
1048 981 87 28 saw
1166 967 101 42 him.
1330 968 144 42 When
1495 968 46 41 in
1573 969 214 55 Hospital,
1809 970 50 42 he
1882 985 88 40 pre-

364 1038 151 42 sented
538 1039 222 41 extensive
792 1038 183 55 wasting
996 1038 45 41 of
1072 1038 73 41 the
1167 1038 184 42 muscles
1373 1038 44 42 of
1447 1038 74 42 the
1546 1053 136 41 upper
1713 1042 258 42 extremities

365 1109 83 41 and
467 1109 143 50 trunk,
625 1108 85 41 and
729 1122 85 27 was
831 1108 221 42 evidently
1068 1108 73 42 the
1159 1108 167 54 subject
1343 1109 46 40 of
1402 1122 54 27 an
1473 1109 218 42 advanced
1710 1110 263 42 Progressive

365 1179 224 41 Muscular
611 1178 211 55 Atrophy.
886 1178 82 42 His
997 1184 240 49 symptoms
1258 1178 204 43 included
1485 1179 292 42 well-marked
1800 1181 172 41 fibrillar

365 1253 268 38 movements
664 1249 46 41 in
741 1249 73 41 the
845 1248 186 42 muscles
1053 1249 189 41 affected.
1305 1249 89 41 The
1416 1249 155 41 second
1594 1264 92 27 case
1714 1264 84 27 was
1821 1250 94 41 that
1935 1253 42 39 of

366 1334 24 26 a
412 1319 275 50 blacksmith,
709 1319 106 55 aged
847 1320 68 41 51,
936 1319 97 41 who
1066 1333 85 27 was
1183 1319 210 41 admitted
1425 1319 92 41 into
1548 1333 74 41 my
1643 1319 134 41 Ward
1807 1334 55 26 on
1883 1321 91 41 Jan.

368 1390 119 50 14th,
520 1390 125 40 1888.
708 1388 84 42 His
824 1402 239 42 symptoms
1094 1388 86 42 had
1211 1392 66 38 set
1307 1389 46 40 in
1385 1389 198 55 eighteen
1616 1388 173 43 months
1826 1390 151 50 before,

367 1467 45 34 at
433 1474 25 27 a
479 1460 105 41 time
607 1459 125 42 when
753 1459 55 41 he
839 1473 86 27 was
948 1458 129 42 much
1098 1459 285 42 overworked.
1447 1459 92 42 One
1562 1460 208 54 morning,
1792 1459 44 42 in
1858 1461 120 54 using

367 1531 74 41 the
464 1529 127 43 small
622 1530 204 41 hammer,
848 1528 74 42 the
953 1529 155 54 fingers
1131 1528 43 41 of
1206 1529 73 41 the
1301 1528 116 55 right
1437 1529 113 41 hand
1582 1544 110 26 were
1715 1529 139 42 seized
1877 1536 100 35 with

368 1614 155 28 cramp.
585 1600 104 41 This
720 1598 234 42 continued
985 1603 44 37 to
1050 1612 122 28 recur
1202 1599 165 41 several
1390 1599 126 41 times
1545 1599 129 54 daily,
1697 1599 84 41 and
1802 1599 54 42 he
1877 1613 99 27 soon

367 1670 173 42 noticed
563 1670 94 41 that
679 1670 72 40 the
775 1669 86 41 ball
883 1669 43 41 of
947 1668 66 42 his
1035 1668 154 41 thumb
1213 1683 84 27 was
1318 1669 167 54 getting
1507 1669 171 42 wasted,
1695 1669 85 41 and
1802 1669 93 41 that
1916 1668 62 44 his

368 1741 158 40 fingers
548 1754 109 27 were
687 1739 166 55 getting
874 1738 133 42 wTeak,
1029 1752 45 28 so
1097 1738 95 41 that
1212 1738 68 41 his
1305 1752 124 40 grasp
1451 1752 86 28 was
1558 1742 71 38 too
1653 1738 136 42 feeble
1812 1743 42 36 to
1875 1738 98 42 hold

367 1811 75 40 the
478 1810 205 41 hammer,
719 1808 143 42 which
898 1809 246 41 sometimes
1174 1808 95 42 flew
1303 1815 76 34 out
1416 1809 43 40 of
1494 1808 69 42 his
1599 1808 126 41 hand.
1786 1808 197 56 Wasting

368 1878 215 43 extended
605 1883 145 50 pretty
771 1877 170 55 rapidly
963 1877 106 42 both
1090 1882 44 37 to
1157 1877 73 42 the
1251 1877 116 41 right
1388 1892 91 26 arm
1501 1878 85 41 and
1609 1883 43 35 to
1675 1877 73 41 the
1769 1877 80 42 left
1870 1878 111 41 hand

369 1950 85 41 and
477 1963 101 27 arm.
640 1948 146 42 When
806 1948 54 41 he
883 1961 119 28 came
1026 1947 136 42 under
1183 1961 73 41 my
1279 1961 105 28 care,
1400 1947 75 42 the
1497 1948 137 41 hands
1657 1948 85 41 and
1764 1949 218 41 fore-arms

369 2034 111 27 were
502 2018 239 54 extremely
766 2018 172 41 wasted,
960 2017 73 42 the
1064 2018 214 41 Extensor
1308 2018 184 41 muscles
1524 2018 45 41 of
1587 2018 73 41 the
1692 2018 136 42 elbow
1846 2019 130 53 joints

369 2089 227 54 markedly
628 2102 57 28 so,
708 2088 85 41 and
825 2088 73 41 the
930 2086 248 55 Trapezius,
1209 2088 229 50 Pectorals,
1459 2088 255 42 Latissimus
1736 2089 139 42 Dorsi,
1897 2087 81 42 and

371 2159 207 55 Scapular
593 2159 205 41 Muscles,
816 2162 43 37 to
874 2172 24 28 a
914 2158 292 42 considerable
1225 2158 161 42 degree.
1441 2159 54 41 In
1513 2158 85 42 this
1616 2173 105 28 case,
1739 2173 55 27 no
1811 2159 173 42 fibrillar

370 2243 269 29 movements
673 2228 126 42 could
821 2229 52 41 be
907 2228 198 42 detected
1125 2228 47 41 in
1204 2228 73 42 the
1299 2229 162 42 wasted
1492 2229 194 42 muscles.
1749 2230 44 40 It
1815 2243 96 28 may
1933 2230 49 40 be

369 2305 97 37 that
487 2300 46 41 in
555 2299 120 42 these
693 2312 116 28 cases
826 2298 121 42 there
964 2312 87 27 was
1073 2312 25 27 a
1112 2298 179 42 marked
1308 2299 329 54 predisposition
1654 2303 43 37 to
1715 2300 266 41 Progressive

370 2368 226 43 Muscular
636 2367 213 54 Atrophy,
892 2367 84 41 and
1018 2367 96 41 that
1154 2367 73 42 the
1270 2368 161 41 fatigue
1468 2369 46 40 of
1546 2368 164 41 certain
1746 2382 155 41 groups
1942 2367 43 41 of

370 2453 185 28 muscles
573 2437 161 54 merely
752 2437 154 54 played
925 2436 74 42 the
1021 2436 88 42 role
1131 2437 44 41 of
1196 2451 54 27 an
1273 2438 189 54 exciting
1483 2452 135 28 cause.
1680 2437 301 42 Nevertheless

369 2510 122 41 these
522 2513 86 37 two
640 2520 117 28 cases
788 2506 109 42 have
935 2506 226 55 suggested
1195 2512 43 36 to
1273 2521 73 41 my
1366 2507 124 41 mind
1523 2508 73 41 the
1626 2507 242 55 possibility
1891 2507 92 41 that

369 2580 121 42 there
511 2592 101 27 may
634 2577 52 41 be
708 2590 25 28 a
755 2576 110 41 form
888 2576 44 41 of
953 2575 194 42 Writer's
1170 2575 156 43 Cramp
1349 2578 46 39 in
1419 2577 139 41 which
1592 2577 72 41 the
1688 2577 189 41 fatigued
1899 2576 80 40 and

369 2648 239 44 exhausted
639 2646 170 56 portion
842 2646 44 41 of
918 2646 72 41 the
1021 2651 139 36 motor
1181 2650 110 38 tract
1312 2646 37 42 is
1377 2647 96 41 that
1494 2652 97 49 part
1612 2647 46 41 of
1686 2647 73 41 the
1783 2646 199 41 Anterior

369 2720 145 42 Cornu
535 2717 46 41 in
603 2716 73 41 the
709 2715 152 42 Spinal
893 2715 111 42 Cord
1037 2715 96 41 that
1162 2715 119 54 gives
1313 2716 137 41 origin
1484 2722 42 35 to
1556 2716 73 41 the
1652 2729 151 28 nerves
1826 2716 63 40 for
1910 2714 71 41 the

366 2790 142 42 hand;
539 2787 85 42 and
645 2786 106 41 that,
774 2786 46 40 in
842 2785 88 42 this
953 2786 122 49 form,
1096 2799 24 27 a
1146 2785 187 42 reckless
1355 2786 259 54 persistence
1638 2786 44 40 in
1705 2785 73 41 the
1800 2790 182 48 attempt

366 2869 44 36 to
444 2858 205 45 continue
687 2855 173 56 writing
887 2869 100 41 may
1023 2854 108 50 lead,
1165 2855 119 55 quite
1322 2855 231 55 naturally,
1579 2855 86 41 and
1699 2860 182 36 without
1911 2853 71 42 the

365 2928 294 46 co-operation
681 2926 44 42 of
756 2940 86 28 any
864 2925 179 42 marked
1075 2924 343 55 predisposition,
1442 2930 42 37 to
1517 2925 72 42 the
1616 2924 301 43 development
1940 2921 44 43 of

365 2999 271 45 Progressive
659 2995 227 44 Muscular
907 2994 212 56 Atrophy.
