1933 3302
1641 141 50 37 55

167 144 290 32 Unterscheidung
470 143 58 31 des
542 142 303 32 Hospitalbrandes
859 150 63 22 von
937 141 136 31 ähnlich
1089 141 235 30 aussehenden
1338 141 225 31 Allectionen.

98 252 181 50 gesehen.
320 251 106 37 Aber
447 250 86 37 dem
562 249 228 49 gegenüber
819 248 50 37 ist
897 261 88 23 man
1017 246 121 38 durch
1158 247 61 37 die
1240 246 274 39 antiseptische
1537 245 155 39 Wund-

98 305 249 50 behandlung
367 303 193 51 gewohnt,
592 305 96 35 stets
708 315 106 25 reine
837 300 428 38 Granuktionsflächen
1287 314 69 24 vor
1376 300 83 38 sich
1483 313 47 25 zu
1550 299 140 38 haben.

98 359 72 37 Die
202 358 122 38 Sorge
354 358 76 37 und
461 357 65 36 das
559 354 143 39 Gefühl
732 357 67 37 der
828 354 332 38 Verantwortung
1198 354 156 37 werden
1395 354 63 38 bei
1489 354 86 38 dem
1606 367 85 24 mo-

99 414 144 36 dernen
273 412 215 37 Chirurgen
519 410 67 36 der
616 409 302 38 antiseptischen
949 408 104 37 Aera
1083 409 123 35 sofort
1235 407 291 50 wachgerufen,
1557 407 135 38 sobald

98 466 140 38 Fieber
276 468 154 35 auftritt
466 463 92 38 oder
595 463 137 37 irgend
764 465 118 35 etwas
913 461 294 38 Ungewohntes
1245 460 81 38 sich
1357 474 49 24 an
1436 462 68 37 der
1533 460 158 39 Wunde

98 523 113 34 zeigt.
268 519 97 37 Eine
396 516 492 39 Hospitalbrandinfection
927 515 131 37 würde
1097 516 123 36 sofort
1257 513 56 38 als
1353 515 84 37 eine
1476 515 215 38 besondere

98 573 171 38 Störung
298 571 195 38 auffallen.
551 568 68 38 Ich
648 570 143 48 glaube
821 569 110 38 auch,
963 569 86 37 dass
1079 567 97 39 nach
1207 568 72 37 den
1311 568 229 49 gegebenen
1571 568 120 38 klini-

98 639 116 25 schen
242 624 341 39 Beschreibungen
623 623 60 37 die
712 623 197 38 Diagnose
947 635 82 25 sich
1059 621 99 38 ohne
1189 620 301 51 Schwierigkeit
1519 623 172 49 ergeben

96 692 144 25 würde.

224 732 58 37 Im
326 730 222 38 Folgenden
592 729 120 38 sollen
757 730 97 38 noch
899 729 127 38 einige
1063 728 196 38 Zustände
1300 728 78 38 und
1417 728 272 39 Krankheiten

94 785 164 38 frischer
298 785 76 36 und
409 783 297 51 granulirender
745 783 182 38 Wunden
964 782 323 50 hervorgehoben
1328 782 174 46 werden,
1543 783 146 38 welche

95 838 329 38 möghcherweise
473 851 46 23 zu
567 837 106 37 einer
721 836 308 38 Verwechslung
1075 839 70 34 mit
1193 835 308 49 Hospitalbrand
1548 835 141 40 führen

94 892 182 37 könnten.
335 889 67 39 Ich
431 891 106 37 folge
569 891 111 37 dabei
710 890 224 38 wesentlich
965 891 67 36 der
1060 889 256 38 Darstellung
1347 889 204 38 Heine's.

223 944 89 38 Wie
329 944 219 38 überhaupt
564 944 62 37 bei
643 945 73 37 den
734 945 301 37 verschiedenen
1054 942 394 38 Wundkrankheiten
1472 943 61 39 die
1554 944 136 38 rasch

94 998 348 50 progressiven,
476 998 143 50 jähen
653 997 196 38 Formen
882 997 149 38 schwer
1066 1010 75 24 von
1171 997 72 37 den
1274 997 171 37 anderen
1475 1010 47 24 zu
1550 1010 138 25 unter-

93 1052 182 38 scheiden
311 1052 104 37 sind,
455 1065 41 24 so
527 1051 129 37 dürfte
687 1065 39 23 es
756 1052 96 37 auch
883 1064 134 37 grosse
1048 1050 352 49 Schwierigkeiten
1435 1050 146 47 haben,
1626 1052 61 37 die

89 1106 120 49 jähen
230 1104 230 38 Invasionen
483 1106 66 36 der
572 1104 574 50 Hospitalbranderkrankung,
1170 1117 110 24 wenn
1302 1105 55 36 sie
1380 1105 67 36 das
1464 1103 221 39 Subcutan-

94 1172 159 36 gewebe
298 1159 76 37 und
413 1159 65 37 das
516 1158 260 37 interstitielle
814 1157 318 38 Muskelgewebe
1171 1158 40 36 in
1248 1158 136 37 weiter
1414 1158 273 51 Ausdehnung

94 1213 112 37 rasch
224 1212 184 38 infiltrirt,
439 1225 74 24 von
534 1211 469 50 progressiv-septischen
1021 1212 79 37 und
1119 1211 467 50 progressiv-brandigen
1605 1213 77 37 Er-

94 1266 255 38 krankungen
379 1265 165 38 klinisch
574 1279 46 24 zu
650 1266 311 50 diagnosticiren.

222 1319 145 38 Ferner
404 1322 130 34 macht
562 1318 158 38 Heine
758 1318 66 38 auf
854 1319 60 37 die
944 1318 258 38 Möglichkeit
1239 1318 107 38 einer
1374 1318 312 53 Verwechslung

97 1373 65 37 des
183 1373 347 37 Hospitalbrandes
551 1375 71 35 mit
646 1372 306 50 gewöhnlichem
974 1372 591 50 Zertrümmerungsbrand
1595 1373 89 38 auf-

94 1427 192 37 merksam
300 1456 7 15 ,
347 1427 63 36 bei
451 1426 185 37 welchem
673 1427 39 36 in
749 1425 370 38 vorantiseptischer
1148 1425 87 38 Zeit
1272 1427 95 36 stets
1407 1426 61 36 ein
1507 1425 177 39 Stadium

95 1493 72 23 von
206 1479 192 38 lebhafter
440 1479 167 50 fauliger
644 1479 239 38 Zersetzung
927 1480 66 36 des
1031 1481 324 35 zertrümmerten
1386 1478 189 39 Gewebes
1614 1483 71 35 mit

93 1533 239 37 erheblicher
352 1532 239 51 Phlegmone
620 1533 246 37 ringsumher
896 1533 174 37 vorkam.
1112 1531 395 39 Selbstverständlich
1536 1533 147 39 könnte

92 1585 86 37 hier
206 1599 72 24 nur
308 1586 61 37 ein
399 1586 162 37 Zweifel
588 1586 170 50 möglich
787 1586 94 37 sein,
913 1599 113 24 wenn
1056 1586 60 37 die
1139 1586 435 50 Entstehungsursache
1604 1588 80 37 und

90 1639 69 37 der
187 1638 167 38 Verlauf
378 1639 58 37 bis
466 1639 117 37 dahin
610 1640 228 36 unbekannt
866 1639 208 49 geblieben
1104 1644 150 32 wären,
1293 1639 63 37 bei
1394 1640 179 38 weiterer
1603 1641 79 38 Be-

90 1692 221 37 obachtung
340 1693 131 36 würde
502 1693 58 36 die
590 1693 197 37 Diagnose
818 1693 81 37 sich
928 1693 40 37 in
997 1693 142 37 kurzer
1169 1692 86 38 Zeit
1284 1693 182 50 ergeben.

220 1745 76 38 Zur
317 1745 305 38 Verwechslung
650 1747 71 36 mit
749 1747 201 37 anderen
973 1746 341 38 Brandformen
1342 1746 70 38 hat
1442 1747 101 38 wohl
1571 1747 112 38 mehr

92 1799 67 37 der
170 1798 125 38 Name
311 1799 55 37 als
388 1800 60 36 die
466 1800 198 37 wirkliche
678 1800 188 37 klinische
880 1800 278 37 Aehnlichkeit
1176 1799 291 52 Veranlassung
1488 1802 192 49 gegeben,

93 1852 95 37 doch
216 1853 50 37 ist
295 1853 52 36 sie
378 1854 313 48 vorgekommen.
732 1853 180 47 Busch,
944 1853 261 38 ordentlicher
1235 1853 204 39 Professor
1470 1854 67 38 der
1566 1854 115 39 Heil-

91 1905 128 38 kunde
241 1909 70 33 etc.
333 1920 46 23 zu
399 1905 198 51 Marburg,
630 1907 219 37 beschreibt
878 1921 68 23 aus
976 1908 74 36 den
1071 1907 250 38 Hospitälern
1350 1921 75 24 von
1446 1907 128 39 Sedan
1603 1909 79 37 und

92 1958 263 51 Luxemburg,
389 1960 101 36 1814
501 1982 39 4 —
548 1960 114 45 1815,
692 1960 108 38 Fälle
823 1974 73 24 von
918 1961 228 49 brandigem
1167 1960 222 39 Absterben
1420 1962 67 37 der
1516 1965 166 35 unteren

92 2011 296 46 Extremitäten,
419 2013 144 38 welche
584 2027 87 23 zum
693 2013 112 38 Theil
825 2014 70 37 mit
916 2014 307 49 Hospitalbrand
1252 2028 71 36 gar
1353 2015 125 38 nichts
1508 2029 46 23 zu
1583 2016 99 37 thun

92 2065 145 37 hatten.
294 2065 129 38 Wenn
453 2080 88 23 man
571 2067 81 37 sich
681 2067 97 37 auch
807 2081 72 23 nur
908 2067 52 37 im
992 2067 155 38 Groben
1176 2068 96 37 über
1303 2069 60 37 die
1393 2068 75 38 Art
1498 2070 67 36 der
1594 2069 86 38 Ho-

94 2119 442 47 spitalbrandinfection,
568 2121 165 37 welche,
765 2134 73 24 von
869 2135 138 23 aussen
1037 2122 98 37 nach
1164 2122 118 37 innen
1312 2123 275 48 vordringend,
1619 2123 60 38 die

96 2169 165 39 Gewebe
290 2173 224 37 nekrotisirt
543 2174 91 37 oder
664 2174 121 37 durch
814 2173 227 39 Ulceration
1071 2175 251 46 einschmilzt,
1352 2175 87 38 klar
1469 2177 211 48 geworden

93 2223 66 45 ist,
192 2237 40 24 so
260 2225 51 36 ist
341 2238 38 24 es
407 2226 106 37 nicht
541 2227 185 50 möglich,
763 2228 103 37 diese
897 2227 221 38 Krankheit
1147 2228 71 37 mit
1248 2229 73 37 den
1350 2242 82 36 sog.
1464 2232 214 36 spontanen

96 2275 334 51 Gangränformen
459 2293 47 23 zu
535 2280 281 38 verwechseln,
858 2281 143 37 welche
1032 2281 121 38 durch
1184 2281 261 47 Thrombose,
1476 2282 201 48 Diabetes,

94 2325 212 42 Leukämie
337 2332 91 36 oder
457 2333 83 37 eine
570 2334 248 37 unbekannte
848 2333 194 39 Ursache,
1082 2335 72 37 wie
1184 2335 63 37 bei
1277 2335 75 37 den
1381 2336 96 37 zwei
1506 2349 171 25 symme-

93 2383 168 37 trischen
291 2382 346 51 Gangränformen,
669 2387 213 37 entstehen.
939 2387 113 38 Auch
1082 2388 80 45 die,
1192 2388 146 38 welche
1368 2389 40 37 in
1437 2389 122 50 Folge
1586 2391 90 48 jau-

95 2435 130 51 chiger
264 2435 231 40 Infiltration
537 2440 92 36 oder
670 2439 39 37 in
756 2439 121 50 Folge
921 2453 74 25 von
1037 2440 329 39 Urininfiltration
1410 2443 266 47 vorkommen,

92 2488 127 38 lassen
248 2490 65 36 das
332 2489 221 40 Absterben
582 2492 65 38 des
669 2491 188 39 Gewebes
887 2496 128 35 zuerst
1045 2494 120 38 durch
1185 2494 253 52 Verfärbung
1466 2497 77 37 und
1575 2497 99 37 dann

94 2541 119 37 durch
240 2541 177 40 Fäulniss
448 2545 195 37 erkennen
680 2546 77 36 und
795 2549 78 34 erst
909 2549 130 46 später
1078 2547 144 51 erfolgt
1251 2548 225 40 Ulceration
1514 2550 63 37 bei
1608 2551 67 37 der

95 2595 241 50 Abstossung
352 2597 199 38 desselben
567 2598 120 38 durch
704 2599 83 37 eine
802 2598 434 41 Granulationsschicht.
1267 2602 114 37 Auch
1397 2603 67 37 das
1485 2603 189 38 brandige

92 2647 221 38 Absterben
343 2663 73 23 von
444 2650 182 50 Fingern,
657 2651 260 49 Hautpartien
947 2656 71 35 etc.
1042 2655 118 37 durch
1183 2655 278 50 Phlegmonen,
1492 2656 184 50 Erysipel

92 2700 146 50 gleicht
265 2701 40 37 in
332 2703 123 38 nichts
485 2705 67 36 der
581 2704 382 51 hospitalbrandigen
991 2707 340 51 Einschmelzung.

219 2753 156 39 Heine
414 2757 174 37 erwähnt
624 2757 129 38 ferner
792 2759 58 36 die
888 2758 275 51 Möglichkeit,
1203 2761 121 38 Rotz
1363 2762 93 37 und
1486 2761 186 39 Wurm-

92 2807 290 47 geschwüre
419 2810 70 37 mit
523 2811 303 49 Hospitalbrand
863 2826 47 23 zu
947 2815 273 37 verwechseln.
1279 2814 76 38 Wo
1385 2814 73 38 alle
1489 2819 184 34 weiteren

91 2858 314 51 Anhaltspunkte
425 2862 140 47 fehlen,
587 2877 91 37 mag
698 2877 111 24 unter
827 2864 239 41 Umständen
1088 2868 59 38 die
1162 2868 196 49 Diagnose
1379 2881 68 25 aus
1465 2868 88 38 dem
1567 2869 105 39 Aus-

92 2911 118 38 sehen
231 2913 65 37 des
317 2912 228 42 Geschwürs
566 2916 114 38 allein
703 2916 346 52 Schwierigkeiten
1069 2921 138 37 haben.
1239 2919 50 39 So
1310 2921 192 38 berichtet
1522 2922 150 40 Heine
