<?xml version="1.0" encoding="UTF-8"?>
<alto xmlns="http://www.loc.gov/standards/alto/ns-v2#" xmlns:xsi="http://www.w3.org/2001/XMLSchema-instance" xsi:schemaLocation="http://www.loc.gov/standards/alto/ns-v2# http://www.loc.gov/standards/alto/alto.xsd">
  <Description>
    <MeasurementUnit>pixel</MeasurementUnit>
    <sourceImageInformation>
      <fileName>b21273911_abbyy.xml</fileName>
    </sourceImageInformation>
    <OCRProcessing ID="OCR_1">
      <preProcessingStep>
        <processingDateTime>2014-10-24T02:15:27</processingDateTime>
        <processingAgency>intranda GmbH, www.intranda.com</processingAgency>
        <processingSoftware>
          <softwareCreator>intranda GmbH, Germany</softwareCreator>
          <softwareName>intranda OCR Module for TaskManager</softwareName>
          <softwareVersion>1.0r42</softwareVersion>
        </processingSoftware>
      </preProcessingStep>
      <ocrProcessingStep>
        <processingSoftware>
          <softwareCreator>ABBYY (BIT Software), Russia</softwareCreator>
          <softwareName>FineReader Engine</softwareName>
          <softwareVersion>10</softwareVersion>
        </processingSoftware>
      </ocrProcessingStep>
    </OCRProcessing>
  </Description>
  <Layout>
    <Page PHYSICAL_IMG_NR="435" ID="PAGE_435" WIDTH="2107" HEIGHT="3450">
      <TopMargin ID="TopMargin_1" HPOS="388" VPOS="289" WIDTH="1461" HEIGHT="42">
        <TextBlock ID="TextBlock_1346" HPOS="388" VPOS="289" WIDTH="1461" HEIGHT="42">
          <TextLine ID="TextLine_16266" HPOS="388" VPOS="289" WIDTH="1461" HEIGHT="42">
            <String ID="Word_165284" HPOS="388" VPOS="298" WIDTH="217" HEIGHT="32" CONTENT="ANATOMY" />
            <SP ID="SP_149025" HPOS="605" VPOS="297" WIDTH="36" HEIGHT="0" />
            <String ID="Word_165285" HPOS="641" VPOS="297" WIDTH="91" HEIGHT="31" CONTENT="AND" />
            <SP ID="SP_149026" HPOS="732" VPOS="296" WIDTH="33" HEIGHT="0" />
            <String ID="Word_165286" HPOS="765" VPOS="296" WIDTH="281" HEIGHT="32" CONTENT="PHVSIOLOGY" />
            <SP ID="SP_149027" HPOS="1046" VPOS="296" WIDTH="34" HEIGHT="0" />
            <String ID="Word_165287" HPOS="1080" VPOS="296" WIDTH="52" HEIGHT="32" CONTENT="OF" />
            <SP ID="SP_149028" HPOS="1132" VPOS="296" WIDTH="34" HEIGHT="0" />
            <String ID="Word_165288" HPOS="1166" VPOS="296" WIDTH="88" HEIGHT="33" CONTENT="THE" />
            <SP ID="SP_149029" HPOS="1254" VPOS="296" WIDTH="34" HEIGHT="0" />
            <String ID="Word_165289" HPOS="1288" VPOS="298" WIDTH="153" HEIGHT="30" CONTENT="MOTOR" />
            <SP ID="SP_149030" HPOS="1441" VPOS="298" WIDTH="32" HEIGHT="0" />
            <String ID="Word_165290" HPOS="1473" VPOS="299" WIDTH="180" HEIGHT="32" CONTENT="TRACTS." />
            <SP ID="SP_149031" HPOS="1653" VPOS="289" WIDTH="110" HEIGHT="0" />
            <String ID="Word_165291" HPOS="1763" VPOS="289" WIDTH="86" HEIGHT="42" CONTENT="415" />
          </TextLine>
        </TextBlock>
      </TopMargin>
      <PrintSpace ID="PrintSpace_436" HPOS="315" VPOS="612" WIDTH="1409" HEIGHT="1015">
        <TextBlock ID="TextBlock_1343" HPOS="187" VPOS="283" WIDTH="1676" HEIGHT="259">
          <TextLine ID="TextLine_16267" HPOS="259" VPOS="417" WIDTH="1596" HEIGHT="59">
            <String ID="Word_165292" HPOS="259" VPOS="422" WIDTH="52" HEIGHT="41" CONTENT="111" />
            <SP ID="SP_149032" HPOS="311" VPOS="421" WIDTH="34" HEIGHT="0" />
            <String ID="Word_165293" HPOS="345" VPOS="421" WIDTH="73" HEIGHT="42" CONTENT="the" />
            <SP ID="SP_149033" HPOS="418" VPOS="418" WIDTH="26" HEIGHT="0" />
            <String ID="Word_165294" HPOS="444" VPOS="418" WIDTH="121" HEIGHT="45" CONTENT="Ci'ua," />
            <SP ID="SP_149034" HPOS="565" VPOS="418" WIDTH="23" HEIGHT="0" />
            <String ID="Word_165295" HPOS="588" VPOS="419" WIDTH="74" HEIGHT="42" CONTENT="the" />
            <SP ID="SP_149035" HPOS="662" VPOS="418" WIDTH="33" HEIGHT="0" />
            <String ID="Word_165296" HPOS="695" VPOS="418" WIDTH="174" HEIGHT="56" CONTENT="general" />
            <SP ID="SP_149036" HPOS="869" VPOS="418" WIDTH="38" HEIGHT="0" />
            <String ID="Word_165297" HPOS="907" VPOS="421" WIDTH="139" HEIGHT="38" CONTENT="motor" />
            <SP ID="SP_149037" HPOS="1046" VPOS="421" WIDTH="23" HEIGHT="0" />
            <String ID="Word_165298" HPOS="1069" VPOS="422" WIDTH="125" HEIGHT="47" CONTENT="tract," />
            <SP ID="SP_149038" HPOS="1194" VPOS="422" WIDTH="21" HEIGHT="0" />
            <String ID="Word_165299" HPOS="1215" VPOS="432" WIDTH="47" HEIGHT="28" CONTENT="as" />
            <SP ID="SP_149039" HPOS="1262" VPOS="417" WIDTH="23" HEIGHT="0" />
            <String ID="Word_165300" HPOS="1285" VPOS="417" WIDTH="151" HEIGHT="45" CONTENT="shown" />
            <SP ID="SP_149040" HPOS="1436" VPOS="417" WIDTH="37" HEIGHT="0" />
            <String ID="Word_165301" HPOS="1473" VPOS="419" WIDTH="43" HEIGHT="42" CONTENT="in" />
            <SP ID="SP_149041" HPOS="1516" VPOS="419" WIDTH="36" HEIGHT="0" />
            <String ID="Word_165302" HPOS="1552" VPOS="419" WIDTH="72" HEIGHT="42" CONTENT="the" />
            <SP ID="SP_149042" HPOS="1624" VPOS="419" WIDTH="24" HEIGHT="0" />
            <String ID="Word_165303" HPOS="1648" VPOS="420" WIDTH="207" HEIGHT="49" CONTENT="diagram," />
          </TextLine>
          <TextLine ID="TextLine_16268" HPOS="193" VPOS="488" WIDTH="1664" HEIGHT="48">
            <String ID="Word_165304" HPOS="193" VPOS="498" WIDTH="262" HEIGHT="38" CONTENT="constitutes" />
            <SP ID="SP_149043" HPOS="455" VPOS="492" WIDTH="32" HEIGHT="0" />
            <String ID="Word_165305" HPOS="487" VPOS="492" WIDTH="134" HEIGHT="42" CONTENT="about" />
            <SP ID="SP_149044" HPOS="621" VPOS="492" WIDTH="22" HEIGHT="0" />
            <String ID="Word_165306" HPOS="643" VPOS="505" WIDTH="24" HEIGHT="28" CONTENT="a" />
            <SP ID="SP_149045" HPOS="667" VPOS="489" WIDTH="34" HEIGHT="0" />
            <String ID="Word_165307" HPOS="701" VPOS="490" WIDTH="255" HEIGHT="42" CONTENT="third—the" />
            <SP ID="SP_149046" HPOS="956" VPOS="488" WIDTH="37" HEIGHT="0" />
            <String ID="Word_165308" HPOS="993" VPOS="488" WIDTH="162" HEIGHT="44" CONTENT="middle" />
            <SP ID="SP_149047" HPOS="1155" VPOS="488" WIDTH="24" HEIGHT="0" />
            <String ID="Word_165309" HPOS="1179" VPOS="490" WIDTH="227" HEIGHT="42" CONTENT="third—of" />
            <SP ID="SP_149048" HPOS="1406" VPOS="490" WIDTH="34" HEIGHT="0" />
            <String ID="Word_165310" HPOS="1440" VPOS="490" WIDTH="73" HEIGHT="43" CONTENT="the" />
            <SP ID="SP_149049" HPOS="1513" VPOS="490" WIDTH="34" HEIGHT="0" />
            <String ID="Word_165311" HPOS="1547" VPOS="495" WIDTH="155" HEIGHT="39" CONTENT="crusta." />
            <SP ID="SP_149050" HPOS="1702" VPOS="493" WIDTH="64" HEIGHT="0" />
            <String ID="Word_165312" HPOS="1766" VPOS="493" WIDTH="91" HEIGHT="42" CONTENT="The" />
          </TextLine>
        </TextBlock>
        <TextBlock ID="TextBlock_1344" HPOS="213" VPOS="1678" WIDTH="1653" HEIGHT="142">
          <TextLine ID="TextLine_16269" HPOS="219" VPOS="1684" WIDTH="1641" HEIGHT="36">
            <String ID="Word_165313" HPOS="219" VPOS="1687" WIDTH="65" HEIGHT="26" CONTENT="Fig." />
            <SP ID="SP_149051" HPOS="284" VPOS="1686" WIDTH="14" HEIGHT="0" />
            <String ID="Word_165314" HPOS="298" VPOS="1684" WIDTH="182" HEIGHT="35" CONTENT="17.—(After" />
            <SP ID="SP_149052" HPOS="480" VPOS="1684" WIDTH="18" HEIGHT="0" />
            <String ID="Word_165315" HPOS="498" VPOS="1684" WIDTH="240" HEIGHT="35" CONTENT="Charcot.1)—^" />
            <SP ID="SP_149053" HPOS="738" VPOS="1684" WIDTH="20" HEIGHT="0" />
            <String ID="Word_165316" HPOS="758" VPOS="1684" WIDTH="52" HEIGHT="27" CONTENT="the" />
            <SP ID="SP_149054" HPOS="810" VPOS="1684" WIDTH="26" HEIGHT="0" />
            <String ID="Word_165317" HPOS="836" VPOS="1685" WIDTH="121" HEIGHT="33" CONTENT="general" />
            <SP ID="SP_149055" HPOS="957" VPOS="1685" WIDTH="20" HEIGHT="0" />
            <String ID="Word_165318" HPOS="977" VPOS="1686" WIDTH="96" HEIGHT="25" CONTENT="motor" />
            <SP ID="SP_149056" HPOS="1073" VPOS="1686" WIDTH="22" HEIGHT="0" />
            <String ID="Word_165319" HPOS="1095" VPOS="1687" WIDTH="79" HEIGHT="25" CONTENT="tract" />
            <SP ID="SP_149057" HPOS="1174" VPOS="1686" WIDTH="19" HEIGHT="0" />
            <String ID="Word_165320" HPOS="1193" VPOS="1686" WIDTH="180" HEIGHT="34" CONTENT="(pyramidal" />
            <SP ID="SP_149058" HPOS="1373" VPOS="1686" WIDTH="21" HEIGHT="0" />
            <String ID="Word_165321" HPOS="1394" VPOS="1686" WIDTH="93" HEIGHT="33" CONTENT="tract)" />
            <SP ID="SP_149059" HPOS="1487" VPOS="1685" WIDTH="23" HEIGHT="0" />
            <String ID="Word_165322" HPOS="1510" VPOS="1685" WIDTH="206" HEIGHT="33" CONTENT="degenerated." />
            <SP ID="SP_149060" HPOS="1716" VPOS="1684" WIDTH="39" HEIGHT="0" />
            <String ID="Word_165323" HPOS="1755" VPOS="1684" WIDTH="34" HEIGHT="34" CONTENT="B," />
            <SP ID="SP_149061" HPOS="1789" VPOS="1684" WIDTH="19" HEIGHT="0" />
            <String ID="Word_165324" HPOS="1808" VPOS="1685" WIDTH="52" HEIGHT="26" CONTENT="tbe" />
          </TextLine>
          <TextLine ID="TextLine_16270" HPOS="253" VPOS="1731" WIDTH="1606" HEIGHT="36">
            <String ID="Word_165325" HPOS="253" VPOS="1733" WIDTH="132" HEIGHT="26" CONTENT="internal" />
            <SP ID="SP_149062" HPOS="385" VPOS="1732" WIDTH="21" HEIGHT="0" />
            <String ID="Word_165326" HPOS="406" VPOS="1732" WIDTH="160" HEIGHT="26" CONTENT="fasciculus" />
            <SP ID="SP_149063" HPOS="566" VPOS="1732" WIDTH="21" HEIGHT="0" />
            <String ID="Word_165327" HPOS="587" VPOS="1732" WIDTH="73" HEIGHT="25" CONTENT="from" />
            <SP ID="SP_149064" HPOS="660" VPOS="1731" WIDTH="21" HEIGHT="0" />
            <String ID="Word_165328" HPOS="681" VPOS="1731" WIDTH="51" HEIGHT="26" CONTENT="the" />
            <SP ID="SP_149065" HPOS="732" VPOS="1731" WIDTH="22" HEIGHT="0" />
            <String ID="Word_165329" HPOS="754" VPOS="1731" WIDTH="174" HEIGHT="33" CONTENT="prefrontal" />
            <SP ID="SP_149066" HPOS="928" VPOS="1731" WIDTH="16" HEIGHT="0" />
            <String ID="Word_165330" HPOS="944" VPOS="1733" WIDTH="224" HEIGHT="33" CONTENT="convolutions;" />
            <SP ID="SP_149067" HPOS="1168" VPOS="1733" WIDTH="28" HEIGHT="0" />
            <String ID="Word_165331" HPOS="1196" VPOS="1733" WIDTH="30" HEIGHT="26" CONTENT="C," />
            <SP ID="SP_149068" HPOS="1226" VPOS="1733" WIDTH="17" HEIGHT="0" />
            <String ID="Word_165332" HPOS="1243" VPOS="1733" WIDTH="51" HEIGHT="26" CONTENT="the" />
            <SP ID="SP_149069" HPOS="1294" VPOS="1733" WIDTH="19" HEIGHT="0" />
            <String ID="Word_165333" HPOS="1313" VPOS="1734" WIDTH="147" HEIGHT="32" CONTENT="external," />
            <SP ID="SP_149070" HPOS="1460" VPOS="1734" WIDTH="16" HEIGHT="0" />
            <String ID="Word_165334" HPOS="1476" VPOS="1740" WIDTH="134" HEIGHT="25" CONTENT="sensory," />
            <SP ID="SP_149071" HPOS="1610" VPOS="1732" WIDTH="21" HEIGHT="0" />
            <String ID="Word_165335" HPOS="1631" VPOS="1732" WIDTH="171" HEIGHT="32" CONTENT="fasciculus;" />
            <SP ID="SP_149072" HPOS="1802" VPOS="1732" WIDTH="24" HEIGHT="0" />
            <String ID="Word_165336" HPOS="1826" VPOS="1732" WIDTH="33" HEIGHT="34" CONTENT="/&gt;," />
          </TextLine>
          <TextLine ID="TextLine_16271" HPOS="255" VPOS="1778" WIDTH="1421" HEIGHT="35">
            <String ID="Word_165337" HPOS="255" VPOS="1781" WIDTH="50" HEIGHT="25" CONTENT="the" />
            <SP ID="SP_149073" HPOS="305" VPOS="1781" WIDTH="13" HEIGHT="0" />
            <String ID="Word_165338" HPOS="318" VPOS="1787" WIDTH="87" HEIGHT="26" CONTENT="pons;" />
            <SP ID="SP_149074" HPOS="405" VPOS="1780" WIDTH="23" HEIGHT="0" />
            <String ID="Word_165339" HPOS="428" VPOS="1780" WIDTH="34" HEIGHT="25" CONTENT="E," />
            <SP ID="SP_149075" HPOS="462" VPOS="1779" WIDTH="14" HEIGHT="0" />
            <String ID="Word_165340" HPOS="476" VPOS="1779" WIDTH="51" HEIGHT="26" CONTENT="the" />
            <SP ID="SP_149076" HPOS="527" VPOS="1779" WIDTH="14" HEIGHT="0" />
            <String ID="Word_165341" HPOS="541" VPOS="1779" WIDTH="134" HEIGHT="26" CONTENT="anterior" />
            <SP ID="SP_149077" HPOS="675" VPOS="1778" WIDTH="13" HEIGHT="0" />
            <String ID="Word_165342" HPOS="688" VPOS="1778" WIDTH="139" HEIGHT="33" CONTENT="pyramid" />
            <SP ID="SP_149078" HPOS="827" VPOS="1778" WIDTH="16" HEIGHT="0" />
            <String ID="Word_165343" HPOS="843" VPOS="1779" WIDTH="219" HEIGHT="33" CONTENT="degenerated;" />
            <SP ID="SP_149079" HPOS="1062" VPOS="1779" WIDTH="22" HEIGHT="0" />
            <String ID="Word_165344" HPOS="1084" VPOS="1780" WIDTH="31" HEIGHT="32" CONTENT="F," />
            <SP ID="SP_149080" HPOS="1115" VPOS="1780" WIDTH="16" HEIGHT="0" />
            <String ID="Word_165345" HPOS="1131" VPOS="1780" WIDTH="51" HEIGHT="26" CONTENT="the" />
            <SP ID="SP_149081" HPOS="1182" VPOS="1780" WIDTH="14" HEIGHT="0" />
            <String ID="Word_165346" HPOS="1196" VPOS="1780" WIDTH="192" HEIGHT="27" CONTENT="decussation" />
            <SP ID="SP_149082" HPOS="1388" VPOS="1780" WIDTH="14" HEIGHT="0" />
            <String ID="Word_165347" HPOS="1402" VPOS="1780" WIDTH="34" HEIGHT="27" CONTENT="of" />
            <SP ID="SP_149083" HPOS="1436" VPOS="1780" WIDTH="10" HEIGHT="0" />
            <String ID="Word_165348" HPOS="1446" VPOS="1780" WIDTH="51" HEIGHT="26" CONTENT="the" />
            <SP ID="SP_149084" HPOS="1497" VPOS="1780" WIDTH="14" HEIGHT="0" />
            <String ID="Word_165349" HPOS="1511" VPOS="1780" WIDTH="165" HEIGHT="33" CONTENT="pyramids." />
          </TextLine>
        </TextBlock>
        <TextBlock ID="TextBlock_1345" HPOS="167" VPOS="1845" WIDTH="1694" HEIGHT="1387">
          <TextLine ID="TextLine_16272" HPOS="180" VPOS="1851" WIDTH="1674" HEIGHT="57">
            <String ID="Word_165350" HPOS="180" VPOS="1853" WIDTH="127" HEIGHT="42" CONTENT="inner" />
            <SP ID="SP_149085" HPOS="307" VPOS="1852" WIDTH="35" HEIGHT="0" />
            <String ID="Word_165351" HPOS="342" VPOS="1852" WIDTH="117" HEIGHT="42" CONTENT="third" />
            <SP ID="SP_149086" HPOS="459" VPOS="1852" WIDTH="23" HEIGHT="0" />
            <String ID="Word_165352" HPOS="482" VPOS="1852" WIDTH="36" HEIGHT="42" CONTENT="is" />
            <SP ID="SP_149087" HPOS="518" VPOS="1851" WIDTH="33" HEIGHT="0" />
            <String ID="Word_165353" HPOS="551" VPOS="1851" WIDTH="233" HEIGHT="43" CONTENT="composed" />
            <SP ID="SP_149088" HPOS="784" VPOS="1851" WIDTH="29" HEIGHT="0" />
            <String ID="Word_165354" HPOS="813" VPOS="1852" WIDTH="45" HEIGHT="42" CONTENT="of" />
            <SP ID="SP_149089" HPOS="858" VPOS="1851" WIDTH="34" HEIGHT="0" />
            <String ID="Word_165355" HPOS="892" VPOS="1851" WIDTH="73" HEIGHT="43" CONTENT="the" />
            <SP ID="SP_149090" HPOS="965" VPOS="1851" WIDTH="25" HEIGHT="0" />
            <String ID="Word_165356" HPOS="990" VPOS="1852" WIDTH="141" HEIGHT="43" CONTENT="fibres," />
            <SP ID="SP_149091" HPOS="1131" VPOS="1852" WIDTH="22" HEIGHT="0" />
            <String ID="Word_165357" HPOS="1153" VPOS="1853" WIDTH="139" HEIGHT="42" CONTENT="above" />
            <SP ID="SP_149092" HPOS="1292" VPOS="1852" WIDTH="33" HEIGHT="0" />
            <String ID="Word_165358" HPOS="1325" VPOS="1852" WIDTH="267" HEIGHT="53" CONTENT="mentioned," />
            <SP ID="SP_149093" HPOS="1592" VPOS="1852" WIDTH="23" HEIGHT="0" />
            <String ID="Word_165359" HPOS="1615" VPOS="1852" WIDTH="144" HEIGHT="43" CONTENT="which" />
            <SP ID="SP_149094" HPOS="1759" VPOS="1852" WIDTH="24" HEIGHT="0" />
            <String ID="Word_165360" HPOS="1783" VPOS="1867" WIDTH="71" HEIGHT="28" CONTENT="are" />
          </TextLine>
          <TextLine ID="TextLine_16273" HPOS="183" VPOS="1924" WIDTH="1671" HEIGHT="56">
            <String ID="Word_165361" HPOS="183" VPOS="1924" WIDTH="175" HEIGHT="43" CONTENT="derived" />
            <SP ID="SP_149095" HPOS="358" VPOS="1924" WIDTH="25" HEIGHT="0" />
            <String ID="Word_165362" HPOS="383" VPOS="1925" WIDTH="111" HEIGHT="41" CONTENT="from" />
            <SP ID="SP_149096" HPOS="494" VPOS="1924" WIDTH="34" HEIGHT="0" />
            <String ID="Word_165363" HPOS="528" VPOS="1924" WIDTH="74" HEIGHT="43" CONTENT="the" />
            <SP ID="SP_149097" HPOS="602" VPOS="1924" WIDTH="22" HEIGHT="0" />
            <String ID="Word_165364" HPOS="624" VPOS="1924" WIDTH="256" HEIGHT="56" CONTENT="prefrontal" />
            <SP ID="SP_149098" HPOS="880" VPOS="1924" WIDTH="33" HEIGHT="0" />
            <String ID="Word_165365" HPOS="913" VPOS="1924" WIDTH="336" HEIGHT="43" CONTENT="convolutions;" />
            <SP ID="SP_149099" HPOS="1249" VPOS="1924" WIDTH="34" HEIGHT="0" />
            <String ID="Word_165366" HPOS="1283" VPOS="1924" WIDTH="86" HEIGHT="42" CONTENT="and" />
            <SP ID="SP_149100" HPOS="1369" VPOS="1924" WIDTH="34" HEIGHT="0" />
            <String ID="Word_165367" HPOS="1403" VPOS="1924" WIDTH="76" HEIGHT="42" CONTENT="the" />
            <SP ID="SP_149101" HPOS="1479" VPOS="1924" WIDTH="28" HEIGHT="0" />
            <String ID="Word_165368" HPOS="1507" VPOS="1928" WIDTH="125" HEIGHT="38" CONTENT="outer" />
            <SP ID="SP_149102" HPOS="1632" VPOS="1924" WIDTH="32" HEIGHT="0" />
            <String ID="Word_165369" HPOS="1664" VPOS="1924" WIDTH="118" HEIGHT="42" CONTENT="third" />
            <SP ID="SP_149103" HPOS="1782" VPOS="1924" WIDTH="35" HEIGHT="0" />
            <String ID="Word_165370" HPOS="1817" VPOS="1924" WIDTH="37" HEIGHT="42" CONTENT="is" />
          </TextLine>
          <TextLine ID="TextLine_16274" HPOS="182" VPOS="1996" WIDTH="1670" HEIGHT="57">
            <String ID="Word_165371" HPOS="182" VPOS="1996" WIDTH="231" HEIGHT="44" CONTENT="composed" />
            <SP ID="SP_149104" HPOS="413" VPOS="1996" WIDTH="23" HEIGHT="0" />
            <String ID="Word_165372" HPOS="436" VPOS="1997" WIDTH="46" HEIGHT="42" CONTENT="of" />
            <SP ID="SP_149105" HPOS="482" VPOS="1997" WIDTH="15" HEIGHT="0" />
            <String ID="Word_165373" HPOS="497" VPOS="1997" WIDTH="74" HEIGHT="42" CONTENT="the" />
            <SP ID="SP_149106" HPOS="571" VPOS="1997" WIDTH="18" HEIGHT="0" />
            <String ID="Word_165374" HPOS="589" VPOS="2011" WIDTH="181" HEIGHT="28" CONTENT="sensory" />
            <SP ID="SP_149107" HPOS="770" VPOS="1997" WIDTH="20" HEIGHT="0" />
            <String ID="Word_165375" HPOS="790" VPOS="1997" WIDTH="127" HEIGHT="42" CONTENT="fibres" />
            <SP ID="SP_149108" HPOS="917" VPOS="1997" WIDTH="26" HEIGHT="0" />
            <String ID="Word_165376" HPOS="943" VPOS="1997" WIDTH="143" HEIGHT="42" CONTENT="which" />
            <SP ID="SP_149109" HPOS="1086" VPOS="1997" WIDTH="20" HEIGHT="0" />
            <String ID="Word_165377" HPOS="1106" VPOS="2011" WIDTH="71" HEIGHT="28" CONTENT="are" />
            <SP ID="SP_149110" HPOS="1177" VPOS="1996" WIDTH="19" HEIGHT="0" />
            <String ID="Word_165378" HPOS="1196" VPOS="1996" WIDTH="237" HEIGHT="56" CONTENT="prolonged" />
            <SP ID="SP_149111" HPOS="1433" VPOS="1996" WIDTH="23" HEIGHT="0" />
            <String ID="Word_165379" HPOS="1456" VPOS="1996" WIDTH="205" HEIGHT="42" CONTENT="upwards" />
            <SP ID="SP_149112" HPOS="1661" VPOS="1996" WIDTH="19" HEIGHT="0" />
            <String ID="Word_165380" HPOS="1680" VPOS="2001" WIDTH="44" HEIGHT="37" CONTENT="to" />
            <SP ID="SP_149113" HPOS="1724" VPOS="1997" WIDTH="19" HEIGHT="0" />
            <String ID="Word_165381" HPOS="1743" VPOS="1997" WIDTH="109" HEIGHT="41" CONTENT="form" />
          </TextLine>
          <TextLine ID="TextLine_16275" HPOS="183" VPOS="2068" WIDTH="1671" HEIGHT="58">
            <String ID="Word_165382" HPOS="183" VPOS="2070" WIDTH="71" HEIGHT="42" CONTENT="the" />
            <SP ID="SP_149114" HPOS="254" VPOS="2070" WIDTH="24" HEIGHT="0" />
            <String ID="Word_165383" HPOS="278" VPOS="2070" WIDTH="212" HEIGHT="56" CONTENT="posterior" />
            <SP ID="SP_149115" HPOS="490" VPOS="2070" WIDTH="22" HEIGHT="0" />
            <String ID="Word_165384" HPOS="512" VPOS="2074" WIDTH="98" HEIGHT="52" CONTENT="part" />
            <SP ID="SP_149116" HPOS="610" VPOS="2069" WIDTH="22" HEIGHT="0" />
            <String ID="Word_165385" HPOS="632" VPOS="2069" WIDTH="46" HEIGHT="42" CONTENT="of" />
            <SP ID="SP_149117" HPOS="678" VPOS="2069" WIDTH="21" HEIGHT="0" />
            <String ID="Word_165386" HPOS="699" VPOS="2069" WIDTH="73" HEIGHT="42" CONTENT="the" />
            <SP ID="SP_149118" HPOS="772" VPOS="2069" WIDTH="25" HEIGHT="0" />
            <String ID="Word_165387" HPOS="797" VPOS="2069" WIDTH="193" HEIGHT="43" CONTENT="internal" />
            <SP ID="SP_149119" HPOS="990" VPOS="2069" WIDTH="34" HEIGHT="0" />
            <String ID="Word_165388" HPOS="1024" VPOS="2069" WIDTH="189" HEIGHT="43" CONTENT="capsule." />
            <SP ID="SP_149120" HPOS="1213" VPOS="2069" WIDTH="69" HEIGHT="0" />
            <String ID="Word_165389" HPOS="1282" VPOS="2069" WIDTH="51" HEIGHT="41" CONTENT="Tn" />
            <SP ID="SP_149121" HPOS="1333" VPOS="2069" WIDTH="28" HEIGHT="0" />
            <String ID="Word_165390" HPOS="1361" VPOS="2069" WIDTH="73" HEIGHT="42" CONTENT="the" />
            <SP ID="SP_149122" HPOS="1434" VPOS="2068" WIDTH="21" HEIGHT="0" />
            <String ID="Word_165391" HPOS="1455" VPOS="2068" WIDTH="164" HEIGHT="43" CONTENT="middle" />
            <SP ID="SP_149123" HPOS="1619" VPOS="2068" WIDTH="23" HEIGHT="0" />
            <String ID="Word_165392" HPOS="1642" VPOS="2083" WIDTH="48" HEIGHT="28" CONTENT="or" />
            <SP ID="SP_149124" HPOS="1690" VPOS="2074" WIDTH="24" HEIGHT="0" />
            <String ID="Word_165393" HPOS="1714" VPOS="2074" WIDTH="140" HEIGHT="37" CONTENT="motor" />
          </TextLine>
          <TextLine ID="TextLine_16276" HPOS="181" VPOS="2140" WIDTH="1673" HEIGHT="57">
            <String ID="Word_165394" HPOS="181" VPOS="2142" WIDTH="118" HEIGHT="42" CONTENT="third" />
            <SP ID="SP_149125" HPOS="299" VPOS="2142" WIDTH="34" HEIGHT="0" />
            <String ID="Word_165395" HPOS="333" VPOS="2156" WIDTH="72" HEIGHT="28" CONTENT="are" />
            <SP ID="SP_149126" HPOS="405" VPOS="2142" WIDTH="37" HEIGHT="0" />
            <String ID="Word_165396" HPOS="442" VPOS="2142" WIDTH="233" HEIGHT="42" CONTENT="contained" />
            <SP ID="SP_149127" HPOS="675" VPOS="2142" WIDTH="35" HEIGHT="0" />
            <String ID="Word_165397" HPOS="710" VPOS="2142" WIDTH="74" HEIGHT="42" CONTENT="the" />
            <SP ID="SP_149128" HPOS="784" VPOS="2142" WIDTH="27" HEIGHT="0" />
            <String ID="Word_165398" HPOS="811" VPOS="2142" WIDTH="126" HEIGHT="41" CONTENT="fibres" />
            <SP ID="SP_149129" HPOS="937" VPOS="2142" WIDTH="25" HEIGHT="0" />
            <String ID="Word_165399" HPOS="962" VPOS="2142" WIDTH="66" HEIGHT="40" CONTENT="for" />
            <SP ID="SP_149130" HPOS="1028" VPOS="2141" WIDTH="21" HEIGHT="0" />
            <String ID="Word_165400" HPOS="1049" VPOS="2155" WIDTH="244" HEIGHT="42" CONTENT="phonation" />
            <SP ID="SP_149131" HPOS="1293" VPOS="2140" WIDTH="30" HEIGHT="0" />
            <String ID="Word_165401" HPOS="1323" VPOS="2140" WIDTH="86" HEIGHT="42" CONTENT="and" />
            <SP ID="SP_149132" HPOS="1409" VPOS="2140" WIDTH="25" HEIGHT="0" />
            <String ID="Word_165402" HPOS="1434" VPOS="2140" WIDTH="92" HEIGHT="42" CONTENT="oral" />
            <SP ID="SP_149133" HPOS="1526" VPOS="2140" WIDTH="31" HEIGHT="0" />
            <String ID="Word_165403" HPOS="1557" VPOS="2140" WIDTH="297" HEIGHT="51" CONTENT="articulation," />
          </TextLine>
          <TextLine ID="TextLine_16277" HPOS="180" VPOS="2212" WIDTH="1671" HEIGHT="57">
            <String ID="Word_165404" HPOS="180" VPOS="2215" WIDTH="84" HEIGHT="41" CONTENT="and" />
            <SP ID="SP_149134" HPOS="264" VPOS="2214" WIDTH="35" HEIGHT="0" />
            <String ID="Word_165405" HPOS="299" VPOS="2214" WIDTH="90" HEIGHT="43" CONTENT="also" />
            <SP ID="SP_149135" HPOS="389" VPOS="2214" WIDTH="25" HEIGHT="0" />
            <String ID="Word_165406" HPOS="414" VPOS="2214" WIDTH="73" HEIGHT="43" CONTENT="the" />
            <SP ID="SP_149136" HPOS="487" VPOS="2214" WIDTH="26" HEIGHT="0" />
            <String ID="Word_165407" HPOS="513" VPOS="2214" WIDTH="126" HEIGHT="42" CONTENT="fibres" />
            <SP ID="SP_149137" HPOS="639" VPOS="2214" WIDTH="23" HEIGHT="0" />
            <String ID="Word_165408" HPOS="662" VPOS="2214" WIDTH="66" HEIGHT="42" CONTENT="for" />
            <SP ID="SP_149138" HPOS="728" VPOS="2214" WIDTH="34" HEIGHT="0" />
            <String ID="Word_165409" HPOS="762" VPOS="2214" WIDTH="74" HEIGHT="43" CONTENT="the" />
            <SP ID="SP_149139" HPOS="836" VPOS="2214" WIDTH="33" HEIGHT="0" />
            <String ID="Word_165410" HPOS="869" VPOS="2217" WIDTH="277" HEIGHT="39" CONTENT="movements" />
            <SP ID="SP_149140" HPOS="1146" VPOS="2213" WIDTH="35" HEIGHT="0" />
            <String ID="Word_165411" HPOS="1181" VPOS="2213" WIDTH="46" HEIGHT="42" CONTENT="of" />
            <SP ID="SP_149141" HPOS="1227" VPOS="2213" WIDTH="33" HEIGHT="0" />
            <String ID="Word_165412" HPOS="1260" VPOS="2213" WIDTH="73" HEIGHT="42" CONTENT="the" />
            <SP ID="SP_149142" HPOS="1333" VPOS="2212" WIDTH="25" HEIGHT="0" />
            <String ID="Word_165413" HPOS="1358" VPOS="2212" WIDTH="130" HEIGHT="52" CONTENT="hand," />
            <SP ID="SP_149143" HPOS="1488" VPOS="2212" WIDTH="23" HEIGHT="0" />
            <String ID="Word_165414" HPOS="1511" VPOS="2226" WIDTH="46" HEIGHT="29" CONTENT="as" />
            <SP ID="SP_149144" HPOS="1557" VPOS="2213" WIDTH="35" HEIGHT="0" />
            <String ID="Word_165415" HPOS="1592" VPOS="2213" WIDTH="43" HEIGHT="41" CONTENT="in" />
            <SP ID="SP_149145" HPOS="1635" VPOS="2213" WIDTH="29" HEIGHT="0" />
            <String ID="Word_165416" HPOS="1664" VPOS="2217" WIDTH="187" HEIGHT="38" CONTENT="writing." />
          </TextLine>
          <TextLine ID="TextLine_16278" HPOS="176" VPOS="2284" WIDTH="1676" HEIGHT="58">
            <String ID="Word_165417" HPOS="176" VPOS="2287" WIDTH="91" HEIGHT="42" CONTENT="The" />
            <SP ID="SP_149146" HPOS="267" VPOS="2287" WIDTH="25" HEIGHT="0" />
            <String ID="Word_165418" HPOS="292" VPOS="2287" WIDTH="124" HEIGHT="42" CONTENT="fibres" />
            <SP ID="SP_149147" HPOS="416" VPOS="2287" WIDTH="26" HEIGHT="0" />
            <String ID="Word_165419" HPOS="442" VPOS="2287" WIDTH="64" HEIGHT="41" CONTENT="for" />
            <SP ID="SP_149148" HPOS="506" VPOS="2286" WIDTH="22" HEIGHT="0" />
            <String ID="Word_165420" HPOS="528" VPOS="2286" WIDTH="240" HEIGHT="56" CONTENT="phonation" />
            <SP ID="SP_149149" HPOS="768" VPOS="2286" WIDTH="37" HEIGHT="0" />
            <String ID="Word_165421" HPOS="805" VPOS="2286" WIDTH="86" HEIGHT="42" CONTENT="and" />
            <SP ID="SP_149150" HPOS="891" VPOS="2285" WIDTH="24" HEIGHT="0" />
            <String ID="Word_165422" HPOS="915" VPOS="2285" WIDTH="90" HEIGHT="43" CONTENT="oral" />
            <SP ID="SP_149151" HPOS="1005" VPOS="2285" WIDTH="23" HEIGHT="0" />
            <String ID="Word_165423" HPOS="1028" VPOS="2285" WIDTH="285" HEIGHT="43" CONTENT="articulation" />
            <SP ID="SP_149152" HPOS="1313" VPOS="2285" WIDTH="24" HEIGHT="0" />
            <String ID="Word_165424" HPOS="1337" VPOS="2299" WIDTH="72" HEIGHT="28" CONTENT="are" />
            <SP ID="SP_149153" HPOS="1409" VPOS="2285" WIDTH="23" HEIGHT="0" />
            <String ID="Word_165425" HPOS="1432" VPOS="2285" WIDTH="200" HEIGHT="43" CONTENT="believed" />
            <SP ID="SP_149154" HPOS="1632" VPOS="2285" WIDTH="25" HEIGHT="0" />
            <String ID="Word_165426" HPOS="1657" VPOS="2289" WIDTH="44" HEIGHT="38" CONTENT="to" />
            <SP ID="SP_149155" HPOS="1701" VPOS="2284" WIDTH="23" HEIGHT="0" />
            <String ID="Word_165427" HPOS="1724" VPOS="2284" WIDTH="58" HEIGHT="43" CONTENT="lie" />
            <SP ID="SP_149156" HPOS="1782" VPOS="2284" WIDTH="24" HEIGHT="0" />
            <String ID="Word_165428" HPOS="1806" VPOS="2285" WIDTH="46" HEIGHT="40" CONTENT="in" />
          </TextLine>
          <TextLine ID="TextLine_16279" HPOS="175" VPOS="2357" WIDTH="1678" HEIGHT="58">
            <String ID="Word_165429" HPOS="175" VPOS="2359" WIDTH="75" HEIGHT="42" CONTENT="the" />
            <SP ID="SP_149157" HPOS="250" VPOS="2359" WIDTH="36" HEIGHT="0" />
            <String ID="Word_165430" HPOS="286" VPOS="2360" WIDTH="243" HEIGHT="42" CONTENT="innermost" />
            <SP ID="SP_149158" HPOS="529" VPOS="2360" WIDTH="36" HEIGHT="0" />
            <String ID="Word_165431" HPOS="565" VPOS="2364" WIDTH="99" HEIGHT="51" CONTENT="part" />
            <SP ID="SP_149159" HPOS="664" VPOS="2359" WIDTH="34" HEIGHT="0" />
            <String ID="Word_165432" HPOS="698" VPOS="2359" WIDTH="44" HEIGHT="42" CONTENT="of" />
            <SP ID="SP_149160" HPOS="742" VPOS="2359" WIDTH="37" HEIGHT="0" />
            <String ID="Word_165433" HPOS="779" VPOS="2359" WIDTH="75" HEIGHT="42" CONTENT="the" />
            <SP ID="SP_149161" HPOS="854" VPOS="2358" WIDTH="35" HEIGHT="0" />
            <String ID="Word_165434" HPOS="889" VPOS="2358" WIDTH="176" HEIGHT="56" CONTENT="general" />
            <SP ID="SP_149162" HPOS="1065" VPOS="2358" WIDTH="37" HEIGHT="0" />
            <String ID="Word_165435" HPOS="1102" VPOS="2363" WIDTH="142" HEIGHT="37" CONTENT="motor" />
            <SP ID="SP_149163" HPOS="1244" VPOS="2362" WIDTH="36" HEIGHT="0" />
            <String ID="Word_165436" HPOS="1280" VPOS="2362" WIDTH="126" HEIGHT="38" CONTENT="tract," />
            <SP ID="SP_149164" HPOS="1406" VPOS="2357" WIDTH="35" HEIGHT="0" />
            <String ID="Word_165437" HPOS="1441" VPOS="2357" WIDTH="155" HEIGHT="42" CONTENT="within" />
            <SP ID="SP_149165" HPOS="1596" VPOS="2357" WIDTH="34" HEIGHT="0" />
            <String ID="Word_165438" HPOS="1630" VPOS="2357" WIDTH="59" HEIGHT="42" CONTENT="its" />
            <SP ID="SP_149166" HPOS="1689" VPOS="2357" WIDTH="35" HEIGHT="0" />
            <String ID="Word_165439" HPOS="1724" VPOS="2357" WIDTH="129" HEIGHT="41" CONTENT="inner" />
          </TextLine>
          <TextLine ID="TextLine_16280" HPOS="175" VPOS="2428" WIDTH="1677" HEIGHT="59">
            <String ID="Word_165440" HPOS="175" VPOS="2431" WIDTH="116" HEIGHT="56" CONTENT="edge." />
            <SP ID="SP_149167" HPOS="291" VPOS="2431" WIDTH="64" HEIGHT="0" />
            <String ID="Word_165441" HPOS="355" VPOS="2431" WIDTH="91" HEIGHT="43" CONTENT="The" />
            <SP ID="SP_149168" HPOS="446" VPOS="2431" WIDTH="26" HEIGHT="0" />
            <String ID="Word_165442" HPOS="472" VPOS="2432" WIDTH="127" HEIGHT="42" CONTENT="fibres" />
            <SP ID="SP_149169" HPOS="599" VPOS="2432" WIDTH="24" HEIGHT="0" />
            <String ID="Word_165443" HPOS="623" VPOS="2432" WIDTH="67" HEIGHT="42" CONTENT="for" />
            <SP ID="SP_149170" HPOS="690" VPOS="2431" WIDTH="22" HEIGHT="0" />
            <String ID="Word_165444" HPOS="712" VPOS="2431" WIDTH="76" HEIGHT="44" CONTENT="the" />
            <SP ID="SP_149171" HPOS="788" VPOS="2431" WIDTH="26" HEIGHT="0" />
            <String ID="Word_165445" HPOS="814" VPOS="2434" WIDTH="276" HEIGHT="39" CONTENT="movements" />
            <SP ID="SP_149172" HPOS="1090" VPOS="2430" WIDTH="24" HEIGHT="0" />
            <String ID="Word_165446" HPOS="1114" VPOS="2430" WIDTH="45" HEIGHT="43" CONTENT="of" />
            <SP ID="SP_149173" HPOS="1159" VPOS="2430" WIDTH="23" HEIGHT="0" />
            <String ID="Word_165447" HPOS="1182" VPOS="2430" WIDTH="75" HEIGHT="42" CONTENT="the" />
            <SP ID="SP_149174" HPOS="1257" VPOS="2430" WIDTH="26" HEIGHT="0" />
            <String ID="Word_165448" HPOS="1283" VPOS="2430" WIDTH="117" HEIGHT="42" CONTENT="hand" />
            <SP ID="SP_149175" HPOS="1400" VPOS="2429" WIDTH="20" HEIGHT="0" />
            <String ID="Word_165449" HPOS="1420" VPOS="2429" WIDTH="214" HEIGHT="57" CONTENT="probably" />
            <SP ID="SP_149176" HPOS="1634" VPOS="2429" WIDTH="19" HEIGHT="0" />
            <String ID="Word_165450" HPOS="1653" VPOS="2430" WIDTH="58" HEIGHT="42" CONTENT="lie" />
            <SP ID="SP_149177" HPOS="1711" VPOS="2428" WIDTH="23" HEIGHT="0" />
            <String ID="Word_165451" HPOS="1734" VPOS="2443" WIDTH="118" HEIGHT="29" CONTENT="close" />
          </TextLine>
          <TextLine ID="TextLine_16281" HPOS="178" VPOS="2503" WIDTH="628" HEIGHT="44">
            <String ID="Word_165452" HPOS="178" VPOS="2510" WIDTH="44" HEIGHT="36" CONTENT="to" />
            <SP ID="SP_149178" HPOS="222" VPOS="2503" WIDTH="24" HEIGHT="0" />
            <String ID="Word_165453" HPOS="246" VPOS="2503" WIDTH="72" HEIGHT="42" CONTENT="the" />
            <SP ID="SP_149179" HPOS="318" VPOS="2503" WIDTH="24" HEIGHT="0" />
            <String ID="Word_165454" HPOS="342" VPOS="2508" WIDTH="126" HEIGHT="38" CONTENT="outer" />
            <SP ID="SP_149180" HPOS="468" VPOS="2503" WIDTH="21" HEIGHT="0" />
            <String ID="Word_165455" HPOS="489" VPOS="2503" WIDTH="93" HEIGHT="43" CONTENT="side" />
            <SP ID="SP_149181" HPOS="582" VPOS="2503" WIDTH="24" HEIGHT="0" />
            <String ID="Word_165456" HPOS="606" VPOS="2504" WIDTH="46" HEIGHT="42" CONTENT="of" />
            <SP ID="SP_149182" HPOS="652" VPOS="2504" WIDTH="21" HEIGHT="0" />
            <String ID="Word_165457" HPOS="673" VPOS="2504" WIDTH="133" HEIGHT="42" CONTENT="them." />
          </TextLine>
          <TextLine ID="TextLine_16282" HPOS="235" VPOS="2574" WIDTH="1613" HEIGHT="57">
            <String ID="Word_165458" HPOS="235" VPOS="2576" WIDTH="23" HEIGHT="42" CONTENT="I" />
            <SP ID="SP_149183" HPOS="258" VPOS="2576" WIDTH="23" HEIGHT="0" />
            <String ID="Word_165459" HPOS="281" VPOS="2576" WIDTH="108" HEIGHT="42" CONTENT="need" />
            <SP ID="SP_149184" HPOS="389" VPOS="2576" WIDTH="25" HEIGHT="0" />
            <String ID="Word_165460" HPOS="414" VPOS="2581" WIDTH="78" HEIGHT="37" CONTENT="not" />
            <SP ID="SP_149185" HPOS="492" VPOS="2576" WIDTH="22" HEIGHT="0" />
            <String ID="Word_165461" HPOS="514" VPOS="2576" WIDTH="196" HEIGHT="43" CONTENT="describe" />
            <SP ID="SP_149186" HPOS="710" VPOS="2576" WIDTH="23" HEIGHT="0" />
            <String ID="Word_165462" HPOS="733" VPOS="2576" WIDTH="75" HEIGHT="42" CONTENT="the" />
            <SP ID="SP_149187" HPOS="808" VPOS="2576" WIDTH="23" HEIGHT="0" />
            <String ID="Word_165463" HPOS="831" VPOS="2590" WIDTH="154" HEIGHT="28" CONTENT="course" />
            <SP ID="SP_149188" HPOS="985" VPOS="2575" WIDTH="19" HEIGHT="0" />
            <String ID="Word_165464" HPOS="1004" VPOS="2575" WIDTH="46" HEIGHT="42" CONTENT="of" />
            <SP ID="SP_149189" HPOS="1050" VPOS="2574" WIDTH="23" HEIGHT="0" />
            <String ID="Word_165465" HPOS="1073" VPOS="2574" WIDTH="75" HEIGHT="43" CONTENT="the" />
            <SP ID="SP_149190" HPOS="1148" VPOS="2574" WIDTH="18" HEIGHT="0" />
            <String ID="Word_165466" HPOS="1166" VPOS="2574" WIDTH="175" HEIGHT="57" CONTENT="general" />
            <SP ID="SP_149191" HPOS="1341" VPOS="2574" WIDTH="26" HEIGHT="0" />
            <String ID="Word_165467" HPOS="1367" VPOS="2579" WIDTH="143" HEIGHT="38" CONTENT="motor" />
            <SP ID="SP_149192" HPOS="1510" VPOS="2579" WIDTH="18" HEIGHT="0" />
            <String ID="Word_165468" HPOS="1528" VPOS="2579" WIDTH="114" HEIGHT="38" CONTENT="tract" />
            <SP ID="SP_149193" HPOS="1642" VPOS="2574" WIDTH="17" HEIGHT="0" />
            <String ID="Word_165469" HPOS="1659" VPOS="2574" WIDTH="189" HEIGHT="57" CONTENT="through" />
          </TextLine>
          <TextLine ID="TextLine_16283" HPOS="175" VPOS="2646" WIDTH="1675" HEIGHT="55">
            <String ID="Word_165470" HPOS="175" VPOS="2648" WIDTH="73" HEIGHT="43" CONTENT="the" />
            <SP ID="SP_149194" HPOS="248" VPOS="2648" WIDTH="24" HEIGHT="0" />
            <String ID="Word_165471" HPOS="272" VPOS="2649" WIDTH="116" HEIGHT="42" CONTENT="Pons" />
            <SP ID="SP_149195" HPOS="388" VPOS="2649" WIDTH="23" HEIGHT="0" />
            <String ID="Word_165472" HPOS="411" VPOS="2649" WIDTH="195" HEIGHT="52" CONTENT="Varolii;" />
            <SP ID="SP_149196" HPOS="606" VPOS="2649" WIDTH="33" HEIGHT="0" />
            <String ID="Word_165473" HPOS="639" VPOS="2649" WIDTH="79" HEIGHT="42" CONTENT="but" />
            <SP ID="SP_149197" HPOS="718" VPOS="2649" WIDTH="25" HEIGHT="0" />
            <String ID="Word_165474" HPOS="743" VPOS="2649" WIDTH="20" HEIGHT="41" CONTENT="I" />
            <SP ID="SP_149198" HPOS="763" VPOS="2648" WIDTH="25" HEIGHT="0" />
            <String ID="Word_165475" HPOS="788" VPOS="2648" WIDTH="158" HEIGHT="43" CONTENT="should" />
            <SP ID="SP_149199" HPOS="946" VPOS="2648" WIDTH="24" HEIGHT="0" />
            <String ID="Word_165476" HPOS="970" VPOS="2648" WIDTH="92" HEIGHT="42" CONTENT="like" />
            <SP ID="SP_149200" HPOS="1062" VPOS="2648" WIDTH="23" HEIGHT="0" />
            <String ID="Word_165477" HPOS="1085" VPOS="2648" WIDTH="36" HEIGHT="41" CONTENT="it" />
            <SP ID="SP_149201" HPOS="1121" VPOS="2648" WIDTH="22" HEIGHT="0" />
            <String ID="Word_165478" HPOS="1143" VPOS="2652" WIDTH="46" HEIGHT="37" CONTENT="to" />
            <SP ID="SP_149202" HPOS="1189" VPOS="2648" WIDTH="23" HEIGHT="0" />
            <String ID="Word_165479" HPOS="1212" VPOS="2648" WIDTH="54" HEIGHT="42" CONTENT="be" />
            <SP ID="SP_149203" HPOS="1266" VPOS="2647" WIDTH="25" HEIGHT="0" />
            <String ID="Word_165480" HPOS="1291" VPOS="2647" WIDTH="133" HEIGHT="43" CONTENT="noted" />
            <SP ID="SP_149204" HPOS="1424" VPOS="2647" WIDTH="21" HEIGHT="0" />
            <String ID="Word_165481" HPOS="1445" VPOS="2652" WIDTH="97" HEIGHT="37" CONTENT="that" />
            <SP ID="SP_149205" HPOS="1542" VPOS="2646" WIDTH="24" HEIGHT="0" />
            <String ID="Word_165482" HPOS="1566" VPOS="2646" WIDTH="114" HEIGHT="54" CONTENT="here," />
            <SP ID="SP_149206" HPOS="1680" VPOS="2646" WIDTH="24" HEIGHT="0" />
            <String ID="Word_165483" HPOS="1704" VPOS="2647" WIDTH="47" HEIGHT="42" CONTENT="in" />
            <SP ID="SP_149207" HPOS="1751" VPOS="2647" WIDTH="23" HEIGHT="0" />
            <String ID="Word_165484" HPOS="1774" VPOS="2647" WIDTH="76" HEIGHT="42" CONTENT="the" />
          </TextLine>
          <TextLine ID="TextLine_16284" HPOS="175" VPOS="2719" WIDTH="1676" HEIGHT="57">
            <String ID="Word_165485" HPOS="175" VPOS="2720" WIDTH="127" HEIGHT="43" CONTENT="Pons," />
            <SP ID="SP_149208" HPOS="302" VPOS="2720" WIDTH="24" HEIGHT="0" />
            <String ID="Word_165486" HPOS="326" VPOS="2721" WIDTH="74" HEIGHT="42" CONTENT="the" />
            <SP ID="SP_149209" HPOS="400" VPOS="2721" WIDTH="27" HEIGHT="0" />
            <String ID="Word_165487" HPOS="427" VPOS="2721" WIDTH="125" HEIGHT="42" CONTENT="fibres" />
            <SP ID="SP_149210" HPOS="552" VPOS="2721" WIDTH="26" HEIGHT="0" />
            <String ID="Word_165488" HPOS="578" VPOS="2721" WIDTH="63" HEIGHT="42" CONTENT="for" />
            <SP ID="SP_149211" HPOS="641" VPOS="2721" WIDTH="24" HEIGHT="0" />
            <String ID="Word_165489" HPOS="665" VPOS="2725" WIDTH="240" HEIGHT="51" CONTENT="phonation" />
            <SP ID="SP_149212" HPOS="905" VPOS="2720" WIDTH="26" HEIGHT="0" />
            <String ID="Word_165490" HPOS="931" VPOS="2720" WIDTH="86" HEIGHT="42" CONTENT="and" />
            <SP ID="SP_149213" HPOS="1017" VPOS="2720" WIDTH="24" HEIGHT="0" />
            <String ID="Word_165491" HPOS="1041" VPOS="2720" WIDTH="90" HEIGHT="42" CONTENT="oral" />
            <SP ID="SP_149214" HPOS="1131" VPOS="2720" WIDTH="27" HEIGHT="0" />
            <String ID="Word_165492" HPOS="1158" VPOS="2720" WIDTH="282" HEIGHT="42" CONTENT="articulation" />
            <SP ID="SP_149215" HPOS="1440" VPOS="2720" WIDTH="25" HEIGHT="0" />
            <String ID="Word_165493" HPOS="1465" VPOS="2720" WIDTH="190" HEIGHT="56" CONTENT="diverge," />
            <SP ID="SP_149216" HPOS="1655" VPOS="2719" WIDTH="15" HEIGHT="0" />
            <String ID="Word_165494" HPOS="1670" VPOS="2719" WIDTH="43" HEIGHT="42" CONTENT="in" />
            <SP ID="SP_149217" HPOS="1713" VPOS="2719" WIDTH="24" HEIGHT="0" />
            <String ID="Word_165495" HPOS="1737" VPOS="2720" WIDTH="114" HEIGHT="42" CONTENT="their" />
          </TextLine>
          <TextLine ID="TextLine_16285" HPOS="173" VPOS="2792" WIDTH="1674" HEIGHT="58">
            <String ID="Word_165496" HPOS="173" VPOS="2806" WIDTH="162" HEIGHT="29" CONTENT="course," />
            <SP ID="SP_149218" HPOS="335" VPOS="2792" WIDTH="24" HEIGHT="0" />
            <String ID="Word_165497" HPOS="359" VPOS="2792" WIDTH="110" HEIGHT="43" CONTENT="from" />
            <SP ID="SP_149219" HPOS="469" VPOS="2792" WIDTH="24" HEIGHT="0" />
            <String ID="Word_165498" HPOS="493" VPOS="2792" WIDTH="74" HEIGHT="43" CONTENT="the" />
            <SP ID="SP_149220" HPOS="567" VPOS="2792" WIDTH="35" HEIGHT="0" />
            <String ID="Word_165499" HPOS="602" VPOS="2798" WIDTH="89" HEIGHT="37" CONTENT="rest" />
            <SP ID="SP_149221" HPOS="691" VPOS="2794" WIDTH="22" HEIGHT="0" />
            <String ID="Word_165500" HPOS="713" VPOS="2794" WIDTH="47" HEIGHT="41" CONTENT="of" />
            <SP ID="SP_149222" HPOS="760" VPOS="2794" WIDTH="33" HEIGHT="0" />
            <String ID="Word_165501" HPOS="793" VPOS="2794" WIDTH="74" HEIGHT="42" CONTENT="the" />
            <SP ID="SP_149223" HPOS="867" VPOS="2792" WIDTH="33" HEIGHT="0" />
            <String ID="Word_165502" HPOS="900" VPOS="2792" WIDTH="178" HEIGHT="58" CONTENT="general" />
            <SP ID="SP_149224" HPOS="1078" VPOS="2792" WIDTH="24" HEIGHT="0" />
            <String ID="Word_165503" HPOS="1102" VPOS="2797" WIDTH="142" HEIGHT="37" CONTENT="motor" />
            <SP ID="SP_149225" HPOS="1244" VPOS="2797" WIDTH="24" HEIGHT="0" />
            <String ID="Word_165504" HPOS="1268" VPOS="2797" WIDTH="121" HEIGHT="38" CONTENT="tract." />
            <SP ID="SP_149226" HPOS="1389" VPOS="2792" WIDTH="66" HEIGHT="0" />
            <String ID="Word_165505" HPOS="1455" VPOS="2792" WIDTH="91" HEIGHT="42" CONTENT="The" />
            <SP ID="SP_149227" HPOS="1546" VPOS="2792" WIDTH="36" HEIGHT="0" />
            <String ID="Word_165506" HPOS="1582" VPOS="2796" WIDTH="89" HEIGHT="39" CONTENT="rest" />
            <SP ID="SP_149228" HPOS="1671" VPOS="2792" WIDTH="22" HEIGHT="0" />
            <String ID="Word_165507" HPOS="1693" VPOS="2792" WIDTH="44" HEIGHT="41" CONTENT="of" />
            <SP ID="SP_149229" HPOS="1737" VPOS="2792" WIDTH="35" HEIGHT="0" />
            <String ID="Word_165508" HPOS="1772" VPOS="2792" WIDTH="75" HEIGHT="42" CONTENT="the" />
          </TextLine>
          <TextLine ID="TextLine_16286" HPOS="173" VPOS="2864" WIDTH="1675" HEIGHT="56">
            <String ID="Word_165509" HPOS="173" VPOS="2865" WIDTH="174" HEIGHT="55" CONTENT="general" />
            <SP ID="SP_149230" HPOS="347" VPOS="2865" WIDTH="36" HEIGHT="0" />
            <String ID="Word_165510" HPOS="383" VPOS="2870" WIDTH="141" HEIGHT="38" CONTENT="motor" />
            <SP ID="SP_149231" HPOS="524" VPOS="2869" WIDTH="35" HEIGHT="0" />
            <String ID="Word_165511" HPOS="559" VPOS="2869" WIDTH="123" HEIGHT="48" CONTENT="tract," />
            <SP ID="SP_149232" HPOS="682" VPOS="2865" WIDTH="23" HEIGHT="0" />
            <String ID="Word_165512" HPOS="705" VPOS="2865" WIDTH="231" HEIGHT="42" CONTENT="including" />
            <SP ID="SP_149233" HPOS="936" VPOS="2865" WIDTH="36" HEIGHT="0" />
            <String ID="Word_165513" HPOS="972" VPOS="2865" WIDTH="74" HEIGHT="42" CONTENT="the" />
            <SP ID="SP_149234" HPOS="1046" VPOS="2865" WIDTH="24" HEIGHT="0" />
            <String ID="Word_165514" HPOS="1070" VPOS="2866" WIDTH="130" HEIGHT="41" CONTENT="fibres" />
            <SP ID="SP_149235" HPOS="1200" VPOS="2865" WIDTH="39" HEIGHT="0" />
            <String ID="Word_165515" HPOS="1239" VPOS="2865" WIDTH="66" HEIGHT="41" CONTENT="for" />
            <SP ID="SP_149236" HPOS="1305" VPOS="2865" WIDTH="38" HEIGHT="0" />
            <String ID="Word_165516" HPOS="1343" VPOS="2865" WIDTH="73" HEIGHT="42" CONTENT="the" />
            <SP ID="SP_149237" HPOS="1416" VPOS="2864" WIDTH="37" HEIGHT="0" />
            <String ID="Word_165517" HPOS="1453" VPOS="2864" WIDTH="131" HEIGHT="52" CONTENT="hand," />
            <SP ID="SP_149238" HPOS="1584" VPOS="2864" WIDTH="25" HEIGHT="0" />
            <String ID="Word_165518" HPOS="1609" VPOS="2878" WIDTH="147" HEIGHT="42" CONTENT="passes" />
            <SP ID="SP_149239" HPOS="1756" VPOS="2877" WIDTH="35" HEIGHT="0" />
            <String ID="Word_165519" HPOS="1791" VPOS="2877" WIDTH="57" HEIGHT="29" CONTENT="on" />
          </TextLine>
          <TextLine ID="TextLine_16287" HPOS="175" VPOS="2936" WIDTH="1671" HEIGHT="59">
            <String ID="Word_165520" HPOS="175" VPOS="2937" WIDTH="189" HEIGHT="55" CONTENT="through" />
            <SP ID="SP_149240" HPOS="364" VPOS="2937" WIDTH="39" HEIGHT="0" />
            <String ID="Word_165521" HPOS="403" VPOS="2937" WIDTH="75" HEIGHT="43" CONTENT="the" />
            <SP ID="SP_149241" HPOS="478" VPOS="2937" WIDTH="38" HEIGHT="0" />
            <String ID="Word_165522" HPOS="516" VPOS="2938" WIDTH="130" HEIGHT="42" CONTENT="Pons," />
            <SP ID="SP_149242" HPOS="646" VPOS="2938" WIDTH="36" HEIGHT="0" />
            <String ID="Word_165523" HPOS="682" VPOS="2939" WIDTH="82" HEIGHT="41" CONTENT="and" />
            <SP ID="SP_149243" HPOS="764" VPOS="2939" WIDTH="44" HEIGHT="0" />
            <String ID="Word_165524" HPOS="808" VPOS="2951" WIDTH="193" HEIGHT="31" CONTENT="emerges" />
            <SP ID="SP_149244" HPOS="1001" VPOS="2944" WIDTH="39" HEIGHT="0" />
            <String ID="Word_165525" HPOS="1040" VPOS="2944" WIDTH="44" HEIGHT="35" CONTENT="at" />
            <SP ID="SP_149245" HPOS="1084" VPOS="2937" WIDTH="38" HEIGHT="0" />
            <String ID="Word_165526" HPOS="1122" VPOS="2937" WIDTH="60" HEIGHT="42" CONTENT="its" />
            <SP ID="SP_149246" HPOS="1182" VPOS="2937" WIDTH="38" HEIGHT="0" />
            <String ID="Word_165527" HPOS="1220" VPOS="2937" WIDTH="134" HEIGHT="42" CONTENT="lower" />
            <SP ID="SP_149247" HPOS="1354" VPOS="2937" WIDTH="38" HEIGHT="0" />
            <String ID="Word_165528" HPOS="1392" VPOS="2937" WIDTH="98" HEIGHT="42" CONTENT="end," />
            <SP ID="SP_149248" HPOS="1490" VPOS="2937" WIDTH="35" HEIGHT="0" />
            <String ID="Word_165529" HPOS="1525" VPOS="2951" WIDTH="47" HEIGHT="27" CONTENT="as" />
            <SP ID="SP_149249" HPOS="1572" VPOS="2936" WIDTH="37" HEIGHT="0" />
            <String ID="Word_165530" HPOS="1609" VPOS="2936" WIDTH="153" HEIGHT="42" CONTENT="shown" />
            <SP ID="SP_149250" HPOS="1762" VPOS="2936" WIDTH="40" HEIGHT="0" />
            <String ID="Word_165531" HPOS="1802" VPOS="2936" WIDTH="44" HEIGHT="41" CONTENT="in" />
          </TextLine>
          <TextLine ID="TextLine_16288" HPOS="176" VPOS="3006" WIDTH="1673" HEIGHT="60">
            <String ID="Word_165532" HPOS="176" VPOS="3007" WIDTH="154" HEIGHT="59" CONTENT="Figure" />
            <SP ID="SP_149251" HPOS="330" VPOS="3007" WIDTH="26" HEIGHT="0" />
            <String ID="Word_165533" HPOS="356" VPOS="3009" WIDTH="67" HEIGHT="45" CONTENT="17," />
            <SP ID="SP_149252" HPOS="423" VPOS="3009" WIDTH="23" HEIGHT="0" />
            <String ID="Word_165534" HPOS="446" VPOS="3014" WIDTH="44" HEIGHT="37" CONTENT="to" />
            <SP ID="SP_149253" HPOS="490" VPOS="3011" WIDTH="23" HEIGHT="0" />
            <String ID="Word_165535" HPOS="513" VPOS="3011" WIDTH="240" HEIGHT="41" CONTENT="constitute" />
            <SP ID="SP_149254" HPOS="753" VPOS="3011" WIDTH="28" HEIGHT="0" />
            <String ID="Word_165536" HPOS="781" VPOS="3011" WIDTH="72" HEIGHT="40" CONTENT="the" />
            <SP ID="SP_149255" HPOS="853" VPOS="3010" WIDTH="25" HEIGHT="0" />
            <String ID="Word_165537" HPOS="878" VPOS="3010" WIDTH="210" HEIGHT="41" CONTENT="Anterior" />
            <SP ID="SP_149256" HPOS="1088" VPOS="3008" WIDTH="24" HEIGHT="0" />
            <String ID="Word_165538" HPOS="1112" VPOS="3008" WIDTH="209" HEIGHT="56" CONTENT="Pyramid" />
            <SP ID="SP_149257" HPOS="1321" VPOS="3008" WIDTH="25" HEIGHT="0" />
            <String ID="Word_165539" HPOS="1346" VPOS="3009" WIDTH="44" HEIGHT="41" CONTENT="of" />
            <SP ID="SP_149258" HPOS="1390" VPOS="3008" WIDTH="31" HEIGHT="0" />
            <String ID="Word_165540" HPOS="1421" VPOS="3008" WIDTH="73" HEIGHT="43" CONTENT="the" />
            <SP ID="SP_149259" HPOS="1494" VPOS="3006" WIDTH="23" HEIGHT="0" />
            <String ID="Word_165541" HPOS="1517" VPOS="3006" WIDTH="203" HEIGHT="44" CONTENT="medulla." />
            <SP ID="SP_149260" HPOS="1720" VPOS="3006" WIDTH="65" HEIGHT="0" />
            <String ID="Word_165542" HPOS="1785" VPOS="3007" WIDTH="64" HEIGHT="42" CONTENT="At" />
          </TextLine>
          <TextLine ID="TextLine_16289" HPOS="176" VPOS="3079" WIDTH="1671" HEIGHT="54">
            <String ID="Word_165543" HPOS="176" VPOS="3079" WIDTH="69" HEIGHT="44" CONTENT="the" />
            <SP ID="SP_149261" HPOS="245" VPOS="3079" WIDTH="27" HEIGHT="0" />
            <String ID="Word_165544" HPOS="272" VPOS="3081" WIDTH="129" HEIGHT="42" CONTENT="lower" />
            <SP ID="SP_149262" HPOS="401" VPOS="3081" WIDTH="23" HEIGHT="0" />
            <String ID="Word_165545" HPOS="424" VPOS="3082" WIDTH="84" HEIGHT="42" CONTENT="end" />
            <SP ID="SP_149263" HPOS="508" VPOS="3082" WIDTH="23" HEIGHT="0" />
            <String ID="Word_165546" HPOS="531" VPOS="3083" WIDTH="47" HEIGHT="40" CONTENT="of" />
            <SP ID="SP_149264" HPOS="578" VPOS="3083" WIDTH="32" HEIGHT="0" />
            <String ID="Word_165547" HPOS="610" VPOS="3083" WIDTH="74" HEIGHT="41" CONTENT="the" />
            <SP ID="SP_149265" HPOS="684" VPOS="3082" WIDTH="38" HEIGHT="0" />
            <String ID="Word_165548" HPOS="722" VPOS="3082" WIDTH="195" HEIGHT="41" CONTENT="medulla" />
            <SP ID="SP_149266" HPOS="917" VPOS="3082" WIDTH="25" HEIGHT="0" />
            <String ID="Word_165549" HPOS="942" VPOS="3082" WIDTH="75" HEIGHT="41" CONTENT="the" />
            <SP ID="SP_149267" HPOS="1017" VPOS="3082" WIDTH="25" HEIGHT="0" />
            <String ID="Word_165550" HPOS="1042" VPOS="3085" WIDTH="135" HEIGHT="38" CONTENT="tracts" />
            <SP ID="SP_149268" HPOS="1177" VPOS="3081" WIDTH="25" HEIGHT="0" />
            <String ID="Word_165551" HPOS="1202" VPOS="3081" WIDTH="112" HEIGHT="42" CONTENT="from" />
            <SP ID="SP_149269" HPOS="1314" VPOS="3080" WIDTH="27" HEIGHT="0" />
            <String ID="Word_165552" HPOS="1341" VPOS="3080" WIDTH="73" HEIGHT="43" CONTENT="the" />
            <SP ID="SP_149270" HPOS="1414" VPOS="3080" WIDTH="24" HEIGHT="0" />
            <String ID="Word_165553" HPOS="1438" VPOS="3083" WIDTH="86" HEIGHT="39" CONTENT="two" />
            <SP ID="SP_149271" HPOS="1524" VPOS="3079" WIDTH="24" HEIGHT="0" />
            <String ID="Word_165554" HPOS="1548" VPOS="3079" WIDTH="299" HEIGHT="54" CONTENT="hemispheres" />
          </TextLine>
          <TextLine ID="TextLine_16290" HPOS="243" VPOS="3172" WIDTH="1528" HEIGHT="54">
            <String ID="Word_165555" HPOS="243" VPOS="3176" WIDTH="10" HEIGHT="22" CONTENT="1" />
            <SP ID="SP_149272" HPOS="253" VPOS="3176" WIDTH="33" HEIGHT="0" />
            <String ID="Word_165556" HPOS="286" VPOS="3176" WIDTH="135" HEIGHT="36" CONTENT="Lemons" />
            <SP ID="SP_149273" HPOS="421" VPOS="3176" WIDTH="17" HEIGHT="0" />
            <String ID="Word_165557" HPOS="438" VPOS="3189" WIDTH="63" HEIGHT="23" CONTENT="sur" />
            <SP ID="SP_149274" HPOS="501" VPOS="3176" WIDTH="19" HEIGHT="0" />
            <String ID="Word_165558" HPOS="520" VPOS="3176" WIDTH="46" HEIGHT="37" CONTENT="les" />
            <SP ID="SP_149275" HPOS="566" VPOS="3175" WIDTH="19" HEIGHT="0" />
            <String ID="Word_165559" HPOS="585" VPOS="3175" WIDTH="265" HEIGHT="38" CONTENT="Localisations" />
            <SP ID="SP_149276" HPOS="850" VPOS="3175" WIDTH="20" HEIGHT="0" />
            <String ID="Word_165560" HPOS="870" VPOS="3176" WIDTH="96" HEIGHT="36" CONTENT="dans" />
            <SP ID="SP_149277" HPOS="966" VPOS="3175" WIDTH="19" HEIGHT="0" />
            <String ID="Word_165561" HPOS="985" VPOS="3175" WIDTH="46" HEIGHT="37" CONTENT="les" />
            <SP ID="SP_149278" HPOS="1031" VPOS="3174" WIDTH="18" HEIGHT="0" />
            <String ID="Word_165562" HPOS="1049" VPOS="3174" WIDTH="177" HEIGHT="37" CONTENT="maladies" />
            <SP ID="SP_149279" HPOS="1226" VPOS="3174" WIDTH="18" HEIGHT="0" />
            <String ID="Word_165563" HPOS="1244" VPOS="3174" WIDTH="49" HEIGHT="37" CONTENT="du" />
            <SP ID="SP_149280" HPOS="1293" VPOS="3173" WIDTH="22" HEIGHT="0" />
            <String ID="Word_165564" HPOS="1315" VPOS="3173" WIDTH="167" HEIGHT="47" CONTENT="Cerveav," />
            <SP ID="SP_149281" HPOS="1482" VPOS="3172" WIDTH="23" HEIGHT="0" />
            <String ID="Word_165565" HPOS="1505" VPOS="3172" WIDTH="107" HEIGHT="45" CONTENT="1887," />
            <SP ID="SP_149282" HPOS="1612" VPOS="3172" WIDTH="19" HEIGHT="0" />
            <String ID="Word_165566" HPOS="1631" VPOS="3184" WIDTH="35" HEIGHT="37" CONTENT="p." />
            <SP ID="SP_149283" HPOS="1666" VPOS="3174" WIDTH="21" HEIGHT="0" />
            <String ID="Word_165567" HPOS="1687" VPOS="3174" WIDTH="84" HEIGHT="36" CONTENT="215." />
          </TextLine>
        </TextBlock>
        <Illustration ID="Illustration_23" HPOS="315" VPOS="612" WIDTH="1409" HEIGHT="1015" TYPE="Picture" />
      </PrintSpace>
    </Page>
  </Layout>
</alto>
