2113 3404
383 202 83 43 382

883 218 87 32 THE
997 219 241 37 DISORDERS
1271 222 52 31 OF
1355 224 176 32 SPEECH.

441 333 53 41 In
519 333 72 43 the
613 348 150 30 course
785 337 44 41 of
852 337 75 42 her
947 339 341 54 convalescence,
1311 342 119 42 there
1454 357 84 28 was
1560 358 25 27 a
1607 343 144 55 period
1783 345 47 40 of
1857 359 24 27 a
1916 346 80 42 few

381 403 106 55 days
510 404 158 57 during
692 407 139 42 which
864 409 75 42 she
971 409 182 43 suffered
1188 412 105 41 from
1328 411 225 46 headache,
1583 414 174 42 dulness
1789 415 47 41 of
1862 417 132 51 mind,

381 473 86 42 and
508 474 134 56 slight
679 476 244 54 delusions;
970 479 88 50 but,
1097 480 104 41 with
1239 482 87 42 this
1363 484 237 54 exception,
1637 483 75 42 she
1749 486 246 52 progressed

381 545 210 55 steadily;
616 547 86 41 and
723 548 75 42 she
821 548 245 55 ultimately
1091 551 124 41 made
1237 565 24 27 a
1281 552 107 54 good
1410 566 213 42 recovery,
1645 553 74 42 her
1740 554 155 54 speech
1912 555 85 42 and

384 616 173 55 writing
578 617 227 56 becoming
826 619 121 55 quite
970 620 175 42 normal.
1209 622 143 55 Slight
1376 624 217 42 weakness
1617 626 42 40 in
1687 625 72 43 the
1791 639 90 28 arm
1913 626 84 41 and

383 685 69 57 leg
468 686 191 56 lingered
680 689 64 40 for
760 703 116 27 some
900 690 198 52 months;
1129 691 84 41 and
1236 692 65 41 for
1322 707 116 28 some
1461 694 138 42 weeks
1623 695 118 42 there
1764 709 85 28 was
1867 696 133 55 slight

383 763 259 45 movement,
665 759 45 40 of
736 759 72 41 the
831 764 153 37 nature
1016 760 45 41 of
1092 761 220 43 athetosis,
1334 763 43 41 in
1413 764 72 41 the
1516 765 117 53 right
1663 765 139 53 hand;
1834 766 88 42 but,
1944 781 53 27 on

384 828 73 42 the
481 828 77 41 5th
580 829 47 40 of
654 828 198 56 January
878 830 124 50 1892,
1024 831 36 40 it
1091 831 36 41 is
1150 832 129 41 noted
1302 832 95 42 that
1418 834 187 55 scarcely
1627 849 24 27 a
1675 840 111 37 trace
1808 836 46 41 of
1880 836 119 42 these

383 903 241 49 symptoms
649 899 240 52 remained;
921 900 84 41 and
1030 900 101 55 they
1153 915 102 28 soon
1277 903 248 41 afterwards
1551 904 287 54 disappeared.
1899 907 100 41 Two

382 982 48 28 or
451 968 121 43 three
596 968 172 42 months
790 970 109 40 after
922 970 86 41 this
1041 971 109 51 date,
1175 971 207 43 however,
1404 973 74 41 she
1510 973 83 42 had
1625 988 22 27 a
1681 988 246 30 recurrence
1957 977 47 41 of

383 1039 217 41 headache
623 1039 83 41 and
736 1039 176 42 dulness
939 1041 46 40 of
1014 1040 145 53 mind;
1193 1042 75 41 but
1299 1043 109 41 after
1439 1048 88 37 rest
1557 1044 45 41 in
1636 1044 72 42 the
1735 1045 115 41 ward
1883 1046 63 41 for
1976 1061 25 27 a

385 1110 79 41 few
487 1110 120 55 days,
631 1110 85 41 and
749 1110 72 41 the
853 1110 264 54 application
1140 1112 45 40 of
1204 1126 24 26 a
1251 1112 149 42 blister
1422 1118 42 36 to
1488 1113 72 42 the
1583 1113 108 42 head
1712 1128 46 28 as
1787 1116 214 52 formerly,

384 1181 75 41 she
485 1195 84 27 was
592 1194 103 28 soon
719 1181 189 42 restored
931 1186 43 36 to
995 1182 109 54 good
1128 1181 146 42 health
1296 1183 85 41 and
1403 1184 156 41 spirits.

446 1250 20 43 I
500 1251 107 42 have
641 1251 182 56 thought
857 1252 87 41 this
977 1266 94 27 case
1100 1253 163 54 worthy
1297 1253 43 41 of
1372 1254 144 41 record
1552 1255 177 41 because
1763 1255 72 42 the
1867 1256 133 42 hemi-

384 1321 142 55 plegia
557 1321 84 41 and
675 1321 177 54 aphasia
884 1335 114 28 seem
1033 1328 42 34 to
1107 1336 67 27 me
1213 1328 42 35 to
1293 1322 108 42 have
1438 1323 105 41 been
1583 1324 82 40 due
1702 1328 43 36 to
1782 1326 219 41 cerebritis

385 1393 44 41 of
452 1393 73 42 the
547 1393 80 42 left
648 1393 282 54 hemisphere.
996 1393 43 41 It
1062 1407 85 27 was
1176 1393 210 54 certainly
1412 1398 74 36 not
1517 1408 24 27 a
1573 1408 94 27 case
1699 1394 44 40 of
1772 1394 229 42 hysterical

386 1464 283 55 hemiplegia;
692 1464 84 41 and
800 1464 72 41 the
896 1468 239 51 symptoms
1158 1464 189 54 pointed,
1366 1464 20 40 I
1408 1464 294 51 think,rather
1725 1470 41 36 to
1784 1466 218 41 cerebritis

386 1535 107 42 than
536 1539 43 37 to
623 1534 259 42 meningitis.
958 1534 88 41 The
1089 1548 94 27 case
1226 1534 35 41 is
1299 1535 266 55 interesting,
1599 1549 46 28 as
1681 1536 192 54 showing
1908 1536 95 41 that

387 1605 212 55 complete
633 1619 201 40 recovery
868 1618 98 41 may
997 1604 100 41 take
1132 1604 120 54 place
1286 1606 108 40 after
1428 1606 104 40 such
1567 1619 23 27 a
1624 1606 228 41 condition.
1914 1607 89 41 The

386 1690 201 28 recovery
611 1676 44 41 of
677 1675 73 41 the
772 1675 358 54 speech-centres,
1152 1675 109 41 after
1285 1675 110 42 their
1418 1676 201 54 probable
1641 1676 295 41 involvement
1958 1677 44 40 in

388 1747 73 42 the
494 1751 259 38 evanescent
784 1745 326 50 inflammation,
1133 1746 36 40 is
1202 1745 72 41 the
1313 1746 121 54 point
1470 1746 44 40 of
1549 1746 158 55 special
1743 1747 180 41 interest
1959 1748 43 40 in

388 1815 241 43 connexion
653 1814 104 43 with
781 1829 76 27 our
878 1818 172 51 present
1073 1815 176 54 subject.

447 1957 39 41 2.
523 1955 275 43 Conditions
816 1965 52 30 of
886 1954 311 42 Compression
1215 1965 90 30 and
1323 1965 53 31 of
1394 1954 610 57 Concussion.—Temporary

389 2027 291 42 compression
702 2026 108 40 from
833 2025 300 41 extravasated
1166 2025 125 41 blood
1324 2025 35 41 is
1389 2040 24 26 a
1447 2026 126 40 much
1606 2040 243 28 commoner
1880 2041 124 27 cause

387 2099 44 41 of
454 2103 243 49 temporary
721 2096 176 41 aphasia
928 2095 107 42 than
1067 2101 257 36 evanescent
1357 2095 311 42 inflammation
1704 2097 43 39 of
1779 2096 72 42 the
1885 2097 117 41 brain

390 2174 239 37 substance.
696 2167 79 42 We
807 2180 68 28 see
908 2166 35 41 it
969 2165 273 55 exemplified
1275 2166 44 40 in
1353 2180 130 41 many
1505 2180 116 28 cases
1653 2166 46 41 of
1726 2166 210 55 apoplexy
1959 2167 45 41 in

389 2240 73 42 the
494 2239 81 42 left
604 2237 284 55 hemisphere,
917 2236 86 42 and
1034 2250 108 28 even
1174 2237 44 39 in
1252 2250 116 28 some
1400 2236 45 40 in
1475 2237 73 41 the
1581 2236 114 55 right
1726 2236 277 55 hemisphere.

388 2311 159 42 When,
589 2309 45 41 in
677 2308 105 42 such
825 2321 131 27 cases,
997 2306 74 42 the
1104 2306 108 41 bulk
1254 2306 46 40 of
1339 2306 73 42 the
1444 2306 317 42 extravasation
1802 2307 35 40 is
1879 2307 126 54 being

390 2379 264 43 diminished
687 2379 56 54 by
766 2377 259 54 absorption,
1047 2376 74 41 the
1154 2377 166 53 patient
1342 2377 93 40 first
1461 2390 189 27 recovers
1673 2377 333 49 consciousness,

389 2453 80 40 but
490 2451 35 41 is
547 2449 91 43 still
660 2449 44 41 in
729 2462 129 27 many
882 2461 118 27 cases
1023 2446 186 54 aphasic,
1232 2446 112 40 until
1369 2446 165 41 further
1555 2446 247 54 absorption
1826 2447 177 41 relieves

390 2523 73 42 the
495 2533 344 30 speech-centres
873 2518 107 41 from
1013 2516 301 54 compression,
1337 2517 83 41 and
1444 2516 103 42 then
1570 2516 154 42 speech
1747 2516 35 42 is
1805 2517 199 42 restored.

390 2594 117 42 Very
530 2596 119 37 often
671 2590 35 40 it
728 2589 36 41 is
787 2588 102 42 only
908 2588 73 41 the
1000 2591 135 37 motor
1152 2586 343 55 speech-centres
1520 2586 94 41 that
1638 2600 70 28 are
1726 2586 279 42 compressed,

390 2665 181 41 because
589 2661 121 42 these
731 2659 58 41 lie
811 2671 135 29 closer
966 2657 106 41 than
1094 2656 73 42 the
1190 2670 175 40 sensory
1388 2661 166 37 centres
1578 2660 43 37 to
1643 2656 74 42 the
1742 2662 264 36 commonest

391 2738 91 38 seat
513 2733 44 42 of
588 2728 347 46 extravasation;
966 2727 78 41 but
1065 2726 46 41 in
1143 2740 116 28 some
1282 2740 115 28 cases
1420 2726 102 41 both
1558 2731 135 36 motor
1723 2726 84 41 and
1830 2740 174 40 sensory

391 2809 168 39 centres
581 2816 70 28 are
673 2797 294 57 compressed;
998 2796 85 42 and
1105 2796 43 41 in
1174 2796 120 42 these
1317 2796 35 41 it
1377 2796 36 42 is
1437 2796 165 55 worthy
1625 2796 43 41 of
1701 2801 100 37 note
1831 2796 106 49 that,
1961 2796 44 40 in

392 2877 74 41 the
489 2885 171 45 process
682 2871 47 41 of
746 2881 215 41 recovery,
984 2866 72 42 the
1079 2865 212 55 difficulty
1314 2865 44 41 of
1391 2865 218 54 reception
1641 2865 84 42 and
1752 2864 252 55 interpreta-

392 2948 92 41 tion
517 2945 37 41 is
585 2940 220 58 generally
836 2942 74 52 got
941 2951 101 28 over
1073 2937 103 41 first,
1208 2935 84 41 and
1325 2935 72 42 the
1429 2934 212 56 difficulty
1676 2934 46 42 of
1754 2947 250 41 production

392 3013 264 48 afterwards.
718 3010 104 44 This
854 3009 37 43 is
924 3022 55 30 no
1008 3006 135 44 doubt
1163 3005 218 58 generally
1404 3005 83 42 due
1519 3010 43 37 to
1596 3005 71 43 the
1699 3018 307 30 circumstance
