<?xml version="1.0" encoding="UTF-8"?>
<alto xmlns="http://www.loc.gov/standards/alto/ns-v2#" xmlns:xsi="http://www.w3.org/2001/XMLSchema-instance" xsi:schemaLocation="http://www.loc.gov/standards/alto/ns-v2# http://www.loc.gov/standards/alto/alto.xsd">
  <Description>
    <MeasurementUnit>pixel</MeasurementUnit>
    <sourceImageInformation>
      <fileName>b21273911_abbyy.xml</fileName>
    </sourceImageInformation>
    <OCRProcessing ID="OCR_1">
      <preProcessingStep>
        <processingDateTime>2014-10-24T02:15:27</processingDateTime>
        <processingAgency>intranda GmbH, www.intranda.com</processingAgency>
        <processingSoftware>
          <softwareCreator>intranda GmbH, Germany</softwareCreator>
          <softwareName>intranda OCR Module for TaskManager</softwareName>
          <softwareVersion>1.0r42</softwareVersion>
        </processingSoftware>
      </preProcessingStep>
      <ocrProcessingStep>
        <processingSoftware>
          <softwareCreator>ABBYY (BIT Software), Russia</softwareCreator>
          <softwareName>FineReader Engine</softwareName>
          <softwareVersion>10</softwareVersion>
        </processingSoftware>
      </ocrProcessingStep>
    </OCRProcessing>
  </Description>
  <Layout>
    <Page PHYSICAL_IMG_NR="113" ID="PAGE_113" WIDTH="2107" HEIGHT="3450">
      <TopMargin ID="TopMargin_1" HPOS="301" VPOS="149" WIDTH="1433" HEIGHT="50">
        <TextBlock ID="TextBlock_389" HPOS="301" VPOS="149" WIDTH="1433" HEIGHT="50">
          <TextLine ID="TextLine_3963" HPOS="1681" VPOS="149" WIDTH="53" HEIGHT="47">
            <String ID="Word_39704" HPOS="1681" VPOS="149" WIDTH="53" HEIGHT="47" CONTENT="97" />
          </TextLine>
          <TextLine ID="TextLine_3962" HPOS="301" VPOS="161" WIDTH="1205" HEIGHT="38">
            <String ID="Word_39698" HPOS="301" VPOS="167" WIDTH="242" HEIGHT="32" CONTENT="LANGUAGE" />
            <SP ID="SP_35741" HPOS="543" VPOS="165" WIDTH="33" HEIGHT="0" />
            <String ID="Word_39699" HPOS="576" VPOS="165" WIDTH="53" HEIGHT="30" CONTENT="OF" />
            <SP ID="SP_35742" HPOS="629" VPOS="163" WIDTH="35" HEIGHT="0" />
            <String ID="Word_39700" HPOS="664" VPOS="163" WIDTH="158" HEIGHT="32" CONTENT="FACIAL" />
            <SP ID="SP_35743" HPOS="822" VPOS="162" WIDTH="35" HEIGHT="0" />
            <String ID="Word_39701" HPOS="857" VPOS="162" WIDTH="274" HEIGHT="31" CONTENT="EXPRESSION" />
            <SP ID="SP_35744" HPOS="1131" VPOS="162" WIDTH="35" HEIGHT="0" />
            <String ID="Word_39702" HPOS="1166" VPOS="162" WIDTH="92" HEIGHT="30" CONTENT="AND" />
            <SP ID="SP_35745" HPOS="1258" VPOS="161" WIDTH="35" HEIGHT="0" />
            <String ID="Word_39703" HPOS="1293" VPOS="161" WIDTH="213" HEIGHT="34" CONTENT="GESTURE." />
          </TextLine>
        </TextBlock>
      </TopMargin>
      <PrintSpace ID="PrintSpace_114" HPOS="45" VPOS="275" WIDTH="1697" HEIGHT="2848">
        <TextBlock ID="TextBlock_388" HPOS="45" VPOS="275" WIDTH="1697" HEIGHT="2848">
          <TextLine ID="TextLine_3964" HPOS="79" VPOS="280" WIDTH="1656" HEIGHT="59">
            <String ID="Word_39705" HPOS="79" VPOS="287" WIDTH="131" HEIGHT="52" CONTENT="chair," />
            <SP ID="SP_35746" HPOS="210" VPOS="287" WIDTH="23" HEIGHT="0" />
            <String ID="Word_39706" HPOS="233" VPOS="289" WIDTH="102" HEIGHT="42" CONTENT="does" />
            <SP ID="SP_35747" HPOS="335" VPOS="289" WIDTH="23" HEIGHT="0" />
            <String ID="Word_39707" HPOS="358" VPOS="292" WIDTH="77" HEIGHT="38" CONTENT="not" />
            <SP ID="SP_35748" HPOS="435" VPOS="292" WIDTH="30" HEIGHT="0" />
            <String ID="Word_39708" HPOS="465" VPOS="292" WIDTH="89" HEIGHT="37" CONTENT="rest" />
            <SP ID="SP_35749" HPOS="554" VPOS="285" WIDTH="22" HEIGHT="0" />
            <String ID="Word_39709" HPOS="576" VPOS="285" WIDTH="68" HEIGHT="43" CONTENT="till" />
            <SP ID="SP_35750" HPOS="644" VPOS="285" WIDTH="24" HEIGHT="0" />
            <String ID="Word_39710" HPOS="668" VPOS="285" WIDTH="54" HEIGHT="41" CONTENT="he" />
            <SP ID="SP_35751" HPOS="722" VPOS="284" WIDTH="33" HEIGHT="0" />
            <String ID="Word_39711" HPOS="755" VPOS="284" WIDTH="78" HEIGHT="42" CONTENT="has" />
            <SP ID="SP_35752" HPOS="833" VPOS="283" WIDTH="32" HEIGHT="0" />
            <String ID="Word_39712" HPOS="865" VPOS="297" WIDTH="154" HEIGHT="42" CONTENT="placed" />
            <SP ID="SP_35753" HPOS="1019" VPOS="282" WIDTH="28" HEIGHT="0" />
            <String ID="Word_39713" HPOS="1047" VPOS="282" WIDTH="35" HEIGHT="41" CONTENT="it" />
            <SP ID="SP_35754" HPOS="1082" VPOS="282" WIDTH="33" HEIGHT="0" />
            <String ID="Word_39714" HPOS="1115" VPOS="286" WIDTH="45" HEIGHT="38" CONTENT="at" />
            <SP ID="SP_35755" HPOS="1160" VPOS="281" WIDTH="24" HEIGHT="0" />
            <String ID="Word_39715" HPOS="1184" VPOS="281" WIDTH="73" HEIGHT="42" CONTENT="the" />
            <SP ID="SP_35756" HPOS="1257" VPOS="281" WIDTH="34" HEIGHT="0" />
            <String ID="Word_39716" HPOS="1291" VPOS="281" WIDTH="130" HEIGHT="51" CONTENT="table," />
            <SP ID="SP_35757" HPOS="1421" VPOS="281" WIDTH="23" HEIGHT="0" />
            <String ID="Word_39717" HPOS="1444" VPOS="281" WIDTH="160" HEIGHT="42" CONTENT="strikes" />
            <SP ID="SP_35758" HPOS="1604" VPOS="280" WIDTH="23" HEIGHT="0" />
            <String ID="Word_39718" HPOS="1627" VPOS="281" WIDTH="108" HEIGHT="44" CONTENT="with" />
          </TextLine>
          <TextLine ID="TextLine_3965" HPOS="77" VPOS="353" WIDTH="1658" HEIGHT="56">
            <String ID="Word_39719" HPOS="77" VPOS="359" WIDTH="75" HEIGHT="43" CONTENT="the" />
            <SP ID="SP_35759" HPOS="152" VPOS="359" WIDTH="25" HEIGHT="0" />
            <String ID="Word_39720" HPOS="177" VPOS="360" WIDTH="75" HEIGHT="44" CONTENT="flat" />
            <SP ID="SP_35760" HPOS="252" VPOS="360" WIDTH="20" HEIGHT="0" />
            <String ID="Word_39721" HPOS="272" VPOS="361" WIDTH="46" HEIGHT="41" CONTENT="of" />
            <SP ID="SP_35761" HPOS="318" VPOS="360" WIDTH="21" HEIGHT="0" />
            <String ID="Word_39722" HPOS="339" VPOS="360" WIDTH="66" HEIGHT="41" CONTENT="his" />
            <SP ID="SP_35762" HPOS="405" VPOS="358" WIDTH="18" HEIGHT="0" />
            <String ID="Word_39723" HPOS="423" VPOS="358" WIDTH="118" HEIGHT="42" CONTENT="hand" />
            <SP ID="SP_35763" HPOS="541" VPOS="358" WIDTH="17" HEIGHT="0" />
            <String ID="Word_39724" HPOS="558" VPOS="371" WIDTH="56" HEIGHT="28" CONTENT="on" />
            <SP ID="SP_35764" HPOS="614" VPOS="356" WIDTH="23" HEIGHT="0" />
            <String ID="Word_39725" HPOS="637" VPOS="356" WIDTH="75" HEIGHT="43" CONTENT="the" />
            <SP ID="SP_35765" HPOS="712" VPOS="356" WIDTH="21" HEIGHT="0" />
            <String ID="Word_39726" HPOS="733" VPOS="361" WIDTH="95" HEIGHT="38" CONTENT="seat" />
            <SP ID="SP_35766" HPOS="828" VPOS="355" WIDTH="16" HEIGHT="0" />
            <String ID="Word_39727" HPOS="844" VPOS="355" WIDTH="46" HEIGHT="43" CONTENT="of" />
            <SP ID="SP_35767" HPOS="890" VPOS="355" WIDTH="23" HEIGHT="0" />
            <String ID="Word_39728" HPOS="913" VPOS="355" WIDTH="74" HEIGHT="42" CONTENT="the" />
            <SP ID="SP_35768" HPOS="987" VPOS="353" WIDTH="24" HEIGHT="0" />
            <String ID="Word_39729" HPOS="1011" VPOS="353" WIDTH="131" HEIGHT="51" CONTENT="chair," />
            <SP ID="SP_35769" HPOS="1142" VPOS="353" WIDTH="19" HEIGHT="0" />
            <String ID="Word_39730" HPOS="1161" VPOS="353" WIDTH="104" HEIGHT="42" CONTENT="thus" />
            <SP ID="SP_35770" HPOS="1265" VPOS="353" WIDTH="24" HEIGHT="0" />
            <String ID="Word_39731" HPOS="1289" VPOS="353" WIDTH="258" HEIGHT="55" CONTENT="expressing" />
            <SP ID="SP_35771" HPOS="1547" VPOS="353" WIDTH="17" HEIGHT="0" />
            <String ID="Word_39732" HPOS="1564" VPOS="353" WIDTH="171" HEIGHT="56" CONTENT="plainly" />
          </TextLine>
          <TextLine ID="TextLine_3966" HPOS="77" VPOS="423" WIDTH="1658" HEIGHT="56">
            <String ID="Word_39733" HPOS="77" VPOS="430" WIDTH="186" HEIGHT="42" CONTENT="without" />
            <SP ID="SP_35772" HPOS="263" VPOS="430" WIDTH="23" HEIGHT="0" />
            <String ID="Word_39734" HPOS="286" VPOS="430" WIDTH="139" HEIGHT="42" CONTENT="words" />
            <SP ID="SP_35773" HPOS="425" VPOS="430" WIDTH="33" HEIGHT="0" />
            <String ID="Word_39735" HPOS="458" VPOS="444" WIDTH="119" HEIGHT="27" CONTENT="what" />
            <SP ID="SP_35774" HPOS="577" VPOS="428" WIDTH="31" HEIGHT="0" />
            <String ID="Word_39736" HPOS="608" VPOS="428" WIDTH="56" HEIGHT="43" CONTENT="he" />
            <SP ID="SP_35775" HPOS="664" VPOS="428" WIDTH="24" HEIGHT="0" />
            <String ID="Word_39737" HPOS="688" VPOS="440" WIDTH="152" HEIGHT="29" CONTENT="wants," />
            <SP ID="SP_35776" HPOS="840" VPOS="426" WIDTH="23" HEIGHT="0" />
            <String ID="Word_39738" HPOS="863" VPOS="426" WIDTH="87" HEIGHT="43" CONTENT="and" />
            <SP ID="SP_35777" HPOS="950" VPOS="424" WIDTH="33" HEIGHT="0" />
            <String ID="Word_39739" HPOS="983" VPOS="424" WIDTH="147" HEIGHT="44" CONTENT="exults" />
            <SP ID="SP_35778" HPOS="1130" VPOS="424" WIDTH="37" HEIGHT="0" />
            <String ID="Word_39740" HPOS="1167" VPOS="424" WIDTH="126" HEIGHT="42" CONTENT="when" />
            <SP ID="SP_35779" HPOS="1293" VPOS="423" WIDTH="34" HEIGHT="0" />
            <String ID="Word_39741" HPOS="1327" VPOS="423" WIDTH="54" HEIGHT="43" CONTENT="he" />
            <SP ID="SP_35780" HPOS="1381" VPOS="423" WIDTH="34" HEIGHT="0" />
            <String ID="Word_39742" HPOS="1415" VPOS="424" WIDTH="78" HEIGHT="41" CONTENT="has" />
            <SP ID="SP_35781" HPOS="1493" VPOS="424" WIDTH="26" HEIGHT="0" />
            <String ID="Word_39743" HPOS="1519" VPOS="424" WIDTH="108" HEIGHT="42" CONTENT="been" />
            <SP ID="SP_35782" HPOS="1627" VPOS="424" WIDTH="25" HEIGHT="0" />
            <String ID="Word_39744" HPOS="1652" VPOS="431" WIDTH="83" HEIGHT="48" CONTENT="put" />
          </TextLine>
          <TextLine ID="TextLine_3967" HPOS="75" VPOS="501" WIDTH="417" HEIGHT="56">
            <String ID="Word_39745" HPOS="75" VPOS="515" WIDTH="60" HEIGHT="42" CONTENT="up" />
            <SP ID="SP_35783" HPOS="135" VPOS="515" WIDTH="23" HEIGHT="0" />
            <String ID="Word_39746" HPOS="158" VPOS="516" WIDTH="56" HEIGHT="28" CONTENT="on" />
            <SP ID="SP_35784" HPOS="214" VPOS="502" WIDTH="24" HEIGHT="0" />
            <String ID="Word_39747" HPOS="238" VPOS="502" WIDTH="72" HEIGHT="42" CONTENT="the" />
            <SP ID="SP_35785" HPOS="310" VPOS="501" WIDTH="23" HEIGHT="0" />
            <String ID="Word_39748" HPOS="333" VPOS="501" WIDTH="159" HEIGHT="43" CONTENT="chair.&quot;" />
          </TextLine>
          <TextLine ID="TextLine_3968" HPOS="135" VPOS="567" WIDTH="1598" HEIGHT="61">
            <String ID="Word_39749" HPOS="135" VPOS="573" WIDTH="159" HEIGHT="55" CONTENT="Preyer" />
            <SP ID="SP_35786" HPOS="294" VPOS="573" WIDTH="32" HEIGHT="0" />
            <String ID="Word_39750" HPOS="326" VPOS="573" WIDTH="103" HEIGHT="42" CONTENT="thus" />
            <SP ID="SP_35787" HPOS="429" VPOS="571" WIDTH="32" HEIGHT="0" />
            <String ID="Word_39751" HPOS="461" VPOS="571" WIDTH="234" HEIGHT="44" CONTENT="concludes" />
            <SP ID="SP_35788" HPOS="695" VPOS="570" WIDTH="22" HEIGHT="0" />
            <String ID="Word_39752" HPOS="717" VPOS="570" WIDTH="69" HEIGHT="43" CONTENT="his" />
            <SP ID="SP_35789" HPOS="786" VPOS="569" WIDTH="24" HEIGHT="0" />
            <String ID="Word_39753" HPOS="810" VPOS="569" WIDTH="325" HEIGHT="44" CONTENT="consideration" />
            <SP ID="SP_35790" HPOS="1135" VPOS="568" WIDTH="24" HEIGHT="0" />
            <String ID="Word_39754" HPOS="1159" VPOS="568" WIDTH="48" HEIGHT="43" CONTENT="of" />
            <SP ID="SP_35791" HPOS="1207" VPOS="567" WIDTH="29" HEIGHT="0" />
            <String ID="Word_39755" HPOS="1236" VPOS="567" WIDTH="89" HEIGHT="44" CONTENT="this" />
            <SP ID="SP_35792" HPOS="1325" VPOS="567" WIDTH="24" HEIGHT="0" />
            <String ID="Word_39756" HPOS="1349" VPOS="567" WIDTH="277" HEIGHT="56" CONTENT="subject:—&quot;" />
            <SP ID="SP_35793" HPOS="1626" VPOS="567" WIDTH="17" HEIGHT="0" />
            <String ID="Word_39757" HPOS="1643" VPOS="567" WIDTH="90" HEIGHT="42" CONTENT="The" />
          </TextLine>
          <TextLine ID="TextLine_3969" HPOS="74" VPOS="639" WIDTH="1658" HEIGHT="62">
            <String ID="Word_39758" HPOS="74" VPOS="650" WIDTH="171" HEIGHT="51" CONTENT="variety" />
            <SP ID="SP_35794" HPOS="245" VPOS="644" WIDTH="22" HEIGHT="0" />
            <String ID="Word_39759" HPOS="267" VPOS="644" WIDTH="47" HEIGHT="43" CONTENT="in" />
            <SP ID="SP_35795" HPOS="314" VPOS="644" WIDTH="24" HEIGHT="0" />
            <String ID="Word_39760" HPOS="338" VPOS="645" WIDTH="73" HEIGHT="42" CONTENT="the" />
            <SP ID="SP_35796" HPOS="411" VPOS="644" WIDTH="23" HEIGHT="0" />
            <String ID="Word_39761" HPOS="434" VPOS="644" WIDTH="252" HEIGHT="43" CONTENT="expression" />
            <SP ID="SP_35797" HPOS="686" VPOS="643" WIDTH="24" HEIGHT="0" />
            <String ID="Word_39762" HPOS="710" VPOS="643" WIDTH="47" HEIGHT="42" CONTENT="of" />
            <SP ID="SP_35798" HPOS="757" VPOS="642" WIDTH="18" HEIGHT="0" />
            <String ID="Word_39763" HPOS="775" VPOS="642" WIDTH="76" HEIGHT="43" CONTENT="the" />
            <SP ID="SP_35799" HPOS="851" VPOS="642" WIDTH="35" HEIGHT="0" />
            <String ID="Word_39764" HPOS="886" VPOS="655" WIDTH="314" HEIGHT="38" CONTENT="countenance," />
            <SP ID="SP_35800" HPOS="1200" VPOS="640" WIDTH="23" HEIGHT="0" />
            <String ID="Word_39765" HPOS="1223" VPOS="640" WIDTH="142" HEIGHT="52" CONTENT="when," />
            <SP ID="SP_35801" HPOS="1365" VPOS="640" WIDTH="23" HEIGHT="0" />
            <String ID="Word_39766" HPOS="1388" VPOS="640" WIDTH="47" HEIGHT="41" CONTENT="in" />
            <SP ID="SP_35802" HPOS="1435" VPOS="639" WIDTH="28" HEIGHT="0" />
            <String ID="Word_39767" HPOS="1463" VPOS="639" WIDTH="74" HEIGHT="43" CONTENT="the" />
            <SP ID="SP_35803" HPOS="1537" VPOS="639" WIDTH="35" HEIGHT="0" />
            <String ID="Word_39768" HPOS="1572" VPOS="640" WIDTH="160" HEIGHT="42" CONTENT="second" />
          </TextLine>
          <TextLine ID="TextLine_3970" HPOS="71" VPOS="711" WIDTH="1661" HEIGHT="61">
            <String ID="Word_39769" HPOS="71" VPOS="716" WIDTH="87" HEIGHT="42" CONTENT="and" />
            <SP ID="SP_35804" HPOS="158" VPOS="716" WIDTH="32" HEIGHT="0" />
            <String ID="Word_39770" HPOS="190" VPOS="716" WIDTH="118" HEIGHT="42" CONTENT="third" />
            <SP ID="SP_35805" HPOS="308" VPOS="716" WIDTH="32" HEIGHT="0" />
            <String ID="Word_39771" HPOS="340" VPOS="730" WIDTH="137" HEIGHT="42" CONTENT="years," />
            <SP ID="SP_35806" HPOS="477" VPOS="715" WIDTH="25" HEIGHT="0" />
            <String ID="Word_39772" HPOS="502" VPOS="715" WIDTH="74" HEIGHT="43" CONTENT="the" />
            <SP ID="SP_35807" HPOS="576" VPOS="715" WIDTH="35" HEIGHT="0" />
            <String ID="Word_39773" HPOS="611" VPOS="719" WIDTH="197" HEIGHT="52" CONTENT="separate" />
            <SP ID="SP_35808" HPOS="808" VPOS="713" WIDTH="35" HEIGHT="0" />
            <String ID="Word_39774" HPOS="843" VPOS="713" WIDTH="199" HEIGHT="57" CONTENT="passions" />
            <SP ID="SP_35809" HPOS="1042" VPOS="711" WIDTH="38" HEIGHT="0" />
            <String ID="Word_39775" HPOS="1080" VPOS="711" WIDTH="230" HEIGHT="59" CONTENT="gradually" />
            <SP ID="SP_35810" HPOS="1310" VPOS="711" WIDTH="33" HEIGHT="0" />
            <String ID="Word_39776" HPOS="1343" VPOS="711" WIDTH="163" HEIGHT="53" CONTENT="awake," />
            <SP ID="SP_35811" HPOS="1506" VPOS="711" WIDTH="28" HEIGHT="0" />
            <String ID="Word_39777" HPOS="1534" VPOS="711" WIDTH="38" HEIGHT="43" CONTENT="is" />
            <SP ID="SP_35812" HPOS="1572" VPOS="711" WIDTH="37" HEIGHT="0" />
            <String ID="Word_39778" HPOS="1609" VPOS="711" WIDTH="123" HEIGHT="43" CONTENT="inde-" />
          </TextLine>
          <TextLine ID="TextLine_3971" HPOS="71" VPOS="784" WIDTH="1662" HEIGHT="58">
            <String ID="Word_39779" HPOS="71" VPOS="788" WIDTH="212" HEIGHT="43" CONTENT="scribable" />
            <SP ID="SP_35813" HPOS="283" VPOS="788" WIDTH="16" HEIGHT="0" />
            <String ID="Word_39780" HPOS="299" VPOS="806" WIDTH="9" HEIGHT="36" CONTENT=";" />
            <SP ID="SP_35814" HPOS="308" VPOS="788" WIDTH="25" HEIGHT="0" />
            <String ID="Word_39781" HPOS="333" VPOS="788" WIDTH="99" HEIGHT="42" CONTENT="and," />
            <SP ID="SP_35815" HPOS="432" VPOS="788" WIDTH="22" HEIGHT="0" />
            <String ID="Word_39782" HPOS="454" VPOS="802" WIDTH="56" HEIGHT="28" CONTENT="on" />
            <SP ID="SP_35816" HPOS="510" VPOS="792" WIDTH="24" HEIGHT="0" />
            <String ID="Word_39783" HPOS="534" VPOS="792" WIDTH="187" HEIGHT="38" CONTENT="account" />
            <SP ID="SP_35817" HPOS="721" VPOS="787" WIDTH="22" HEIGHT="0" />
            <String ID="Word_39784" HPOS="743" VPOS="787" WIDTH="47" HEIGHT="43" CONTENT="of" />
            <SP ID="SP_35818" HPOS="790" VPOS="787" WIDTH="18" HEIGHT="0" />
            <String ID="Word_39785" HPOS="808" VPOS="787" WIDTH="76" HEIGHT="43" CONTENT="the" />
            <SP ID="SP_35819" HPOS="884" VPOS="786" WIDTH="32" HEIGHT="0" />
            <String ID="Word_39786" HPOS="916" VPOS="790" WIDTH="330" HEIGHT="39" CONTENT="transitoriness" />
            <SP ID="SP_35820" HPOS="1246" VPOS="785" WIDTH="30" HEIGHT="0" />
            <String ID="Word_39787" HPOS="1276" VPOS="785" WIDTH="45" HEIGHT="42" CONTENT="of" />
            <SP ID="SP_35821" HPOS="1321" VPOS="784" WIDTH="23" HEIGHT="0" />
            <String ID="Word_39788" HPOS="1344" VPOS="784" WIDTH="74" HEIGHT="44" CONTENT="the" />
            <SP ID="SP_35822" HPOS="1418" VPOS="784" WIDTH="24" HEIGHT="0" />
            <String ID="Word_39789" HPOS="1442" VPOS="798" WIDTH="291" HEIGHT="43" CONTENT="phenomena," />
          </TextLine>
          <TextLine ID="TextLine_3972" HPOS="70" VPOS="857" WIDTH="1662" HEIGHT="59">
            <String ID="Word_39790" HPOS="70" VPOS="860" WIDTH="37" HEIGHT="42" CONTENT="is" />
            <SP ID="SP_35823" HPOS="107" VPOS="860" WIDTH="23" HEIGHT="0" />
            <String ID="Word_39791" HPOS="130" VPOS="860" WIDTH="154" HEIGHT="42" CONTENT="hardly" />
            <SP ID="SP_35824" HPOS="284" VPOS="860" WIDTH="16" HEIGHT="0" />
            <String ID="Word_39792" HPOS="300" VPOS="864" WIDTH="44" HEIGHT="38" CONTENT="to" />
            <SP ID="SP_35825" HPOS="344" VPOS="860" WIDTH="23" HEIGHT="0" />
            <String ID="Word_39793" HPOS="367" VPOS="860" WIDTH="53" HEIGHT="43" CONTENT="be" />
            <SP ID="SP_35826" HPOS="420" VPOS="860" WIDTH="25" HEIGHT="0" />
            <String ID="Word_39794" HPOS="445" VPOS="874" WIDTH="268" HEIGHT="42" CONTENT="reproduced" />
            <SP ID="SP_35827" HPOS="713" VPOS="859" WIDTH="28" HEIGHT="0" />
            <String ID="Word_39795" HPOS="741" VPOS="859" WIDTH="265" HEIGHT="57" CONTENT="pictorially." />
            <SP ID="SP_35828" HPOS="1006" VPOS="858" WIDTH="62" HEIGHT="0" />
            <String ID="Word_39796" HPOS="1068" VPOS="858" WIDTH="228" HEIGHT="57" CONTENT="Jealousy," />
            <SP ID="SP_35829" HPOS="1296" VPOS="857" WIDTH="21" HEIGHT="0" />
            <String ID="Word_39797" HPOS="1317" VPOS="857" WIDTH="136" HEIGHT="57" CONTENT="pride," />
            <SP ID="SP_35830" HPOS="1453" VPOS="857" WIDTH="23" HEIGHT="0" />
            <String ID="Word_39798" HPOS="1476" VPOS="862" WIDTH="256" HEIGHT="51" CONTENT="pugnacity," />
          </TextLine>
          <TextLine ID="TextLine_3973" HPOS="70" VPOS="930" WIDTH="1660" HEIGHT="54">
            <String ID="Word_39799" HPOS="70" VPOS="938" WIDTH="320" HEIGHT="38" CONTENT="covetousness," />
            <SP ID="SP_35831" HPOS="390" VPOS="932" WIDTH="22" HEIGHT="0" />
            <String ID="Word_39800" HPOS="412" VPOS="932" WIDTH="104" HEIGHT="43" CONTENT="lend" />
            <SP ID="SP_35832" HPOS="516" VPOS="932" WIDTH="22" HEIGHT="0" />
            <String ID="Word_39801" HPOS="538" VPOS="937" WIDTH="45" HEIGHT="38" CONTENT="to" />
            <SP ID="SP_35833" HPOS="583" VPOS="932" WIDTH="22" HEIGHT="0" />
            <String ID="Word_39802" HPOS="605" VPOS="932" WIDTH="77" HEIGHT="43" CONTENT="the" />
            <SP ID="SP_35834" HPOS="682" VPOS="932" WIDTH="22" HEIGHT="0" />
            <String ID="Word_39803" HPOS="704" VPOS="932" WIDTH="190" HEIGHT="43" CONTENT="childish" />
            <SP ID="SP_35835" HPOS="894" VPOS="932" WIDTH="31" HEIGHT="0" />
            <String ID="Word_39804" HPOS="925" VPOS="937" WIDTH="302" HEIGHT="38" CONTENT="countenance" />
            <SP ID="SP_35836" HPOS="1227" VPOS="937" WIDTH="23" HEIGHT="0" />
            <String ID="Word_39805" HPOS="1250" VPOS="945" WIDTH="25" HEIGHT="29" CONTENT="a" />
            <SP ID="SP_35837" HPOS="1275" VPOS="945" WIDTH="21" HEIGHT="0" />
            <String ID="Word_39806" HPOS="1296" VPOS="945" WIDTH="57" HEIGHT="29" CONTENT="no" />
            <SP ID="SP_35838" HPOS="1353" VPOS="930" WIDTH="23" HEIGHT="0" />
            <String ID="Word_39807" HPOS="1376" VPOS="930" WIDTH="87" HEIGHT="44" CONTENT="less" />
            <SP ID="SP_35839" HPOS="1463" VPOS="930" WIDTH="22" HEIGHT="0" />
            <String ID="Word_39808" HPOS="1485" VPOS="944" WIDTH="245" HEIGHT="29" CONTENT="character-" />
          </TextLine>
          <TextLine ID="TextLine_3974" HPOS="69" VPOS="1004" WIDTH="1659" HEIGHT="58">
            <String ID="Word_39809" HPOS="69" VPOS="1004" WIDTH="102" HEIGHT="43" CONTENT="istic" />
            <SP ID="SP_35840" HPOS="171" VPOS="1004" WIDTH="21" HEIGHT="0" />
            <String ID="Word_39810" HPOS="192" VPOS="1004" WIDTH="102" HEIGHT="43" CONTENT="look" />
            <SP ID="SP_35841" HPOS="294" VPOS="1004" WIDTH="36" HEIGHT="0" />
            <String ID="Word_39811" HPOS="330" VPOS="1005" WIDTH="107" HEIGHT="42" CONTENT="than" />
            <SP ID="SP_35842" HPOS="437" VPOS="1005" WIDTH="35" HEIGHT="0" />
            <String ID="Word_39812" HPOS="472" VPOS="1005" WIDTH="53" HEIGHT="42" CONTENT="do" />
            <SP ID="SP_35843" HPOS="525" VPOS="1005" WIDTH="32" HEIGHT="0" />
            <String ID="Word_39813" HPOS="557" VPOS="1005" WIDTH="264" HEIGHT="57" CONTENT="generosity," />
            <SP ID="SP_35844" HPOS="821" VPOS="1005" WIDTH="23" HEIGHT="0" />
            <String ID="Word_39814" HPOS="844" VPOS="1005" WIDTH="250" HEIGHT="43" CONTENT="obedience," />
            <SP ID="SP_35845" HPOS="1094" VPOS="1004" WIDTH="35" HEIGHT="0" />
            <String ID="Word_39815" HPOS="1129" VPOS="1004" WIDTH="227" HEIGHT="42" CONTENT="ambition." />
            <SP ID="SP_35846" HPOS="1356" VPOS="1004" WIDTH="64" HEIGHT="0" />
            <String ID="Word_39816" HPOS="1420" VPOS="1004" WIDTH="140" HEIGHT="41" CONTENT="These" />
            <SP ID="SP_35847" HPOS="1560" VPOS="1004" WIDTH="33" HEIGHT="0" />
            <String ID="Word_39817" HPOS="1593" VPOS="1016" WIDTH="135" HEIGHT="29" CONTENT="states" />
          </TextLine>
          <TextLine ID="TextLine_3975" HPOS="71" VPOS="1074" WIDTH="1658" HEIGHT="60">
            <String ID="Word_39818" HPOS="71" VPOS="1077" WIDTH="127" HEIGHT="42" CONTENT="could" />
            <SP ID="SP_35848" HPOS="198" VPOS="1077" WIDTH="23" HEIGHT="0" />
            <String ID="Word_39819" HPOS="221" VPOS="1082" WIDTH="78" HEIGHT="37" CONTENT="not" />
            <SP ID="SP_35849" HPOS="299" VPOS="1078" WIDTH="23" HEIGHT="0" />
            <String ID="Word_39820" HPOS="322" VPOS="1078" WIDTH="52" HEIGHT="42" CONTENT="be" />
            <SP ID="SP_35850" HPOS="374" VPOS="1077" WIDTH="32" HEIGHT="0" />
            <String ID="Word_39821" HPOS="406" VPOS="1077" WIDTH="255" HEIGHT="57" CONTENT="recognised" />
            <SP ID="SP_35851" HPOS="661" VPOS="1077" WIDTH="32" HEIGHT="0" />
            <String ID="Word_39822" HPOS="693" VPOS="1078" WIDTH="59" HEIGHT="42" CONTENT="by" />
            <SP ID="SP_35852" HPOS="752" VPOS="1077" WIDTH="30" HEIGHT="0" />
            <String ID="Word_39823" HPOS="782" VPOS="1077" WIDTH="75" HEIGHT="43" CONTENT="the" />
            <SP ID="SP_35853" HPOS="857" VPOS="1076" WIDTH="32" HEIGHT="0" />
            <String ID="Word_39824" HPOS="889" VPOS="1076" WIDTH="256" HEIGHT="44" CONTENT="expression" />
            <SP ID="SP_35854" HPOS="1145" VPOS="1076" WIDTH="22" HEIGHT="0" />
            <String ID="Word_39825" HPOS="1167" VPOS="1077" WIDTH="45" HEIGHT="42" CONTENT="of" />
            <SP ID="SP_35855" HPOS="1212" VPOS="1077" WIDTH="32" HEIGHT="0" />
            <String ID="Word_39826" HPOS="1244" VPOS="1080" WIDTH="302" HEIGHT="39" CONTENT="countenance" />
            <SP ID="SP_35856" HPOS="1546" VPOS="1074" WIDTH="33" HEIGHT="0" />
            <String ID="Word_39827" HPOS="1579" VPOS="1089" WIDTH="150" HEIGHT="28" CONTENT="unless" />
          </TextLine>
          <TextLine ID="TextLine_3976" HPOS="69" VPOS="1146" WIDTH="1659" HEIGHT="58">
            <String ID="Word_39828" HPOS="69" VPOS="1148" WIDTH="107" HEIGHT="42" CONTENT="each" />
            <SP ID="SP_35857" HPOS="176" VPOS="1148" WIDTH="25" HEIGHT="0" />
            <String ID="Word_39829" HPOS="201" VPOS="1149" WIDTH="47" HEIGHT="42" CONTENT="of" />
            <SP ID="SP_35858" HPOS="248" VPOS="1149" WIDTH="19" HEIGHT="0" />
            <String ID="Word_39830" HPOS="267" VPOS="1149" WIDTH="122" HEIGHT="42" CONTENT="them" />
            <SP ID="SP_35859" HPOS="389" VPOS="1149" WIDTH="33" HEIGHT="0" />
            <String ID="Word_39831" HPOS="422" VPOS="1149" WIDTH="87" HEIGHT="42" CONTENT="had" />
            <SP ID="SP_35860" HPOS="509" VPOS="1149" WIDTH="38" HEIGHT="0" />
            <String ID="Word_39832" HPOS="547" VPOS="1150" WIDTH="57" HEIGHT="41" CONTENT="its" />
            <SP ID="SP_35861" HPOS="604" VPOS="1150" WIDTH="23" HEIGHT="0" />
            <String ID="Word_39833" HPOS="627" VPOS="1163" WIDTH="97" HEIGHT="28" CONTENT="own" />
            <SP ID="SP_35862" HPOS="724" VPOS="1148" WIDTH="34" HEIGHT="0" />
            <String ID="Word_39834" HPOS="758" VPOS="1148" WIDTH="296" HEIGHT="43" CONTENT="expressional" />
            <SP ID="SP_35863" HPOS="1054" VPOS="1148" WIDTH="34" HEIGHT="0" />
            <String ID="Word_39835" HPOS="1088" VPOS="1151" WIDTH="277" HEIGHT="39" CONTENT="movements" />
            <SP ID="SP_35864" HPOS="1365" VPOS="1151" WIDTH="20" HEIGHT="0" />
            <String ID="Word_39836" HPOS="1385" VPOS="1163" WIDTH="9" HEIGHT="37" CONTENT=";" />
            <SP ID="SP_35865" HPOS="1394" VPOS="1147" WIDTH="32" HEIGHT="0" />
            <String ID="Word_39837" HPOS="1426" VPOS="1147" WIDTH="99" HEIGHT="53" CONTENT="and," />
            <SP ID="SP_35866" HPOS="1525" VPOS="1147" WIDTH="21" HEIGHT="0" />
            <String ID="Word_39838" HPOS="1546" VPOS="1147" WIDTH="48" HEIGHT="41" CONTENT="in" />
            <SP ID="SP_35867" HPOS="1594" VPOS="1146" WIDTH="33" HEIGHT="0" />
            <String ID="Word_39839" HPOS="1627" VPOS="1146" WIDTH="101" HEIGHT="52" CONTENT="fact," />
          </TextLine>
          <TextLine ID="TextLine_3977" HPOS="70" VPOS="1218" WIDTH="1658" HEIGHT="58">
            <String ID="Word_39840" HPOS="70" VPOS="1220" WIDTH="123" HEIGHT="43" CONTENT="these" />
            <SP ID="SP_35868" HPOS="193" VPOS="1220" WIDTH="33" HEIGHT="0" />
            <String ID="Word_39841" HPOS="226" VPOS="1226" WIDTH="273" HEIGHT="37" CONTENT="movements" />
            <SP ID="SP_35869" HPOS="499" VPOS="1226" WIDTH="32" HEIGHT="0" />
            <String ID="Word_39842" HPOS="531" VPOS="1235" WIDTH="162" HEIGHT="41" CONTENT="appear" />
            <SP ID="SP_35870" HPOS="693" VPOS="1221" WIDTH="22" HEIGHT="0" />
            <String ID="Word_39843" HPOS="715" VPOS="1221" WIDTH="46" HEIGHT="41" CONTENT="in" />
            <SP ID="SP_35871" HPOS="761" VPOS="1221" WIDTH="33" HEIGHT="0" />
            <String ID="Word_39844" HPOS="794" VPOS="1224" WIDTH="170" HEIGHT="52" CONTENT="greater" />
            <SP ID="SP_35872" HPOS="964" VPOS="1220" WIDTH="22" HEIGHT="0" />
            <String ID="Word_39845" HPOS="986" VPOS="1225" WIDTH="151" HEIGHT="50" CONTENT="purity" />
            <SP ID="SP_35873" HPOS="1137" VPOS="1219" WIDTH="23" HEIGHT="0" />
            <String ID="Word_39846" HPOS="1160" VPOS="1219" WIDTH="45" HEIGHT="43" CONTENT="in" />
            <SP ID="SP_35874" HPOS="1205" VPOS="1219" WIDTH="27" HEIGHT="0" />
            <String ID="Word_39847" HPOS="1232" VPOS="1220" WIDTH="73" HEIGHT="42" CONTENT="the" />
            <SP ID="SP_35875" HPOS="1305" VPOS="1219" WIDTH="33" HEIGHT="0" />
            <String ID="Word_39848" HPOS="1338" VPOS="1219" WIDTH="132" HEIGHT="43" CONTENT="child," />
            <SP ID="SP_35876" HPOS="1470" VPOS="1219" WIDTH="34" HEIGHT="0" />
            <String ID="Word_39849" HPOS="1504" VPOS="1219" WIDTH="98" HEIGHT="42" CONTENT="who" />
            <SP ID="SP_35877" HPOS="1602" VPOS="1218" WIDTH="24" HEIGHT="0" />
            <String ID="Word_39850" HPOS="1626" VPOS="1218" WIDTH="102" HEIGHT="43" CONTENT="does" />
          </TextLine>
          <TextLine ID="TextLine_3978" HPOS="69" VPOS="1290" WIDTH="1029" HEIGHT="57">
            <String ID="Word_39851" HPOS="69" VPOS="1297" WIDTH="78" HEIGHT="36" CONTENT="not" />
            <SP ID="SP_35878" HPOS="147" VPOS="1292" WIDTH="23" HEIGHT="0" />
            <String ID="Word_39852" HPOS="170" VPOS="1292" WIDTH="246" HEIGHT="42" CONTENT="dissemble," />
            <SP ID="SP_35879" HPOS="416" VPOS="1292" WIDTH="23" HEIGHT="0" />
            <String ID="Word_39853" HPOS="439" VPOS="1293" WIDTH="108" HEIGHT="41" CONTENT="than" />
            <SP ID="SP_35880" HPOS="547" VPOS="1292" WIDTH="23" HEIGHT="0" />
            <String ID="Word_39854" HPOS="570" VPOS="1292" WIDTH="104" HEIGHT="42" CONTENT="they" />
            <SP ID="SP_35881" HPOS="674" VPOS="1292" WIDTH="25" HEIGHT="0" />
            <String ID="Word_39855" HPOS="699" VPOS="1292" WIDTH="53" HEIGHT="42" CONTENT="do" />
            <SP ID="SP_35882" HPOS="752" VPOS="1292" WIDTH="24" HEIGHT="0" />
            <String ID="Word_39856" HPOS="776" VPOS="1293" WIDTH="45" HEIGHT="40" CONTENT="in" />
            <SP ID="SP_35883" HPOS="821" VPOS="1291" WIDTH="22" HEIGHT="0" />
            <String ID="Word_39857" HPOS="843" VPOS="1291" WIDTH="113" HEIGHT="42" CONTENT="later" />
            <SP ID="SP_35884" HPOS="956" VPOS="1290" WIDTH="22" HEIGHT="0" />
            <String ID="Word_39858" HPOS="978" VPOS="1290" WIDTH="120" HEIGHT="43" CONTENT="life.&quot;" />
          </TextLine>
          <TextLine ID="TextLine_3979" HPOS="125" VPOS="1362" WIDTH="1601" HEIGHT="57">
            <String ID="Word_39859" HPOS="125" VPOS="1364" WIDTH="65" HEIGHT="41" CONTENT="As" />
            <SP ID="SP_35885" HPOS="190" VPOS="1364" WIDTH="25" HEIGHT="0" />
            <String ID="Word_39860" HPOS="215" VPOS="1370" WIDTH="42" HEIGHT="35" CONTENT="to" />
            <SP ID="SP_35886" HPOS="257" VPOS="1364" WIDTH="29" HEIGHT="0" />
            <String ID="Word_39861" HPOS="286" VPOS="1364" WIDTH="74" HEIGHT="42" CONTENT="the" />
            <SP ID="SP_35887" HPOS="360" VPOS="1364" WIDTH="33" HEIGHT="0" />
            <String ID="Word_39862" HPOS="393" VPOS="1378" WIDTH="145" HEIGHT="41" CONTENT="power" />
            <SP ID="SP_35888" HPOS="538" VPOS="1364" WIDTH="33" HEIGHT="0" />
            <String ID="Word_39863" HPOS="571" VPOS="1364" WIDTH="47" HEIGHT="41" CONTENT="of" />
            <SP ID="SP_35889" HPOS="618" VPOS="1364" WIDTH="29" HEIGHT="0" />
            <String ID="Word_39864" HPOS="647" VPOS="1364" WIDTH="74" HEIGHT="42" CONTENT="the" />
            <SP ID="SP_35890" HPOS="721" VPOS="1363" WIDTH="33" HEIGHT="0" />
            <String ID="Word_39865" HPOS="754" VPOS="1363" WIDTH="177" HEIGHT="55" CONTENT="passion" />
            <SP ID="SP_35891" HPOS="931" VPOS="1363" WIDTH="33" HEIGHT="0" />
            <String ID="Word_39866" HPOS="964" VPOS="1364" WIDTH="47" HEIGHT="40" CONTENT="of" />
            <SP ID="SP_35892" HPOS="1011" VPOS="1363" WIDTH="13" HEIGHT="0" />
            <String ID="Word_39867" HPOS="1024" VPOS="1363" WIDTH="202" HEIGHT="55" CONTENT="jealousy" />
            <SP ID="SP_35893" HPOS="1226" VPOS="1362" WIDTH="33" HEIGHT="0" />
            <String ID="Word_39868" HPOS="1259" VPOS="1362" WIDTH="48" HEIGHT="42" CONTENT="in" />
            <SP ID="SP_35894" HPOS="1307" VPOS="1362" WIDTH="33" HEIGHT="0" />
            <String ID="Word_39869" HPOS="1340" VPOS="1362" WIDTH="212" HEIGHT="43" CONTENT="children," />
            <SP ID="SP_35895" HPOS="1552" VPOS="1362" WIDTH="23" HEIGHT="0" />
            <String ID="Word_39870" HPOS="1575" VPOS="1362" WIDTH="151" HEIGHT="43" CONTENT="Perez1" />
          </TextLine>
          <TextLine ID="TextLine_3980" HPOS="68" VPOS="1434" WIDTH="1660" HEIGHT="57">
            <String ID="Word_39871" HPOS="68" VPOS="1434" WIDTH="76" HEIGHT="42" CONTENT="lias" />
            <SP ID="SP_35896" HPOS="144" VPOS="1434" WIDTH="43" HEIGHT="0" />
            <String ID="Word_39872" HPOS="187" VPOS="1449" WIDTH="119" HEIGHT="27" CONTENT="some" />
            <SP ID="SP_35897" HPOS="306" VPOS="1435" WIDTH="43" HEIGHT="0" />
            <String ID="Word_39873" HPOS="349" VPOS="1435" WIDTH="262" HEIGHT="42" CONTENT="interesting" />
            <SP ID="SP_35898" HPOS="611" VPOS="1435" WIDTH="32" HEIGHT="0" />
            <String ID="Word_39874" HPOS="643" VPOS="1435" WIDTH="205" HEIGHT="42" CONTENT="remarks." />
            <SP ID="SP_35899" HPOS="848" VPOS="1434" WIDTH="66" HEIGHT="0" />
            <String ID="Word_39875" HPOS="914" VPOS="1434" WIDTH="71" HEIGHT="43" CONTENT="He" />
            <SP ID="SP_35900" HPOS="985" VPOS="1434" WIDTH="34" HEIGHT="0" />
            <String ID="Word_39876" HPOS="1019" VPOS="1449" WIDTH="112" HEIGHT="41" CONTENT="says," />
            <SP ID="SP_35901" HPOS="1131" VPOS="1434" WIDTH="34" HEIGHT="0" />
            <String ID="Word_39877" HPOS="1165" VPOS="1434" WIDTH="66" HEIGHT="42" CONTENT="for" />
            <SP ID="SP_35902" HPOS="1231" VPOS="1434" WIDTH="32" HEIGHT="0" />
            <String ID="Word_39878" HPOS="1263" VPOS="1434" WIDTH="215" HEIGHT="56" CONTENT="example," />
            <SP ID="SP_35903" HPOS="1478" VPOS="1434" WIDTH="33" HEIGHT="0" />
            <String ID="Word_39879" HPOS="1511" VPOS="1434" WIDTH="133" HEIGHT="42" CONTENT="&quot;One" />
            <SP ID="SP_35904" HPOS="1644" VPOS="1434" WIDTH="39" HEIGHT="0" />
            <String ID="Word_39880" HPOS="1683" VPOS="1434" WIDTH="45" HEIGHT="42" CONTENT="of" />
          </TextLine>
          <TextLine ID="TextLine_3981" HPOS="65" VPOS="1505" WIDTH="1662" HEIGHT="57">
            <String ID="Word_39881" HPOS="65" VPOS="1520" WIDTH="73" HEIGHT="41" CONTENT="my" />
            <SP ID="SP_35905" HPOS="138" VPOS="1506" WIDTH="24" HEIGHT="0" />
            <String ID="Word_39882" HPOS="162" VPOS="1506" WIDTH="204" HEIGHT="55" CONTENT="nephews" />
            <SP ID="SP_35906" HPOS="366" VPOS="1506" WIDTH="33" HEIGHT="0" />
            <String ID="Word_39883" HPOS="399" VPOS="1511" WIDTH="45" HEIGHT="37" CONTENT="at" />
            <SP ID="SP_35907" HPOS="444" VPOS="1506" WIDTH="23" HEIGHT="0" />
            <String ID="Word_39884" HPOS="467" VPOS="1506" WIDTH="73" HEIGHT="42" CONTENT="the" />
            <SP ID="SP_35908" HPOS="540" VPOS="1506" WIDTH="24" HEIGHT="0" />
            <String ID="Word_39885" HPOS="564" VPOS="1521" WIDTH="77" HEIGHT="41" CONTENT="age" />
            <SP ID="SP_35909" HPOS="641" VPOS="1507" WIDTH="23" HEIGHT="0" />
            <String ID="Word_39886" HPOS="664" VPOS="1507" WIDTH="47" HEIGHT="41" CONTENT="of" />
            <SP ID="SP_35910" HPOS="711" VPOS="1506" WIDTH="29" HEIGHT="0" />
            <String ID="Word_39887" HPOS="740" VPOS="1506" WIDTH="122" HEIGHT="43" CONTENT="three" />
            <SP ID="SP_35911" HPOS="862" VPOS="1506" WIDTH="32" HEIGHT="0" />
            <String ID="Word_39888" HPOS="894" VPOS="1520" WIDTH="125" HEIGHT="42" CONTENT="years" />
            <SP ID="SP_35912" HPOS="1019" VPOS="1505" WIDTH="36" HEIGHT="0" />
            <String ID="Word_39889" HPOS="1055" VPOS="1505" WIDTH="105" HEIGHT="43" CONTENT="used" />
            <SP ID="SP_35913" HPOS="1160" VPOS="1505" WIDTH="24" HEIGHT="0" />
            <String ID="Word_39890" HPOS="1184" VPOS="1505" WIDTH="278" HEIGHT="43" CONTENT="continually" />
            <SP ID="SP_35914" HPOS="1462" VPOS="1505" WIDTH="25" HEIGHT="0" />
            <String ID="Word_39891" HPOS="1487" VPOS="1511" WIDTH="43" HEIGHT="37" CONTENT="to" />
            <SP ID="SP_35915" HPOS="1530" VPOS="1505" WIDTH="26" HEIGHT="0" />
            <String ID="Word_39892" HPOS="1556" VPOS="1505" WIDTH="94" HEIGHT="42" CONTENT="talk" />
            <SP ID="SP_35916" HPOS="1650" VPOS="1505" WIDTH="31" HEIGHT="0" />
            <String ID="Word_39893" HPOS="1681" VPOS="1506" WIDTH="46" HEIGHT="42" CONTENT="of" />
          </TextLine>
          <TextLine ID="TextLine_3982" HPOS="62" VPOS="1576" WIDTH="1662" HEIGHT="54">
            <String ID="Word_39894" HPOS="62" VPOS="1576" WIDTH="74" HEIGHT="43" CONTENT="the" />
            <SP ID="SP_35917" HPOS="136" VPOS="1576" WIDTH="24" HEIGHT="0" />
            <String ID="Word_39895" HPOS="160" VPOS="1577" WIDTH="116" HEIGHT="43" CONTENT="little" />
            <SP ID="SP_35918" HPOS="276" VPOS="1577" WIDTH="24" HEIGHT="0" />
            <String ID="Word_39896" HPOS="300" VPOS="1577" WIDTH="176" HEIGHT="43" CONTENT="brother" />
            <SP ID="SP_35919" HPOS="476" VPOS="1577" WIDTH="21" HEIGHT="0" />
            <String ID="Word_39897" HPOS="497" VPOS="1577" WIDTH="55" HEIGHT="43" CONTENT="he" />
            <SP ID="SP_35920" HPOS="552" VPOS="1577" WIDTH="24" HEIGHT="0" />
            <String ID="Word_39898" HPOS="576" VPOS="1592" WIDTH="87" HEIGHT="28" CONTENT="was" />
            <SP ID="SP_35921" HPOS="663" VPOS="1592" WIDTH="23" HEIGHT="0" />
            <String ID="Word_39899" HPOS="686" VPOS="1592" WIDTH="106" HEIGHT="28" CONTENT="soon" />
            <SP ID="SP_35922" HPOS="792" VPOS="1582" WIDTH="24" HEIGHT="0" />
            <String ID="Word_39900" HPOS="816" VPOS="1582" WIDTH="44" HEIGHT="38" CONTENT="to" />
            <SP ID="SP_35923" HPOS="860" VPOS="1578" WIDTH="26" HEIGHT="0" />
            <String ID="Word_39901" HPOS="886" VPOS="1578" WIDTH="121" HEIGHT="42" CONTENT="have." />
            <SP ID="SP_35924" HPOS="1007" VPOS="1578" WIDTH="46" HEIGHT="0" />
            <String ID="Word_39902" HPOS="1053" VPOS="1581" WIDTH="8" HEIGHT="20" CONTENT="'" />
            <SP ID="SP_35925" HPOS="1061" VPOS="1578" WIDTH="17" HEIGHT="0" />
            <String ID="Word_39903" HPOS="1078" VPOS="1578" WIDTH="21" HEIGHT="41" CONTENT="I" />
            <SP ID="SP_35926" HPOS="1099" VPOS="1577" WIDTH="25" HEIGHT="0" />
            <String ID="Word_39904" HPOS="1124" VPOS="1577" WIDTH="114" HEIGHT="43" CONTENT="shall" />
            <SP ID="SP_35927" HPOS="1238" VPOS="1577" WIDTH="21" HEIGHT="0" />
            <String ID="Word_39905" HPOS="1259" VPOS="1578" WIDTH="100" HEIGHT="42" CONTENT="love" />
            <SP ID="SP_35928" HPOS="1359" VPOS="1578" WIDTH="22" HEIGHT="0" />
            <String ID="Word_39906" HPOS="1381" VPOS="1578" WIDTH="95" HEIGHT="42" CONTENT="him" />
            <SP ID="SP_35929" HPOS="1476" VPOS="1578" WIDTH="24" HEIGHT="0" />
            <String ID="Word_39907" HPOS="1500" VPOS="1592" WIDTH="46" HEIGHT="28" CONTENT="so" />
            <SP ID="SP_35930" HPOS="1546" VPOS="1577" WIDTH="17" HEIGHT="0" />
            <String ID="Word_39908" HPOS="1563" VPOS="1577" WIDTH="161" HEIGHT="53" CONTENT="much,'" />
          </TextLine>
          <TextLine ID="TextLine_3983" HPOS="61" VPOS="1649" WIDTH="1664" HEIGHT="58">
            <String ID="Word_39909" HPOS="61" VPOS="1649" WIDTH="54" HEIGHT="42" CONTENT="he" />
            <SP ID="SP_35931" HPOS="115" VPOS="1649" WIDTH="26" HEIGHT="0" />
            <String ID="Word_39910" HPOS="141" VPOS="1649" WIDTH="143" HEIGHT="42" CONTENT="would" />
            <SP ID="SP_35932" HPOS="284" VPOS="1649" WIDTH="24" HEIGHT="0" />
            <String ID="Word_39911" HPOS="308" VPOS="1664" WIDTH="76" HEIGHT="42" CONTENT="say" />
            <SP ID="SP_35933" HPOS="384" VPOS="1664" WIDTH="23" HEIGHT="0" />
            <String ID="Word_39912" HPOS="407" VPOS="1664" WIDTH="133" HEIGHT="29" CONTENT="every" />
            <SP ID="SP_35934" HPOS="540" VPOS="1651" WIDTH="23" HEIGHT="0" />
            <String ID="Word_39913" HPOS="563" VPOS="1651" WIDTH="179" HEIGHT="42" CONTENT="instant." />
            <SP ID="SP_35935" HPOS="742" VPOS="1650" WIDTH="66" HEIGHT="0" />
            <String ID="Word_39914" HPOS="808" VPOS="1650" WIDTH="91" HEIGHT="43" CONTENT="But" />
            <SP ID="SP_35936" HPOS="899" VPOS="1650" WIDTH="23" HEIGHT="0" />
            <String ID="Word_39915" HPOS="922" VPOS="1650" WIDTH="125" HEIGHT="43" CONTENT="when" />
            <SP ID="SP_35937" HPOS="1047" VPOS="1650" WIDTH="28" HEIGHT="0" />
            <String ID="Word_39916" HPOS="1075" VPOS="1650" WIDTH="55" HEIGHT="43" CONTENT="he" />
            <SP ID="SP_35938" HPOS="1130" VPOS="1650" WIDTH="24" HEIGHT="0" />
            <String ID="Word_39917" HPOS="1154" VPOS="1665" WIDTH="89" HEIGHT="28" CONTENT="saw" />
            <SP ID="SP_35939" HPOS="1243" VPOS="1650" WIDTH="23" HEIGHT="0" />
            <String ID="Word_39918" HPOS="1266" VPOS="1650" WIDTH="76" HEIGHT="43" CONTENT="the" />
            <SP ID="SP_35940" HPOS="1342" VPOS="1650" WIDTH="23" HEIGHT="0" />
            <String ID="Word_39919" HPOS="1365" VPOS="1651" WIDTH="117" HEIGHT="56" CONTENT="baby" />
            <SP ID="SP_35941" HPOS="1482" VPOS="1651" WIDTH="23" HEIGHT="0" />
            <String ID="Word_39920" HPOS="1505" VPOS="1651" WIDTH="135" HEIGHT="43" CONTENT="taken" />
            <SP ID="SP_35942" HPOS="1640" VPOS="1651" WIDTH="26" HEIGHT="0" />
            <String ID="Word_39921" HPOS="1666" VPOS="1666" WIDTH="59" HEIGHT="41" CONTENT="up" />
          </TextLine>
          <TextLine ID="TextLine_3984" HPOS="60" VPOS="1721" WIDTH="1666" HEIGHT="57">
            <String ID="Word_39922" HPOS="60" VPOS="1735" WIDTH="56" HEIGHT="28" CONTENT="on" />
            <SP ID="SP_35943" HPOS="116" VPOS="1721" WIDTH="33" HEIGHT="0" />
            <String ID="Word_39923" HPOS="149" VPOS="1721" WIDTH="69" HEIGHT="43" CONTENT="his" />
            <SP ID="SP_35944" HPOS="218" VPOS="1721" WIDTH="32" HEIGHT="0" />
            <String ID="Word_39924" HPOS="250" VPOS="1722" WIDTH="204" HEIGHT="43" CONTENT="mother's" />
            <SP ID="SP_35945" HPOS="454" VPOS="1722" WIDTH="34" HEIGHT="0" />
            <String ID="Word_39925" HPOS="488" VPOS="1722" WIDTH="86" HEIGHT="56" CONTENT="lap," />
            <SP ID="SP_35946" HPOS="574" VPOS="1722" WIDTH="22" HEIGHT="0" />
            <String ID="Word_39926" HPOS="596" VPOS="1722" WIDTH="87" HEIGHT="43" CONTENT="and" />
            <SP ID="SP_35947" HPOS="683" VPOS="1722" WIDTH="32" HEIGHT="0" />
            <String ID="Word_39927" HPOS="715" VPOS="1723" WIDTH="141" HEIGHT="42" CONTENT="kisses" />
            <SP ID="SP_35948" HPOS="856" VPOS="1722" WIDTH="23" HEIGHT="0" />
            <String ID="Word_39928" HPOS="879" VPOS="1722" WIDTH="88" HEIGHT="43" CONTENT="and" />
            <SP ID="SP_35949" HPOS="967" VPOS="1722" WIDTH="27" HEIGHT="0" />
            <String ID="Word_39929" HPOS="994" VPOS="1737" WIDTH="204" HEIGHT="29" CONTENT="caresses," />
            <SP ID="SP_35950" HPOS="1198" VPOS="1722" WIDTH="23" HEIGHT="0" />
            <String ID="Word_39930" HPOS="1221" VPOS="1722" WIDTH="88" HEIGHT="43" CONTENT="and" />
            <SP ID="SP_35951" HPOS="1309" VPOS="1722" WIDTH="22" HEIGHT="0" />
            <String ID="Word_39931" HPOS="1331" VPOS="1722" WIDTH="69" HEIGHT="43" CONTENT="his" />
            <SP ID="SP_35952" HPOS="1400" VPOS="1722" WIDTH="25" HEIGHT="0" />
            <String ID="Word_39932" HPOS="1425" VPOS="1723" WIDTH="179" HEIGHT="43" CONTENT="father's" />
            <SP ID="SP_35953" HPOS="1604" VPOS="1723" WIDTH="24" HEIGHT="0" />
            <String ID="Word_39933" HPOS="1628" VPOS="1738" WIDTH="98" HEIGHT="28" CONTENT="care" />
          </TextLine>
          <TextLine ID="TextLine_3985" HPOS="60" VPOS="1794" WIDTH="1665" HEIGHT="57">
            <String ID="Word_39934" HPOS="60" VPOS="1794" WIDTH="84" HEIGHT="41" CONTENT="and" />
            <SP ID="SP_35954" HPOS="144" VPOS="1794" WIDTH="35" HEIGHT="0" />
            <String ID="Word_39935" HPOS="179" VPOS="1794" WIDTH="231" HEIGHT="51" CONTENT="attention," />
            <SP ID="SP_35955" HPOS="410" VPOS="1794" WIDTH="23" HEIGHT="0" />
            <String ID="Word_39936" HPOS="433" VPOS="1795" WIDTH="55" HEIGHT="42" CONTENT="he" />
            <SP ID="SP_35956" HPOS="488" VPOS="1795" WIDTH="34" HEIGHT="0" />
            <String ID="Word_39937" HPOS="522" VPOS="1795" WIDTH="235" HEIGHT="56" CONTENT="expressed" />
            <SP ID="SP_35957" HPOS="757" VPOS="1794" WIDTH="33" HEIGHT="0" />
            <String ID="Word_39938" HPOS="790" VPOS="1794" WIDTH="69" HEIGHT="43" CONTENT="his" />
            <SP ID="SP_35958" HPOS="859" VPOS="1794" WIDTH="30" HEIGHT="0" />
            <String ID="Word_39939" HPOS="889" VPOS="1809" WIDTH="258" HEIGHT="42" CONTENT="annoyance" />
            <SP ID="SP_35959" HPOS="1147" VPOS="1795" WIDTH="23" HEIGHT="0" />
            <String ID="Word_39940" HPOS="1170" VPOS="1795" WIDTH="165" HEIGHT="56" CONTENT="loudly." />
            <SP ID="SP_35960" HPOS="1335" VPOS="1795" WIDTH="65" HEIGHT="0" />
            <String ID="Word_39941" HPOS="1400" VPOS="1795" WIDTH="72" HEIGHT="43" CONTENT="He" />
            <SP ID="SP_35961" HPOS="1472" VPOS="1795" WIDTH="23" HEIGHT="0" />
            <String ID="Word_39942" HPOS="1495" VPOS="1810" WIDTH="112" HEIGHT="29" CONTENT="even" />
            <SP ID="SP_35962" HPOS="1607" VPOS="1797" WIDTH="23" HEIGHT="0" />
            <String ID="Word_39943" HPOS="1630" VPOS="1797" WIDTH="95" HEIGHT="42" CONTENT="said" />
          </TextLine>
          <TextLine ID="TextLine_3986" HPOS="61" VPOS="1866" WIDTH="1663" HEIGHT="52">
            <String ID="Word_39944" HPOS="61" VPOS="1872" WIDTH="44" HEIGHT="37" CONTENT="to" />
            <SP ID="SP_35963" HPOS="105" VPOS="1866" WIDTH="34" HEIGHT="0" />
            <String ID="Word_39945" HPOS="139" VPOS="1866" WIDTH="70" HEIGHT="43" CONTENT="his" />
            <SP ID="SP_35964" HPOS="209" VPOS="1866" WIDTH="38" HEIGHT="0" />
            <String ID="Word_39946" HPOS="247" VPOS="1867" WIDTH="184" HEIGHT="51" CONTENT="mother," />
            <SP ID="SP_35965" HPOS="431" VPOS="1867" WIDTH="32" HEIGHT="0" />
            <String ID="Word_39947" HPOS="463" VPOS="1867" WIDTH="176" HEIGHT="43" CONTENT="'Won't" />
            <SP ID="SP_35966" HPOS="639" VPOS="1867" WIDTH="37" HEIGHT="0" />
            <String ID="Word_39948" HPOS="676" VPOS="1867" WIDTH="117" HEIGHT="43" CONTENT="little" />
            <SP ID="SP_35967" HPOS="793" VPOS="1867" WIDTH="38" HEIGHT="0" />
            <String ID="Word_39949" HPOS="831" VPOS="1868" WIDTH="253" HEIGHT="43" CONTENT="Ferdinand" />
            <SP ID="SP_35968" HPOS="1084" VPOS="1868" WIDTH="39" HEIGHT="0" />
            <String ID="Word_39950" HPOS="1123" VPOS="1882" WIDTH="106" HEIGHT="28" CONTENT="soon" />
            <SP ID="SP_35969" HPOS="1229" VPOS="1867" WIDTH="39" HEIGHT="0" />
            <String ID="Word_39951" HPOS="1268" VPOS="1867" WIDTH="127" HEIGHT="43" CONTENT="die?'" />
            <SP ID="SP_35970" HPOS="1395" VPOS="1867" WIDTH="64" HEIGHT="0" />
            <String ID="Word_39952" HPOS="1459" VPOS="1868" WIDTH="150" HEIGHT="44" CONTENT="When" />
            <SP ID="SP_35971" HPOS="1609" VPOS="1868" WIDTH="39" HEIGHT="0" />
            <String ID="Word_39953" HPOS="1648" VPOS="1869" WIDTH="76" HEIGHT="43" CONTENT="the" />
          </TextLine>
          <TextLine ID="TextLine_3987" HPOS="60" VPOS="1937" WIDTH="1662" HEIGHT="57">
            <String ID="Word_39954" HPOS="60" VPOS="1937" WIDTH="115" HEIGHT="56" CONTENT="baby" />
            <SP ID="SP_35972" HPOS="175" VPOS="1937" WIDTH="25" HEIGHT="0" />
            <String ID="Word_39955" HPOS="200" VPOS="1938" WIDTH="139" HEIGHT="56" CONTENT="began" />
            <SP ID="SP_35973" HPOS="339" VPOS="1938" WIDTH="32" HEIGHT="0" />
            <String ID="Word_39956" HPOS="371" VPOS="1943" WIDTH="45" HEIGHT="38" CONTENT="to" />
            <SP ID="SP_35974" HPOS="416" VPOS="1940" WIDTH="34" HEIGHT="0" />
            <String ID="Word_39957" HPOS="450" VPOS="1940" WIDTH="116" HEIGHT="41" CONTENT="walk" />
            <SP ID="SP_35975" HPOS="566" VPOS="1939" WIDTH="34" HEIGHT="0" />
            <String ID="Word_39958" HPOS="600" VPOS="1939" WIDTH="86" HEIGHT="43" CONTENT="and" />
            <SP ID="SP_35976" HPOS="686" VPOS="1939" WIDTH="33" HEIGHT="0" />
            <String ID="Word_39959" HPOS="719" VPOS="1940" WIDTH="107" HEIGHT="52" CONTENT="talk," />
            <SP ID="SP_35977" HPOS="826" VPOS="1939" WIDTH="23" HEIGHT="0" />
            <String ID="Word_39960" HPOS="849" VPOS="1939" WIDTH="76" HEIGHT="44" CONTENT="the" />
            <SP ID="SP_35978" HPOS="925" VPOS="1939" WIDTH="33" HEIGHT="0" />
            <String ID="Word_39961" HPOS="958" VPOS="1940" WIDTH="119" HEIGHT="43" CONTENT="elder" />
            <SP ID="SP_35979" HPOS="1077" VPOS="1940" WIDTH="23" HEIGHT="0" />
            <String ID="Word_39962" HPOS="1100" VPOS="1941" WIDTH="120" HEIGHT="42" CONTENT="child" />
            <SP ID="SP_35980" HPOS="1220" VPOS="1940" WIDTH="24" HEIGHT="0" />
            <String ID="Word_39963" HPOS="1244" VPOS="1940" WIDTH="146" HEIGHT="43" CONTENT="would" />
            <SP ID="SP_35981" HPOS="1390" VPOS="1940" WIDTH="25" HEIGHT="0" />
            <String ID="Word_39964" HPOS="1415" VPOS="1946" WIDTH="192" HEIGHT="38" CONTENT="torment" />
            <SP ID="SP_35982" HPOS="1607" VPOS="1943" WIDTH="22" HEIGHT="0" />
            <String ID="Word_39965" HPOS="1629" VPOS="1943" WIDTH="93" HEIGHT="42" CONTENT="him" />
          </TextLine>
          <TextLine ID="TextLine_3988" HPOS="57" VPOS="2010" WIDTH="1667" HEIGHT="60">
            <String ID="Word_39966" HPOS="57" VPOS="2011" WIDTH="47" HEIGHT="42" CONTENT="in" />
            <SP ID="SP_35983" HPOS="104" VPOS="2010" WIDTH="36" HEIGHT="0" />
            <String ID="Word_39967" HPOS="140" VPOS="2010" WIDTH="222" HEIGHT="43" CONTENT="hundreds" />
            <SP ID="SP_35984" HPOS="362" VPOS="2010" WIDTH="39" HEIGHT="0" />
            <String ID="Word_39968" HPOS="401" VPOS="2012" WIDTH="47" HEIGHT="41" CONTENT="of" />
            <SP ID="SP_35985" HPOS="448" VPOS="2011" WIDTH="32" HEIGHT="0" />
            <String ID="Word_39969" HPOS="480" VPOS="2011" WIDTH="198" HEIGHT="57" CONTENT="naughty" />
            <SP ID="SP_35986" HPOS="678" VPOS="2011" WIDTH="24" HEIGHT="0" />
            <String ID="Word_39970" HPOS="702" VPOS="2026" WIDTH="142" HEIGHT="42" CONTENT="ways;" />
            <SP ID="SP_35987" HPOS="844" VPOS="2013" WIDTH="38" HEIGHT="0" />
            <String ID="Word_39971" HPOS="882" VPOS="2013" WIDTH="180" HEIGHT="56" CONTENT="beating" />
            <SP ID="SP_35988" HPOS="1062" VPOS="2011" WIDTH="22" HEIGHT="0" />
            <String ID="Word_39972" HPOS="1084" VPOS="2011" WIDTH="106" HEIGHT="54" CONTENT="him," />
            <SP ID="SP_35989" HPOS="1190" VPOS="2011" WIDTH="23" HEIGHT="0" />
            <String ID="Word_39973" HPOS="1213" VPOS="2013" WIDTH="212" HEIGHT="57" CONTENT="dragging" />
            <SP ID="SP_35990" HPOS="1425" VPOS="2013" WIDTH="22" HEIGHT="0" />
            <String ID="Word_39974" HPOS="1447" VPOS="2013" WIDTH="94" HEIGHT="43" CONTENT="him" />
            <SP ID="SP_35991" HPOS="1541" VPOS="2013" WIDTH="33" HEIGHT="0" />
            <String ID="Word_39975" HPOS="1574" VPOS="2020" WIDTH="78" HEIGHT="37" CONTENT="out" />
            <SP ID="SP_35992" HPOS="1652" VPOS="2017" WIDTH="26" HEIGHT="0" />
            <String ID="Word_39976" HPOS="1678" VPOS="2017" WIDTH="46" HEIGHT="41" CONTENT="of" />
          </TextLine>
          <TextLine ID="TextLine_3989" HPOS="59" VPOS="2082" WIDTH="1664" HEIGHT="63">
            <String ID="Word_39977" HPOS="59" VPOS="2083" WIDTH="69" HEIGHT="42" CONTENT="his" />
            <SP ID="SP_35993" HPOS="128" VPOS="2082" WIDTH="36" HEIGHT="0" />
            <String ID="Word_39978" HPOS="164" VPOS="2082" WIDTH="119" HEIGHT="43" CONTENT="chair" />
            <SP ID="SP_35994" HPOS="283" VPOS="2082" WIDTH="33" HEIGHT="0" />
            <String ID="Word_39979" HPOS="316" VPOS="2082" WIDTH="47" HEIGHT="42" CONTENT="in" />
            <SP ID="SP_35995" HPOS="363" VPOS="2082" WIDTH="36" HEIGHT="0" />
            <String ID="Word_39980" HPOS="399" VPOS="2083" WIDTH="126" HEIGHT="43" CONTENT="order" />
            <SP ID="SP_35996" HPOS="525" VPOS="2083" WIDTH="35" HEIGHT="0" />
            <String ID="Word_39981" HPOS="560" VPOS="2092" WIDTH="43" HEIGHT="34" CONTENT="to" />
            <SP ID="SP_35997" HPOS="603" VPOS="2085" WIDTH="38" HEIGHT="0" />
            <String ID="Word_39982" HPOS="641" VPOS="2085" WIDTH="103" HEIGHT="42" CONTENT="take" />
            <SP ID="SP_35998" HPOS="744" VPOS="2084" WIDTH="33" HEIGHT="0" />
            <String ID="Word_39983" HPOS="777" VPOS="2084" WIDTH="71" HEIGHT="43" CONTENT="his" />
            <SP ID="SP_35999" HPOS="848" VPOS="2084" WIDTH="26" HEIGHT="0" />
            <String ID="Word_39984" HPOS="874" VPOS="2084" WIDTH="137" HEIGHT="56" CONTENT="place," />
            <SP ID="SP_36000" HPOS="1011" VPOS="2084" WIDTH="23" HEIGHT="0" />
            <String ID="Word_39985" HPOS="1034" VPOS="2085" WIDTH="211" HEIGHT="42" CONTENT="shouting" />
            <SP ID="SP_36001" HPOS="1245" VPOS="2085" WIDTH="22" HEIGHT="0" />
            <String ID="Word_39986" HPOS="1267" VPOS="2086" WIDTH="46" HEIGHT="41" CONTENT="in" />
            <SP ID="SP_36002" HPOS="1313" VPOS="2085" WIDTH="23" HEIGHT="0" />
            <String ID="Word_39987" HPOS="1336" VPOS="2085" WIDTH="69" HEIGHT="43" CONTENT="his" />
            <SP ID="SP_36003" HPOS="1405" VPOS="2085" WIDTH="24" HEIGHT="0" />
            <String ID="Word_39988" HPOS="1429" VPOS="2101" WIDTH="106" HEIGHT="38" CONTENT="ears," />
            <SP ID="SP_36004" HPOS="1535" VPOS="2087" WIDTH="23" HEIGHT="0" />
            <String ID="Word_39989" HPOS="1558" VPOS="2087" WIDTH="165" HEIGHT="58" CONTENT="calling" />
          </TextLine>
          <TextLine ID="TextLine_3990" HPOS="58" VPOS="2154" WIDTH="1663" HEIGHT="62">
            <String ID="Word_39990" HPOS="58" VPOS="2155" WIDTH="94" HEIGHT="42" CONTENT="him" />
            <SP ID="SP_36005" HPOS="152" VPOS="2154" WIDTH="34" HEIGHT="0" />
            <String ID="Word_39991" HPOS="186" VPOS="2154" WIDTH="198" HEIGHT="56" CONTENT="naughty" />
            <SP ID="SP_36006" HPOS="384" VPOS="2154" WIDTH="24" HEIGHT="0" />
            <String ID="Word_39992" HPOS="408" VPOS="2155" WIDTH="86" HEIGHT="43" CONTENT="and" />
            <SP ID="SP_36007" HPOS="494" VPOS="2155" WIDTH="32" HEIGHT="0" />
            <String ID="Word_39993" HPOS="526" VPOS="2156" WIDTH="119" HEIGHT="56" CONTENT="ugly," />
            <SP ID="SP_36008" HPOS="645" VPOS="2156" WIDTH="22" HEIGHT="0" />
            <String ID="Word_39994" HPOS="667" VPOS="2156" WIDTH="155" HEIGHT="56" CONTENT="taking" />
            <SP ID="SP_36009" HPOS="822" VPOS="2156" WIDTH="33" HEIGHT="0" />
            <String ID="Word_39995" HPOS="855" VPOS="2171" WIDTH="124" HEIGHT="42" CONTENT="away" />
            <SP ID="SP_36010" HPOS="979" VPOS="2157" WIDTH="22" HEIGHT="0" />
            <String ID="Word_39996" HPOS="1001" VPOS="2157" WIDTH="69" HEIGHT="43" CONTENT="his" />
            <SP ID="SP_36011" HPOS="1070" VPOS="2157" WIDTH="34" HEIGHT="0" />
            <String ID="Word_39997" HPOS="1104" VPOS="2162" WIDTH="111" HEIGHT="51" CONTENT="toys," />
            <SP ID="SP_36012" HPOS="1215" VPOS="2157" WIDTH="23" HEIGHT="0" />
            <String ID="Word_39998" HPOS="1238" VPOS="2157" WIDTH="87" HEIGHT="43" CONTENT="and" />
            <SP ID="SP_36013" HPOS="1325" VPOS="2157" WIDTH="32" HEIGHT="0" />
            <String ID="Word_39999" HPOS="1357" VPOS="2158" WIDTH="263" HEIGHT="58" CONTENT="mimicking" />
            <SP ID="SP_36014" HPOS="1620" VPOS="2158" WIDTH="33" HEIGHT="0" />
            <String ID="Word_40000" HPOS="1653" VPOS="2160" WIDTH="68" HEIGHT="43" CONTENT="his" />
          </TextLine>
          <TextLine ID="TextLine_3991" HPOS="58" VPOS="2231" WIDTH="723" HEIGHT="60">
            <String ID="Word_40001" HPOS="58" VPOS="2247" WIDTH="96" HEIGHT="41" CONTENT="way" />
            <SP ID="SP_36015" HPOS="154" VPOS="2232" WIDTH="23" HEIGHT="0" />
            <String ID="Word_40002" HPOS="177" VPOS="2232" WIDTH="48" HEIGHT="43" CONTENT="of" />
            <SP ID="SP_36016" HPOS="225" VPOS="2231" WIDTH="18" HEIGHT="0" />
            <String ID="Word_40003" HPOS="243" VPOS="2231" WIDTH="172" HEIGHT="58" CONTENT="talking" />
            <SP ID="SP_36017" HPOS="415" VPOS="2231" WIDTH="22" HEIGHT="0" />
            <String ID="Word_40004" HPOS="437" VPOS="2234" WIDTH="84" HEIGHT="42" CONTENT="and" />
            <SP ID="SP_36018" HPOS="521" VPOS="2232" WIDTH="26" HEIGHT="0" />
            <String ID="Word_40005" HPOS="547" VPOS="2232" WIDTH="234" HEIGHT="45" CONTENT="walking.&quot;" />
          </TextLine>
          <TextLine ID="TextLine_3992" HPOS="376" VPOS="2410" WIDTH="1026" HEIGHT="59">
            <String ID="Word_40006" HPOS="376" VPOS="2410" WIDTH="252" HEIGHT="42" CONTENT="Automatic" />
            <SP ID="SP_36019" HPOS="628" VPOS="2410" WIDTH="23" HEIGHT="0" />
            <String ID="Word_40007" HPOS="651" VPOS="2410" WIDTH="213" HEIGHT="42" CONTENT="Exercises" />
            <SP ID="SP_36020" HPOS="864" VPOS="2410" WIDTH="22" HEIGHT="0" />
            <String ID="Word_40008" HPOS="886" VPOS="2411" WIDTH="51" HEIGHT="55" CONTENT="of" />
            <SP ID="SP_36021" HPOS="937" VPOS="2411" WIDTH="16" HEIGHT="0" />
            <String ID="Word_40009" HPOS="953" VPOS="2411" WIDTH="65" HEIGHT="42" CONTENT="the" />
            <SP ID="SP_36022" HPOS="1018" VPOS="2410" WIDTH="22" HEIGHT="0" />
            <String ID="Word_40010" HPOS="1040" VPOS="2410" WIDTH="152" HEIGHT="58" CONTENT="Speech" />
            <SP ID="SP_36023" HPOS="1192" VPOS="2410" WIDTH="32" HEIGHT="0" />
            <String ID="Word_40011" HPOS="1224" VPOS="2410" WIDTH="178" HEIGHT="59" CONTENT="Organs." />
          </TextLine>
          <TextLine ID="TextLine_3993" HPOS="114" VPOS="2542" WIDTH="1604" HEIGHT="62">
            <String ID="Word_40012" HPOS="114" VPOS="2544" WIDTH="52" HEIGHT="42" CONTENT="A." />
            <SP ID="SP_36024" HPOS="166" VPOS="2544" WIDTH="56" HEIGHT="0" />
            <String ID="Word_40013" HPOS="222" VPOS="2544" WIDTH="246" HEIGHT="42" CONTENT="Babbling." />
            <SP ID="SP_36025" HPOS="468" VPOS="2544" WIDTH="19" HEIGHT="0" />
            <String ID="Word_40014" HPOS="487" VPOS="2568" WIDTH="57" HEIGHT="5" CONTENT="—" />
            <SP ID="SP_36026" HPOS="544" VPOS="2542" WIDTH="15" HEIGHT="0" />
            <String ID="Word_40015" HPOS="559" VPOS="2542" WIDTH="106" HEIGHT="43" CONTENT="This" />
            <SP ID="SP_36027" HPOS="665" VPOS="2542" WIDTH="47" HEIGHT="0" />
            <String ID="Word_40016" HPOS="712" VPOS="2543" WIDTH="37" HEIGHT="43" CONTENT="is" />
            <SP ID="SP_36028" HPOS="749" VPOS="2543" WIDTH="54" HEIGHT="0" />
            <String ID="Word_40017" HPOS="803" VPOS="2558" WIDTH="25" HEIGHT="28" CONTENT="a" />
            <SP ID="SP_36029" HPOS="828" VPOS="2548" WIDTH="62" HEIGHT="0" />
            <String ID="Word_40018" HPOS="890" VPOS="2548" WIDTH="116" HEIGHT="39" CONTENT="most" />
            <SP ID="SP_36030" HPOS="1006" VPOS="2545" WIDTH="64" HEIGHT="0" />
            <String ID="Word_40019" HPOS="1070" VPOS="2545" WIDTH="265" HEIGHT="58" CONTENT="interesting" />
            <SP ID="SP_36031" HPOS="1335" VPOS="2545" WIDTH="58" HEIGHT="0" />
            <String ID="Word_40020" HPOS="1393" VPOS="2548" WIDTH="325" HEIGHT="56" CONTENT="phenomenon," />
          </TextLine>
          <TextLine ID="TextLine_3994" HPOS="53" VPOS="2614" WIDTH="1665" HEIGHT="63">
            <String ID="Word_40021" HPOS="53" VPOS="2615" WIDTH="224" HEIGHT="44" CONTENT="exhibited" />
            <SP ID="SP_36032" HPOS="277" VPOS="2615" WIDTH="38" HEIGHT="0" />
            <String ID="Word_40022" HPOS="315" VPOS="2616" WIDTH="58" HEIGHT="56" CONTENT="by" />
            <SP ID="SP_36033" HPOS="373" VPOS="2615" WIDTH="23" HEIGHT="0" />
            <String ID="Word_40023" HPOS="396" VPOS="2615" WIDTH="59" HEIGHT="43" CONTENT="all" />
            <SP ID="SP_36034" HPOS="455" VPOS="2614" WIDTH="35" HEIGHT="0" />
            <String ID="Word_40024" HPOS="490" VPOS="2614" WIDTH="184" HEIGHT="57" CONTENT="healthy" />
            <SP ID="SP_36035" HPOS="674" VPOS="2614" WIDTH="23" HEIGHT="0" />
            <String ID="Word_40025" HPOS="697" VPOS="2615" WIDTH="199" HEIGHT="44" CONTENT="children" />
            <SP ID="SP_36036" HPOS="896" VPOS="2615" WIDTH="35" HEIGHT="0" />
            <String ID="Word_40026" HPOS="931" VPOS="2617" WIDTH="112" HEIGHT="42" CONTENT="from" />
            <SP ID="SP_36037" HPOS="1043" VPOS="2617" WIDTH="37" HEIGHT="0" />
            <String ID="Word_40027" HPOS="1080" VPOS="2632" WIDTH="25" HEIGHT="28" CONTENT="a" />
            <SP ID="SP_36038" HPOS="1105" VPOS="2631" WIDTH="34" HEIGHT="0" />
            <String ID="Word_40028" HPOS="1139" VPOS="2633" WIDTH="109" HEIGHT="41" CONTENT="very" />
            <SP ID="SP_36039" HPOS="1248" VPOS="2619" WIDTH="38" HEIGHT="0" />
            <String ID="Word_40029" HPOS="1286" VPOS="2619" WIDTH="121" HEIGHT="57" CONTENT="early" />
            <SP ID="SP_36040" HPOS="1407" VPOS="2619" WIDTH="36" HEIGHT="0" />
            <String ID="Word_40030" HPOS="1443" VPOS="2634" WIDTH="88" HEIGHT="43" CONTENT="age." />
            <SP ID="SP_36041" HPOS="1531" VPOS="2621" WIDTH="66" HEIGHT="0" />
            <String ID="Word_40031" HPOS="1597" VPOS="2621" WIDTH="45" HEIGHT="42" CONTENT="It" />
            <SP ID="SP_36042" HPOS="1642" VPOS="2621" WIDTH="37" HEIGHT="0" />
            <String ID="Word_40032" HPOS="1679" VPOS="2622" WIDTH="39" HEIGHT="41" CONTENT="is" />
          </TextLine>
          <TextLine ID="TextLine_3995" HPOS="53" VPOS="2687" WIDTH="1665" HEIGHT="54">
            <String ID="Word_40033" HPOS="53" VPOS="2687" WIDTH="75" HEIGHT="43" CONTENT="the" />
            <SP ID="SP_36043" HPOS="128" VPOS="2687" WIDTH="33" HEIGHT="0" />
            <String ID="Word_40034" HPOS="161" VPOS="2688" WIDTH="257" HEIGHT="42" CONTENT="Automatic" />
            <SP ID="SP_36044" HPOS="418" VPOS="2687" WIDTH="32" HEIGHT="0" />
            <String ID="Word_40035" HPOS="450" VPOS="2687" WIDTH="87" HEIGHT="43" CONTENT="and" />
            <SP ID="SP_36045" HPOS="537" VPOS="2687" WIDTH="34" HEIGHT="0" />
            <String ID="Word_40036" HPOS="571" VPOS="2688" WIDTH="305" HEIGHT="44" CONTENT="Unconscious" />
            <SP ID="SP_36046" HPOS="876" VPOS="2688" WIDTH="24" HEIGHT="0" />
            <String ID="Word_40037" HPOS="900" VPOS="2689" WIDTH="207" HEIGHT="44" CONTENT="Exercise" />
            <SP ID="SP_36047" HPOS="1107" VPOS="2689" WIDTH="29" HEIGHT="0" />
            <String ID="Word_40038" HPOS="1136" VPOS="2691" WIDTH="47" HEIGHT="42" CONTENT="of" />
            <SP ID="SP_36048" HPOS="1183" VPOS="2691" WIDTH="28" HEIGHT="0" />
            <String ID="Word_40039" HPOS="1211" VPOS="2691" WIDTH="76" HEIGHT="44" CONTENT="the" />
            <SP ID="SP_36049" HPOS="1287" VPOS="2691" WIDTH="24" HEIGHT="0" />
            <String ID="Word_40040" HPOS="1311" VPOS="2706" WIDTH="168" HEIGHT="35" CONTENT="organs," />
            <SP ID="SP_36050" HPOS="1479" VPOS="2693" WIDTH="25" HEIGHT="0" />
            <String ID="Word_40041" HPOS="1504" VPOS="2693" WIDTH="145" HEIGHT="43" CONTENT="which" />
            <SP ID="SP_36051" HPOS="1649" VPOS="2693" WIDTH="23" HEIGHT="0" />
            <String ID="Word_40042" HPOS="1672" VPOS="2699" WIDTH="46" HEIGHT="37" CONTENT="at" />
          </TextLine>
          <TextLine ID="TextLine_3996" HPOS="52" VPOS="2759" WIDTH="1664" HEIGHT="59">
            <String ID="Word_40043" HPOS="52" VPOS="2774" WIDTH="25" HEIGHT="29" CONTENT="a" />
            <SP ID="SP_36052" HPOS="77" VPOS="2761" WIDTH="23" HEIGHT="0" />
            <String ID="Word_40044" HPOS="100" VPOS="2761" WIDTH="146" HEIGHT="42" CONTENT="future" />
            <SP ID="SP_36053" HPOS="246" VPOS="2760" WIDTH="24" HEIGHT="0" />
            <String ID="Word_40045" HPOS="270" VPOS="2760" WIDTH="107" HEIGHT="43" CONTENT="time" />
            <SP ID="SP_36054" HPOS="377" VPOS="2760" WIDTH="24" HEIGHT="0" />
            <String ID="Word_40046" HPOS="401" VPOS="2760" WIDTH="90" HEIGHT="42" CONTENT="will" />
            <SP ID="SP_36055" HPOS="491" VPOS="2760" WIDTH="19" HEIGHT="0" />
            <String ID="Word_40047" HPOS="510" VPOS="2761" WIDTH="176" HEIGHT="42" CONTENT="become" />
            <SP ID="SP_36056" HPOS="686" VPOS="2759" WIDTH="23" HEIGHT="0" />
            <String ID="Word_40048" HPOS="709" VPOS="2759" WIDTH="75" HEIGHT="44" CONTENT="the" />
            <SP ID="SP_36057" HPOS="784" VPOS="2759" WIDTH="20" HEIGHT="0" />
            <String ID="Word_40049" HPOS="804" VPOS="2766" WIDTH="153" HEIGHT="51" CONTENT="agents" />
            <SP ID="SP_36058" HPOS="957" VPOS="2762" WIDTH="18" HEIGHT="0" />
            <String ID="Word_40050" HPOS="975" VPOS="2762" WIDTH="47" HEIGHT="42" CONTENT="of" />
            <SP ID="SP_36059" HPOS="1022" VPOS="2762" WIDTH="21" HEIGHT="0" />
            <String ID="Word_40051" HPOS="1043" VPOS="2762" WIDTH="178" HEIGHT="56" CONTENT="Speech." />
            <SP ID="SP_36060" HPOS="1221" VPOS="2762" WIDTH="65" HEIGHT="0" />
            <String ID="Word_40052" HPOS="1286" VPOS="2764" WIDTH="108" HEIGHT="43" CONTENT="Just" />
            <SP ID="SP_36061" HPOS="1394" VPOS="2764" WIDTH="22" HEIGHT="0" />
            <String ID="Word_40053" HPOS="1416" VPOS="2779" WIDTH="47" HEIGHT="29" CONTENT="as" />
            <SP ID="SP_36062" HPOS="1463" VPOS="2765" WIDTH="22" HEIGHT="0" />
            <String ID="Word_40054" HPOS="1485" VPOS="2765" WIDTH="77" HEIGHT="43" CONTENT="the" />
            <SP ID="SP_36063" HPOS="1562" VPOS="2765" WIDTH="22" HEIGHT="0" />
            <String ID="Word_40055" HPOS="1584" VPOS="2766" WIDTH="132" HEIGHT="52" CONTENT="child," />
          </TextLine>
          <TextLine ID="TextLine_3997" HPOS="51" VPOS="2831" WIDTH="1663" HEIGHT="62">
            <String ID="Word_40056" HPOS="51" VPOS="2831" WIDTH="145" HEIGHT="44" CONTENT="before" />
            <SP ID="SP_36064" HPOS="196" VPOS="2831" WIDTH="42" HEIGHT="0" />
            <String ID="Word_40057" HPOS="238" VPOS="2831" WIDTH="56" HEIGHT="44" CONTENT="he" />
            <SP ID="SP_36065" HPOS="294" VPOS="2831" WIDTH="43" HEIGHT="0" />
            <String ID="Word_40058" HPOS="337" VPOS="2846" WIDTH="79" HEIGHT="29" CONTENT="can" />
            <SP ID="SP_36066" HPOS="416" VPOS="2831" WIDTH="45" HEIGHT="0" />
            <String ID="Word_40059" HPOS="461" VPOS="2831" WIDTH="128" HEIGHT="52" CONTENT="walk," />
            <SP ID="SP_36067" HPOS="589" VPOS="2831" WIDTH="38" HEIGHT="0" />
            <String ID="Word_40060" HPOS="627" VPOS="2837" WIDTH="120" HEIGHT="38" CONTENT="must" />
            <SP ID="SP_36068" HPOS="747" VPOS="2832" WIDTH="41" HEIGHT="0" />
            <String ID="Word_40061" HPOS="788" VPOS="2832" WIDTH="194" HEIGHT="43" CONTENT="exercise" />
            <SP ID="SP_36069" HPOS="982" VPOS="2832" WIDTH="42" HEIGHT="0" />
            <String ID="Word_40062" HPOS="1024" VPOS="2833" WIDTH="70" HEIGHT="43" CONTENT="his" />
            <SP ID="SP_36070" HPOS="1094" VPOS="2833" WIDTH="43" HEIGHT="0" />
            <String ID="Word_40063" HPOS="1137" VPOS="2834" WIDTH="133" HEIGHT="43" CONTENT="limbs" />
            <SP ID="SP_36071" HPOS="1270" VPOS="2834" WIDTH="42" HEIGHT="0" />
            <String ID="Word_40064" HPOS="1312" VPOS="2835" WIDTH="47" HEIGHT="42" CONTENT="in" />
            <SP ID="SP_36072" HPOS="1359" VPOS="2835" WIDTH="44" HEIGHT="0" />
            <String ID="Word_40065" HPOS="1403" VPOS="2836" WIDTH="184" HEIGHT="57" CONTENT="kicking" />
            <SP ID="SP_36073" HPOS="1587" VPOS="2836" WIDTH="42" HEIGHT="0" />
            <String ID="Word_40066" HPOS="1629" VPOS="2837" WIDTH="85" HEIGHT="43" CONTENT="and" />
          </TextLine>
          <TextLine ID="TextLine_3998" HPOS="52" VPOS="2903" WIDTH="1664" HEIGHT="59">
            <String ID="Word_40067" HPOS="52" VPOS="2903" WIDTH="248" HEIGHT="56" CONTENT="sprawling," />
            <SP ID="SP_36074" HPOS="300" VPOS="2903" WIDTH="21" HEIGHT="0" />
            <String ID="Word_40068" HPOS="321" VPOS="2918" WIDTH="60" HEIGHT="38" CONTENT="so," />
            <SP ID="SP_36075" HPOS="381" VPOS="2904" WIDTH="22" HEIGHT="0" />
            <String ID="Word_40069" HPOS="403" VPOS="2904" WIDTH="148" HEIGHT="43" CONTENT="before" />
            <SP ID="SP_36076" HPOS="551" VPOS="2903" WIDTH="22" HEIGHT="0" />
            <String ID="Word_40070" HPOS="573" VPOS="2903" WIDTH="54" HEIGHT="43" CONTENT="he" />
            <SP ID="SP_36077" HPOS="627" VPOS="2903" WIDTH="24" HEIGHT="0" />
            <String ID="Word_40071" HPOS="651" VPOS="2918" WIDTH="79" HEIGHT="28" CONTENT="can" />
            <SP ID="SP_36078" HPOS="730" VPOS="2918" WIDTH="35" HEIGHT="0" />
            <String ID="Word_40072" HPOS="765" VPOS="2919" WIDTH="110" HEIGHT="28" CONTENT="even" />
            <SP ID="SP_36079" HPOS="875" VPOS="2904" WIDTH="25" HEIGHT="0" />
            <String ID="Word_40073" HPOS="900" VPOS="2904" WIDTH="129" HEIGHT="44" CONTENT="begin" />
            <SP ID="SP_36080" HPOS="1029" VPOS="2904" WIDTH="25" HEIGHT="0" />
            <String ID="Word_40074" HPOS="1054" VPOS="2910" WIDTH="44" HEIGHT="38" CONTENT="to" />
            <SP ID="SP_36081" HPOS="1098" VPOS="2907" WIDTH="24" HEIGHT="0" />
            <String ID="Word_40075" HPOS="1122" VPOS="2907" WIDTH="147" HEIGHT="55" CONTENT="speak," />
            <SP ID="SP_36082" HPOS="1269" VPOS="2906" WIDTH="23" HEIGHT="0" />
            <String ID="Word_40076" HPOS="1292" VPOS="2906" WIDTH="55" HEIGHT="43" CONTENT="he" />
            <SP ID="SP_36083" HPOS="1347" VPOS="2906" WIDTH="34" HEIGHT="0" />
            <String ID="Word_40077" HPOS="1381" VPOS="2913" WIDTH="120" HEIGHT="37" CONTENT="must" />
            <SP ID="SP_36084" HPOS="1501" VPOS="2909" WIDTH="22" HEIGHT="0" />
            <String ID="Word_40078" HPOS="1523" VPOS="2919" WIDTH="193" HEIGHT="33" CONTENT="exercise" />
          </TextLine>
          <TextLine ID="TextLine_3999" HPOS="639" VPOS="3023" WIDTH="459" HEIGHT="49">
            <String ID="Word_40079" HPOS="639" VPOS="3024" WIDTH="10" HEIGHT="22" CONTENT="1" />
            <SP ID="SP_36085" HPOS="649" VPOS="3024" WIDTH="31" HEIGHT="0" />
            <String ID="Word_40080" HPOS="680" VPOS="3024" WIDTH="61" HEIGHT="47" CONTENT="Op." />
            <SP ID="SP_36086" HPOS="741" VPOS="3023" WIDTH="21" HEIGHT="0" />
            <String ID="Word_40081" HPOS="762" VPOS="3023" WIDTH="71" HEIGHT="47" CONTENT="cit.," />
            <SP ID="SP_36087" HPOS="833" VPOS="3023" WIDTH="19" HEIGHT="0" />
            <String ID="Word_40082" HPOS="852" VPOS="3036" WIDTH="34" HEIGHT="36" CONTENT="p." />
            <SP ID="SP_36088" HPOS="886" VPOS="3024" WIDTH="23" HEIGHT="0" />
            <String ID="Word_40083" HPOS="909" VPOS="3024" WIDTH="58" HEIGHT="37" CONTENT="71," />
            <SP ID="SP_36089" HPOS="967" VPOS="3024" WIDTH="19" HEIGHT="0" />
            <String ID="Word_40084" HPOS="986" VPOS="3028" WIDTH="31" HEIGHT="32" CONTENT="et" />
            <SP ID="SP_36090" HPOS="1017" VPOS="3028" WIDTH="18" HEIGHT="0" />
            <String ID="Word_40085" HPOS="1035" VPOS="3037" WIDTH="63" HEIGHT="34" CONTENT="seq." />
          </TextLine>
          <TextLine ID="TextLine_4000" HPOS="1504" VPOS="3088" WIDTH="26" HEIGHT="29">
            <String ID="Word_40086" HPOS="1504" VPOS="3088" WIDTH="26" HEIGHT="29" CONTENT="N" />
          </TextLine>
        </TextBlock>
      </PrintSpace>
    </Page>
  </Layout>
</alto>
