2107 3450
603 328 167 31 SPEECH
804 327 46 31 IN
886 326 244 34 DEMENTIA.

1614 313 84 45 217

44 457 129 42 being
216 455 103 43 then
362 450 280 59 pronounced
690 455 104 36 with
849 448 328 42 unmistakable
1231 447 301 42 distinctness.
1607 446 90 42 The

44 541 255 29 monologue
313 526 45 41 in
376 524 87 43 this
481 537 97 29 case
597 523 77 41 has
692 522 104 42 thus
811 519 291 44 degenerated
1123 525 42 36 to
1185 534 24 26 a
1227 532 121 42 stage
1368 518 159 42 almost
1549 532 46 28 as
1614 518 84 42 low

42 614 46 28 as
114 600 36 41 it
172 600 36 41 is
231 596 189 58 possible
447 596 63 41 for
533 596 36 41 it
593 600 42 37 to
659 593 251 44 reach,—to
933 606 24 28 a
990 605 121 42 stage
1135 591 65 42 far
1222 590 145 52 lower,
1391 590 66 41 for
1480 603 217 40 example,

44 672 106 42 than
194 671 73 41 the
310 668 135 55 really
487 666 160 52 verbal,
686 665 167 57 though
898 663 308 57 meaningless,
1243 662 262 56 monologue
1550 662 45 41 of
1635 662 66 41 Dr

42 741 278 44 Robertson's
343 754 96 28 case
463 739 44 42 of
529 737 138 44 senile
690 737 226 43 dementia
934 735 178 56 already
1133 734 174 57 quoted.
1373 734 91 42 The
1485 732 216 44 emotions

42 815 45 41 of
108 815 89 42 this
220 813 170 57 patient
412 826 72 28 are
505 824 121 43 gone.
692 810 87 43 She
801 824 136 28 never
958 822 144 30 shows
1120 807 204 44 affection
1344 806 87 43 and
1448 820 136 29 never
1605 819 96 43 gets

42 901 148 42 angry.
256 883 317 56 Occasionally,
595 882 172 43 instead
791 882 47 42 of
868 881 191 43 rubbing
1086 895 82 28 one
1201 879 120 43 hand
1355 894 117 42 upon
1505 878 198 52 another,

42 959 76 42 she
142 958 104 42 tries
268 962 45 37 to
336 961 93 38 tear
452 955 77 42 her
547 955 146 42 dress;
715 954 79 43 but
811 954 79 42 her
912 954 120 42 dress
1055 953 37 43 is
1115 966 98 29 now
1238 952 44 43 of
1305 952 107 43 such
1436 950 203 44 material
1655 964 48 29 as

43 1037 44 36 to
109 1034 127 39 resist
260 1029 178 43 tearing.
502 1026 81 45 She
603 1027 117 43 sings
739 1028 102 42 well.
905 1026 66 43 As
997 1026 36 42 it
1066 1026 36 43 is
1135 1025 225 57 generally
1385 1025 47 41 in
1455 1024 75 43 the
1553 1024 149 56 night-

43 1103 107 43 time
174 1107 97 38 that
293 1101 77 43 she
392 1102 132 55 sings,
548 1101 22 41 I
594 1100 75 42 did
703 1104 77 38 not
811 1099 106 43 hear
949 1099 101 53 her;
1088 1097 169 57 though
1289 1097 76 43 the
1389 1111 132 28 nurse
1546 1096 156 57 kindly

45 1175 112 43 tried
182 1181 42 37 to
254 1174 143 43 entice
431 1173 77 42 her
531 1178 44 37 to
608 1173 110 56 sing,
741 1172 59 56 by
822 1172 175 56 singing
1031 1176 43 37 to
1109 1171 75 42 her
1222 1170 78 42 her
1332 1169 218 43 favourite
1583 1183 121 29 song.

44 1247 90 43 The
157 1261 107 29 song
286 1247 37 41 is
346 1251 22 15 "
383 1243 154 45 Love's
559 1244 160 57 golden
742 1244 147 42 dream
914 1244 37 42 is
976 1243 134 56 past,"
1146 1242 156 52 which,
1324 1242 75 42 the
1423 1256 133 28 nurse
1590 1255 113 38 says,

44 1319 78 43 she
145 1319 119 43 sings
287 1319 47 41 in
357 1317 167 57 perfect
547 1322 117 37 tune,
689 1316 86 42 and
799 1316 107 42 with
940 1321 165 50 perfect
1137 1314 295 43 articulation.
1496 1314 138 42 There
1667 1315 38 41 is

43 1392 237 56 positively
305 1406 55 28 no
383 1391 125 43 other
534 1404 96 28 way
654 1390 47 41 in
738 1389 143 42 which
916 1389 75 41 the
1024 1387 206 57 patient's
1269 1388 223 42 attention
1531 1402 81 27 can
1651 1387 54 42 be

44 1464 192 43 aroused.
302 1463 85 43 She
421 1477 135 28 never
592 1475 108 42 pays
734 1461 218 42 attention
989 1465 43 37 to
1065 1460 219 56 anything
1316 1459 101 51 else,
1450 1459 88 42 and
1570 1473 136 28 never

41 1536 159 43 replies
223 1550 110 28 even
356 1540 44 38 to
424 1534 74 42 the
521 1533 203 56 simplest
747 1533 218 56 question.

102 1608 59 41 To
185 1607 103 42 hear
310 1622 24 27 a
356 1610 171 53 patient
550 1606 48 41 in
627 1605 74 43 the
736 1605 226 42 condition
996 1605 48 43 of
1072 1604 227 44 advanced
1332 1604 243 43 Dementia
1607 1604 99 56 sing

41 1678 100 44 well
163 1679 37 42 is
226 1693 102 42 very
351 1678 214 43 startling.
630 1677 46 42 It
699 1677 35 42 is
759 1691 109 29 even
894 1692 118 28 more
1046 1692 46 28 so
1125 1677 109 43 than
1270 1683 43 36 to
1349 1678 103 41 hear
1485 1677 75 42 the
1593 1677 113 57 good

39 1751 174 56 singing
236 1751 43 42 of
313 1750 203 43 imbecile
539 1749 210 43 children.
815 1750 115 42 How
953 1751 38 41 is
1013 1751 37 41 it
1073 1750 97 43 that
1204 1751 75 41 the
1313 1749 187 43 musical
1534 1750 172 56 faculty

38 1823 37 43 is
99 1823 102 43 thus
224 1830 122 36 often
368 1822 236 57 preserved
634 1822 152 51 intact,
810 1837 48 27 or
890 1822 162 43 almost
1084 1837 59 28 so,
1178 1822 129 43 when
1348 1823 77 42 the
1463 1822 124 43 mind
1627 1822 79 43 has

38 1897 112 41 been
184 1896 89 42 laid
309 1896 46 42 in
390 1895 122 42 ruins
530 1898 15 40 ?
609 1895 23 41 I
666 1895 53 42 do
759 1900 79 37 not
875 1896 132 42 know
1048 1895 98 43 that
1180 1895 321 56 physiological
1534 1895 173 42 science

41 1983 79 28 can
163 1973 76 52 yet
276 1983 169 27 answer
483 1967 97 43 that
622 1968 214 56 question.
900 1968 61 42 To
1006 1968 91 42 find
1141 1968 75 43 the
1258 1967 171 43 faculty
1473 1967 144 43 intact
1658 1967 48 43 in

45 2041 109 42 such
186 2055 25 27 a
236 2055 98 28 case
365 2054 46 29 as
445 2040 88 42 this
570 2040 87 42 last
690 2054 93 37 one,
822 2041 215 55 produces
1070 2041 46 41 in
1151 2039 119 44 one's
1309 2040 125 42 mind
1472 2041 76 42 the
1588 2055 120 28 same

47 2112 108 42 kind
198 2114 43 40 of
284 2112 161 43 feeling
488 2126 46 28 as
577 2126 81 28 one
703 2111 146 43 would
893 2113 270 55 experience,
1206 2113 46 52 if,
1295 2113 47 41 in
1386 2113 230 42 searching
1658 2113 49 42 in

46 2183 73 43 the
162 2185 122 42 ruins
328 2184 46 42 of
420 2198 119 28 some
583 2183 354 56 dwelling-place
982 2184 98 43 that
1122 2185 87 42 had
1261 2184 105 57 long
1419 2185 121 43 since
1593 2185 112 43 been

46 2256 232 55 destroyed
320 2256 59 57 by
424 2256 86 43 fire,
554 2270 81 28 one
680 2255 137 43 found
856 2269 119 30 some
1018 2261 148 51 pretty
1204 2256 213 43 domestic
1461 2261 246 49 ornament,

46 2328 230 43 unbroken
300 2341 160 31 among
484 2328 73 42 the
580 2327 156 44 debris.

107 2400 44 42 It
174 2400 35 42 is
233 2405 77 37 not
332 2400 103 56 only
454 2401 46 42 in
524 2400 75 43 the
617 2400 222 43 dementia
860 2400 217 43 resulting
1098 2401 112 42 from
1234 2401 253 43 adolescent
1509 2401 198 57 insanity

46 2473 96 43 that
166 2473 72 43 the
262 2473 184 43 musical
470 2473 167 43 faculty
660 2473 37 43 is
720 2473 104 43 thus
847 2473 98 43 able
971 2480 42 36 to
1040 2474 218 42 maintain
1292 2474 122 43 itself
1447 2475 150 43 intact.
1663 2475 46 43 It

45 2560 101 42 may
170 2546 51 42 be
246 2546 137 43 found
406 2546 179 57 equally
609 2561 46 28 so
688 2546 46 42 in
767 2546 224 43 dementia
1022 2546 217 44 resulting
1274 2547 111 42 from
1421 2562 133 42 many
1582 2548 127 44 other

44 2619 134 43 forms
202 2619 44 42 of
268 2619 207 56 insanity.
539 2619 132 43 Thus,
696 2619 121 43 there
848 2619 37 43 is
919 2624 44 38 at
997 2624 177 52 present
1205 2620 49 42 in
1286 2620 76 43 the
1396 2619 142 59 Royal
1570 2622 137 43 Edin-

46 2690 140 56 burgh
211 2691 188 56 Asylum
423 2706 25 28 a
470 2706 101 28 man
594 2706 99 28 now
716 2692 66 42 far
805 2691 226 44 advanced
1052 2693 48 42 in
1122 2692 236 44 dementia,
1382 2693 47 43 in
1454 2694 144 43 whom
1633 2696 75 43 the

48 2763 223 43 condition
295 2764 205 52 resulted,
523 2765 44 42 in
592 2764 164 44 middle
779 2764 91 44 life,
895 2766 107 41 from
1038 2766 206 56 repeated
1277 2766 173 44 attacks
1483 2768 45 42 of
1560 2769 148 41 mania

50 2833 187 56 brought
268 2849 56 27 on
355 2835 259 57 apparently
650 2836 57 57 by
744 2836 268 44 alcoholism.
1077 2838 105 42 This
1218 2839 171 55 patient
1422 2853 88 29 was
1544 2854 107 29 once
1685 2856 25 27 a

50 2906 141 43 clever
216 2908 234 53 workman,
473 2909 86 43 and
583 2910 107 43 used
715 2914 44 39 to
782 2910 103 56 play
910 2910 76 44 the
1011 2910 147 44 violin.
1223 2911 231 57 Although
1480 2926 98 29 now
1613 2912 95 42 dull

51 2978 85 42 and
160 2979 160 55 stupid,
342 2979 55 43 he
421 2981 144 43 wakes
587 2997 61 41 up
671 2996 25 29 a
717 2982 118 43 little
861 2983 127 43 when
1012 2983 135 43 asked
1175 2989 45 37 to
1252 2984 100 57 give
1385 2984 70 43 his
1488 2985 221 43 favourite

52 3049 183 42 musical
259 3052 306 54 performance.
628 3054 107 44 This
767 3054 38 43 is
839 3069 56 28 an
928 3055 223 43 imitation
1191 3056 46 42 of
1271 3055 76 43 the
1385 3061 127 37 notes
1551 3057 47 42 of
1634 3057 76 43 the

55 3119 139 56 bugle,
218 3120 137 41 which
379 3121 55 44 he
456 3122 102 45 does
581 3125 106 42 with
711 3125 69 43 his
804 3126 166 50 mouth,
993 3126 178 56 placing
1196 3126 73 43 the
1293 3126 118 56 right
1434 3126 118 43 hand
1576 3128 135 41 verti-

52 3191 114 57 cally
196 3193 167 55 against
397 3194 73 43 the
504 3196 116 57 right
653 3198 92 42 side
779 3198 45 42 of
859 3199 75 42 the
974 3199 165 42 mouth.
1205 3199 92 43 The
1335 3199 301 55 performance
1673 3201 37 42 is

1454 3259 26 42 2
1504 3270 26 30 E
