1933 3302
1631 189 70 37 107

399 196 47 30 De
469 196 34 30 la
527 195 113 38 Motte,
663 193 162 38 Pouteau,
848 191 227 38 Dussaussoj',
1100 189 174 40 7jähriger
1299 188 115 41 Krieg.

114 305 60 37 16.
204 304 295 39 Jahrhunderts,
531 301 79 38 also
640 303 161 35 seitdem
832 298 121 38 Pare
983 297 103 38 diese
1118 296 219 38 Krankheit
1367 294 266 44 beobachtete,
1664 293 38 37 in

111 359 73 37 den
214 362 103 34 alten
338 355 283 40 französischen
641 353 262 51 Hospitälern,
934 365 41 24 so
996 365 30 23 z.
1049 349 44 38 B.
1116 350 37 37 in
1175 351 86 36 dem
1283 364 75 23 von
1379 350 110 50 Lyon
1519 347 183 50 (welches

110 412 119 38 schon
251 413 51 37 im
320 411 118 39 Jahre
454 410 76 38 560
548 411 136 35 erbaut
706 420 160 31 wurde),
899 406 87 37 dem
1008 417 72 25 von
1101 402 262 50 MontpeUier,
1385 404 52 36 im
1458 401 121 39 Hotel
1599 401 103 38 Dieu

110 467 38 37 in
163 466 109 38 Paris
292 466 39 36 in
353 462 368 39 wiederkehrenden
737 460 229 50 Epidemien
983 470 166 39 gehaust
1164 457 112 37 habe.
1307 456 176 38 Foder6
1505 456 109 49 giebt
1635 467 65 26 an:

115 522 180 44 „L'hiver
319 518 99 37 1597
441 530 46 24 ne
507 515 59 37 fut
587 529 68 35 pas
675 528 122 24 moins
819 511 269 51 remarquable
1118 524 70 36 par
1218 510 217 49 l'e'pide'mie
1458 510 243 37 di^sastreuse

111 575 45 37 de
178 575 218 47 pourriture
420 569 196 49 d'hopital,
648 569 64 49 qui
734 572 168 46 attaqua,
932 567 94 37 dans
1046 565 150 37 l'Hötel
1218 564 101 37 Dieu
1341 563 45 37 de
1408 563 110 38 Paris
1539 565 86 36 tous
1646 563 56 37 les

110 627 141 37 Wesses
273 626 65 49 qui
355 626 56 36 s'y
429 622 220 39 trouvaient
669 622 142 38 reunis,
827 624 39 35 et
882 634 41 24 ce
939 620 102 38 fleau
1055 633 21 24 a
1089 631 121 38 regne
1230 630 167 37 presque
1419 619 284 35 constamment

109 681 93 37 dans
222 679 38 38 la
280 678 94 38 Salle
396 678 66 37 des
481 676 145 38 blesses
657 676 46 37 de
734 678 60 36 cet
823 674 158 50 höpital,
1013 686 115 37 qu'on
1159 671 172 50 appelait
1359 670 35 38 le
1425 684 114 36 rang
1570 671 131 37 noire

110 734 92 37 dans
231 733 36 37 le
297 735 126 35 temps
453 734 48 33 oü
530 729 55 37 les
614 729 64 37 lits
708 744 24 36 y
763 742 144 25 etaient
943 727 201 38 tellement
1181 724 235 51 rapprochös
1453 727 39 34 et
1522 726 179 36 entourds

109 788 45 37 de
185 787 179 43 rideaux,
403 797 73 36 que
516 783 86 37 l'air
641 785 64 49 n'y
742 782 159 50 pouvait
934 795 68 36 pas
1034 780 174 38 circuler.
1267 778 76 39 Les
1373 791 145 24 memes
1549 777 153 38 de'fauts

109 842 37 46 (ti
166 842 88 47 part
273 839 56 37 les
349 836 189 49 rideaux),
561 837 181 38 observe's
764 837 92 37 dans
876 836 38 37 la
933 835 94 38 salle
1050 835 65 37 des
1136 833 145 38 blesses
1303 833 45 37 de
1370 831 124 50 Lyon,
1517 833 77 35 ont.
1614 861 7 7 .
1641 861 7 7 .

106 892 112 39 Auch
247 892 51 37 im
329 891 197 38 Auslande
558 904 129 24 waren
718 890 101 38 diese
850 888 225 50 Hospitäler
1108 900 134 25 wegen
1272 886 105 38 ihrer
1407 885 127 37 hohen
1565 883 136 39 Sterb-

106 946 160 38 lichkeit
294 959 49 24 an
366 944 302 39 Hospitalbrand
701 944 191 38 verrufen.
933 942 101 38 Bell
1064 944 120 35 nennt
1214 941 56 47 (in
1303 941 177 49 späterer
1501 938 102 49 Zeit)
1635 938 67 38 das

105 1000 155 38 Pariser
289 999 120 37 Hotel
430 998 102 38 Dieu
567 998 106 45 ,that
702 1000 112 47 great
843 997 224 37 storehouse
1099 996 42 37 of
1167 995 223 38 corruption
1420 994 74 37 and
1525 993 171 37 disease"

107 1054 76 38 luid
213 1053 105 38 citirt
347 1053 73 37 den
442 1052 225 37 Ausspruch
698 1064 105 25 eines
834 1053 104 35 alten
958 1049 288 38 französischen
1269 1049 163 37 Autors:
1464 1047 75 37 Ein
1557 1048 146 48 junger

106 1107 176 50 Chirurg,
307 1106 164 37 welcher
490 1106 53 36 im
564 1105 120 37 Hotel
704 1105 99 38 Dieu
824 1103 267 51 herangereift
1109 1104 62 46 ist,
1203 1115 91 37 mag
1315 1102 60 37 die
1396 1101 306 38 verschiedenen

107 1161 166 38 Formen
303 1161 67 36 der
399 1159 217 38 Incisionen
645 1161 153 47 gelernt
834 1158 147 38 haben,
1025 1157 100 38 auch
1166 1157 67 37 der
1276 1155 285 51 Operationen,
1603 1154 99 38 auch

104 1214 99 38 noch
233 1215 60 37 die
322 1213 393 38 Verbandmethoden
745 1237 51 4 —
826 1212 93 38 aber
949 1212 60 37 die
1047 1210 146 38 Mittel,
1235 1210 183 37 Wunden
1453 1223 47 24 zu
1535 1209 165 45 curiren,

106 1269 104 37 kann
239 1281 41 25 er
308 1267 107 38 nicht
442 1267 151 37 lernen,
633 1266 89 37 weil
747 1266 110 50 jeder
888 1265 171 38 Patient,
1100 1265 73 37 den
1204 1278 40 24 er
1273 1264 40 37 in
1342 1263 260 50 Behandlung
1630 1262 71 38 be-

105 1323 149 36 kommt
282 1343 48 4 —
359 1334 40 24 er
428 1333 91 37 mag
548 1320 173 38 machen,
754 1333 78 25 was
868 1333 41 24 er
945 1319 79 38 will
1050 1341 53 4 —
1133 1318 157 38 sterben
1325 1331 123 33 muss,
1484 1317 77 37 und
1597 1330 104 24 zwar

105 1390 49 24 an
173 1375 317 38 Hospitalbrand.
521 1374 88 37 Wir
629 1374 129 37 finden
778 1374 40 37 in
839 1373 67 37 der
927 1372 199 38 Literatur
1147 1386 102 24 zwar
1270 1372 114 37 keine
1405 1371 297 49 Beschreibung

104 1430 66 37 des
202 1428 346 38 Hospitalbrandes
578 1441 76 24 von
684 1428 74 37 den
790 1427 169 38 Aerzten
985 1428 111 48 jener
1127 1425 207 39 Anstalten
1372 1439 67 23 aus
1474 1426 113 48 jener
1621 1425 81 37 und

103 1485 176 47 späterer
308 1482 96 37 Zeit,
436 1481 96 37 doch
561 1495 105 23 muss
697 1495 41 23 er
768 1480 102 38 wohl
900 1480 208 38 allgemein
1139 1479 99 38 auch
1267 1493 89 24 vom
1385 1479 212 37 Publikum
1628 1491 72 37 ge-

103 1537 122 37 kannt
254 1536 93 45 sein,
378 1547 234 37 wenigstens
633 1534 147 38 spricht
802 1534 64 37 De
886 1534 44 37 la
950 1534 147 37 Motte
1128 1533 173 38 oflFenbar
1332 1546 75 25 von
1429 1546 119 24 etwas
1569 1533 132 49 längst

102 1590 262 37 Bekanntem:
416 1588 76 46 ,Le
530 1591 81 35 mot
648 1589 46 37 de
731 1588 206 50 Grangrene
974 1601 39 25 se
1043 1588 124 48 prend
1203 1588 254 49 proprement
1490 1599 100 37 pour
1625 1599 75 24 une

103 1643 224 37 disposition
365 1645 20 34 ä
425 1642 37 37 la
500 1642 270 37 mortification
800 1642 65 48 qui
906 1643 59 35 est
994 1655 42 24 ce
1067 1654 116 36 c[u'on
1221 1640 153 50 appelle
1412 1653 290 37 vulgairement

99 1696 221 51 pourriture
349 1697 22 35 ä
398 1695 149 37 l'Hötel
576 1695 102 37 Dieu
706 1696 46 36 de
783 1695 121 46 Paris,
936 1695 66 50 qui
1032 1695 174 37 survient
1237 1697 37 35 et
1304 1707 262 37 accompagne
1586 1707 113 37 pres-

101 1763 73 37 que
202 1752 128 35 toutes
358 1749 57 37 les
443 1749 135 49 playes
608 1749 67 49 qui
702 1751 87 35 sont
817 1749 158 37 traitees
1005 1749 94 37 dans
1131 1751 60 35 cet
1220 1748 148 50 höpital
1409 1750 39 35 et
1485 1749 22 36 ä
1540 1747 38 38 la
1612 1761 88 36 plus

101 1816 146 38 grande
276 1803 124 49 partie
430 1803 66 37 des
526 1803 132 37 absces
689 1816 74 36 que
793 1802 78 38 l'on
901 1815 131 25 ouvre,
1064 1804 21 35 ä
1115 1815 114 25 cause
1260 1803 46 36 de
1335 1801 87 38 l'air
1444 1801 65 50 qui
1530 1816 25 35 y
1576 1815 124 37 regne

105 1860 37 34 et
171 1870 73 36 que
275 1870 61 24 ces
365 1856 145 38 blesses
531 1870 23 35 y
575 1856 193 50 respirent
796 1870 71 36 par
896 1856 37 37 la
964 1856 174 50 quantite
1167 1856 65 37 des
1262 1855 171 38 malades
1463 1856 66 49 qui
1558 1869 25 36 y
1614 1858 88 35 sont

106 1913 38 35 et
174 1912 92 35 dans
295 1910 38 36 la
363 1910 145 37 crainte
539 1910 228 49 d'inquieter
797 1924 69 35 pas
896 1912 87 35 trop
1011 1923 61 24 ces
1094 1909 158 46 blesses,
1285 1910 66 49 qui
1381 1909 208 38 croiraient
1619 1912 81 35 etre

102 1965 142 49 perdus
275 1963 64 37 des
369 1976 74 36 que
470 1963 79 37 l'on
579 1963 214 50 appeleroit
822 1965 101 36 cette
952 1966 221 47 pourriture
1206 1962 220 51 Gangrene,
1458 1963 167 49 quoique
1656 1977 44 24 ce

102 2020 74 35 soit
204 2017 36 37 le
270 2030 101 32 nom,
403 2016 65 50 qui
496 2017 55 37 lui
581 2017 179 37 couvient
782 2017 277 38 verbalement,
1091 2030 48 24 on
1159 2017 55 37 lui
1236 2018 124 36 donne
1383 2019 61 35 cet
1465 2019 109 35 autre
1596 2030 102 24 nom.

106 2070 131 49 (Gruill.
255 2070 207 37 Mauquest
478 2069 111 38 Sieur
607 2072 49 35 de
672 2070 44 37 la
736 2070 158 38 Motte,
918 2071 132 37 Traite
1072 2071 168 37 complet
1256 2072 45 36 de
1319 2070 101 38 Chir.
1443 2071 101 37 1722
1562 2070 36 38 S.
1619 2071 79 49 75).

233 2123 92 38 Erst
354 2124 101 37 1783
485 2123 221 38 hinterliess
738 2125 66 37 der
834 2124 181 38 Director
1048 2125 67 37 der
1146 2124 292 50 chirurgischen
1460 2123 151 39 Station
1633 2124 67 38 des

106 2177 119 37 Hötel
253 2177 101 37 Dieu
383 2177 37 37 in
451 2177 111 49 Lyon
591 2177 53 37 M.
675 2177 206 38 Pouteau
911 2178 85 38 eine
1022 2191 151 37 genaue
1195 2178 188 37 klinische
1405 2177 296 51 Beschreibung

107 2231 66 37 der
204 2229 218 38 Krankheit
450 2231 53 36 im
533 2231 142 37 dritten
706 2231 111 37 Theil
847 2232 124 37 seiner
1001 2231 308 37 hinterlassenen
1339 2231 161 37 Werke.
1559 2231 54 37 Er
1648 2231 52 38 ist

109 2283 290 38 unzweifelhaft
428 2284 66 36 der
525 2286 112 35 erste,
669 2284 166 37 welcher
865 2285 73 37 den
959 2284 308 38 Hospitalbrand
1296 2284 55 38 als
1373 2285 84 37 eine
1478 2284 223 38 Krankheit

108 2337 59 38 sui
196 2349 154 38 generis
371 2336 224 50 aufgestellt
614 2338 78 36 und
712 2337 98 38 auch
829 2338 119 37 schon
967 2338 111 37 recht
1097 2338 237 37 vollständig
1354 2339 77 36 und
1453 2339 71 36 mit
1543 2351 158 37 grosser

108 2390 127 38 Treue
265 2390 285 37 characterisirt
578 2390 78 38 hat.
714 2390 54 38 Er
798 2391 146 49 spricht
973 2391 184 50 übrigens
1194 2391 40 37 in
1269 2391 146 38 seinem
1450 2391 126 38 Werk
1612 2405 89 24 vom

109 2443 304 38 Hospitalbrand
443 2443 54 37 als
527 2457 74 24 von
623 2445 105 37 einer
748 2444 232 43 Krankheit,
1017 2445 87 49 ,qui
1121 2445 156 49 jusqu'ä
1296 2447 158 47 present
1473 2447 63 35 n'a
1557 2459 143 36 occupe

109 2496 37 38 la
173 2497 129 49 plume
332 2497 45 37 de
407 2499 228 47 personne".
693 2497 77 38 Zur
790 2498 132 38 selben
942 2498 86 38 Zeit
1046 2499 68 36 hat
1134 2498 53 38 Vi
1197 2511 81 37 gar
1287 2512 85 24 oux
1392 2499 40 37 in
1451 2498 250 50 Montpellier

109 2549 286 50 langdauernde
424 2550 228 49 Epidemien
681 2551 243 39 beobachtet.
983 2551 93 39 Fast
1096 2551 248 50 gleichzeitig
1364 2553 71 36 mit
1456 2553 73 36 den
1548 2552 151 38 hinter-

110 2603 175 37 lassenen
314 2603 175 38 Werken
518 2603 246 39 Pouteau's
795 2605 173 38 erschien
998 2606 60 37 die
1088 2605 283 50 Monographie
1407 2605 124 38 seines
1566 2605 134 38 Nach-

111 2655 145 50 folgers
286 2669 59 23 am
366 2656 119 38 Hötel
506 2657 100 38 Dieu
637 2658 44 37 de
703 2658 111 50 Lyon
843 2659 296 37 Dussaussoy
1169 2659 95 37 über
1287 2659 72 37 den
1380 2658 319 39 Hospitalbrand.

239 2707 43 39 In
313 2708 261 40 Deutschland
602 2711 50 37 ist
689 2711 51 37 im
780 2712 204 50 7jährigen
1019 2712 146 38 Kriege
1203 2713 67 36 der
1309 2712 305 38 Hospitalbrand
1651 2727 50 23 an

113 2761 125 38 vielen
270 2761 119 38 Orten
421 2764 232 48 epidemisch
683 2765 257 49 aufgetreten.
998 2766 53 37 Es
1080 2765 130 50 liegen
1239 2765 343 50 Beschreibungen
1618 2779 81 33 vor,

112 2815 38 37 in
180 2815 124 37 denen
335 2815 58 37 die
423 2816 218 39 Krankheit
669 2818 154 37 leidlich
855 2819 169 37 deutlich
1060 2819 286 37 characterisirt
1382 2819 61 37 ist.
1501 2819 71 37 Als
1607 2819 93 38 Bei-

113 2868 96 48 spiel
237 2880 113 37 möge
381 2868 83 38 eine
494 2869 495 51 Hospitalbrandepidemie
1018 2872 40 37 in
1077 2872 170 37 hiesiger
1268 2871 112 38 Stadt
1400 2872 157 38 dienen:
1589 2872 112 39 Nach

115 2921 66 37 der
209 2921 220 50 Besetzung
459 2921 229 52 Göttingens
719 2924 119 38 durch
869 2925 59 37 die
959 2925 219 37 Franzosen
1202 2926 114 43 1757,
1347 2926 236 38 namentlich
1602 2927 96 37 nach

116 2974 67 37 der
212 2973 181 39 Schlacht
421 2974 62 37 bei
511 2975 157 39 Minden
700 2978 114 37 1759,
845 2978 77 37 und
952 2978 51 37 im
1031 2978 209 51 folgenden
1269 2978 119 38 Jahre
1410 2978 56 38 als
1488 2978 215 40 Göttingen
