2107 3450
420 135 86 34 THE
539 131 145 36 THREE
717 129 252 33 FUNCTIONS
1001 129 56 30 OF
1089 128 88 30 THE
1211 127 141 32 VOICK.

1631 115 84 42 117

61 259 140 47 duced
235 260 57 41 by
315 256 210 45 echolalia
559 254 109 41 have
701 252 111 41 been
844 248 183 44 evolved
1054 247 106 42 with
1184 247 160 42 almost
1366 260 56 27 no
1455 258 193 29 exercise
1670 244 49 42 of

61 332 220 43 attention
315 344 47 28 or
393 328 126 43 effort
551 326 47 41 of
628 324 73 42 the
736 322 100 42 will.
902 321 90 41 But
1024 333 97 28 now
1157 319 75 41 the
1264 317 177 55 leading
1472 317 166 41 feature
1672 314 47 44 of

63 414 399 30 word-production
497 398 35 41 is
567 399 97 39 that
695 394 74 42 the
802 392 211 43 requisite
1049 402 274 30 movements
1357 388 46 41 of
1433 387 282 41 articulation

61 489 71 28 are
157 471 219 58 produced
402 484 136 28 under
570 465 163 44 careful
757 477 277 30 supervision
1057 462 45 42 of
1135 461 73 42 the
1232 459 234 51 attention,
1489 457 87 43 and
1609 457 58 57 by
1691 472 25 28 a

62 546 182 40 distinct
280 543 127 42 effort
445 541 43 41 of
533 540 73 41 the
645 535 101 45 will.
810 536 43 42 A
893 548 96 29 new
1032 537 143 53 agent,
1214 530 190 57 namely,
1443 530 75 42 the
1561 526 156 60 higher

64 614 281 43 Intellectual
387 612 353 43 Consciousness,
777 607 36 42 is
856 607 105 42 thus
1000 605 240 56 beginning
1277 610 44 36 to
1359 602 208 43 interfere
1606 608 109 36 with

60 688 75 42 the
158 686 250 56 operations
438 684 44 42 of
514 682 74 43 the
612 680 374 57 Speech-centres.
1052 676 268 57 Ultimately
1343 676 90 43 this
1467 689 96 29 new
1586 680 133 38 agent

63 758 89 43 will
189 759 98 40 take
320 771 160 28 almost
501 754 138 43 entire
673 751 232 44 command
937 752 45 42 of
1015 748 463 59 Speech-production.
1542 747 65 42 At
1628 748 90 42 this

62 831 118 54 early
195 835 133 50 stage,
343 828 211 42 however,
569 826 35 42 it
620 826 76 41 has
713 830 77 37 not
804 830 76 51 yet
897 823 205 57 acquired
1119 826 216 52 complete
1351 820 251 53 command;
1631 820 87 42 and

60 902 37 40 it
130 915 81 28 can
234 909 74 48 get
330 899 74 42 the
440 896 435 58 Speech-producing
907 899 170 38 centres
1112 900 44 36 to
1191 893 189 57 produce
1411 893 73 42 the
1515 891 203 57 simplest

65 972 139 43 words
248 972 104 42 only
397 971 112 42 after
543 984 134 28 many
716 968 129 43 futile
883 973 212 37 attempts
1133 966 87 42 and
1265 966 130 42 much
1438 965 282 56 persevering-

62 1045 200 55 practice.
329 1045 21 41 I
384 1043 125 56 hope,
531 1047 45 37 at
608 1056 23 28 a
661 1043 146 40 future
841 1040 118 42 time,
983 1039 45 42 in
1062 1038 247 43 connexion
1342 1037 237 56 especially
1615 1036 107 42 with

62 1115 211 56 Aphasia,
292 1118 44 38 to
355 1114 169 42 discuss
543 1117 44 37 at
604 1118 171 50 greater
791 1111 152 43 length
963 1111 75 41 the
1061 1109 172 42 mutual
1252 1109 310 55 relationships
1578 1109 47 41 of
1645 1109 76 42 the

63 1192 352 37 speech-centres
448 1185 87 42 and
570 1185 73 42 the
670 1184 155 55 higher
859 1196 339 29 consciousness.
1262 1181 64 42 At
1349 1186 189 50 present,
1563 1181 21 41 I
1608 1181 113 42 shall

64 1259 79 42 ask
167 1259 74 41 the
264 1257 184 43 reader's
471 1256 219 43 attention
714 1255 105 42 only
843 1259 43 37 to
909 1259 87 38 two
1016 1254 274 55 facts:—(1.)
1316 1253 114 42 That
1449 1253 74 42 the
1541 1253 179 43 speech-

64 1330 295 43 mechanisms
392 1343 70 27 are
486 1326 168 43 formed
688 1340 115 41 upon
829 1326 74 42 the
937 1325 152 42 Keflex
1123 1325 125 52 Plan,
1273 1324 107 42 with
1413 1339 25 27 a
1471 1339 181 28 sensory
1675 1340 48 27 or

63 1401 233 55 receptive,
314 1400 86 41 and
424 1414 24 27 a
471 1406 141 34 motor
634 1412 47 28 or
702 1397 258 56 productive
984 1396 104 43 side,
1109 1397 198 42 between
1332 1396 144 42 which
1501 1397 123 42 there
1647 1411 75 27 are

62 1472 262 55 connecting
356 1471 142 51 fibres,
532 1471 56 41 by
625 1469 141 43 which
801 1469 240 42 influences
1075 1483 80 28 can
1188 1468 141 43 travel
1362 1469 211 42 forwards
1607 1469 114 42 from

61 1545 76 42 the
172 1558 178 28 sensory
374 1548 43 37 to
451 1543 74 41 the
560 1547 141 36 motor
734 1547 184 46 centres,
941 1555 47 28 so
1012 1540 98 43 that
1132 1540 163 43 sounds
1319 1540 134 43 heard
1479 1542 57 54 by
1568 1556 157 29 means

62 1618 47 40 of
128 1616 75 43 the
226 1615 221 43 receptive
470 1619 148 37 centre
642 1628 113 41 may,
779 1614 45 41 in
849 1613 225 50 echolalia,
1098 1613 52 42 be
1173 1612 204 43 imitated
1399 1614 324 56 mechanically

63 1688 59 42 by
167 1688 73 41 the
279 1701 151 28 motor.
496 1685 77 56 (2.)
609 1685 115 42 That
767 1685 108 42 with
919 1685 75 42 the
1037 1684 312 56 development
1392 1686 48 41 of
1469 1686 75 42 the
1574 1686 150 56 ruling

64 1759 204 42 faculties
311 1759 45 41 of
401 1758 74 42 the
506 1771 190 29 nervous
729 1757 422 55 system—namely,
1188 1756 75 43 the
1307 1756 283 57 intelligence
1634 1758 88 42 and

67 1832 77 42 the
177 1831 105 42 will,
296 1858 60 4 —
371 1830 232 43 command
640 1830 38 42 is
717 1829 135 43 taken
890 1830 59 42 by
986 1829 123 43 these
1142 1829 204 43 faculties
1390 1830 48 41 of
1476 1829 76 43 the
1590 1830 133 43 reflex

66 1903 274 43 mechanism
389 1903 45 42 of
482 1902 180 43 Speech.
747 1902 173 42 Sounds
968 1901 209 56 formerly
1220 1902 297 55 meaningless
1560 1907 45 38 to
1649 1903 76 42 the

64 1976 121 42 child
228 1990 71 27 are
333 1989 97 28 now
463 1974 273 43 interpreted
769 1988 46 28 as
846 1974 142 42 words
1012 1973 110 42 with
1155 1974 181 42 definite
1370 1975 231 56 meaning;
1634 1976 89 42 and

64 2061 122 29 soon,
229 2046 108 42 with
370 2060 103 28 ever
514 2045 250 56 increasing
806 2059 183 29 success,
1022 2045 76 43 the
1130 2045 261 55 productive
1434 2046 94 43 side
1571 2047 45 42 of
1649 2047 75 42 the

64 2119 272 43 mechanism
370 2119 37 41 is
440 2117 247 43 compelled
721 2123 45 37 to
799 2118 239 42 reproduce
1071 2117 125 43 these
1229 2117 141 43 words
1413 2118 58 56 by
1511 2119 129 43 effort
1677 2121 46 41 of

61 2192 76 42 the
163 2191 100 43 will.

131 2262 347 58 Somethinghas
494 2262 244 56 already,in
758 2262 74 43 the
846 2262 85 43 last
947 2262 310 57 chapter,been
1274 2262 95 43 said
1384 2277 47 28 as
1447 2267 43 38 to
1506 2263 76 44 the
1598 2264 127 43 order

59 2337 45 41 of
126 2336 218 55 difficulty
361 2335 287 57 experienced
668 2336 56 55 by
740 2335 76 43 the
834 2335 120 43 child
972 2336 46 41 in
1036 2335 76 43 the
1140 2335 239 57 voluntary
1398 2336 263 56 production
1680 2339 49 41 of

64 2408 74 43 the
161 2408 174 42 various
357 2407 163 43 vowels
544 2407 87 43 and
654 2414 276 37 consonants.
996 2408 45 42 It
1063 2422 102 42 may
1188 2407 105 44 here
1316 2408 53 43 be
1396 2410 207 55 repeated
1627 2411 98 42 that

60 2481 75 42 the
165 2480 165 43 vowels
363 2494 72 28 are
467 2494 118 28 more
618 2479 139 58 easily
781 2480 222 56 produced
1038 2480 108 43 than
1179 2480 76 44 the
1287 2486 281 41 consonants.
1631 2484 92 43 The

61 2552 167 43 middle
252 2552 173 43 vowels,
458 2552 107 42 such
599 2566 47 29 as
679 2562 32 32 o
744 2552 88 43 and
864 2565 45 31 a,
932 2567 73 29 are
1039 2553 74 43 the
1146 2553 162 43 easiest
1340 2554 48 42 of
1417 2554 84 54 all;
1534 2555 87 43 and
1649 2556 75 43 the

59 2625 163 43 vowels
251 2629 46 38 at
329 2624 75 43 the
436 2629 88 38 two
558 2624 273 43 extremities
864 2625 47 42 of
940 2625 75 44 the
1048 2625 90 54 list,
1162 2626 94 43 viz.,
1277 2624 17 43 i
1315 2624 104 56 (ee)
1442 2628 86 41 and
1550 2638 36 31 u
1611 2627 114 56 (oo)

62 2712 71 28 are
157 2697 243 42 somewhat
430 2711 119 28 more
583 2697 201 52 difficult,
806 2698 265 56 apparently
1094 2699 186 43 because
1312 2699 117 43 their
1459 2707 265 49 production

61 2769 201 43 involves
286 2784 24 28 a
332 2769 117 43 little
472 2784 120 28 more
615 2769 225 44 muscular
869 2771 139 42 effort.
1076 2771 61 43 Of
1165 2771 76 43 the
1273 2777 280 48 consonants,
1577 2774 35 42 it
1646 2774 78 43 has

60 2842 178 56 already
279 2843 110 42 been
429 2842 152 42 shown
621 2842 99 42 that
757 2842 74 43 the
870 2843 123 43 three
1038 2843 222 56 produced
1303 2844 160 56 during
1506 2852 217 37 complete

60 2914 168 43 closure
262 2915 47 42 of
339 2914 75 43 the
446 2914 95 43 first
573 2915 326 56 stop-position,
923 2915 94 53 viz.,
1039 2924 49 44 p,
1113 2913 49 45 b,
1189 2916 86 42 and
1298 2927 67 41 m,
1392 2930 72 28 are
1496 2917 226 56 generally

61 2988 74 42 the
160 2988 94 42 first
278 2994 42 36 to
344 2987 52 43 be
419 2987 202 42 learned;
643 2986 81 42 but
747 2986 98 42 that
867 2986 161 43 almost
1050 3001 46 28 as
1120 2987 119 56 early
1260 3002 46 27 as
1329 2986 123 42 these
1471 2986 45 41 in
1541 2987 181 56 making
