1871 3202
1098 258 86 39 122

751 836 109 37 THE
892 836 287 38 ENTELLUS
1209 836 258 39 MONKEY.

701 943 321 36 Semnopithecus
1039 942 284 37 entellus.—F.
1349 942 169 38 Cuvier,

993 1047 132 37 Plate
1147 1047 76 37 IX.

429 1154 300 38 Semuopitliecus
757 1154 172 45 entellus,
955 1154 191 37 Frederic
1169 1153 161 47 Cuvier^
1362 1154 180 37 Histoire
1574 1155 216 37 Naturelle

480 1220 66 35 des
576 1220 277 48 Mammiferes
871 1220 259 44 ;—Gardens
1149 1220 84 36 and
1250 1220 240 36 Menagerie
1508 1219 48 47 of
1568 1220 224 38 Zoological

480 1286 168 46 Society,
671 1285 73 36 vol.
767 1287 24 34 i.
816 1299 33 34 p,
876 1286 334 45 80.—L'Entelle,
1226 1286 209 46 Audibert,
1452 1286 182 37 Histoire
1652 1287 138 36 Natiu

478 1351 95 36 relle
592 1351 66 36 des
676 1351 154 46 Singes.

494 1470 103 44 The
622 1470 207 45 Entellus
853 1485 211 46 monkey,
1091 1470 91 46 still
1206 1469 50 46 of
1282 1486 109 45 very
1414 1486 95 29 rare
1533 1485 255 31 occuiTence

425 1547 48 45 in
492 1547 77 45 the
585 1548 235 60 European
838 1547 265 54 collections,
1120 1563 200 45 presents
1336 1563 27 29 a
1378 1563 109 46 very
1510 1549 279 45 remarkable

424 1623 112 45 form
561 1624 46 44 in
630 1624 58 45 its
713 1625 174 44 slender
908 1631 289 54 proportions,
1224 1625 90 45 and
1343 1625 79 45 the
1439 1625 114 61 light
1577 1640 147 31 colour
1746 1624 46 47 of

424 1701 58 45 its
518 1699 85 55 fur,
641 1702 252 45 contrasted
930 1701 115 45 with
1080 1701 78 45 the
1198 1703 129 43 black
1364 1702 100 44 skin
1496 1701 50 45 of
1570 1705 77 42 the
1692 1701 93 47 face

424 1779 89 44 and
557 1778 290 45 extremities.
932 1778 45 45 It
1022 1778 36 45 is
1103 1794 28 29 a
1167 1785 155 38 native
1361 1778 228 61 generally
1628 1778 51 46 of
1706 1780 79 45 the

424 1856 164 45 Indian
624 1856 276 60 archipelago
932 1855 90 45 and
1053 1870 121 30 some
1202 1870 121 46 parts
1347 1854 49 47 of
1418 1862 78 38 the
1519 1855 263 55 continent;

422 1949 105 37 and,
538 1949 118 44 upon
676 1948 275 46 comparison
970 1931 50 48 of
1026 1939 78 39 the
1118 1933 211 45 relations
1348 1931 49 47 of
1407 1933 245 53 travellers,
1661 1941 124 38 must

422 2011 178 44 abound
623 2010 46 45 in
692 2026 142 46 many
856 2026 122 46 parts
1002 2009 50 46 of
1077 2017 126 38 these
1234 2010 234 53 countries,
1495 2010 148 45 where
1674 2011 112 60 they

421 2103 74 29 are
518 2094 256 48 venerated,
799 2103 48 31 or
880 2094 47 39 at
955 2088 113 45 least
1098 2088 160 45 looked
1280 2103 119 45 upon
1424 2086 112 46 with
1560 2102 27 30 a
1609 2088 111 44 kind
1743 2086 45 46 of

421 2165 310 60 superstitious
765 2181 113 37 awe,
920 2165 147 45 which
1109 2172 208 54 prevents
1358 2172 75 37 the
1467 2164 174 45 natives
1672 2163 110 47 from

420 2242 257 60 destroying
710 2248 140 47 them,
876 2243 90 45 and
998 2243 155 44 makes
1187 2249 125 37 them
1347 2240 121 46 often
1502 2240 134 46 suffer
1668 2240 113 45 from

419 2319 117 44 their
566 2319 321 59 depredations.
958 2319 130 60 They
1122 2334 119 30 seem
1276 2318 290 60 particularly
1603 2333 178 45 suscep-

419 2394 110 46 tible
554 2394 49 45 of
618 2395 110 53 cold,
745 2396 147 45 which
915 2411 109 45 may
1048 2402 186 38 account
1252 2394 64 46 for
1332 2395 117 45 their
1462 2396 132 60 being
1612 2395 170 45 seldom

423 2487 102 30 seen
570 2470 46 47 in
656 2487 78 30 our
768 2472 169 45 British
975 2472 287 61 menageries.
1346 2473 256 45 Specimens
1632 2472 146 44 which

419 2548 117 46 have
571 2549 111 44 been
714 2556 97 39 sent
842 2556 45 39 to
919 2549 139 54 Paris,
1091 2550 89 45 and
1210 2555 102 39 that
1342 2548 46 46 in
1425 2549 78 45 the
1533 2547 245 61 Zoological
