2125 3582
494 705 237 55 PART
801 700 395 59 SECOND.

193 894 115 51 THE
353 891 428 52 DEVELOPMENT
824 890 69 52 OF
937 888 249 53 SPEECH;
1238 886 114 51 AND
1397 884 120 52 THE

348 1017 505 53 DEVELOPMENTAL
894 1012 495 55 DERANGEMENTS.

822 1204 60 8 —♦

662 1363 281 44 CHAPTER
990 1363 78 41 IV.

73 1498 177 43 Sketch
287 1508 53 30 of
372 1507 88 30 the
493 1496 343 41 Development
868 1502 54 31 of
954 1491 258 42 Language
1245 1502 48 31 in
1327 1502 91 31 the
1450 1491 204 42 Normal

779 1569 159 44 Child.

88 1695 185 41 Before
296 1694 202 55 entering
521 1707 118 27 upon
664 1691 74 42 the
761 1689 323 44 consideration
1118 1690 47 42 of
1194 1690 128 42 those
1352 1689 340 44 derangements

31 1767 43 42 of
114 1766 159 43 speech
316 1765 146 42 which
504 1779 72 28 are
619 1765 85 41 due
748 1769 44 36 to
825 1762 195 43 arrested
1057 1762 325 57 development,
1426 1763 36 42 it
1503 1764 37 42 is
1583 1778 109 42 very-

31 1839 209 43 desirable
274 1839 98 42 that
396 1853 63 28 we
491 1838 160 43 should
684 1837 112 42 have
829 1850 115 29 clear
976 1835 121 43 ideas
1130 1850 46 28 as
1200 1840 45 38 to
1280 1835 75 43 the
1378 1836 315 56 development

32 1911 42 42 of
114 1911 158 56 speech
304 1911 46 41 in
386 1911 73 41 the
493 1909 171 42 normal
707 1908 130 43 child.
922 1909 139 42 There
1105 1922 71 28 are
1220 1922 46 28 so
1310 1923 136 41 many
1489 1909 199 42 children

31 1983 45 41 in
117 1983 74 42 the
235 1982 148 43 world,
422 1982 86 41 and
547 1996 47 28 so
635 1995 133 42 many
806 1985 179 51 parents
1024 1980 109 42 with
1172 1980 83 42 full
1288 1981 325 55 opportunities
1646 1982 45 42 of

31 2055 227 56 observing
300 2055 134 42 them,
467 2058 97 38 that
606 2053 75 43 the
713 2053 175 42 various
926 2058 119 50 steps
1088 2052 47 42 in
1173 2052 75 43 the
1291 2052 315 57 development
1648 2054 48 42 of

33 2127 152 56 speech
228 2127 148 56 ought,
414 2141 82 27 one
541 2125 146 43 would
726 2125 143 52 think,
907 2129 44 38 to
987 2115 61 52 Tbe
1086 2138 107 41 very
1236 2125 241 56 familiarly
1516 2126 174 43 known.

41 2199 103 51 This,
166 2200 212 42 however,
401 2200 37 41 is
471 2199 66 41 far
568 2199 112 41 from
713 2198 131 42 being
876 2197 76 42 the
984 2211 108 28 case.
1157 2197 209 43 Nature's
1398 2212 223 41 processes
1645 2199 47 42 in

43 2269 75 46 ibis
141 2272 308 42 development
471 2285 73 28 are
567 2284 46 29 so
635 2269 232 58 gradually
890 2268 248 56 completed
1170 2283 47 29 as
1241 2274 44 37 to
1308 2269 174 44 exhibit
1504 2285 57 28 no
1584 2286 108 41 very

38 2342 178 65 prikiug
259 2357 117 42 steps
414 2343 100 42 that
549 2342 143 57 might
729 2356 122 28 serve
894 2355 46 29 as
983 2341 257 43 landmarks
1284 2346 44 38 to
1372 2342 76 43 the
1486 2343 209 58 ordinary

61 2414 184 44 bserver.
310 2415 120 43 Even
451 2429 24 28 a
497 2414 188 44 medical
708 2419 168 51 parent,
899 2413 203 43 however
1123 2415 280 43 accustomed
1428 2420 44 38 to
1491 2423 202 37 accurate

37 2490 5 38 1
62 2486 258 52 bservation,
344 2487 144 43 would
511 2487 53 43 be
587 2486 98 44 able
710 2491 44 38 to
787 2487 100 56 give
910 2487 80 42 but
1012 2501 25 27 a
1059 2501 107 42 very
1190 2502 106 41 poor
1318 2494 189 37 account
1539 2491 48 41 of
1616 2491 76 42 the

37 2546 268 55 \henomena
325 2560 234 56 presented
581 2559 47 42 in
663 2559 74 43 the
761 2573 151 29 course
934 2559 49 43 of
1008 2559 76 43 the
1118 2559 314 57 development
1464 2562 45 42 of
1531 2564 160 42 speech

42 2618 39 54 1i
105 2631 65 42 his
193 2645 97 28 own
314 2632 130 42 child,
466 2632 38 42 if
522 2632 55 42 he
601 2631 171 43 trusted
796 2631 189 43 entirely
1009 2636 44 38 to
1078 2647 206 28 memory.

56 2727 10 20 j
94 2703 41 41 A
168 2703 79 42 full
281 2704 350 43 understanding
662 2704 45 42 of
739 2704 75 43 the
846 2718 174 42 process
1043 2705 48 42 of
1119 2705 313 57 development
1453 2707 47 43 of
1531 2709 161 55 speech

73 2788 41 27 in
148 2775 51 42 be
230 2775 205 43 obtained
473 2776 104 56 only
611 2776 57 56 by
712 2776 258 56 systematic
1013 2777 279 43 observation
1336 2778 48 43 of
1413 2779 74 43 the
1531 2780 160 43 child's

79 2859 149 42 •ogress
261 2847 109 43 from
405 2848 85 56 day
512 2853 45 37 to
589 2848 99 56 day,
708 2848 87 42 and
819 2849 59 56 by
910 2849 157 42 noting
1089 2849 128 42 down
1240 2850 47 42 in
1312 2851 188 57 writing,
1523 2853 86 55 day
1633 2854 59 56 by

81 2930 50 41 >.y,
153 2917 73 43 the
258 2919 300 43 observations
592 2920 136 43 made.
793 2920 106 43 This
931 2920 38 43 is
1001 2935 25 28 a
1049 2921 173 43 tedious
1255 2937 186 41 process,
1463 2926 228 56 requiring

97 2989 67 41 ich
199 2990 247 43 self-denial
481 2992 86 42 and
604 2993 213 55 patience.
882 2993 46 42 It
961 2993 37 43 is
1033 3007 25 28 a
1089 2993 110 43 kind
1232 2995 46 41 of
1313 2996 121 41 work
1461 3011 134 41 many
1618 3011 72 29 are

98 3059 104 57 '.ling
233 3063 169 55 enough
436 3068 43 38 to
511 3064 145 56 begin,
700 3064 81 42 but
814 3064 81 43 few
940 3079 71 28 are
1039 3065 180 57 capable
1263 3066 47 42 of
1337 3067 201 56 carrying
1581 3073 44 37 to
1664 3084 24 26 a
