1817 3171
357 239 86 40 148

727 248 91 30 THE
843 248 260 32 WANDEROO
1128 248 213 33 MONKEY.

420 373 43 46 A
505 373 223 46 specimen
773 374 47 45 in
858 380 80 40 the
982 376 231 45 collection
1257 375 51 45 of
1342 375 79 45 the
1469 374 249 63 Zoological

356 451 179 61 Society
558 451 37 45 is
620 458 251 55 extremely
893 458 161 48 active,
1084 452 90 45 and
1202 451 294 62 occasionally
1518 452 199 46 trouble-

357 543 135 40 some,
532 529 84 45 but
655 528 38 46 is
731 529 397 61 good-tempered;
1176 529 59 46 he
1279 528 53 54 is,
1373 529 222 54 however,
1636 535 79 56 yet

356 620 165 46 young,
547 606 90 45 and
657 621 110 46 may
791 605 261 47 afterwards
1083 621 135 47 prove
1245 606 244 46 dangerous
1512 605 112 46 from
1646 606 70 45 his

358 683 216 61 strength.
644 688 31 21 ‘‘
698 683 88 45 His
809 682 220 47 favourite
1056 698 193 31 exercise
1276 698 185 46 appears
1483 689 47 40 to
1553 689 163 40 consist

357 758 48 45 in
426 759 225 61 throwing
671 759 189 46 himself
879 765 215 56 together,
1120 759 115 47 with
1263 760 72 46 his
1358 760 131 45 chain
1513 775 104 31 over
1639 759 78 46 the

357 842 254 39 transverse
639 837 95 53 bar,
760 836 148 45 which
941 851 151 46 passes
1122 835 114 47 from
1268 837 99 61 pole
1401 843 46 39 to
1480 851 115 46 pole,
1628 836 89 45 and

359 912 220 61 swinging
599 911 189 46 himself
803 913 261 45 backwards
1087 913 90 45 and
1200 912 224 56 forwards,
1450 913 136 45 while
1608 913 108 45 thus

361 989 251 61 suspended
647 990 63 60 by
745 989 70 45 his
851 989 128 45 loins.
1046 989 156 45 When
1236 1004 27 30 a
1296 1005 134 45 party
1461 996 146 39 enters
1637 989 80 45 the

358 1081 138 39 room,
520 1066 58 45 he
602 1065 181 61 usually
803 1066 212 45 descends
1038 1065 70 45 his
1130 1080 100 46 pole
1254 1065 114 46 with
1389 1066 213 60 rapidity,
1628 1067 90 44 and

360 1148 199 40 watches
595 1158 27 30 a
652 1142 257 46 favourable
941 1141 292 62 opportunity
1266 1141 66 47 for
1360 1141 211 63 jumping
1599 1157 119 31 upon

361 1234 120 31 some
517 1218 51 47 of
594 1225 127 40 them
756 1234 251 39 unawares,
1038 1219 90 45 and
1155 1234 205 46 carrying
1397 1218 67 46 off
1490 1234 27 29 a
1545 1219 96 53 hat,
1675 1234 46 30 or

360 1297 231 45 whatever
614 1295 89 47 else
726 1296 56 45 he
804 1311 109 46 may
931 1296 179 60 happen
1133 1302 46 39 to
1204 1311 130 38 seize,
1360 1295 113 45 with
1492 1295 148 45 which
1662 1295 56 46 he

360 1373 224 62 instantly
605 1373 233 45 reascends
864 1372 71 46 his
964 1388 113 46 pole,
1110 1372 90 46 and
1224 1378 116 39 seats
1362 1371 188 46 himself
1572 1378 47 39 at
1641 1371 77 46 the

359 1457 92 55 top,
477 1449 212 63 enjoying
710 1456 78 39 the
813 1465 170 30 success
1007 1449 50 46 of
1072 1449 69 45 his
1166 1448 220 46 scheme.”
1404 1449 25 23 *

425 1528 57 45 In
505 1542 121 30 some
650 1525 50 48 of
715 1533 76 39 the
816 1532 126 40 other
963 1526 165 46 species
1156 1532 78 40 the
1257 1525 82 46 tail
1362 1526 200 45 becomes
1585 1525 134 45 much

362 1605 182 53 shorter,
571 1604 108 45 such
697 1619 48 29 as
768 1603 78 45 the
877 1603 73 46 M.
987 1603 168 45 rhcesus
1177 1603 91 45 and
1289 1610 276 38 nemestrina
1578 1620 23 35 ;
1636 1603 82 45 but

362 1697 27 29 a
410 1683 146 44 better
578 1680 101 45 idea
701 1680 95 45 will
818 1681 54 44 be
907 1678 169 47 formed
1104 1679 111 46 from
1238 1687 79 39 the
1340 1679 198 46 vignette
1563 1695 54 30 on
1640 1679 78 46 the

363 1758 225 60 titlepage.

425 1835 92 46 We
535 1834 115 45 shall
666 1834 184 61 proceed
863 1840 46 39 to
922 1840 80 39 the
1018 1839 112 40 next
1144 1848 154 47 genus,
1316 1834 152 44 hiuus
1484 1832 48 47 of
1540 1831 177 56 Cuvier,

364 1911 90 47 and
475 1912 117 46 have
615 1910 146 63 given,
788 1926 48 31 as
861 1926 57 30 an
942 1909 287 55 illustration.

793 2052 21 22 •
836 2050 164 39 Grardens
1020 2051 41 37 of
1076 2050 220 49 Menagerie.
