2113 3404
961 294 87 31 THE
1079 294 242 34 DISORDERS
1353 297 53 31 OF
1437 298 174 33 SPEECH.

466 276 84 42 244

464 406 151 55 people
637 422 71 30 are
730 409 311 57 right-handed
1063 414 84 42 and
1168 414 289 55 left-brained,
1479 417 54 43 he
1558 422 152 51 quotes
1741 419 74 44 the
1845 425 231 39 statement

464 477 44 41 of
530 477 225 55 Gratiolet,
780 481 96 43 that
906 483 82 41 "in
1011 483 73 43 the
1106 484 304 57 development
1437 488 47 41 of
1512 488 71 42 the
1615 489 121 42 brain
1769 490 73 42 the
1872 492 202 42 convolu-

463 547 114 43 tions
600 550 44 41 of
667 550 72 42 the
760 551 82 43 left
863 552 273 56 hemisphere
1158 569 69 28 are
1249 556 45 41 in
1316 556 191 43 advance
1530 558 45 41 of
1603 558 122 43 those
1756 560 46 41 of
1830 561 72 42 the
1923 561 152 42 right."

464 616 245 60 Returning
740 635 104 29 once
878 637 115 28 more
1017 628 43 38 to
1082 623 74 44 the
1177 626 314 42 consideration
1523 629 46 40 of
1589 628 85 42 this
1697 630 168 54 subject
1881 631 44 41 in
1951 632 122 50 1877,

463 687 137 44 Broca
623 692 228 53 expressed
881 693 73 42 the
987 694 176 54 opinion
1195 695 95 42 that
1322 696 73 42 the
1426 697 277 55 explanation
1739 700 45 41 of
1817 700 73 43 the
1924 702 151 41 earlier

464 757 305 58 development
790 762 86 41 and
897 767 165 50 greater
1084 764 182 56 activity
1288 766 43 41 of
1356 766 73 42 the
1451 767 80 42 left
1552 767 269 57 hemisphere
1852 770 84 42 had
1967 771 106 42 been

464 828 226 44 furnished
727 832 56 54 by
816 832 295 43 observations
1143 835 193 56 recently
1367 837 135 50 made,
1533 837 194 57 showing
1762 839 96 43 that
1887 840 74 42 the
1998 841 79 41 left

463 898 273 57 hemisphere
756 901 78 43 has
856 916 25 27 a
903 916 115 28 more
1041 903 223 43 abundant
1295 906 155 54 supply
1479 908 46 40 of
1553 908 126 42 blood
1711 909 103 42 than
1847 910 73 42 the
1950 911 124 55 right.

464 968 101 42 Two
588 969 220 44 observers
830 971 85 41 had
937 972 237 43 submitted
1197 973 85 43 this
1305 976 200 53 question
1537 982 43 36 to
1612 977 73 43 the
1716 982 86 39 test
1832 979 44 42 of
1912 980 163 54 experi-

464 1039 164 41 mental
651 1040 286 52 observation,
959 1042 92 51 viz.,
1073 1043 217 42 Professor
1311 1045 195 42 Armand
1528 1047 52 41 de
1602 1048 158 42 Fleury
1777 1049 46 41 of
1842 1049 235 51 Bordeaux,

464 1109 84 42 and
571 1110 65 41 Dr
657 1110 114 44 Win.
791 1112 106 55 Ogle
920 1112 46 42 of
984 1113 177 42 London
1179 1129 8 37 ;
1219 1114 83 42 and
1325 1115 103 42 both
1452 1116 83 42 had
1554 1117 133 42 found
1704 1119 74 42 the
1794 1119 81 42 left
1891 1117 184 45 internal

464 1180 163 41 carotid
652 1186 42 36 to
717 1182 51 41 be
790 1181 137 56 larger
949 1183 104 41 than
1076 1184 74 42 the
1172 1184 114 55 right
1307 1185 44 41 in
1375 1186 188 55 subjects
1585 1187 95 42 who
1703 1188 83 42 had
1808 1189 107 42 been
1944 1203 130 41 right-

464 1249 181 43 handed.
708 1251 65 41 Dr
794 1252 114 42 Win.
934 1252 107 55 Ogle
1062 1253 84 42 had
1169 1254 166 42 further
1357 1256 226 42 examined
1610 1257 119 42 three
1761 1258 187 54 subjects
1981 1258 94 41 who

462 1320 86 43 had
585 1321 108 43 been
726 1322 282 51 left-handed,
1050 1324 85 41 and
1167 1324 83 42 had
1285 1325 132 41 found
1450 1326 94 42 that
1576 1327 44 41 in
1656 1333 83 35 two
1774 1328 42 40 of
1854 1328 117 41 them
2003 1327 71 42 the

463 1392 185 42 carotids
681 1393 43 41 of
746 1393 74 42 the
843 1398 82 37 two
949 1394 112 42 sides
1081 1409 107 27 were
1211 1395 44 41 of
1276 1396 126 54 equal
1425 1397 85 41 size
1527 1413 9 36 ;
1567 1397 84 41 and
1675 1398 93 41 that
1786 1397 45 43 in
1854 1398 71 41 the
1959 1398 114 41 third

463 1463 74 42 the
559 1463 116 56 right
696 1478 198 28 common
916 1465 84 41 and
1024 1465 187 42 internal
1233 1466 184 42 carotids
1442 1481 107 28 were
1573 1467 145 55 nearly
1743 1469 122 41 twice
1888 1468 71 42 the
1992 1468 83 42 size

462 1534 44 41 of
528 1533 73 43 the
618 1534 88 42 left.

520 1605 89 41 But
651 1619 106 27 even
800 1605 36 41 if
880 1619 62 28 we
983 1609 125 52 grant
1149 1606 73 41 the
1264 1607 149 41 earlier
1454 1607 301 55 development
1798 1609 45 40 of
1881 1608 71 42 the
1994 1608 78 42 left

461 1675 298 55 hemisphere,1
785 1676 84 41 and
892 1676 56 42 its
971 1681 167 50 greater
1160 1676 318 56 blood-supply,
1497 1678 35 41 it
1549 1683 116 37 must
1682 1679 91 41 still
1795 1679 52 42 be
1870 1679 202 55 regarded

460 1759 45 29 as
528 1760 24 27 a
573 1760 105 41 very
701 1746 327 55 extraordinary
1046 1747 124 55 thing
1192 1747 95 41 that
1304 1747 42 41 of
1368 1752 84 37 two
1474 1749 292 54 symmetrical
1782 1749 291 54 hemispheres

460 1830 80 28 one
558 1816 155 42 should
731 1817 51 41 be
800 1831 45 27 so
863 1817 262 55 elaborately
1143 1817 168 41 trained
1330 1821 42 38 to
1390 1818 166 54 speech,
1573 1819 84 41 and
1676 1819 72 42 the
1765 1819 122 42 other
1908 1819 167 50 should,

459 1885 47 42 in
529 1885 87 43 this
640 1891 168 37 matter,
830 1887 51 41 be
904 1901 45 26 so
971 1886 164 55 greatly
1162 1887 229 54 neglected.
1455 1887 43 41 It
1520 1901 136 28 seems
1684 1888 73 41 the
1788 1902 114 27 more
1933 1893 138 36 extra-

460 1956 200 55 ordinary
681 1957 124 41 when
828 1971 63 27 we
915 1957 194 41 consider
1131 1957 95 41 that
1245 1957 70 42 the
1333 1957 218 42 muscular
1568 1963 264 37 movements
1850 1972 222 40 necessary

459 2027 65 42 for
545 2027 156 42 speech
725 2041 69 28 are
817 2034 76 35 not
916 2027 207 42 executed
1147 2042 53 26 on
1224 2041 79 28 one
1326 2027 90 42 side
1446 2027 113 55 only,
1582 2028 88 42 like
1702 2029 73 41 the
1807 2042 266 28 movements

459 2099 47 41 of
547 2113 25 27 a
615 2098 168 42 trained
825 2098 117 55 right
983 2098 127 41 hand,
1156 2099 76 40 but
1274 2112 70 27 are
1386 2098 206 42 executed
1644 2097 250 43 bilaterally.
1985 2098 88 41 The

459 2169 348 42 developmental
829 2169 85 42 and
938 2169 196 42 vascular
1166 2168 248 42 differences
1447 2169 53 41 do
1533 2172 75 38 not
1639 2182 111 28 seem
1785 2168 213 42 sufficient
2029 2173 44 37 to

459 2240 134 41 afford
616 2254 24 27 a
663 2239 82 42 full
768 2240 84 41 and
876 2240 270 54 satisfactory
1171 2239 287 42 explanation.
1522 2239 43 41 It
1596 2239 35 41 is
1663 2253 106 27 even
1802 2239 269 41 conceivable

459 2311 95 41 that
577 2310 72 42 the
671 2311 139 54 larger
835 2310 304 55 blood-supply
1172 2311 43 40 of
1247 2310 72 42 the
1341 2310 79 42 left
1444 2309 265 55 hemisphere
1738 2323 99 28 may
1859 2309 51 42 be
1932 2309 141 42 rather

458 2395 24 27 a
505 2395 293 28 consequence
820 2381 107 41 than
950 2396 23 26 a
996 2395 124 28 cause
1143 2382 43 40 of
1208 2381 56 41 its
1285 2386 168 50 greater
1473 2381 191 42 activity.

516 2451 73 42 An
614 2452 279 55 explanation
920 2452 153 42 which,
1096 2457 43 36 to
1172 2466 72 40 my
1276 2452 134 50 mind,
1432 2466 135 28 seems
1600 2466 115 28 more
1746 2456 209 38 adequate
1987 2451 84 41 and

459 2523 273 42 satisfactory
772 2522 75 42 has
885 2523 108 41 been
1030 2522 199 42 obtained
1267 2522 110 41 from
1414 2522 72 42 the
1529 2523 129 41 study
1696 2523 45 41 of
1779 2522 73 42 the
1887 2522 104 42 laws
2027 2521 44 42 of

458 2593 245 42 Attention.
766 2592 99 52 But,
899 2606 45 28 as
979 2592 73 42 the
1087 2591 203 43 relations
1325 2591 42 41 of
1400 2592 230 42 Attention
1662 2596 44 38 to
1739 2592 72 42 the
1840 2592 164 41 faculty
2029 2592 46 41 of

458 2663 154 42 speech
636 2677 70 27 are
728 2664 46 40 of
799 2663 72 42 the
893 2662 172 55 highest
1086 2663 277 54 importance,
1386 2662 21 40 I
1440 2662 153 42 should
1626 2662 87 42 like
1746 2668 42 37 to
1820 2676 130 41 pause
1972 2662 99 42 here

458 2733 66 41 for
545 2746 25 28 a
591 2732 120 42 short
734 2732 115 42 time,
867 2732 43 41 in
929 2731 123 42 order
1074 2731 94 42 that
1191 2731 21 41 I
1236 2745 97 41 may
1355 2731 149 55 gather
1521 2731 193 56 together
1734 2746 25 27 a
1779 2731 81 43 few
1878 2732 194 42 observa-

458 2803 115 42 tions
595 2807 132 37 about
749 2802 72 42 the
843 2801 182 42 Faculty
1049 2801 46 42 of
1115 2801 239 43 Attention.

517 2873 141 42 Every
677 2871 173 43 teacher
873 2871 148 42 knows
1044 2871 96 41 how
1163 2870 125 42 futile
1310 2869 68 43 his
1400 2871 144 41 efforts
1569 2876 41 37 to
1633 2871 183 42 instruct
1838 2885 83 28 are,
1943 2871 34 41 if
1999 2871 72 42 the

458 2944 124 56 pupil
604 2947 159 39 cannot
782 2943 53 42 be
856 2947 74 52 got
952 2947 43 37 to
1026 2955 84 42 pay
1134 2940 225 44 attention.
1422 2940 53 44 In
1508 2941 73 43 the
1613 2941 156 55 pupil's
1800 2941 131 51 mind,
1954 2941 33 42 if
2018 2941 52 42 he

650 3090 11 23 1
689 3089 37 36 It
743 3089 31 36 is
792 3088 135 36 denied
944 3087 50 48 by
1013 3087 39 37 C.
1073 3087 98 37 Vogt
1188 3086 74 37 and
1281 3086 119 36 Ecker
1415 3099 8 31 ;
1442 3097 56 25 see
1521 3086 213 45 Kussmaul,
1749 3098 32 35 p.
1804 3086 77 37 738.
