2113 3404
834 214 87 31 THE
954 215 242 35 DISORDERS
1227 220 54 31 OF
1312 222 172 34 SPEECH.

335 195 84 42 310

334 330 147 38 stance
515 327 133 43 about
680 329 119 44 these
836 345 116 29 cases
989 334 36 41 is
1067 335 96 42 that
1200 337 119 43 there
1361 353 97 29 was,
1500 342 45 40 in
1588 343 114 50 both,
1742 348 207 52 paralysis

334 393 233 56 (complete
588 399 46 41 in
657 413 80 29 one
759 401 84 42 and
865 402 260 56 incomplete
1148 406 46 41 in
1226 407 73 42 the
1324 409 142 56 other)
1500 412 45 40 of
1575 412 72 42 the
1681 414 115 55 right
1831 417 117 41 vocal

335 466 111 42 cord.
510 469 114 51 This,
647 471 47 40 of
712 485 160 38 course,
894 473 36 41 is
964 479 75 36 not
1072 479 45 37 at
1150 474 58 45 all
1240 478 45 40 in
1319 478 209 56 harmony
1551 482 104 42 with
1690 484 73 42 the
1796 492 155 36 results

336 536 202 44 obtained
573 540 57 55 by
664 540 72 42 the
769 543 311 54 experimental
1113 545 314 57 physiologists.
1489 551 244 58 According
1759 559 43 37 to
1832 555 118 43 these

337 608 167 52 results,
527 610 73 42 the
625 611 119 42 vocal
768 613 121 42 cords
911 627 70 28 are
1004 617 272 52 represented
1299 618 243 44 bilaterally
1564 622 44 40 in
1636 623 72 42 the
1741 624 133 50 brain,
1906 640 45 28 so

336 678 95 42 that
453 680 272 43 stimulation
748 682 43 41 of
814 683 72 41 the
908 683 241 55 phonating
1170 691 145 38 centre
1337 703 53 27 on
1420 704 79 28 one
1531 692 90 42 side
1652 693 46 41 of
1727 694 71 42 the
1831 695 120 42 brain

336 762 148 29 causes
507 749 232 44 adduction
764 751 46 43 of
829 752 103 42 both
955 754 120 42 vocal
1099 757 131 51 cords,
1253 758 84 42 and
1359 759 263 44 destruction
1645 763 46 41 of
1713 763 72 42 the
1808 771 143 36 centre

337 832 54 28 on
427 834 81 28 one
543 821 90 42 side
657 822 99 42 does
780 828 75 36 not
877 838 125 28 cause
1024 839 85 41 any
1131 827 208 54 paralysis
1361 830 44 40 of
1426 830 73 42 the
1521 832 118 41 vocal
1663 834 131 42 cords,
1817 834 136 42 either

336 903 55 27 on
409 904 80 28 one
507 891 91 42 side
621 906 47 27 or
689 906 55 28 on
767 893 115 42 both.
946 895 180 55 Though
1147 897 204 55 Dejerine
1374 904 121 38 notes
1517 901 96 42 that
1634 902 72 42 the
1728 903 104 42 bulb
1854 918 98 39 was,

335 960 48 41 in
405 961 105 42 each
532 976 108 38 case,
663 964 208 55 carefully
894 966 239 51 examined,
1155 968 85 41 and
1265 969 94 41 that
1381 984 55 27 no
1457 970 134 43 lesion
1624 986 85 28 was
1741 974 134 41 found
1905 975 46 41 in

335 1031 36 42 it
394 1032 176 54 capable
593 1033 44 42 of
668 1035 258 55 accounting
952 1037 60 40 for
1035 1037 71 41 the
1128 1038 209 54 paralysis
1364 1040 44 41 of
1439 1040 72 42 the
1544 1042 114 54 right
1690 1044 119 41 vocal
1841 1044 111 50 cord,

335 1116 80 27 one
438 1102 37 42 is
502 1103 191 42 inclined
726 1110 42 36 to
801 1105 130 41 think
964 1105 94 44 that
1089 1107 119 43 there
1240 1115 117 36 must
1388 1110 109 42 have
1530 1112 106 41 been
1667 1126 116 29 some
1817 1114 133 42 lesion

335 1171 82 42 low
442 1173 125 41 down
591 1174 44 40 in
660 1174 72 42 the
754 1181 138 36 motor
914 1180 134 49 tract;
1080 1178 180 43 because
1282 1179 266 43 destruction
1571 1183 45 39 of
1645 1183 72 41 the
1740 1183 135 42 whole
1908 1185 44 40 of

336 1244 168 42 Broca's
543 1245 280 42 convolution
855 1247 36 41 is
924 1248 46 40 of
999 1261 196 29 common
1228 1264 250 28 occurrence
1510 1252 85 41 and
1626 1252 76 42 has
1737 1258 74 37 not
1845 1254 106 42 been

335 1315 206 42 observed
557 1321 43 36 to
615 1316 188 55 produce
818 1317 209 54 paralysis
1043 1318 46 41 of
1100 1319 73 42 the
1188 1321 194 53 opposite
1396 1321 122 41 vocal
1533 1322 239 51 cord,—the
1787 1329 167 49 patient

335 1385 217 56 retaining
574 1386 67 41 his
664 1400 120 28 voice
805 1386 46 41 in
874 1387 105 41 such
1003 1401 129 37 cases,
1153 1389 166 55 though
1343 1390 53 42 he
1420 1390 75 42 has
1519 1391 83 41 lost
1624 1391 65 42 his
1712 1392 182 42 speech.1

394 1456 290 56 Becognising
721 1457 95 42 that
853 1458 36 40 it
924 1458 36 41 is
998 1463 42 36 at
1079 1465 172 48 present
1288 1465 242 49 premature
1567 1465 44 37 to
1648 1466 186 51 attempt
1866 1476 84 42 any

336 1541 104 41 very
472 1528 163 54 precise
667 1527 190 55 analysis
892 1529 45 40 of
965 1527 73 42 the
1075 1529 217 42 functions
1327 1531 46 40 of
1411 1530 72 42 the
1519 1531 199 42 different
1751 1546 116 28 areas
1905 1533 43 40 in

336 1599 74 41 the
441 1613 101 40 grey
576 1602 158 38 matter
771 1599 45 40 of
850 1599 169 42 Broca's
1057 1600 546 56 convolution—although
1642 1602 309 42 experimental

334 1669 259 55 physiology
616 1670 36 40 is
675 1669 172 55 already
871 1670 209 56 affording
1102 1670 185 56 grounds
1311 1671 65 41 for
1398 1671 72 41 the
1493 1671 132 42 belief
1653 1672 94 42 that
1769 1673 105 41 such
1896 1687 54 27 an

335 1741 191 55 analysis
549 1741 90 41 will
662 1741 52 41 be
747 1741 189 55 possible
968 1746 45 37 at
1044 1756 54 27 no
1133 1742 165 41 distant
1320 1742 233 42 date,—let
1573 1757 50 28 us
1645 1748 146 37 return
1814 1750 42 35 to
1879 1744 73 41 the

334 1811 314 42 consideration
688 1811 43 41 of
768 1811 73 42 the
878 1812 318 42 characteristic
1234 1813 185 41 features
1453 1813 42 40 of
1523 1818 138 36 motor
1691 1813 186 55 aphasia,
1908 1827 45 28 as

334 1881 224 42 exhibited
581 1881 45 41 in
650 1881 72 41 the
746 1881 257 54 production
1025 1881 44 41 of
1091 1882 165 54 spoken
1279 1881 164 55 speech.

391 1951 168 42 Ataxia
595 1952 277 54 (Asynergia)
922 1952 189 41 Verbalis
1142 1952 50 40 in
1227 1952 136 41 Motor
1394 1951 358 55 Aphasia.—The
1783 1952 171 55 leading

335 2023 166 41 feature
523 2023 44 40 of
588 2027 140 37 motor
750 2022 188 55 aphasia,
961 2022 127 41 when
1110 2022 37 40 it
1167 2023 36 40 is
1228 2021 96 42 well
1350 2022 188 41 marked,
1560 2022 36 41 is
1629 2022 95 41 that
1755 2022 72 42 the
1858 2037 95 40 pro-

334 2093 178 41 duction
527 2093 46 41 of
590 2093 136 41 words
742 2093 35 41 is
791 2106 208 28 rendered
1017 2091 260 56 impossible,
1292 2097 164 49 except,
1471 2092 34 40 it
1522 2106 95 40 may
1633 2092 64 41 be,
1711 2092 44 40 in
1771 2092 71 42 the
1857 2107 94 27 case

382 2185 12 23 1
421 2185 119 35 There
558 2197 60 23 are
636 2196 101 36 upon
756 2184 125 35 record
899 2196 21 23 a
937 2195 159 23 number
1114 2182 39 36 of
1167 2182 106 37 other
1291 2195 96 24 eases
1404 2182 38 37 in
1470 2183 123 35 which
1619 2182 178 48 paralysis
1823 2183 39 36 of
1885 2196 68 23 one

334 2244 104 36 vocal
456 2245 86 35 cord
561 2257 73 23 was
652 2244 205 36 attributed
875 2247 37 32 to
931 2256 48 23 an
1003 2243 147 36 organic
1175 2243 117 35 lesion
1318 2243 41 34 in
1384 2242 63 35 the
1473 2246 165 43 opposite
1663 2242 230 47 hemisphere
1918 2243 39 36 of

333 2304 64 36 the
414 2304 119 35 brain,
553 2304 63 35 the
634 2309 97 30 most
749 2304 203 46 important
969 2303 112 46 being
1098 2302 54 47 (1)
1171 2314 20 23 a
1209 2314 79 23 case
1306 2301 166 48 reported
1491 2302 50 46 by
1559 2302 108 35 Garel
1698 2302 175 41 (Annates
1897 2302 56 36 des

333 2364 178 36 maladies
528 2364 40 36 de
594 2364 141 35 Poreille
759 2369 29 29 et
805 2365 49 34 du
875 2364 136 45 larynx,
1032 2362 89 46 May
1140 2362 117 46 1886),
1277 2362 41 34 in
1340 2361 122 35 whicli
1488 2373 21 23 a
1534 2361 177 47 paralysis
1737 2361 40 36 of
1798 2361 63 36 the
1886 2361 66 36 left

335 2422 103 36 vocal
466 2423 86 35 cord
578 2435 75 23 was
678 2421 205 36 attributed
909 2425 37 31 to
977 2421 186 36 softening
1193 2421 39 34 of
1257 2419 63 36 the
1350 2419 77 36 foot
1456 2420 39 35 of
1521 2420 63 36 the
1613 2420 100 47 right
1740 2420 213 48 Ascending

334 2482 154 36 Frontal
506 2481 250 36 convolution,
776 2481 73 35 and
868 2481 52 46 (2)
940 2493 21 23 a
979 2492 78 23 case
1077 2480 47 35 by
1145 2479 110 36 Garel
1279 2479 73 35 and
1379 2480 76 34 Dor
1479 2479 123 46 (Ibid.,
1631 2479 107 47 April
1769 2479 116 45 1890),
1911 2480 39 35 in

334 2541 123 36 which
474 2554 21 23 a
513 2541 179 48 paralysis
710 2541 40 35 of
764 2552 68 24 one
851 2540 86 35 cord
955 2551 72 24 was
1044 2538 203 36 attributed
1265 2542 37 31 to
1320 2551 20 23 a
1358 2538 108 35 small
1488 2538 116 36 lesion
1630 2538 40 35 in
1695 2538 63 36 the
1785 2539 165 35 Internal

335 2601 159 36 Capsule
512 2601 40 36 of
565 2600 64 36 the
647 2604 166 44 opposite
829 2598 243 36 hemisphere.
1126 2597 96 35 Both
1242 2609 95 23 cases
1355 2597 78 35 will
1451 2597 44 36 be
1512 2597 115 34 found
1652 2598 108 45 given
1787 2598 97 46 fully
1910 2598 39 35 in

333 2660 64 35 the
415 2659 129 36 Thesis
563 2660 50 35 by
632 2659 43 35 R.
697 2658 209 47 Mongorge,
935 2657 156 35 entitled
1117 2657 115 35 Etude
1257 2668 61 23 sur
1344 2657 46 34 les
1414 2656 290 46 LarijngopMgics
1737 2656 213 44 Unilateral,

336 2720 116 48 Lyon,
474 2722 104 34 1890.
632 2718 105 36 They
754 2729 60 24 are
842 2716 181 36 criticised
1046 2716 51 47 by
1116 2716 133 35 Semon
1272 2715 218 47 (Virchow's
1507 2715 215 46 Festschrift,
1742 2715 70 36 vol.
1832 2715 54 35 iii.
1913 2727 36 35 p.

336 2780 97 47 432),
458 2791 84 24 who
565 2778 109 36 holds
699 2777 83 36 that
807 2789 98 24 some
925 2776 118 36 lesion
1066 2776 111 35 lower
1201 2775 107 37 down
1332 2775 40 34 in
1395 2774 64 36 the
1481 2778 119 32 motor
1621 2778 93 32 tract
1736 2779 97 30 must
1859 2774 90 34 have

334 2840 94 37 been
453 2838 231 38 overlooked,
707 2837 74 36 and
810 2837 124 47 points
968 2839 38 32 to
1037 2835 64 36 the
1134 2835 74 35 fact
1240 2834 92 44 that,
1362 2834 40 35 in
1431 2833 63 37 the
1528 2834 212 47 experience
1772 2832 40 36 of
1841 2844 109 34 every

334 2900 206 48 physician,
570 2898 118 35 lesion
710 2897 42 35 in
775 2895 63 36 the
863 2896 75 35 foot
967 2895 40 35 of
1033 2894 63 35 the
1126 2892 211 49 Ascending
1369 2893 160 44 Frontal,
1561 2905 39 23 or
1633 2893 37 34 in
1699 2892 60 35 the
1786 2889 163 42 Internal

336 2958 172 49 Capsule,
522 2957 86 36 does
625 2959 66 33 not
707 2966 161 37 produce
882 2953 63 36 the
959 2953 72 36 loss
1049 2952 40 37 of
1102 2964 102 25 voice
1221 2952 123 36 which
1370 2950 123 37 would
1517 2950 116 37 result
1656 2950 92 36 from
1775 2960 177 36 paralysis

336 3019 39 37 of
390 3032 69 24 one
476 3016 105 38 vocal
599 3015 95 37 cord.
