1933 3302
314 166 226 32 Maassregeln
564 165 60 31 der
647 165 161 41 heutigen
834 164 153 40 Hygiene
1011 171 107 32 gegen
1144 162 65 31 den
1234 159 277 43 Hospitalbrand.

1664 160 49 38 91

121 288 70 24 wir
236 273 99 38 wohl
376 285 271 26 voraussetzen
687 272 175 37 können,
907 270 62 37 bei
1013 269 86 37 dem
1141 268 186 49 heutigen
1368 267 190 50 Regimen
1603 268 113 35 unter

122 328 301 49 einigermassen
443 329 120 47 guten
584 324 302 39 antiseptischen
903 322 296 39 Verhältnissen
1222 322 128 37 weder
1372 321 59 38 die
1453 320 263 38 Instrumente

119 380 100 39 noch
249 381 59 37 die
338 380 139 38 Hände
508 380 66 37 der
607 378 260 50 Operateure,
904 377 246 38 Assistenten
1187 375 78 37 und
1301 375 178 45 Wärter,
1519 373 99 39 noch
1656 373 60 37 die

119 434 298 39 Verbandstoffe
438 446 91 25 oder
551 430 558 49 Desinfectionsflüssigkeiten
1140 428 434 50 Hospitalbrandkeime
1596 427 37 38 in
1656 427 61 37 die

121 488 182 38 Wunden
321 488 161 37 bringen
497 486 168 37 würden.
688 485 233 49 Diejenigen
940 482 613 39 Wundinfectionskrankheiten,
1570 480 147 39 welche

122 542 52 38 im
203 541 203 38 Hospitale
436 540 121 38 selbst
586 539 73 37 den
689 538 184 38 Wunden
904 550 240 37 zugetragen
1175 536 167 46 werden,
1374 536 84 37 sind
1476 537 99 48 jetzt
1599 536 117 36 über-

121 596 122 37 haupt
271 594 89 38 sehr
388 607 63 24 rar
481 605 230 38 geworden;
742 606 72 23 nur
845 592 65 37 das
931 591 182 50 Erysipel
1134 590 67 38 hat
1221 589 97 38 noch
1341 603 61 24 am
1423 589 178 49 längsten
1624 602 94 24 aber

122 648 98 38 doch
248 648 97 38 auch
374 648 136 36 immer
540 646 172 49 weniger
733 646 60 37 die
815 644 226 39 Schranken
1062 645 67 38 der
1151 643 226 39 Antiseptik
1399 642 317 44 durchbrochen;

121 702 48 38 ob
200 702 86 37 dem
314 699 302 39 Hospitalbrand
648 700 80 37 dies
756 699 162 38 leichter
955 699 185 50 gelingen
1177 698 157 38 würde,
1366 697 112 37 weiss
1507 696 62 38 ich
1598 699 118 42 nicht,

121 753 318 40 wahrscheinlich
468 766 93 24 aber
590 752 203 38 schwerer.
838 752 188 38 Dennoch
1047 753 139 37 wissen
1207 752 81 37 wir,
1321 752 86 36 dass
1428 749 98 39 auch
1546 750 62 37 bei
1630 750 88 38 dem

120 809 135 37 besten
286 806 299 50 antiseptischen
615 806 190 38 Regimen
835 807 76 37 und
941 808 100 36 trotz
1073 807 65 37 des
1175 805 119 38 durch
1332 817 139 25 unsere
1509 803 209 38 Verbände

121 861 274 38 angestrebten
426 860 222 37 dauernden
678 860 305 38 antiseptischen
1013 859 186 38 Schutzes
1221 860 60 37 die
1302 857 258 39 Möglichkeit
1580 871 137 24 secun-

121 915 113 37 därer
272 913 190 38 Infection
491 913 107 38 nicht
627 914 120 50 völlig
777 913 319 50 ausgeschlossen
1125 914 61 37 ist.
1245 912 238 38 Betrachten
1513 911 69 37 wir
1612 924 31 24 z.
1673 910 44 38 B.

121 968 61 38 die
211 968 143 37 inficirt
383 968 328 37 übernommenen
742 967 200 38 eiternden
973 967 57 38 oft
1058 968 108 36 stark
1197 979 294 25 absondernden
1521 964 197 40 Wunden.

119 1021 120 39 Jeder
267 1020 221 50 praktische
519 1020 166 38 Chirurg
714 1022 96 36 wird
840 1021 191 50 zugel)en,
1063 1021 86 38 dass
1180 1034 39 24 es
1235 1020 84 38 hier
1340 1033 114 24 unter
1474 1018 245 38 Umständen

119 1078 107 35 nicht
254 1074 169 50 möglich
451 1075 70 37 ist,
559 1074 184 38 während
782 1076 67 36 der
886 1088 151 37 ganzen
1066 1077 114 35 meist
1209 1074 88 38 sehr
1325 1074 144 37 langen
1497 1072 134 38 Dauer
1660 1072 59 38 bis

121 1143 66 23 zur
208 1128 174 38 Heilung
403 1128 111 38 einen
535 1128 203 37 absoluten
759 1127 141 39 Schutz
922 1142 127 37 gegen
1070 1129 67 37 das
1158 1128 242 37 Eindringen
1421 1140 76 24 von
1518 1125 203 39 Microben

122 1196 75 24 von
225 1182 153 38 Aussen
408 1196 46 23 zu
485 1182 235 49 garantiren.
778 1182 120 38 Nicht
928 1182 170 38 sicherer
1134 1182 104 38 steht
1268 1195 39 24 es
1334 1181 72 37 mit
1433 1181 74 37 den
1535 1179 186 38 Wunden

121 1237 40 36 in
182 1236 66 38 der
268 1235 113 39 Nähe
403 1249 75 24 von
497 1235 133 46 Mund,
651 1235 117 46 Nase,
799 1235 115 39 After
935 1239 85 35 etc.,
1051 1236 70 37 mit
1142 1236 135 37 denen,
1308 1234 145 38 welche
1475 1235 67 37 der
1563 1233 155 39 Durch-

122 1303 171 24 nässung
321 1292 70 35 mit
427 1288 117 48 Urin,
581 1288 180 50 Speichel
794 1292 71 35 etc.
905 1292 223 36 ausgesetzt
1162 1290 96 37 sind.
1315 1289 50 38 Ja
1401 1289 122 37 selbst
1559 1287 63 38 für
1657 1287 61 38 die

122 1342 222 51 anfänglich
366 1356 99 37 ganz
486 1343 301 49 antiseptischen
808 1343 196 38 Wunden,
1034 1343 64 37 bei
1119 1344 123 36 denen
1265 1342 196 50 derartige
1481 1341 237 50 ungünstige

122 1396 216 38 Umstände
368 1410 106 24 nicht
503 1396 204 38 obwalten,
737 1396 95 38 lässt
853 1398 60 36 die
935 1396 251 38 Schutzkraft
1207 1397 65 37 des
1294 1395 302 39 antiseptischen
1617 1394 101 38 Ver-

122 1451 145 37 bandes
294 1452 38 48 je
361 1450 137 50 länger
529 1464 40 24 er
597 1450 98 50 liegt
724 1450 107 38 desto
860 1450 110 38 mehr
1004 1450 119 38 nach,
1162 1451 115 36 theils
1314 1443 121 44 durch
1469 1448 248 46 Lockerung,

122 1503 307 50 Verschiebung,
460 1503 359 50 Durchfeuchtung,
849 1504 115 38 theils
995 1504 120 38 durch
1143 1503 275 49 Erschöpfung
1449 1503 66 37 des
1545 1503 173 48 antisep-

121 1557 150 37 tischen
284 1557 147 38 Agens.
461 1557 78 38 Am
554 1557 135 37 besten
704 1557 162 38 beweist
882 1558 66 37 das
965 1557 209 38 Auftreten
1190 1558 79 36 und
1285 1558 59 36 die
1361 1556 267 38 Verbreitung
1649 1557 69 36 der

122 1611 140 37 blauen
282 1611 192 37 Eiterung
496 1611 66 37 das
583 1610 263 38 Vorkommen
872 1616 232 33 secundärer
1125 1610 191 38 Infection
1344 1623 113 24 unter
1486 1609 231 38 bewährten

124 1665 298 37 antiseptischen
451 1663 307 38 Verhältnissen.
816 1664 241 38 Keinenfalls
1097 1678 80 24 also
1216 1664 128 38 dürfte
1379 1677 72 24 uns
1479 1663 238 50 heutzutage

125 1718 59 37 die
205 1717 278 38 Anwesenheit
512 1731 73 24 von
607 1717 462 49 Hospitalbrandkeimen
1091 1718 39 37 in
1151 1719 74 36 den
1244 1717 300 38 Krankensälen
1566 1717 150 50 gleich-

125 1771 115 51 giltig
270 1772 92 36 sein.
420 1770 126 39 Unter
576 1770 101 38 allen
707 1770 245 39 Umständen
981 1774 145 35 müsste
1157 1771 189 38 vielmehr
1377 1771 60 37 die
1467 1770 252 50 Entfernung

125 1825 78 37 und
223 1823 257 39 Sterilisation
506 1838 74 24 von
610 1824 125 38 allem,
767 1839 77 23 was
865 1828 72 35 mit
956 1824 489 39 Hospitalbrandmaterial
1473 1824 247 38 beschmutzt

125 1879 69 37 ist,
233 1891 41 24 so
308 1878 90 37 bald
426 1878 56 37 als
510 1878 175 38 thunlich
721 1879 79 37 und
836 1879 71 37 mit
943 1880 236 37 besonderer
1209 1878 175 51 Sorgfalt
1413 1891 306 37 vorgenommen

128 1932 164 37 werden.
350 1931 96 37 Was
489 1932 59 37 die
586 1931 183 38 Methode
809 1933 67 37 der
907 1931 260 39 Sterilisation
1206 1934 67 36 der
1311 1934 71 36 mit
1411 1931 308 50 Hospitalbrand

125 1985 39 37 in
193 1984 233 50 Berührung
463 1998 229 37 gewesenen
723 1984 274 51 Gegenstände
1027 1987 165 37 betrifft,
1234 1999 40 25 so
1311 1986 170 37 brauche
1521 1985 62 38 ich
1621 1985 98 38 auch

129 2038 97 38 wohl
254 2039 116 36 kaum
400 2038 338 46 hervorzuheben,
778 2039 86 38 dass
902 2040 60 37 die
1000 2042 240 48 genannten,
1279 2039 135 38 früher
1452 2039 267 50 gebrauchten

125 2091 378 38 Ausräucherungen
524 2094 70 35 mit
614 2091 147 47 Chlor-,
783 2092 237 47 Salzsäure-,
1043 2092 327 51 Salpetersäure-,
1392 2093 150 49 Essig-,
1567 2092 149 38 Theer-

128 2145 180 48 dämpfen
344 2146 262 49 ungenügend
641 2146 101 45 sind,
783 2147 85 37 dass
907 2146 188 38 vielmehr
1136 2147 63 37 für
1235 2147 73 37 alle
1345 2146 370 46 Kleidungsstücke,

128 2197 116 38 Leib-
274 2199 78 36 und
379 2198 255 46 Bettwäsche,
666 2199 150 47 Kissen,
848 2200 217 38 Matratzen
1096 2203 70 34 etc.
1189 2214 71 23 nur
1291 2200 67 37 der
1386 2199 126 38 heisse
1537 2199 180 38 Wasser-

129 2251 135 48 dampf
288 2252 39 36 in
355 2251 214 38 bekannter
597 2252 132 38 Weise
759 2266 47 24 zu
842 2254 233 37 verwenden
1112 2254 61 37 ist.
1231 2253 85 37 Auf
1349 2253 87 37 dem
1474 2252 154 38 Lande,
1664 2253 54 37 im

128 2304 145 38 Kriege
303 2305 154 36 werden
485 2305 106 37 nicht
617 2305 137 37 immer
784 2306 132 46 sofort,
947 2307 96 37 auch
1065 2306 101 38 wohl
1186 2306 220 38 überhaupt
1424 2305 107 38 nicht
1551 2306 166 50 Dampf-

129 2358 453 49 sterilisationsapparate
613 2372 66 23 zur
709 2358 116 38 Hand
854 2360 100 45 sein,
993 2361 177 36 indessen
1202 2359 155 38 dürften
1386 2359 80 38 sich
1496 2359 129 38 solche
1655 2360 64 37 bei

129 2413 133 47 gutem
290 2410 147 38 Willen
466 2411 115 37 schon
609 2411 270 49 improvisiren
919 2413 148 37 lassen,
1109 2413 71 37 wie
1221 2414 66 36 das
1322 2414 41 48 ja
1406 2412 97 38 auch
1540 2413 63 37 für
1645 2414 73 37 den

129 2464 308 49 Hausgebrauch
466 2464 303 50 vorgeschlagen
799 2465 61 37 ist,
892 2479 30 23 z.
953 2466 44 37 B.
1029 2480 67 23 aus
1127 2466 126 37 einem
1281 2465 130 47 Fasse,
1444 2467 137 37 dessen
1611 2467 106 37 einer

130 2517 133 37 Boden
293 2519 169 36 entfernt
490 2517 108 46 wird,
629 2518 184 37 während
832 2519 53 36 im
914 2520 169 36 anderen
1112 2519 135 37 Boden
1276 2520 60 36 ein
1367 2519 107 38 Loch
1505 2533 88 24 zum
1613 2519 103 38 Aus-

130 2575 168 33 strömen
328 2571 64 37 des
422 2570 187 50 Dampfes
639 2572 239 48 angebracht
906 2572 106 38 wird.
1058 2572 79 38 Das
1159 2572 93 38 Fass
1283 2573 95 37 wird
1407 2573 71 37 mit
1508 2573 74 37 den
1602 2573 114 37 Mon-

130 2624 193 49 tirungen,
345 2624 66 37 der
427 2624 168 37 Wäsche
618 2626 70 35 etc.
711 2624 199 38 beschickt
929 2626 77 36 und
1025 2640 78 23 nun
1124 2626 70 37 mit
1215 2627 86 36 dem
1322 2626 151 37 offenen
1502 2626 110 38 Ende
1648 2626 74 38 auf

132 2677 110 36 einen
271 2677 105 36 stark
406 2677 206 37 siedenden
641 2690 159 37 grossen
836 2677 275 39 Waschkessel
1145 2681 151 48 gesetzt
1335 2679 77 37 und
1447 2683 120 33 unten
1606 2693 31 24 z.
1671 2679 44 38 B.

131 2730 70 36 mit
229 2743 148 24 nassem
407 2730 187 38 Erdreich
624 2730 208 50 gedichtet.

260 2781 134 39 Gehen
422 2783 70 37 wir
520 2797 47 23 zu
597 2784 72 37 den
699 2784 98 37 oben
826 2785 235 46 erwähnten,
1092 2785 99 38 nach
1210 2785 258 50 Beseitigung
1498 2786 67 37 der
1595 2787 123 37 direct

131 2835 191 38 inficirten
360 2834 270 51 Gegenstände
669 2837 193 37 eventuell
899 2838 96 37 doch
1033 2838 98 37 noch
1169 2838 398 47 zurückbleibenden,
1612 2839 107 39 nicht

134 2888 342 37 wahrnehmbaren
506 2889 137 38 Keime
674 2890 66 37 der
770 2889 219 39 Krankheit
1018 2892 105 36 über.
1182 2891 155 49 Fragen
1376 2892 85 45 wir,
1501 2892 47 37 ob
1587 2893 130 38 solche

134 2941 97 38 auch
259 2942 38 37 in
328 2942 72 37 den
428 2941 107 38 nicht
564 2943 122 37 direct
714 2942 211 39 berührten
957 2943 257 39 Oberflächen
1250 2945 67 37 der
1347 2944 148 38 Räume
1534 2946 78 38 und
1651 2947 67 37 der
