2113 3404
685 332 86 31 THE
804 333 275 33 PHYSIOLOGY
1110 335 53 32 OF
1194 337 87 31 THE
1313 338 476 37 LARYNX.—APPENDIX.

408 321 88 42 464

404 445 53 48 by
489 445 64 38 the
587 446 188 49 epiglottis
809 447 194 48 depressed
1035 449 268 51 mechanically
1338 453 49 47 by
1419 453 63 37 the
1515 454 219 49 alimentary
1768 456 255 39 bolus,"1—an

406 503 238 47 explanation
670 503 122 37 which
817 508 101 32 must
942 504 95 38 have
1062 508 179 46 appeared
1267 509 228 47 improbable
1519 516 38 31 to
1582 524 74 24 any
1673 524 68 24 one
1760 513 81 35 who
1867 515 157 45 thought

406 558 40 37 of
461 559 90 36 such
568 572 48 24 an
633 566 257 42 arrangement
907 563 206 46 protecting
1130 564 63 36 the
1211 565 131 47 larynx
1360 567 94 35 from
1475 567 110 37 fluids
1601 581 38 23 as
1658 569 85 35 well
1759 581 39 24 as
1815 569 122 37 solidb.
1989 573 34 33 A

405 617 134 35 second
564 617 74 35 and
664 618 112 35 much
802 630 100 24 more
928 620 190 47 currently
1142 622 171 46 accepted
1331 622 130 48 theory
1478 624 40 45 is,
1537 624 81 36 that
1643 625 134 47 during
1802 625 221 48 deglutition

404 672 64 36 the
485 677 82 32 root
584 673 39 36 of
638 673 63 36 the
719 678 135 43 tongue
872 675 31 35 is
920 675 142 47 pushed
1089 676 226 37 downwards
1332 691 101 35 upon
1454 679 63 36 the
1535 681 195 46 epiglottis,
1750 682 120 35 which
1889 683 30 35 is
1936 683 87 36 thus

402 729 42 35 in
461 729 49 36 its
527 733 89 33 turn
643 730 193 48 depressed
861 743 101 35 upon
988 732 63 35 the
1076 732 143 48 larynx.
1271 734 91 36 This
1387 736 94 34 view
1499 737 30 33 is
1546 737 174 35 modified
1745 738 49 46 by
1812 750 108 33 some,
1941 739 81 36 who

404 797 158 36 suppose
595 786 82 36 that
706 786 108 36 when
845 787 63 41 the
937 787 132 47 larynx
1097 789 32 35 is
1158 789 176 37 elevated,
1365 791 64 35 the
1458 791 186 47 epiglottis
1678 798 98 31 must
1805 794 44 35 be
1878 795 145 46 pressed

404 842 173 47 upwards
594 843 143 46 against
754 843 63 35 the
835 843 85 35 base
938 843 41 35 of
993 843 62 36 the
1072 849 146 42 tongue,
1238 846 121 35 which
1377 847 40 35 in
1435 847 86 35 thus
1544 848 168 47 effecting
1729 850 46 34 its
1793 849 139 36 closure
1949 855 74 31 acts

405 899 64 35 the
487 903 82 43 part
587 899 89 47 only
695 899 38 36 of
746 911 22 24 a
785 900 143 46 passive
946 904 120 43 agent,
1084 912 39 24 as
1140 901 31 35 it
1188 914 103 23 were.
1330 902 169 47 Thirdly,
1518 904 31 34 it
1566 904 31 34 is
1614 905 226 35 maintained
1861 905 80 36 that
1958 907 63 35 the

403 955 122 35 action
550 955 41 35 in
617 955 172 47 question
806 955 30 35 is
854 956 269 46 accomplished
1150 957 116 47 solely
1289 958 49 46 by
1356 958 63 36 the
1445 959 134 47 special
1604 960 186 46 depressor
1814 961 155 36 muscles
1986 962 40 35 of

403 1011 64 36 the
485 1011 198 47 epiglottis,
701 1011 74 35 and
793 1011 81 35 that
891 1011 93 36 after
1001 1012 63 35 the
1081 1025 149 34 passage
1248 1014 39 35 of
1309 1014 64 35 the
1398 1014 106 36 bolus
1529 1015 63 35 the
1610 1015 106 36 valve
1734 1017 30 34 is
1781 1017 114 35 raised
1915 1017 105 47 again

404 1069 83 47 "by
513 1069 49 35 its
589 1080 84 24 own
701 1068 184 46 elasticity
911 1069 73 35 and
1014 1069 81 35 that
1123 1071 39 34 of
1187 1070 48 35 its
1263 1070 233 47 ligaments."
1547 1071 90 35 This
1666 1072 104 45 view,
1799 1073 120 35 which
1949 1086 71 23 was

402 1125 177 47 formerly
603 1124 259 47 promulgated
888 1124 50 46 by
964 1125 199 46 Santorini,
1183 1126 65 35 has
1273 1126 117 47 lately
1417 1127 91 36 been
1533 1128 199 46 supported
1757 1129 50 46 by
1832 1129 186 45 Czermak,

402 1181 84 36 who
512 1181 207 44 concludes,
746 1181 95 35 from
866 1181 58 35 his
950 1182 245 46 experiments
1219 1182 92 35 with
1337 1182 62 36 the
1425 1183 372 48 auto-laryngoscope,
1820 1184 81 36 that
1927 1185 94 37 "the

402 1238 188 47 epiglottis
607 1238 32 35 is
655 1242 67 31 not
738 1237 185 48 passively
937 1238 203 46 depressed,
1155 1237 56 36 for
1228 1238 167 47 example
1412 1239 50 35 by
1478 1239 63 35 the
1559 1239 83 36 base
1661 1239 39 36 of
1713 1240 63 35 the
1793 1245 145 41 tongue,
1953 1241 67 36 but

401 1295 76 36 this
495 1295 212 36 depression
720 1295 31 35 is
765 1294 164 36 actually
943 1294 130 36 caused
1087 1294 50 46 by
1152 1294 63 36 the
1228 1307 132 34 proper
1374 1295 156 35 muscles
1545 1295 37 36 of
1598 1295 62 36 the
1675 1296 184 47 epiglottis
1872 1298 149 35 itself."2

400 1351 37 35 A
463 1351 125 36 tactile
615 1351 250 36 examination
884 1351 39 35 of
946 1351 63 35 the
1027 1350 186 48 epiglottis
1231 1351 135 47 during
1391 1351 222 47 deglutition
1638 1352 97 47 fully
1753 1353 167 35 confirms
1946 1355 73 35 this

401 1420 198 24 statement
616 1409 41 34 in
674 1420 38 24 so
727 1408 54 36 far
798 1420 39 24 as
851 1408 29 35 it
893 1408 111 35 refers
1021 1411 38 32 to
1077 1407 63 35 the
1158 1407 84 35 base
1257 1407 38 35 of
1310 1407 63 35 the
1391 1411 144 43 tongue.
1589 1408 78 36 The
1685 1409 139 47 theory,
1838 1409 179 45 however,

400 1465 82 35 that
500 1465 63 35 the
581 1465 123 35 action
721 1464 39 35 of
775 1464 47 36 its
841 1463 135 48 special
994 1465 188 45 depressor
1205 1464 158 36 muscles
1381 1464 29 35 is
1428 1464 63 36 the
1516 1464 74 36 sole
1607 1477 137 35 agency
1762 1465 120 36 which
1898 1466 120 36 effects

400 1522 63 35 the
481 1522 148 35 descent
644 1521 39 36 of
697 1521 64 36 the
774 1521 119 35 valve,
907 1521 31 35 is
953 1525 76 31 met
1041 1521 51 35 by
1105 1533 20 23 a
1140 1520 136 36 serious
1294 1521 192 46 objection.
1532 1521 80 44 For,
1627 1521 63 36 the
1709 1521 184 48 epiglottis
1909 1522 110 48 being

400 1578 118 36 raised
536 1578 94 35 after
654 1578 64 35 the
744 1589 150 36 passage
920 1577 40 35 of
981 1577 64 36 the
1070 1577 179 35 bolus—"
1261 1577 50 46 by
1328 1577 47 35 its
1401 1589 83 23 own
1509 1576 182 48 elasticity
1708 1578 73 34 and
1805 1578 81 35 that
1911 1578 39 35 of
1972 1579 47 35 its

400 1635 198 35 ligaments
611 1633 100 36 "—it
737 1633 188 47 naturally
944 1633 152 35 follows,
1116 1632 32 35 if
1162 1645 54 23 we
1233 1637 125 31 accept
1383 1632 74 36 this
1483 1637 204 41 statement,
1707 1633 90 45 that,
1816 1634 40 35 in
1881 1646 136 24 accom-

400 1691 165 47 plishing
582 1691 48 35 its
649 1690 221 47 depression,
889 1690 63 35 the
970 1689 156 35 muscles
1151 1693 100 31 must
1276 1688 93 36 have
1395 1701 186 23 overcome
1599 1701 98 23 some
1714 1690 193 36 resistance
1925 1690 92 36 from

398 1748 103 35 these
519 1748 206 34 ligaments.
778 1746 80 36 One
876 1745 133 44 would,
1025 1745 190 44 therefore,
1231 1749 127 42 expect
1376 1749 35 31 to
1429 1744 77 34 find
1520 1757 20 22 a
1553 1744 256 47 development
1827 1745 38 35 of
1879 1747 138 35 muscle

398 1807 292 32 commensurate
716 1806 93 31 with
834 1801 91 36 such
950 1802 195 34 resistance
1162 1814 8 29 ;
1195 1801 70 35 but
1289 1813 21 22 a
1336 1801 194 34 dissection
1558 1800 38 35 of
1619 1800 62 35 the
1708 1806 98 41 parts
1831 1801 118 36 shows
1974 1814 43 24 us

397 1861 83 35 that
497 1860 103 36 these
617 1860 205 35 depressors
849 1857 39 36 of
910 1857 63 36 the
999 1857 187 47 epiglottis
1211 1869 61 23 are
1297 1869 98 23 mere
1420 1856 85 35 thin
1528 1856 116 36 bands
1661 1859 40 32 of
1714 1858 185 35 muscular
1916 1858 100 44 fibre,

398 1918 134 35 which,
552 1918 31 34 if
605 1917 64 35 the
685 1917 135 35 larynx
843 1915 47 35 be
914 1919 67 31 not
1006 1913 316 47 well-developed,
1340 1925 60 23 are
1424 1917 61 32 too
1510 1918 64 42 apt
1590 1918 38 31 to
1646 1926 124 35 escape
1788 1926 229 24 observation

398 1974 214 47 altogether.
664 1972 134 48 Again,
817 1972 31 34 if
862 1983 55 24 we
934 1975 87 31 turn
1040 1974 38 32 to
1096 1970 64 35 the
1186 1970 112 35 lower
1323 1969 167 45 animals,
1509 1981 54 24 we
1587 1969 79 35 find
1690 1970 40 35 in
1748 1972 135 33 certain
1901 1970 39 36 of
1953 1971 63 35 the

397 2030 239 37 ruminantia,
655 2041 21 23 a
694 2033 125 31 strong
836 2027 140 35 muscle
994 2026 170 36 attached
1180 2030 38 31 to
1237 2025 62 35 the
1317 2025 99 35 front
1433 2024 39 36 of
1494 2025 63 35 the
1575 2025 185 47 epiglottis
1776 2027 72 34 and
1867 2027 149 35 stretch-

397 2088 65 47 ing
480 2086 185 37 forwards,
681 2086 40 34 in
735 2096 110 24 some,
860 2084 79 35 into
958 2083 63 35 the
1039 2094 194 24 substance
1247 2081 39 36 of
1300 2081 64 35 the
1377 2085 146 43 tongue,
1538 2081 72 35 and
1628 2082 40 34 in
1682 2081 131 46 others,
1828 2082 62 35 the
1908 2095 109 35 sheep

397 2145 57 37 for
484 2143 178 48 example,
693 2141 172 36 dividing
893 2140 42 35 in
963 2139 101 35 front
1092 2139 79 35 into
1198 2142 74 32 two
1300 2149 191 35 processes,
1521 2137 86 35 each
1638 2137 38 36 of
1703 2138 121 35 which
1853 2139 164 36 becomes

398 2201 171 37 attached
587 2205 37 31 to
639 2212 69 23 one
721 2198 39 36 of
774 2198 64 35 the
856 2195 203 49 stylo-hyal
1076 2196 122 40 bones,
1213 2196 81 46 just
1310 2194 114 36 above
1438 2194 96 36 their
1547 2194 233 36 articulation
1793 2199 37 31 to
1844 2195 63 35 the
1921 2196 97 35 front

399 2259 39 35 of
453 2259 63 35 the
534 2269 38 24 os
589 2256 164 35 hyoides.
807 2253 105 36 With
937 2253 64 35 the
1028 2256 180 32 existence
1227 2250 39 36 of
1288 2250 74 35 this
1389 2255 125 41 strong
1539 2249 158 36 elevator
1714 2250 137 36 muscle
1870 2263 52 22 we
1940 2252 77 34 find

397 2328 48 23 no
472 2312 286 49 corresponding
784 2310 260 36 development
1070 2308 39 35 of
1132 2307 62 36 the
1220 2307 214 46 depressors,
1454 2306 89 47 they
1567 2318 60 24 are
1652 2306 86 36 here
1762 2318 38 24 as
1817 2307 102 35 weak
1944 2309 71 34 and

397 2372 84 36 thin
500 2383 38 24 as
555 2371 40 34 in
610 2370 64 35 the
691 2369 142 35 human
851 2367 151 35 subject.
1056 2365 37 35 It
1110 2366 40 43 is,
1170 2364 101 44 then,
1291 2375 89 35 very
1397 2363 227 47 improbable
1642 2363 90 45 that,
1751 2363 40 35 in
1808 2363 209 48 depressing

397 2429 63 35 the
478 2439 198 37 epiglottis,
691 2426 89 35 they
798 2435 106 24 alone
923 2421 134 37 should
1076 2421 43 35 be
1137 2420 63 35 the
1217 2424 127 41 agents
1363 2419 204 47 employed.
1620 2419 67 35 Let
1706 2431 42 24 us
1765 2432 57 23 see
1839 2419 38 44 if,
1896 2420 38 34 in
1953 2420 63 35 the

398 2497 234 36 phenomena
663 2482 39 36 of
728 2480 234 46 deglutition,
993 2491 55 23 we
1078 2489 67 24 can
1174 2476 79 36 find
1282 2476 182 47 anything
1492 2475 123 35 which
1643 2488 85 33 may
1757 2476 131 35 render
1917 2475 100 36 them

399 2545 205 33 assistance.

449 2597 121 36 When
589 2595 64 36 the
671 2605 99 36 parts
789 2590 201 38 concerned
1016 2589 40 35 in
1082 2588 63 36 the
1170 2592 58 31 act
1246 2587 39 36 of
1307 2587 226 47 swallowing
1557 2599 60 23 are
1634 2586 177 47 carefully
1829 2587 187 44 dissected,

400 2660 74 31 two
492 2654 195 35 ligaments
705 2662 60 23 are
782 2647 118 36 found
919 2645 120 37 which
1065 2657 59 24 are
1151 2644 175 48 specially
1345 2643 156 47 adapted
1518 2647 36 31 to
1573 2647 152 42 support
1745 2642 62 36 the
1833 2643 184 47 epiglottis

400 2724 110 25 when
527 2710 64 35 the
617 2708 133 35 larynx
767 2706 31 34 is
815 2708 38 32 at
870 2703 100 36 rest.3

449 2767 111 36 First,
578 2764 103 36 there
698 2763 32 34 is
747 2761 62 35 the
826 2770 298 36 glosso-epiglottic
1149 2757 187 46 ligament.
1387 2756 90 34 This
1502 2755 66 35 has
1591 2754 93 36 been
1708 2755 117 36 called
1850 2755 49 47 by
1917 2767 98 24 some

399 2834 215 27 anatomists
631 2820 64 35 the
705 2818 160 46 fnenum
882 2814 221 48 epiylottidis.
1159 2813 36 35 It
1213 2824 114 23 seems
1345 2816 36 32 to
1395 2811 45 36 be
1457 2811 63 35 the
1534 2811 255 47 prolongation
1806 2811 210 36 backwards

400 2882 40 37 of
455 2881 63 36 the
536 2878 136 36 fibrous
698 2886 145 25 septum
862 2873 39 35 of
924 2871 62 36 the
1012 2875 148 42 tongue,
1178 2869 72 36 and
1275 2872 39 33 at
1338 2869 48 35 its
1411 2868 119 48 origin
1554 2879 112 36 many
1685 2868 39 35 of
1746 2868 61 35 the
1833 2867 184 36 muscular

437 2982 10 16 >
469 2979 39 27 M.
524 2978 109 26 Meyer.
785 2974 12 17 2
817 2970 165 29 Czormak's
995 2968 184 34 Monograph,
1194 2964 163 32 translated
1372 2967 39 32 by
1425 2966 50 27 the
1489 2966 99 33 Sydm.
1604 2966 126 32 Society.

434 3023 14 17 s
467 3022 93 26 These
579 3017 158 29 ligaments
755 3016 76 26 have
850 3014 72 27 been
943 3012 144 28 carefully
1104 3009 153 30 described
1279 3010 38 32 by
1338 3009 112 33 lMsliop
1471 3009 28 26 in
1519 3009 46 26 his
1589 3008 104 27 article
1711 3016 36 19 on
1768 3008 50 26 tbo
1838 3008 124 32 Larynx,
1985 3007 28 26 in

397 3065 107 28 Todd's
524 3061 174 35 Cyclopaedia
717 3060 33 32 of
761 3058 141 26 Anatomy
920 3055 61 27 and
999 3053 173 34 Physiology,
1192 3052 57 27 and
1270 3051 38 33 by
1327 3051 86 27 other
1431 3051 108 34 special
1558 3051 114 26 writers
1690 3057 37 20 on
1747 3050 50 27 the
1816 3050 120 33 larynx;
1961 3049 55 27 but

402 3109 72 27 they
488 3114 48 19 arc
552 3102 176 30 overlooked
743 3102 39 26 by
797 3100 49 27 tho
859 3099 108 26 author
980 3098 32 26 of
1021 3104 36 19 an
1072 3096 138 33 ordinary
1225 3093 163 28 text-book.
