1895 3217
683 313 239 33 MONKEYS.

1427 306 57 39 41

119 441 49 46 of
193 447 78 40 the
300 440 281 46 thigh-bone.
650 440 57 45 In
741 447 78 38 the
854 454 172 47 orangs^
1059 454 56 30 on
1149 444 78 40 the
1262 445 225 49 contrary,

118 519 89 45 and
230 518 162 46 indeed
414 518 46 45 in
485 518 60 45 all
567 524 79 38 the
672 518 235 61 monkeys,
938 517 79 45 the
1045 516 137 45 lower
1209 516 279 45 extremities

118 611 74 30 are
226 594 353 62 comparatively
614 595 136 53 short,
787 594 135 45 while
958 600 79 39 the
1076 608 156 46 upper,
1270 608 46 30 or
1349 608 135 38 arms,

119 688 73 30 are
228 688 110 46 very
378 673 117 61 long,
537 688 45 29 so
623 687 47 30 as
709 678 47 39 to
802 671 132 45 allow
973 672 79 44 the
1089 671 218 45 knuckles
1346 676 47 39 to
1432 671 56 44 be

119 749 179 62 applied
336 756 46 39 to
421 756 79 38 the
544 749 171 61 ground
755 748 134 45 when
928 754 78 39 the
1052 747 171 46 animal
1256 747 36 46 is
1326 747 161 61 nearly

120 842 130 40 erect,
276 828 91 44 and
396 827 149 45 which
576 826 52 54 is,
653 826 47 44 in
730 824 104 55 fact,
864 831 79 40 the
974 840 132 30 mode
1136 823 50 47 of
1210 825 277 61 progression

121 906 173 44 always
319 904 193 46 adopted
535 904 134 44 when
692 903 224 61 necessity
939 902 197 46 requires
1159 902 92 46 this
1277 908 209 56 position.

127 983 97 44 The
253 982 130 45 black
413 997 135 45 orang
580 980 179 46 noticed
796 982 63 59 by
893 981 67 45 Dr
992 981 154 45 Tyson
1175 980 233 45 advanced
1441 979 48 45 in

124 1059 91 45 this
251 1075 203 37 manner,
501 1059 91 45 and
630 1058 102 45 that
772 1058 219 45 dissected
1027 1057 62 62 by
1124 1056 66 47 Dr
1230 1057 125 45 Trail
1394 1072 96 30 was

124 1136 213 45 observed
357 1151 135 30 never
520 1142 46 38 to
590 1135 125 61 place
801 1141 78 39 the
908 1151 146 45 palms
1079 1134 50 47 of
1150 1135 79 45 the
1261 1134 146 45 hands
1432 1150 58 29 on

124 1218 78 38 the
241 1213 212 59 ground.”
521 1213 67 44 Dr
622 1212 156 46 Abel’s
811 1212 78 45 red
913 1228 134 46 orang
1073 1211 250 62 performed
1412 1211 80 45 the

126 1287 271 62 progressive
424 1288 169 45 motion
623 1290 62 59 by
707 1288 176 61 placing
910 1289 70 45 his
1011 1289 107 45 bent
1148 1288 97 45 fists
1268 1304 121 29 upon
1413 1288 79 44 the

127 1379 184 45 ground,
330 1364 90 44 and
443 1364 201 62 drawing
656 1365 70 45 his
744 1367 119 59 body
881 1367 205 44 between
1104 1366 69 44 his
1192 1365 163 45 arms.”
1394 1365 98 44 The

127 1455 275 30 narrowness
438 1439 51 46 of
513 1447 78 39 the
621 1440 158 61 pelvis,
805 1443 89 43 and
924 1449 78 38 the
1030 1443 122 44 short
1185 1442 114 44 neck
1333 1440 51 48 of
1414 1442 79 44 the

129 1515 158 55 femur,
325 1516 188 62 forming
546 1532 58 30 an
639 1532 130 31 acute
802 1534 128 30 angle
966 1518 113 46 with
1110 1525 78 40 the
1223 1518 140 61 spine,
1402 1519 93 45 also

129 1595 178 44 renders
345 1601 79 38 the
464 1600 115 39 erect
617 1594 192 61 position
844 1596 254 45 impossible
1138 1594 65 46 for
1233 1611 91 45 any
1365 1595 128 54 time,

129 1671 89 44 and
248 1671 173 44 always
450 1670 206 55 irksome,
695 1671 150 45 which
883 1671 37 45 is
954 1670 170 47 farther
1153 1672 242 46 confirmed
1433 1674 64 60 by

129 1754 77 38 the
232 1762 230 30 weakness
486 1747 49 46 of
548 1754 79 39 the
650 1748 204 44 muscles.
924 1749 97 45 The
1039 1749 141 61 glutei
1203 1765 74 30 are
1301 1750 196 60 scarcely

134 1824 173 53 visible,
333 1825 90 44 and
446 1830 77 39 the
548 1840 146 30 calves
718 1840 74 30 are
815 1841 110 44 very
949 1824 175 46 weak.*

200 1902 97 44 The
321 1917 219 29 extemors
563 1900 50 46 of
634 1901 79 45 the
735 1902 116 44 knee
875 1916 73 30 are
971 1902 135 44 much
1130 1916 200 32 stronger
1354 1902 47 44 in
1424 1901 81 45 the

137 1978 173 43 human
355 1978 171 44 subject
569 1978 114 43 than
722 1973 47 48 in
803 1981 128 40 other
975 1977 282 54 mammalia,
1296 1993 48 29 as
1381 1980 125 45 their

137 2060 229 38 operation
402 2051 49 46 of
480 2052 245 60 extending
748 2059 77 38 the
849 2052 130 45 thigh
1003 2051 213 47 forwards
1237 2068 57 30 on
1317 2054 80 44 the
1420 2055 88 53 leg,

137 2129 134 46 forms
308 2145 27 30 a
370 2145 110 45 very
513 2129 210 45 essential
759 2135 101 54 part
898 2129 46 44 in
980 2129 78 45 the
1094 2128 174 46 human
1298 2144 133 31 mode
1470 2132 52 48 of

137 2206 284 61 progression.
493 2206 98 45 The
601 2206 169 60 flexors
794 2205 50 46 of
864 2206 78 46 the
967 2207 115 45 knee
1107 2222 89 38 are,
1222 2223 57 30 on
1302 2214 80 39 the
1403 2224 106 30 con-

139 2291 140 53 trary,
306 2299 197 29 stronger
531 2283 47 45 in
609 2283 208 52 animals,
850 2284 91 44 and
975 2299 73 30 are
1079 2283 198 47 inserted
1301 2300 45 30 so
1374 2287 135 43 much

139 2360 139 45 lower
312 2361 147 50 down,
502 2375 113 30 even
660 2359 47 45 in
742 2369 79 36 the
865 2361 236 61 monkeys,
1149 2368 103 38 that
1292 2369 78 38 the
1411 2363 103 44 cord

140 2437 148 45 which
327 2437 110 59 they
482 2435 112 47 foiTu
631 2438 136 44 keeps
815 2438 79 44 the
937 2438 116 45 knee
1096 2438 259 62 habitually
1388 2440 124 50 bent,

196 2541 21 19 *
240 2541 24 18 “
284 2538 70 38 Lcs
380 2541 106 36 fesscB
507 2547 137 30 etoicut
660 2553 152 35 presque
832 2541 134 46 nullcB,
985 2543 88 37 ainsi
1095 2555 69 35 que
1193 2542 52 36 les
1274 2543 243 37 mollets.”—

149 2604 38 38 F.
214 2604 167 38 Cuvier.
