2125 3612
640 287 279 36 HTSTEHIOAL
952 288 212 32 APHONIA.

1681 272 55 47 39

75 431 149 40 strong
251 413 171 44 enough
447 417 43 37 to
514 412 126 42 bring
664 411 74 43 the
761 408 253 45 arytenoids
1037 408 87 42 and
1158 406 124 44 cords
1307 406 93 41 into
1423 404 115 42 close
1562 405 171 55 enough

75 484 348 57 approximation
446 484 63 41 for
528 483 73 43 the
621 487 256 52 production
898 479 45 46 of
962 480 73 41 the
1052 480 183 55 spiritus
1250 492 124 41 asper
1391 477 49 41 of
1461 475 278 58 whispering,

75 558 79 40 but
195 556 103 42 they
337 570 70 26 are
443 560 79 36 nut
553 568 153 41 strong
737 550 172 48 enough
943 551 211 42 to'bring
1193 549 75 42 the
1306 552 121 52 parts
1465 545 271 59 sufficiently

73 626 197 43 together
303 627 66 40 for
401 625 74 43 the
509 639 260 41 production
802 624 45 41 of
881 621 122 43 vocal
1026 626 114 38 tone.
1205 620 55 42 In
1288 619 75 43 the
1385 623 123 52 great
1530 619 207 55 majority

72 699 45 42 of
139 712 119 28 cases
282 697 75 42 the
380 697 135 42 chink
538 697 45 41 of
606 696 74 43 the
696 702 153 49 glottis
872 694 37 43 is
932 693 188 44 straight
1142 707 47 28 or
1211 692 140 42 linear
1373 690 45 44 in
1439 691 57 41 its
1519 689 143 57 edges,
1678 690 59 43 its

73 770 103 42 only
197 769 112 42 fault
328 769 130 42 being
476 768 97 42 that
590 768 35 42 it
644 768 36 41 is
700 773 70 36 too
790 766 112 42 wide
919 782 9 37 ;
960 765 86 42 and
1066 779 81 28 one
1165 778 101 41 may
1288 763 217 43 therefore
1524 762 214 43 conclude

73 847 98 37 that
193 841 60 42 all
286 841 74 41 the
383 840 212 42 adductor
619 838 189 43 muscles
831 852 72 29 are
935 837 178 57 equally
1136 836 211 43 involved
1379 836 47 42 in
1449 836 77 41 the
1559 835 179 55 paresis.

73 914 88 41 But
201 913 122 41 there
356 926 70 28 are
460 910 276 56 exceptional
770 924 133 28 cases,
925 909 102 43 well
1058 909 170 57 figured
1261 909 57 56 by
1357 908 263 43 Mackenzie
1652 908 88 42 and

73 985 159 42 others,
255 985 46 41 in
336 983 143 42 which
511 982 249 43 individual
793 982 235 43 adductors
1067 997 71 28 are
1171 981 213 57 specially
1416 984 47 40 at
1495 981 124 42 fault.
1685 981 56 42 In

72 1071 121 28 some
231 1056 45 42 of
314 1055 122 43 these
475 1055 76 43 the
588 1055 131 42 Rima
761 1054 212 44 Glottidis
1011 1060 201 51 presents
1252 1054 73 43 the
1370 1054 113 42 form
1520 1053 147 43 which
1706 1053 36 42 it

73 1143 197 28 assumes
293 1129 47 41 in
363 1127 172 43 normal
558 1127 279 57 whispering,
859 1127 76 43 the
957 1132 193 52 greatest
1182 1141 192 43 opening
1401 1127 132 43 being
1555 1141 25 28 a
1602 1126 135 43 trian-

73 1203 128 56 gular
223 1217 83 28 one
323 1208 46 36 at
391 1202 75 42 the
483 1201 216 57 posterior
721 1208 97 49 part
841 1202 47 41 of
907 1201 74 43 the
997 1201 165 56 glottis,
1181 1201 199 42 between
1398 1200 75 42 the
1496 1206 246 50 projecting

75 1289 124 42 parts
221 1275 45 42 of
299 1274 75 43 the
396 1273 230 56 arytenoid
648 1274 255 55 cartilages;
935 1288 47 28 so
1007 1273 96 42 that
1131 1273 75 42 the
1233 1273 124 41 weak
1378 1272 167 43 muscle
1568 1272 38 42 is
1638 1271 104 43 here

75 1347 229 43 evidently
328 1346 75 42 the
438 1346 461 55 inter-arytenoideus,
925 1345 143 42 which
1092 1345 137 42 ought
1251 1350 44 37 to
1318 1344 113 42 have
1454 1344 191 56 brought
1667 1344 75 42 the

75 1419 152 42 bodies
251 1418 44 42 of
328 1417 74 42 the
426 1416 230 42 cartilages
688 1417 95 41 into
807 1417 114 42 close
956 1416 261 56 apposition.
1282 1416 56 41 In
1365 1415 148 43 others
1537 1430 57 27 an
1616 1415 127 55 ellip-

74 1490 107 43 tical
219 1490 88 41 slit,
345 1487 156 42 widest
537 1493 46 36 at
621 1488 58 42 its
718 1488 179 42 middle,
919 1488 38 42 is
990 1488 82 42 left
1105 1488 199 42 between
1337 1488 75 41 the
1445 1486 128 43 vocal
1605 1487 140 51 cords,

74 1562 147 42 owing
252 1566 44 37 to
321 1560 74 42 the
420 1558 224 43 weakness
667 1559 47 42 of
744 1559 74 43 the
841 1559 428 56 thyro-arytenoidei
1292 1573 202 28 muscles,
1518 1558 145 43 which
1685 1558 60 43 lie

74 1633 225 43 alongside
322 1631 44 42 of
398 1630 76 43 the
507 1630 137 52 cords,
667 1631 86 42 and
786 1631 138 57 ought
957 1632 58 42 by
1039 1631 116 43 their
1187 1631 276 43 contraction
1492 1637 44 36 to
1561 1636 185 51 support

74 1705 87 42 and
206 1705 113 42 keep
354 1702 123 42 them
511 1701 46 42 in
597 1703 250 55 apposition
885 1703 161 55 during
1082 1703 257 56 phonation.
1404 1704 61 42 Or
1506 1703 76 43 the
1619 1703 127 43 vocal

74 1791 224 42 processes
340 1774 45 43 of
437 1773 75 43 the
555 1775 231 55 arytenoid
841 1776 230 42 cartilages
1114 1790 73 28 are
1230 1781 72 37 too
1345 1776 115 42 wide
1502 1781 128 37 apart
1679 1776 66 42 for

74 1849 255 57 phonation,
384 1852 143 41 owing
581 1855 45 38 to
680 1847 76 43 the
810 1848 229 43 weakness
1092 1848 46 42 of
1200 1848 77 43 the
1330 1849 415 56 crico-arytenoidei

73 1922 215 43 laterales.
354 1924 72 52 Or,
464 1938 143 43 again,
645 1921 76 43 the
759 1921 130 42 Rima
929 1921 227 43 Glottidis,
1195 1921 174 43 instead
1412 1922 45 41 of
1492 1921 193 57 forming
1722 1935 25 28 a

75 1995 189 56 straight
300 1995 103 53 line,
436 2000 199 53 presents
668 2009 26 27 a
726 1993 182 43 sinuous
947 1998 162 52 aspect,
1142 1994 146 56 owing
1325 1998 45 38 to
1402 1994 77 42 the
1517 1993 229 43 weakness

76 2067 45 42 of
144 2067 76 43 the
243 2073 315 51 crico-thyroid
579 2065 201 44 muscles,
802 2065 143 43 which
964 2066 167 42 stretch
1155 2065 75 44 the
1253 2066 123 43 cords
1399 2066 162 56 during
1578 2066 167 56 phona-

78 2139 106 42 tion.
247 2138 79 43 All
355 2140 45 42 of
431 2140 124 42 these
587 2139 134 42 latter
753 2152 304 42 appearances,
1090 2138 217 43 however,
1338 2153 73 28 are
1443 2139 306 54 exceptional;

79 2211 77 42 the
195 2225 200 28 common
439 2211 225 43 condition
697 2209 131 43 being
860 2209 75 43 the
977 2224 82 28 one
1097 2210 45 42 of
1172 2210 177 56 general
1386 2210 168 56 paresis
1592 2211 48 42 of
1668 2211 78 43 the

80 2282 235 43 adductors
362 2284 96 41 first
512 2281 236 44 described.
836 2282 258 56 Hysterical
1135 2282 216 56 paralysis
1401 2283 38 42 is
1489 2283 258 56 essentially

81 2354 214 43 bilateral.
377 2355 129 42 Some
529 2355 105 42 hold
673 2354 100 43 that
804 2354 37 42 it
873 2354 37 43 is
933 2354 253 57 invariably
1219 2369 61 38 so,
1312 2355 81 43 but
1425 2355 148 44 others
1605 2357 143 42 admit

81 2426 77 43 the
179 2425 249 57 possibility
455 2427 45 42 of
522 2441 24 28 a
570 2427 84 42 few
678 2441 120 28 cases
821 2427 131 56 being
974 2426 248 44 unilateral.

141 2498 229 57 Although
394 2499 75 43 the
500 2499 124 43 voice
647 2513 156 43 proper
834 2499 38 42 is
896 2499 105 43 thus
1024 2505 157 37 absent
1202 2499 48 43 in
1283 2499 239 57 hysterical
1545 2501 205 43 aphonia,

80 2570 37 42 it
140 2585 93 36 can,
249 2570 47 42 in
314 2585 25 28 a
359 2577 124 50 great
505 2586 133 41 many
656 2585 131 29 cases,
807 2571 52 43 be
877 2571 169 43 evoked
1065 2571 161 57 during
1249 2572 75 43 the
1342 2577 71 38 act
1435 2573 45 43 of
1503 2573 219 57 coughing
1742 2589 9 38 ;

81 2642 88 42 and
191 2643 57 42 its
272 2643 217 42 retention
514 2643 45 42 of
582 2643 168 43 normal
773 2643 349 44 characteristics
1145 2644 161 50 during
1328 2659 26 28 a
1376 2645 154 49 cough,
1548 2646 202 48 together

82 2714 108 42 with
208 2714 75 43 the
305 2715 185 43 absence
513 2716 44 42 of
579 2730 87 42 any
684 2716 228 57 laryngeal
931 2717 102 55 pain
1057 2732 47 27 or
1125 2717 235 52 irritation,
1376 2732 101 42 may
1496 2719 254 43 sometimes

83 2785 103 56 help
227 2791 44 37 to
309 2786 98 43 lead
446 2801 82 29 one
563 2793 42 37 to
638 2802 26 28 a
696 2794 165 38 correct
892 2789 236 57 diagnosis,
1162 2789 189 43 without
1382 2789 77 44 the
1492 2790 73 43 aid
1597 2791 46 42 of
1674 2792 76 42 the

82 2858 327 57 laryngoscope.
473 2859 56 43 In
561 2874 149 30 severe
744 2875 132 38 cases,
907 2861 215 53 however,
1155 2861 75 44 the
1264 2862 124 43 voice
1420 2862 38 43 is
1496 2863 254 44 sometimes

84 2931 159 43 absent
265 2945 110 29 even
393 2931 48 42 in
464 2932 243 56 coughing;
730 2933 169 57 though
919 2933 73 44 the
1011 2933 141 57 cough
1170 2933 143 44 rarely
1331 2948 48 29 or
1400 2949 135 29 never
1552 2949 198 30 assumes

84 3004 100 41 that
215 3003 144 56 husky
395 3017 48 28 or
474 3003 227 57 laryngeal
733 3005 223 44 character
988 3006 146 43 which
1166 3007 39 42 is
1243 3007 251 56 suggestive
1532 3008 48 42 of
1612 3007 138 43 intra-

85 3074 229 57 laryngeal
337 3075 177 44 disease.

150 3148 53 41 In
228 3152 247 48 treatment,
493 3149 36 42 it
551 3149 37 44 is
612 3149 113 44 well,
746 3155 47 38 at
816 3150 74 44 the
913 3155 158 39 outset,
1093 3155 45 39 to
1160 3150 166 57 inspire
1350 3150 76 44 the
1448 3150 173 57 patient
1644 3157 108 35 with
