2113 3404
1095 283 147 31 INDEX.

356 267 85 40 492

359 389 169 39 OnimuB,
548 392 58 35 83.

358 446 319 47 Onomatomania,
697 449 83 36 209.

359 502 293 49 Onomatopoaia,
674 507 79 34 158.

360 559 127 36 Orfila,
506 560 58 35 24.

359 615 178 46 Osborne,
556 617 83 36 290.

359 672 183 37 Overflow
560 674 40 35 of
614 674 205 45 education,
838 676 79 35 into
936 677 164 47 opposite
1117 677 243 48 hemisphere,
1377 680 82 35 262.

363 814 135 48 Pagan,
519 815 81 36 383.

360 871 194 46 Paralysis,
583 871 143 44 bulbar,
757 875 107 32 acute
893 884 109 32 cases,
1028 873 90 36 443;
1152 874 170 35 invasion
1348 874 38 35 of
1414 874 62 35 the
1506 874 132 36 bulbar
1665 875 121 35 nuclei
1811 876 40 34 in
1875 875 101 35 tabes

454 927 165 46 dorsalis,
639 928 90 36 437;
756 929 40 34 in
814 929 226 46 progressive
1059 929 185 36 muscular
1269 929 156 47 atrophy
1443 930 72 35 and
1541 931 39 34 in
1606 931 171 46 multiple
1803 931 173 43 sclerosis,

458 985 89 43 443;
574 984 204 48 idiopathic
796 985 226 47 progressive
1038 985 136 36 bulbar
1191 985 187 47 paralysis,
1397 987 81 35 443.

362 1040 183 47 Paralysis
570 1041 73 35 and
669 1041 146 47 paresis,
842 1041 201 47 laryngeal,
1070 1042 39 35 of
1135 1042 63 36 the
1223 1043 205 45 adductors,
1456 1043 56 45 38,
1539 1046 58 32 51,
1623 1042 73 36 and
1725 1043 92 35 438;
1852 1042 38 35 of
1917 1041 62 36 the

455 1097 208 46 abductors,
684 1098 56 45 57,
760 1099 80 43 432,
869 1099 81 44 436,
977 1099 82 35 437,
1085 1099 74 35 and
1185 1099 69 36 438
1272 1113 7 29 ;
1306 1098 38 36 of
1368 1099 62 36 the
1456 1100 165 46 superior
1645 1098 188 47 laryngeal
1857 1109 120 32 nerve,

457 1154 67 35 431
546 1154 73 36 and
639 1155 88 43 435;
755 1154 39 36 of
808 1154 64 36 the
889 1159 190 31 recurrent
1095 1154 190 48 laryngeal
1302 1155 55 46 (a)
1382 1154 208 46 unilateral,
1609 1155 90 43 432;
1726 1154 48 46 (6)
1801 1153 178 45 bilateral,

460 1211 83 35 435.

360 1266 183 36 Paralysis
562 1266 40 36 of
615 1266 64 36 the
696 1279 131 23 nerves
845 1266 39 36 of
904 1266 64 36 the
986 1267 78 35 oral
1081 1267 233 36 articulative
1340 1267 239 36 mechanism,
1599 1266 38 36 of
1660 1266 61 35 the
1747 1266 119 47 portio
1891 1265 90 35 dura

457 1323 40 35 of
510 1323 64 36 the
591 1323 155 36 seventh
764 1335 123 24 nerve,
905 1326 67 33 441
993 1336 8 30 ;
1027 1323 39 36 of
1089 1323 63 36 the
1169 1323 245 47 hypoglossal,
1434 1327 68 31 442
1520 1337 7 29 ;
1554 1322 40 36 of
1615 1323 63 35 the
1704 1334 127 24 nerves
1857 1321 39 36 of
1918 1321 62 36 the

460 1379 71 36 soft
548 1379 132 48 palate,
701 1380 82 35 442.

363 1436 234 47 Paramimia,
617 1438 81 34 272.

361 1493 232 48 Paraphasia,
612 1494 48 35 its
678 1497 142 41 nature,
839 1493 90 35 268;
957 1494 38 33 in
1017 1493 172 46 auditory
1207 1492 159 48 aphasia,
1385 1493 68 35 289
1472 1506 7 29 ;
1507 1493 38 34 in
1572 1496 118 31 motor
1715 1491 157 46 aphasia,
1893 1490 88 43 314;

460 1550 41 35 in
519 1554 222 32 conduction
759 1549 161 48 aphasia,
940 1550 80 35 329.

366 1607 180 48 Percepts,
566 1607 40 35 of
620 1607 150 48 objects,
787 1607 70 34 227
877 1605 73 36 and
968 1605 69 37 276
1051 1618 7 31 ;
1085 1605 39 36 of
1138 1605 129 36 words,
1287 1605 71 35 234
1375 1604 74 36 and
1466 1604 80 36 276.

366 1666 121 34 Perez,
506 1667 46 33 88
570 1664 76 36 and
664 1665 56 34 97.

364 1721 326 46 Picture-writing,
710 1719 146 36 Indian,
880 1718 63 36 171
963 1731 8 30 ;
997 1719 123 34 Aztec,
1142 1720 64 33 171
1227 1730 7 30 ;
1261 1717 167 44 Chinese,
1450 1717 86 41 172;
1565 1715 196 46 Egyptian,
1786 1715 75 34 173.

366 1777 160 36 Pitman,
547 1777 61 35 Sir
626 1777 111 35 Isaac,
757 1779 31 31 4.

366 1833 129 45 Pitres,
515 1834 56 44 47,
593 1833 55 44 53,
669 1836 56 41 54,
745 1832 75 35 and
839 1832 81 35 357.

367 1889 123 47 Pliny,
511 1892 55 33 91.

369 1946 184 47 Pointing,
571 1956 146 37 gesture
735 1943 46 36 of,
801 1944 39 34 in
859 1942 178 45 children,
1058 1944 57 34 96.

366 2002 167 46 Pollock,
553 2002 53 35 F.,
626 2004 58 33 88.

365 2059 108 35 Pons,
491 2058 137 36 lesions
647 2057 46 36 of,
712 2057 41 35 in
770 2055 157 37 relation
946 2059 38 31 to
1003 2053 142 49 speech,
1165 2056 85 32 429.

367 2115 125 36 Poore,
512 2115 43 36 G.
576 2114 58 45 V.,
655 2116 56 43 78,
731 2115 57 34 80,
808 2112 75 36 and
904 2112 57 36 82.

367 2171 333 48 Pragmatagnosia,
720 2170 83 36 375.

368 2227 349 48 Pragmatamnesia,
737 2226 81 36 375.

368 2286 146 46 Preyer,
532 2285 75 36 W.,
626 2296 48 23 on
692 2283 63 35 the
773 2281 262 37 development
1052 2279 39 36 of
1106 2277 130 37 speech
1253 2277 40 35 in
1310 2276 64 36 the
1391 2275 143 36 normal
1553 2273 109 46 child,
1682 2276 44 32 88
1745 2278 37 30 to
1804 2277 74 31 110.

370 2342 168 35 Primum
557 2344 200 44 cognitum,
776 2338 74 36 the,
872 2340 78 34 161.

370 2398 174 35 Printing
562 2396 56 36 for
634 2396 64 35 the
715 2394 119 37 blind,
856 2397 77 33 176.

369 2452 245 37 Professional
640 2452 231 36 voice-users,
904 2452 44 33 59
966 2461 8 30 ;
1000 2449 98 35 their
1124 2445 189 48 laryngeal
1338 2443 173 44 troubles,
1543 2443 64 42 63;
1644 2441 95 35 their
1764 2438 222 49 pharyngeal

465 2509 175 36 troubles,
661 2509 55 35 70.

371 2565 297 35 Pseudo-bulbar
684 2562 189 49 paralysis,
892 2561 71 36 250
981 2560 74 36 and
1072 2560 82 35 424.

372 2696 152 37 Eadical
541 2696 208 48 languages,
770 2694 80 36 162.

371 2755 111 47 Rage,
501 2763 211 38 expression
729 2750 47 37 of,
794 2751 40 35 in
854 2748 178 37 children,
1050 2747 58 35 93.

372 2810 125 36 Rebus
514 2814 159 41 writing,
697 2808 78 36 172.

372 2867 205 47 Recurring
594 2865 138 36 letters,
750 2864 40 35 in
807 2862 64 36 the
888 2860 150 37 writing
1055 2858 39 36 of
1107 2867 148 37 aphasic
1273 2857 169 45 patients,
1462 2853 69 35 266
1549 2852 73 36 and
1641 2852 80 35 316.

371 2924 204 47 Recurring
601 2926 216 32 utterances,
836 2917 98 37 their
958 2927 142 33 nature,
1119 2914 90 35 264;
1236 2912 38 35 in
1302 2911 171 46 auditory
1499 2909 158 48 aphasia,
1685 2907 90 43 291;
1802 2906 38 35 in
1866 2916 118 24 motor

468 2979 161 48 aphasia,
649 2978 80 45 306,
749 2976 81 37 316,
849 2973 74 38 and
941 2973 81 36 319.

373 3036 127 36 Reflex
518 3036 73 36 and
608 3033 201 38 automatic
827 3030 142 50 speech,
988 3029 39 36 of
1042 3027 63 37 the
1122 3026 138 43 insane,
1279 3025 83 35 205.

372 3092 127 37 Reflex
519 3092 193 36 irritation,
732 3102 38 24 as
787 3102 21 23 a
826 3099 105 26 cause
949 3085 39 37 of
1002 3083 159 49 aphasia,
1182 3084 78 33 408.
