1918 3140
420 267 90 42 184

867 275 91 32 THE
982 275 343 33 DOUROUCOULI.

417 418 74 30 are
509 402 432 62 yellowish-brown.
995 405 98 45 The
1109 403 118 47 head
1249 403 37 47 is
1309 403 187 46 marked
1521 400 113 48 with
1658 401 125 48 three

419 480 111 45 dark
564 486 174 56 stripes^
775 497 111 46 very
920 488 217 55 apparent
1171 481 47 46 in
1253 480 133 56 front,
1422 495 184 31 whence
1631 479 155 46 Hum-

423 1325 127 46 boldt
588 1323 130 45 takes
755 1320 72 46 his
861 1335 150 40 name,
1050 1321 90 46 and
1178 1328 79 39 the
1295 1321 301 48 missionaries
1636 1323 50 47 of
1715 1323 78 46 the

426 1401 232 46 Oronooko
692 1399 103 45 that
830 1396 50 46 of
966 1397 126 47 Cara
1113 1399 221 60 rayada.”
1404 1401 97 45 The
1523 1401 179 61 general
1724 1416 71 29 re-

427 1479 253 44 semblance
704 1473 51 47 of
780 1475 79 45 the
882 1473 95 46 face
1010 1474 37 45 is
1071 1490 121 30 more
1215 1476 91 45 like
1328 1482 102 40 that
1459 1476 50 46 of
1524 1493 26 29 a
1580 1484 72 39 cat
1682 1477 114 45 than

427 1554 51 46 of
505 1570 28 29 a
569 1553 366 60 quadrumanous
959 1551 200 54 animal;
1195 1558 79 39 the
1301 1568 106 46 eyes
1431 1569 73 31 are
1527 1570 111 45 very
1660 1554 135 51 large,

427 1632 92 45 and
542 1630 51 47 of
608 1646 27 29 a
656 1629 94 45 rich
774 1628 196 61 yellow;
1006 1634 79 39 the
1118 1629 161 45 mouth
1302 1629 38 46 is
1374 1631 275 44 suiTounded
1684 1637 113 38 with

428 1714 151 55 strong
602 1705 139 46 white
763 1705 163 59 bristly
948 1704 134 45 hairs.
1142 1706 97 44 The
1263 1721 94 29 ears
1381 1722 73 30 are
1477 1714 79 38 not
1580 1713 218 54 apparent

430 1784 257 60 externally
706 1799 14 37 ;
746 1782 79 45 the
843 1781 143 45 inside
1005 1779 50 47 of
1069 1781 79 45 the
1169 1782 145 45 hands
1333 1798 74 29 are
1425 1784 155 53 white,
1606 1783 90 45 and
1718 1783 79 45 the

429 1862 117 45 nails
576 1876 74 30 are
680 1859 250 53 flattened;
966 1864 79 39 the
1072 1858 85 45 tail
1187 1859 37 45 is
1254 1859 136 45 much
1412 1860 151 45 longer
1584 1860 112 44 than
1720 1861 78 43 the

430 1941 136 59 body,
605 1936 50 47 of
680 1943 78 38 the
790 1950 121 31 same
943 1950 160 38 colour,
1136 1942 157 39 except
1324 1952 27 29 a
1378 1937 131 45 black
1539 1937 82 61 tip,
1651 1937 150 61 bushy

433 2016 91 45 and
563 2013 98 47 soft.
732 2014 98 44 The
870 2012 145 45 whole
1054 2012 156 62 length
1249 2012 51 46 of
1334 2013 78 46 the
1456 2015 119 60 body
1614 2014 38 44 is
1696 2014 106 44 nine

433 2093 182 52 inches;
663 2097 102 39 that
800 2089 50 46 of
885 2095 79 39 the
997 2089 84 45 tail
1115 2096 136 38 about
1285 2088 214 48 fomieen.
1570 2091 98 45 The
1702 2090 100 45 skin

433 2170 38 44 is
487 2184 45 30 so
548 2167 85 47 soft
657 2167 91 45 and
769 2166 205 61 pleasant
992 2172 46 40 to
1062 2172 78 39 the
1163 2172 149 48 touch,
1332 2168 102 44 that
1452 2167 36 45 it
1506 2167 37 45 is
1562 2166 119 47 often
1704 2183 101 47 pre-

437 2245 157 46 served
626 2244 64 45 for
724 2242 207 47 different
964 2258 226 45 purposes,
1222 2244 90 44 and
1334 2245 290 60 particularly
1649 2243 64 45 for
1735 2251 75 38 to-

435 2325 132 43 bacco
590 2336 207 46 pouches.

505 2399 98 45 The
660 2395 314 48 Douroucouli
1027 2395 37 46 is
1109 2403 78 38 the
1233 2412 107 46 only
1390 2398 197 61 monkey
1632 2395 50 47 of
1727 2396 78 46 the

442 2477 232 46 Oronooko
705 2474 149 46 which
889 2473 141 45 sleeps
1070 2473 160 61 during
1253 2473 78 46 the
1362 2474 105 61 day,
1503 2488 183 30 whence
1709 2472 36 45 it
1768 2472 38 44 is

442 2552 121 48 often
582 2551 143 46 called
749 2556 31 21 “
798 2550 143 46 Mono
966 2549 282 46 dormillon.’'
1317 2550 254 46 Humboldt
1593 2551 106 43 kept
1724 2563 82 31 one
