1895 3217
1438 332 85 41 145

611 345 249 38 doo-paced
883 343 214 34 baboons.

10 0 70 51 fr

167 496 171 32 always
374 480 250 45 dangerous
658 475 49 47 in
733 471 298 48 confinement
1068 485 46 31 or
1138 484 132 30 when
1314 469 212 45 attacked

164 557 48 46 in
241 573 28 30 a
297 556 110 46 wild
435 561 130 40 state.
625 550 101 47 Tiie
755 548 114 48 form
902 547 91 47 and
1022 551 312 42 arrangement
1364 544 52 47 of
1446 545 78 46 the

166 634 123 46 teeth
321 633 38 46 is
393 632 159 62 nearly
575 626 183 62 similar,
803 630 158 43 except
993 623 48 47 in
1078 624 106 53 size,
1216 638 163 46 among
1414 622 113 46 both

164 726 191 46 groups;
390 716 79 39 the
502 707 217 63 principal
735 702 266 63 peculiarity
1025 700 93 46 will
1142 701 55 45 be
1231 699 213 46 observed
1475 698 49 46 in

165 788 77 45 the
264 786 113 47 form
410 785 50 47 of
473 791 78 39 the
574 781 153 48 canine
749 785 140 48 teeth,
914 777 150 47 which
1087 792 73 31 are
1184 776 50 47 of
1248 778 279 44 remarkable

166 870 216 55 strength,
403 862 88 45 and
509 860 48 46 in
576 865 80 41 the
675 854 215 64 grinders,
914 855 79 45 the
1014 854 89 46 last
1128 852 50 48 of
1193 853 147 45 which
1363 853 82 45 has
1469 868 59 30 an

167 938 245 47 additional
445 937 140 62 point,
616 931 251 48 somewhat
895 930 269 62 resembling
1193 936 103 40 that
1320 928 49 47 of
1397 929 133 47 Se??i-

166 1023 268 53 nopithecus.

233 1092 97 45 The
367 1090 97 47 first
498 1105 141 47 genus
673 1093 48 41 to
758 1088 57 45 be
852 1086 261 46 mentioned
1151 1084 37 47 is
1226 1084 222 46 Macacus
1485 1083 50 46 of

171 1168 245 61 Lacepede,
441 1166 96 47 into
555 1164 153 47 which
726 1178 70 31 we
811 1163 118 46 have
946 1162 91 46 also
1054 1163 190 45 brought
1258 1161 79 45 the
1353 1162 176 44 Rhesus

168 1244 223 61 monkey,'
406 1242 227 61 retaining
649 1240 79 47 the
753 1246 93 40 two
876 1239 194 46 tail-less
1101 1238 163 46 species
1291 1239 63 59 by
1381 1238 151 45 them-

170 1321 155 45 selves.
396 1320 97 45 The
521 1318 276 48 Ouanderou
818 1317 83 45 has
923 1316 226 61 generally
1173 1316 112 45 been
1304 1315 137 45 taken
1468 1314 65 46 for

169 1398 78 44 the
262 1402 110 56 type
390 1394 50 47 of
453 1395 92 45 this
561 1394 137 53 form;
722 1394 99 54 but,
836 1392 146 47 before
998 1392 246 61 describing
1258 1391 51 54 it,
1330 1408 69 29 we
1416 1392 116 45 shall

169 1472 202 47 mention
408 1472 80 45 the
532 1471 224 47 Macaque
798 1468 51 48 of
877 1469 205 46 Frederic
1122 1469 178 53 Cuvier,
1351 1468 182 61 {Shnia

171 1547 330 63 cynocephalusj
540 1545 253 63 Linnaeus,)
830 1546 149 46 which
1015 1545 232 62 evidently
1280 1546 135 45 forms
1454 1546 78 45 the

172 1642 183 44 passage
371 1626 205 45 between
593 1624 77 45 the
694 1623 213 47 Guenons
926 1623 89 46 and
1035 1624 214 44 Baboons.
1318 1623 44 45 It
1380 1622 38 46 is
1442 1622 92 46 dis-

173 1701 254 63 tinguished
449 1703 62 60 by
533 1717 28 30 a
579 1701 133 46 blunt
743 1700 89 46 and
865 1700 234 46 elongated
1128 1699 191 55 muzzle,
1344 1699 191 62 forming

171 1793 27 29 a
221 1776 128 47 facial
372 1792 129 32 angle
524 1775 50 49 of
588 1781 83 42 40°
688 1783 48 41 to
759 1780 83 43 45°
862 1793 14 38 ,*
900 1777 63 61 by
985 1783 79 39 the
1081 1776 291 62 prominency
1391 1775 51 48 of
1455 1776 78 46 the

172 1853 286 63 superciliary
487 1869 137 32 crests
652 1854 149 46 which
834 1869 128 30 cover
995 1859 80 40 the
1105 1868 120 46 eyes,
1258 1854 90 45 and
1377 1869 101 45 give
1507 1869 27 30 a

171 1930 196 60 peculiar
395 1931 255 60 expression
677 1936 48 41 to
758 1937 79 39 the
866 1945 343 46 physiognomy,
1240 1930 91 45 and
1365 1931 62 60 by
1455 1930 79 45 the

174 2013 299 53 comparative
490 2006 225 46 shortness
733 2005 50 47 of
797 2006 77 46 the
896 2005 98 54 tail,
1013 2005 148 45 which
1184 2005 37 46 is
1238 2022 147 45 rarely
1403 2006 132 61 equal

173 2087 47 40 to
242 2081 79 46 the
342 2081 156 46 length
520 2081 50 46 of
586 2083 78 45 the
685 2082 134 61 body.

237 2157 56 46 In
332 2157 91 46 this
459 2173 168 46 species
665 2173 71 32 we
771 2158 94 47 still
903 2173 72 31 see
1008 2165 78 39 the
1123 2158 223 62 colouring
1379 2158 51 47 of
1456 2160 78 46 the

179 2233 227 55 GuenonSj
442 2233 91 47 and
568 2236 79 45 the
684 2235 155 62 length
873 2234 51 47 of
953 2234 83 47 tail
1069 2234 37 46 is
1136 2251 156 46 nearly
1326 2236 132 60 equal
1487 2243 47 40 to

171 2315 102 40 that
317 2309 52 47 of
394 2310 78 45 the
503 2311 281 47 individuals
821 2327 69 30 we
919 2311 89 47 last
1048 2312 258 54 described;
1343 2313 83 46 but
1463 2329 70 30 we

173 2391 123 40 want
318 2386 78 45 the
419 2386 117 62 light
558 2388 86 45 and
665 2388 113 62 agile
800 2388 127 55 form,
953 2389 90 45 and
1066 2404 70 30 see
1160 2395 78 39 the
1260 2390 275 60 proportions

172 2461 184 62 heavily
378 2463 88 45 and
497 2469 204 57 strongly
733 2466 145 45 made.
949 2466 97 46 The
1079 2466 117 45 head
1229 2465 37 46 is
1295 2466 137 61 large,
1456 2466 79 46 the

172 2551 176 33 muzzle
370 2539 143 51 short,
530 2550 78 36 the
630 2556 106 31 nose
750 2541 95 55 flat,
867 2542 89 45 and
978 2549 78 38 the
1080 2542 288 61 superciliary
1390 2542 145 62 ridges

174 2631 148 47 ample
359 2619 84 44 and
488 2619 244 60 lowering;
773 2618 78 47 the
881 2617 159 62 fingers
1080 2634 74 30 are
1183 2619 160 48 united
1372 2619 112 46 with
1508 2635 27 30 a

29 2753 10 64 1
