1933 3302
1664 153 22 38 5

542 161 155 31 ülceröse
719 159 99 31 Form
844 157 58 31 des
926 155 316 42 Hospitalbrandes.

99 286 48 24 au
175 272 104 37 ihrer
298 269 128 51 Spitze
445 269 126 49 blutig
590 268 168 50 gefärbt,
788 280 78 24 was
886 267 107 36 uicht
1012 263 122 39 durch
1155 263 60 37 ein
1245 262 270 51 aufliegendes
1537 260 152 51 Coagu-

97 325 92 38 lum,
220 325 164 37 sondern
416 322 117 39 durch
564 334 83 26 eine
668 321 244 38 Ekchymose
932 319 53 37 im
1006 316 163 40 Gewebe
1198 320 214 34 veranlasst
1440 315 108 39 Avird.
1594 313 98 39 Sehr

98 378 89 38 bald
216 378 91 38 aber
336 378 84 37 tritt
449 390 47 24 an
517 375 60 37 die
607 374 117 38 Stelle
754 375 123 37 dieser
905 370 319 52 punktförmigen
1244 370 274 49 Ekchymosen
1548 369 38 37 in
1617 368 74 38 den

97 431 167 51 Kuppen
294 432 66 36 der
389 429 302 39 Granulationen
722 427 144 39 Zerfall
895 427 72 37 ein.
1015 424 120 39 Nicht
1163 424 123 37 selten
1316 436 134 36 zeigen
1480 422 82 38 sich
1592 421 99 40 auch

99 485 58 38 die
187 488 126 35 ersten
341 482 435 50 Aufkeimungspunkte
806 481 67 37 der
893 478 218 40 Krankheit
1141 477 55 38 als
1218 476 129 38 kleine
1377 477 149 38 miliare
1554 476 135 38 weiss-

97 538 99 39 liche
232 537 314 50 Einlagerungen
590 535 40 37 in
668 535 60 37 die
774 531 390 50 Granulationshügel
1203 529 62 49 (an
1303 530 387 38 Follicularabscesse

99 590 230 49 erinnernd),
360 589 143 38 welche
534 589 101 37 dann
665 587 279 39 einschmelzen
963 586 78 37 und
1062 598 121 25 runde
1204 583 306 39 Geschwürchen
1539 584 150 38 hinter-

97 645 138 38 lassen.
267 667 49 4 —
346 643 55 38 Ist
435 656 72 24 nur
545 642 60 37 ein
641 642 167 50 einziges
845 640 436 39 Ulcerationscentrum,
1312 637 72 37 wie
1423 650 39 25 es
1492 638 100 38 oben
1621 637 67 38 be-

97 698 198 38 schrieben
331 696 149 38 wurde,
522 696 69 36 auf
633 695 67 38 der
743 692 396 41 Granulationsfläche
1175 691 241 46 vorhanden,
1458 704 42 24 so
1539 691 152 38 dehnen

96 751 81 38 sich
206 763 102 25 seine
330 748 183 39 Grenzen,
544 749 109 37 mehr
682 749 92 38 oder
792 748 170 38 weniger
982 747 111 37 rasch
1114 759 79 33 aus,
1225 746 58 38 bis
1314 745 60 38 die
1394 757 121 38 ganze
1534 744 155 39 Wunde

95 804 216 38 überzogen
348 803 61 37 ist.
467 801 112 39 Auch
619 803 39 37 in
695 802 60 38 die
795 802 110 37 Tiefe
943 800 130 38 dringt
1110 800 60 37 die
1206 799 226 39 Ulceration
1468 799 222 37 zerstörend

96 857 59 38 ein
182 858 78 36 und
288 856 95 38 lässt
414 869 71 24 von
515 856 86 38 dem
619 855 162 39 Gewebe
811 869 73 24 nur
908 856 89 49 jene
1027 867 54 25 sie
1101 853 245 39 bedeckende
1366 852 175 38 ichoröse
1560 852 129 38 Masse

95 910 123 50 übrig.
276 909 161 39 Begann
466 909 60 38 die
555 908 193 39 Affection
786 912 71 34 mit
885 921 201 25 mehreren
1117 907 182 38 Centren,
1331 919 41 25 so
1401 906 155 38 fliessen
1585 905 104 39 diese

94 963 90 39 bald
212 976 217 25 zusammen
458 963 78 37 und
567 963 59 38 die
654 962 262 39 Verbreitung
944 962 51 37 ist
1024 974 190 25 schneller
1243 960 55 38 als
1328 960 62 38 bei
1420 960 146 38 einem
1588 959 99 39 Cen-

93 1020 113 35 trum.
263 1016 212 39 Jedenfalls
506 1030 91 24 aber
625 1016 52 38 ist
706 1016 59 38 die
792 1015 352 40 Geschwindigkeit
1174 1015 66 37 der
1260 1013 267 51 Ausbreitung
1555 1014 40 38 in
1615 1014 74 38 den

92 1070 296 38 verschiedenen
427 1069 134 38 Fällen
597 1070 90 38 sehr
722 1070 260 38 verschieden.
1048 1068 162 38 Begann
1254 1068 60 38 die
1356 1067 220 39 Krankheit
1617 1071 72 35 mit

94 1124 147 38 einem
277 1123 389 50 Ulcerationspunkt,
705 1136 41 25 so
783 1124 104 36 kann
924 1123 54 37 sie
1017 1122 84 38 eine
1131 1122 179 38 Zeitlang
1347 1121 69 38 auf
1451 1122 111 37 einen
1600 1135 87 25 um-

93 1177 250 38 schriebenen
379 1176 111 39 Theil
528 1177 67 38 der
630 1177 141 38 Fläche
808 1176 235 39 beschränkt
1080 1176 172 38 bleiben,
1282 1175 183 39 während
1504 1176 101 38 diese
1634 1176 53 37 im

94 1230 196 40 Uebrigen
322 1231 187 37 durchaus
547 1231 241 37 unbehelligt
815 1230 134 38 bleibt.
1006 1229 114 39 Auch
1158 1230 59 38 die
1245 1229 155 39 Ränder
1437 1231 66 37 der
1531 1229 156 39 Wunde

93 1284 203 39 schwellen
323 1284 118 38 nicht,
480 1285 164 37 sondern
671 1284 154 38 bleiben
862 1284 40 38 in
939 1287 114 47 guter
1086 1283 501 51 Vernarbungsthätigkeit,
1626 1283 60 39 bis

95 1338 54 37 sie
178 1351 73 24 von
281 1338 66 37 der
374 1337 223 39 Ulceration
626 1338 162 38 erreicht
808 1338 163 37 werden.
1020 1337 193 38 Zuweüen
1234 1337 130 38 macht
1383 1337 102 39 diese
1513 1342 174 34 ülceröse

95 1391 116 38 Form
241 1391 345 38 ausserordentlich
605 1391 198 39 langsame
822 1390 254 39 Fortschritte
1098 1413 47 4 —
1167 1392 77 37 und
1264 1405 100 24 zwar
1392 1391 59 38 oft
1470 1391 64 38 bei
1552 1391 135 39 Fällen

93 1457 75 25 von
197 1445 287 49 ausgedehnten
513 1445 189 38 Wunden,
732 1445 208 38 besonders
968 1445 64 38 bei
1061 1445 172 38 solchen,
1273 1458 59 25 wo
1361 1444 323 44 therapeutische,

94 1510 68 25 zur
197 1498 170 49 völligen
396 1498 170 51 Tilgung
602 1499 280 50 ungenügende
910 1498 191 38 Eingriffe
1141 1498 110 38 einen
1281 1498 204 38 Stillstand
1525 1499 162 50 bedingt

94 1550 145 38 hatten.
294 1551 93 37 Man
423 1552 102 36 kann
562 1552 40 37 in
642 1552 156 38 solchen
834 1551 135 39 Fällen
1007 1552 69 38 auf
1114 1553 66 37 der
1221 1552 110 38 einen
1361 1551 104 39 Seite
1495 1553 60 37 die
1584 1552 100 38 Ver-

91 1604 176 50 narbung
297 1604 81 37 sich
405 1604 211 39 vollziehen
646 1605 128 39 sehen,
805 1605 183 38 während
1017 1606 69 37 auf
1112 1606 67 38 der
1198 1606 167 38 anderen
1395 1607 66 37 der
1480 1605 204 51 Hospital-

89 1657 123 37 brand
240 1657 296 40 fortschreitet."

217 1710 45 38 In
289 1710 132 51 Bezug
450 1711 69 38 auf
544 1711 122 39 dieses
687 1711 211 39 Verhalten
928 1712 179 38 stimmen
1137 1713 72 38 alle
1238 1713 182 38 früheren
1439 1712 246 40 Beobachter

90 1763 167 39 überein.
315 1764 45 38 In
396 1778 160 25 neuerer
591 1764 85 39 Zeit
713 1765 250 39 beobachtete
1002 1766 187 38 ebenfalls
1219 1766 133 39 Zeiss
1393 1767 40 38 in
1462 1767 94 38 zwei
1584 1767 98 50 Epi-

92 1817 148 38 demien
276 1818 90 37 fünf
398 1818 127 46 Fälle,
568 1818 63 39 bei
671 1819 123 38 denen
821 1819 181 38 Wunden
1039 1833 86 24 zum
1164 1820 112 38 Theil
1316 1821 182 50 ergriffen
1540 1835 140 32 waren,

90 1870 181 38 während
301 1872 121 37 davon
451 1872 132 37 scharf
607 1872 236 38 abgegrenzt
872 1873 59 37 die
951 1875 120 48 guten
1092 1873 303 39 Granulationen
1423 1877 260 37 unverändert

90 1923 300 39 fortbestanden.
447 1925 135 38 Dieser
609 1925 169 39 Zustand
816 1927 156 37 dauerte
1011 1927 108 38 nicht
1159 1931 98 34 etwa
1294 1942 73 24 nur
1406 1928 126 51 einige
1560 1928 120 48 Tage,

91 1978 162 37 sondern
281 1978 113 38 meist
422 1978 191 48 Wochen,
652 1980 43 49 ja
723 1979 156 39 Monate
910 1980 111 50 lang,
1066 1981 69 38 ehe
1166 1982 82 37 eine
1279 1982 280 38 Veränderung
1596 1997 87 23 zum

89 2029 187 39 Besseren
312 2032 92 37 oder
432 2031 272 40 Schlechteren
742 2033 151 40 eintrat.
952 2033 132 39 Selten
1111 2048 74 25 nur
1221 2036 132 37 wurde
1382 2036 40 38 in
1463 2036 66 38 der
1557 2036 124 51 Folge

92 2083 96 38 auch
218 2084 59 38 die
307 2086 170 49 gesunde
505 2085 136 39 Hälfte
678 2087 183 49 brandig;
900 2087 75 38 viel
1009 2087 176 52 häufiger
1219 2089 137 38 schritt
1385 2090 66 37 der
1479 2089 131 39 Brand
1640 2090 41 38 in

92 2141 381 46 entgegengesetzter
500 2138 197 51 Richtung
726 2143 196 35 vorwärts.

220 2189 90 46 „Oft
324 2191 90 37 aber
428 2192 138 38 befällt
581 2193 59 37 die
660 2193 170 39 ülceröse
847 2193 115 38 Form
982 2194 95 38 auch
1097 2195 52 38 im
1171 2198 125 35 ersten
1313 2195 148 39 Anlauf
1478 2197 59 37 die
1556 2210 122 37 ganze

93 2241 409 49 Granulationsfläche,
542 2246 144 38 welche
722 2247 39 37 in
798 2249 80 36 toto
918 2248 258 37 schmerzhaft
1203 2248 97 38 wird
1328 2250 77 37 und
1434 2250 107 38 nicht
1569 2251 110 38 mehr

90 2295 119 46 Eiter,
241 2297 162 37 sondern
433 2298 81 38 eine
533 2299 172 38 ichoröse
725 2300 155 45 braune,
908 2300 104 46 zähe,
1034 2301 256 51 blutstreifige
1309 2302 127 39 Masse
1456 2317 73 24 von
1551 2304 126 38 einem

94 2348 346 50 eigenthümlichen
467 2352 107 37 nicht
601 2366 46 24 zu
677 2353 398 39 charakterisirenden
1102 2354 325 51 Fäulnissgeruch
1456 2358 218 38 absondert.

92 2401 71 37 Die
184 2401 152 39 Wunde
367 2403 117 38 dehnt
512 2404 79 37 sich
611 2405 71 38 mit
709 2406 109 37 mehr
837 2407 91 37 oder
947 2408 169 49 weniger
1135 2408 278 52 Schnelligkeit
1441 2411 100 38 nach
1565 2412 112 49 jeder

94 2453 194 52 Richtung
324 2456 67 37 hin
433 2470 87 32 aus;
562 2457 53 38 sie
652 2459 120 37 bildet
806 2473 79 24 nun
924 2459 59 38 ein
1034 2461 264 51 missfarbiges
1343 2462 219 48 Geschwür,
1600 2479 76 24 von

92 2507 181 37 welchem
302 2523 87 23 man
418 2509 70 38 mit
517 2510 86 38 dem
631 2510 132 51 Spatel
792 2512 110 38 einen
921 2526 146 37 grauen
1096 2515 92 38 oder
1208 2516 250 39 bräunlichen
1478 2517 197 39 Schlamm

92 2560 186 38 abstreift.
327 2562 192 39 Darunter
549 2564 189 38 erscheint
766 2565 61 38 ein
846 2566 153 50 glatter,
1029 2568 92 38 oder
1148 2568 62 39 hie
1239 2570 78 37 und
1347 2571 48 37 da
1424 2571 119 38 durch
1572 2571 102 38 feine

91 2613 233 47 flottirende,
355 2616 242 38 nekrotische
625 2617 140 38 Fetzen
795 2621 308 50 sammetartiger
1133 2621 141 39 Grund.
1319 2623 76 38 Wo
1425 2625 66 37 der
1519 2625 154 38 Wund-

90 2667 96 37 rand
222 2680 73 24 von
333 2668 64 38 der
424 2668 221 40 Ulceration
683 2672 163 38 erreicht
882 2673 114 47 wird,
1035 2675 132 50 zeigen
1205 2676 81 38 sich
1323 2677 183 38 zunächst
1538 2679 133 46 runde,

89 2719 75 38 wie
191 2733 76 25 von
295 2719 155 40 Zähnen
478 2723 269 51 ausgebissene
775 2725 170 39 Defecte.
1003 2727 96 39 Eine
1136 2729 127 38 solche
1294 2734 235 47 ausgenagte
1555 2731 119 39 Stelle

90 2772 101 38 reiht
218 2772 81 39 sich
328 2787 46 24 an
405 2775 57 38 die
483 2777 149 46 andere,
663 2777 58 38 bis
751 2779 65 37 der
844 2792 119 38 ganze
980 2780 181 40 Umkreis
1180 2783 258 38 vollkommen
1460 2785 214 39 zerfressen

92 2825 199 39 erscheint.
349 2827 71 37 Die
454 2831 264 47 angrenzende
746 2831 107 38 Haut
887 2833 102 50 zeigt
1026 2834 84 38 eine
1145 2835 92 38 livid
1272 2836 110 38 rothe
1412 2837 122 46 Zone,
1575 2840 97 37 wird

92 2881 129 46 später
250 2882 115 35 etwas
393 2879 171 41 infiltrirt
591 2884 77 37 und
696 2884 265 40 schmerzhaft.
1017 2887 92 39 Nun
1137 2889 119 49 greift
1293 2889 59 38 die
1381 2890 221 40 Ulceration
1632 2893 39 38 in

92 2930 66 38 der
192 2931 112 39 Mitte
340 2932 113 39 tiefer
486 2934 60 38 ein
582 2936 78 38 und
695 2938 232 38 namentlich
964 2941 93 37 wird
1092 2942 59 38 die
1187 2941 107 39 Haut
1327 2942 133 40 weiter
1495 2951 173 33 zerstört.
