<?xml version="1.0" encoding="UTF-8"?>
<alto xmlns="http://www.loc.gov/standards/alto/ns-v2#" xmlns:xsi="http://www.w3.org/2001/XMLSchema-instance" xsi:schemaLocation="http://www.loc.gov/standards/alto/ns-v2# http://www.loc.gov/standards/alto/alto.xsd">
  <Description>
    <MeasurementUnit>pixel</MeasurementUnit>
    <sourceImageInformation>
      <fileName>b21972321_abbyy.xml</fileName>
    </sourceImageInformation>
    <OCRProcessing ID="OCR_1">
      <preProcessingStep>
        <processingDateTime>2016-03-30T09:59:16</processingDateTime>
        <processingAgency>intranda GmbH, www.intranda.com</processingAgency>
        <processingSoftware>
          <softwareCreator>intranda GmbH, Germany</softwareCreator>
          <softwareName>intranda OCR Module for TaskManager</softwareName>
          <softwareVersion>1.0r42</softwareVersion>
        </processingSoftware>
      </preProcessingStep>
      <ocrProcessingStep>
        <processingSoftware>
          <softwareCreator>ABBYY (BIT Software), Russia</softwareCreator>
          <softwareName>FineReader Engine</softwareName>
          <softwareVersion>10</softwareVersion>
        </processingSoftware>
      </ocrProcessingStep>
    </OCRProcessing>
  </Description>
  <Layout>
    <Page PHYSICAL_IMG_NR="22" ID="PAGE_22" WIDTH="1478" HEIGHT="2662">
      <TopMargin ID="TopMargin_20" HPOS="60" VPOS="112" WIDTH="946" HEIGHT="48">
        <TextBlock ID="TextBlock_133" HPOS="60" VPOS="112" WIDTH="946" HEIGHT="48">
          <TextLine ID="TextLine_768" HPOS="60" VPOS="112" WIDTH="50" HEIGHT="38">
            <String CONTENT="18" ID="Word_7255" HPOS="60" VPOS="112" WIDTH="50" HEIGHT="38" />
          </TextLine>
          <TextLine ID="TextLine_769" HPOS="504" VPOS="114" WIDTH="502" HEIGHT="46">
            <String CONTENT="Dr" ID="Word_7256" HPOS="504" VPOS="114" WIDTH="62" HEIGHT="40" />
            <SP ID="SP_6489" HPOS="567" VPOS="116" WIDTH="20" HEIGHT="0" />
            <String CONTENT="Abercrombie" ID="Word_7257" HPOS="588" VPOS="116" WIDTH="278" HEIGHT="42" />
            <SP ID="SP_6490" HPOS="867" VPOS="133" WIDTH="15" HEIGHT="0" />
            <String CONTENT="on" ID="Word_7258" HPOS="883" VPOS="134" WIDTH="48" HEIGHT="24" />
            <SP ID="SP_6491" HPOS="932" VPOS="126" WIDTH="16" HEIGHT="0" />
            <String CONTENT="the" ID="Word_7259" HPOS="949" VPOS="122" WIDTH="57" HEIGHT="38" />
          </TextLine>
        </TextBlock>
      </TopMargin>
      <PrintSpace ID="PrintSpace_23" HPOS="53" VPOS="216" WIDTH="1397" HEIGHT="2413">
        <TextBlock ID="TextBlock_92" HPOS="57" VPOS="216" WIDTH="1393" HEIGHT="1639">
          <TextLine ID="TextLine_770" HPOS="61" VPOS="216" WIDTH="1377" HEIGHT="58">
            <String CONTENT="in" ID="Word_7260" HPOS="61" VPOS="216" WIDTH="42" HEIGHT="39" />
            <SP ID="SP_6492" HPOS="104" VPOS="225" WIDTH="17" HEIGHT="0" />
            <String CONTENT="the" ID="Word_7261" HPOS="122" VPOS="225" WIDTH="67" HEIGHT="31" />
            <SP ID="SP_6493" HPOS="190" VPOS="231" WIDTH="17" HEIGHT="0" />
            <String CONTENT="villous," ID="Word_7262" HPOS="208" VPOS="217" WIDTH="147" HEIGHT="49" />
            <SP ID="SP_6494" HPOS="356" VPOS="234" WIDTH="18" HEIGHT="0" />
            <String CONTENT="erosion" ID="Word_7263" HPOS="375" VPOS="234" WIDTH="152" HEIGHT="26" />
            <SP ID="SP_6495" HPOS="528" VPOS="235" WIDTH="15" HEIGHT="0" />
            <String CONTENT="or" ID="Word_7264" HPOS="544" VPOS="236" WIDTH="50" HEIGHT="24" />
            <SP ID="SP_6496" HPOS="595" VPOS="236" WIDTH="24" HEIGHT="0" />
            <String CONTENT="ulceration," ID="Word_7265" HPOS="620" VPOS="223" WIDTH="224" HEIGHT="51" />
            <SP ID="SP_6497" HPOS="845" VPOS="241" WIDTH="18" HEIGHT="0" />
            <String CONTENT="sometimes" ID="Word_7266" HPOS="864" VPOS="235" WIDTH="213" HEIGHT="31" />
            <SP ID="SP_6498" HPOS="1078" VPOS="240" WIDTH="19" HEIGHT="0" />
            <String CONTENT="with" ID="Word_7267" HPOS="1098" VPOS="225" WIDTH="89" HEIGHT="40" />
            <SP ID="SP_6499" HPOS="1188" VPOS="225" WIDTH="16" HEIGHT="0" />
            <String CONTENT="exudation" ID="Word_7268" HPOS="1205" VPOS="225" WIDTH="204" HEIGHT="40" />
            <SP ID="SP_6500" HPOS="1410" VPOS="240" WIDTH="14" HEIGHT="0" />
            <String CONTENT=";" ID="Word_7269" HPOS="1425" VPOS="243" WIDTH="13" HEIGHT="30" />
          </TextLine>
          <TextLine ID="TextLine_771" HPOS="62" VPOS="271" WIDTH="576" HEIGHT="56">
            <String CONTENT="in" ID="Word_7270" HPOS="62" VPOS="271" WIDTH="41" HEIGHT="38" />
            <SP ID="SP_6501" HPOS="104" VPOS="279" WIDTH="19" HEIGHT="0" />
            <String CONTENT="the" ID="Word_7271" HPOS="124" VPOS="279" WIDTH="66" HEIGHT="31" />
            <SP ID="SP_6502" HPOS="191" VPOS="286" WIDTH="15" HEIGHT="0" />
            <String CONTENT="muscular," ID="Word_7272" HPOS="207" VPOS="287" WIDTH="205" HEIGHT="34" />
            <SP ID="SP_6503" HPOS="413" VPOS="289" WIDTH="18" HEIGHT="0" />
            <String CONTENT="gangrene." ID="Word_7273" HPOS="432" VPOS="289" WIDTH="206" HEIGHT="38" />
          </TextLine>
          <TextLine ID="TextLine_772" HPOS="119" VPOS="327" WIDTH="1325" HEIGHT="52">
            <String CONTENT="(3.)" ID="Word_7274" HPOS="119" VPOS="327" WIDTH="71" HEIGHT="49" />
            <SP ID="SP_6504" HPOS="191" VPOS="327" WIDTH="28" HEIGHT="0" />
            <String CONTENT="It" ID="Word_7275" HPOS="220" VPOS="327" WIDTH="37" HEIGHT="38" />
            <SP ID="SP_6505" HPOS="258" VPOS="328" WIDTH="16" HEIGHT="0" />
            <String CONTENT="is" ID="Word_7276" HPOS="275" VPOS="328" WIDTH="31" HEIGHT="38" />
            <SP ID="SP_6506" HPOS="307" VPOS="342" WIDTH="17" HEIGHT="0" />
            <String CONTENT="probable" ID="Word_7277" HPOS="325" VPOS="328" WIDTH="182" HEIGHT="51" />
            <SP ID="SP_6507" HPOS="508" VPOS="337" WIDTH="20" HEIGHT="0" />
            <String CONTENT="that," ID="Word_7278" HPOS="529" VPOS="337" WIDTH="95" HEIGHT="39" />
            <SP ID="SP_6508" HPOS="625" VPOS="344" WIDTH="19" HEIGHT="0" />
            <String CONTENT="when" ID="Word_7279" HPOS="645" VPOS="330" WIDTH="108" HEIGHT="40" />
            <SP ID="SP_6509" HPOS="754" VPOS="341" WIDTH="19" HEIGHT="0" />
            <String CONTENT="the" ID="Word_7280" HPOS="774" VPOS="333" WIDTH="64" HEIGHT="39" />
            <SP ID="SP_6510" HPOS="839" VPOS="335" WIDTH="15" HEIGHT="0" />
            <String CONTENT="inflammation" ID="Word_7281" HPOS="855" VPOS="333" WIDTH="277" HEIGHT="39" />
            <SP ID="SP_6511" HPOS="1133" VPOS="332" WIDTH="18" HEIGHT="0" />
            <String CONTENT="is" ID="Word_7282" HPOS="1152" VPOS="332" WIDTH="31" HEIGHT="37" />
            <SP ID="SP_6512" HPOS="1184" VPOS="345" WIDTH="22" HEIGHT="0" />
            <String CONTENT="confined" ID="Word_7283" HPOS="1207" VPOS="332" WIDTH="179" HEIGHT="38" />
            <SP ID="SP_6513" HPOS="1387" VPOS="332" WIDTH="17" HEIGHT="0" />
            <String CONTENT="to" ID="Word_7284" HPOS="1405" VPOS="339" WIDTH="39" HEIGHT="31" />
          </TextLine>
          <TextLine ID="TextLine_773" HPOS="68" VPOS="380" WIDTH="1380" HEIGHT="47">
            <String CONTENT="the" ID="Word_7285" HPOS="68" VPOS="386" WIDTH="67" HEIGHT="32" />
            <SP ID="SP_6514" HPOS="136" VPOS="393" WIDTH="20" HEIGHT="0" />
            <String CONTENT="villous" ID="Word_7286" HPOS="157" VPOS="380" WIDTH="134" HEIGHT="38" />
            <SP ID="SP_6515" HPOS="292" VPOS="395" WIDTH="18" HEIGHT="0" />
            <String CONTENT="coat," ID="Word_7287" HPOS="311" VPOS="389" WIDTH="101" HEIGHT="38" />
            <SP ID="SP_6516" HPOS="413" VPOS="389" WIDTH="21" HEIGHT="0" />
            <String CONTENT="the" ID="Word_7288" HPOS="435" VPOS="389" WIDTH="65" HEIGHT="30" />
            <SP ID="SP_6517" HPOS="501" VPOS="395" WIDTH="17" HEIGHT="0" />
            <String CONTENT="action" ID="Word_7289" HPOS="519" VPOS="391" WIDTH="127" HEIGHT="31" />
            <SP ID="SP_6518" HPOS="647" VPOS="397" WIDTH="30" HEIGHT="0" />
            <String CONTENT="of" ID="Word_7290" HPOS="678" VPOS="385" WIDTH="46" HEIGHT="38" />
            <SP ID="SP_6519" HPOS="725" VPOS="385" WIDTH="20" HEIGHT="0" />
            <String CONTENT="the" ID="Word_7291" HPOS="746" VPOS="394" WIDTH="64" HEIGHT="31" />
            <SP ID="SP_6520" HPOS="811" VPOS="401" WIDTH="26" HEIGHT="0" />
            <String CONTENT="canal" ID="Word_7292" HPOS="838" VPOS="389" WIDTH="107" HEIGHT="37" />
            <SP ID="SP_6521" HPOS="946" VPOS="389" WIDTH="18" HEIGHT="0" />
            <String CONTENT="is" ID="Word_7293" HPOS="965" VPOS="389" WIDTH="30" HEIGHT="36" />
            <SP ID="SP_6522" HPOS="996" VPOS="389" WIDTH="17" HEIGHT="0" />
            <String CONTENT="increased,—when" ID="Word_7294" HPOS="1014" VPOS="385" WIDTH="373" HEIGHT="40" />
            <SP ID="SP_6523" HPOS="1388" VPOS="393" WIDTH="18" HEIGHT="0" />
            <String CONTENT="to" ID="Word_7295" HPOS="1407" VPOS="393" WIDTH="41" HEIGHT="30" />
          </TextLine>
          <TextLine ID="TextLine_774" HPOS="63" VPOS="435" WIDTH="1381" HEIGHT="57">
            <String CONTENT="the" ID="Word_7296" HPOS="63" VPOS="439" WIDTH="67" HEIGHT="32" />
            <SP ID="SP_6524" HPOS="131" VPOS="446" WIDTH="25" HEIGHT="0" />
            <String CONTENT="peritonacal" ID="Word_7297" HPOS="157" VPOS="435" WIDTH="223" HEIGHT="49" />
            <SP ID="SP_6525" HPOS="381" VPOS="435" WIDTH="26" HEIGHT="0" />
            <String CONTENT="coat," ID="Word_7298" HPOS="408" VPOS="443" WIDTH="100" HEIGHT="37" />
            <SP ID="SP_6526" HPOS="509" VPOS="444" WIDTH="20" HEIGHT="0" />
            <String CONTENT="that" ID="Word_7299" HPOS="530" VPOS="437" WIDTH="84" HEIGHT="37" />
            <SP ID="SP_6527" HPOS="615" VPOS="438" WIDTH="25" HEIGHT="0" />
            <String CONTENT="it" ID="Word_7300" HPOS="641" VPOS="438" WIDTH="29" HEIGHT="38" />
            <SP ID="SP_6528" HPOS="671" VPOS="445" WIDTH="26" HEIGHT="0" />
            <String CONTENT="may" ID="Word_7301" HPOS="698" VPOS="453" WIDTH="86" HEIGHT="39" />
            <SP ID="SP_6529" HPOS="785" VPOS="441" WIDTH="17" HEIGHT="0" />
            <String CONTENT="be" ID="Word_7302" HPOS="803" VPOS="441" WIDTH="47" HEIGHT="38" />
            <SP ID="SP_6530" HPOS="851" VPOS="441" WIDTH="27" HEIGHT="0" />
            <String CONTENT="increased," ID="Word_7303" HPOS="879" VPOS="441" WIDTH="211" HEIGHT="47" />
            <SP ID="SP_6531" HPOS="1091" VPOS="453" WIDTH="24" HEIGHT="0" />
            <String CONTENT="or" ID="Word_7304" HPOS="1116" VPOS="453" WIDTH="44" HEIGHT="24" />
            <SP ID="SP_6532" HPOS="1161" VPOS="452" WIDTH="31" HEIGHT="0" />
            <String CONTENT="may" ID="Word_7305" HPOS="1193" VPOS="452" WIDTH="85" HEIGHT="38" />
            <SP ID="SP_6533" HPOS="1279" VPOS="439" WIDTH="17" HEIGHT="0" />
            <String CONTENT="be" ID="Word_7306" HPOS="1297" VPOS="439" WIDTH="47" HEIGHT="37" />
            <SP ID="SP_6534" HPOS="1345" VPOS="451" WIDTH="29" HEIGHT="0" />
            <String CONTENT="na-" ID="Word_7307" HPOS="1375" VPOS="451" WIDTH="69" HEIGHT="24" />
          </TextLine>
          <TextLine ID="TextLine_775" HPOS="63" VPOS="486" WIDTH="1381" HEIGHT="54">
            <String CONTENT="tural,—that," ID="Word_7308" HPOS="63" VPOS="486" WIDTH="270" HEIGHT="47" />
            <SP ID="SP_6535" HPOS="334" VPOS="502" WIDTH="19" HEIGHT="0" />
            <String CONTENT="when" ID="Word_7309" HPOS="354" VPOS="488" WIDTH="109" HEIGHT="38" />
            <SP ID="SP_6536" HPOS="464" VPOS="489" WIDTH="27" HEIGHT="0" />
            <String CONTENT="it" ID="Word_7310" HPOS="492" VPOS="489" WIDTH="30" HEIGHT="38" />
            <SP ID="SP_6537" HPOS="523" VPOS="497" WIDTH="16" HEIGHT="0" />
            <String CONTENT="affects" ID="Word_7311" HPOS="540" VPOS="490" WIDTH="128" HEIGHT="40" />
            <SP ID="SP_6538" HPOS="669" VPOS="500" WIDTH="17" HEIGHT="0" />
            <String CONTENT="the" ID="Word_7312" HPOS="687" VPOS="500" WIDTH="64" HEIGHT="32" />
            <SP ID="SP_6539" HPOS="752" VPOS="507" WIDTH="17" HEIGHT="0" />
            <String CONTENT="muscular" ID="Word_7313" HPOS="770" VPOS="507" WIDTH="189" HEIGHT="25" />
            <SP ID="SP_6540" HPOS="960" VPOS="508" WIDTH="17" HEIGHT="0" />
            <String CONTENT="coat," ID="Word_7314" HPOS="978" VPOS="501" WIDTH="100" HEIGHT="39" />
            <SP ID="SP_6541" HPOS="1079" VPOS="501" WIDTH="20" HEIGHT="0" />
            <String CONTENT="the" ID="Word_7315" HPOS="1100" VPOS="501" WIDTH="64" HEIGHT="30" />
            <SP ID="SP_6542" HPOS="1165" VPOS="506" WIDTH="16" HEIGHT="0" />
            <String CONTENT="action" ID="Word_7316" HPOS="1182" VPOS="492" WIDTH="125" HEIGHT="38" />
            <SP ID="SP_6543" HPOS="1308" VPOS="492" WIDTH="18" HEIGHT="0" />
            <String CONTENT="is" ID="Word_7317" HPOS="1327" VPOS="492" WIDTH="30" HEIGHT="37" />
            <SP ID="SP_6544" HPOS="1358" VPOS="492" WIDTH="17" HEIGHT="0" />
            <String CONTENT="im-" ID="Word_7318" HPOS="1376" VPOS="492" WIDTH="68" HEIGHT="37" />
          </TextLine>
          <TextLine ID="TextLine_776" HPOS="61" VPOS="540" WIDTH="938" HEIGHT="54">
            <String CONTENT="peded" ID="Word_7319" HPOS="61" VPOS="540" WIDTH="127" HEIGHT="50" />
            <SP ID="SP_6545" HPOS="189" VPOS="541" WIDTH="17" HEIGHT="0" />
            <String CONTENT="so" ID="Word_7320" HPOS="207" VPOS="555" WIDTH="42" HEIGHT="25" />
            <SP ID="SP_6546" HPOS="250" VPOS="555" WIDTH="17" HEIGHT="0" />
            <String CONTENT="as" ID="Word_7321" HPOS="268" VPOS="555" WIDTH="41" HEIGHT="25" />
            <SP ID="SP_6547" HPOS="310" VPOS="548" WIDTH="13" HEIGHT="0" />
            <String CONTENT="to" ID="Word_7322" HPOS="324" VPOS="548" WIDTH="40" HEIGHT="32" />
            <SP ID="SP_6548" HPOS="365" VPOS="555" WIDTH="17" HEIGHT="0" />
            <String CONTENT="produce" ID="Word_7323" HPOS="383" VPOS="555" WIDTH="171" HEIGHT="39" />
            <SP ID="SP_6549" HPOS="555" VPOS="557" WIDTH="16" HEIGHT="0" />
            <String CONTENT="obstruction" ID="Word_7324" HPOS="572" VPOS="544" WIDTH="236" HEIGHT="42" />
            <SP ID="SP_6550" HPOS="809" VPOS="561" WIDTH="17" HEIGHT="0" />
            <String CONTENT="or" ID="Word_7325" HPOS="827" VPOS="561" WIDTH="45" HEIGHT="25" />
            <SP ID="SP_6551" HPOS="873" VPOS="552" WIDTH="16" HEIGHT="0" />
            <String CONTENT="ileus." ID="Word_7326" HPOS="890" VPOS="547" WIDTH="109" HEIGHT="39" />
          </TextLine>
          <TextLine ID="TextLine_777" HPOS="467" VPOS="674" WIDTH="576" HEIGHT="44">
            <String CONTENT="II.—-Practical" ID="Word_7327" HPOS="467" VPOS="674" WIDTH="311" HEIGHT="43" />
            <SP ID="SP_6552" HPOS="779" VPOS="679" WIDTH="15" HEIGHT="0" />
            <String CONTENT="Conclusions." ID="Word_7328" HPOS="795" VPOS="679" WIDTH="248" HEIGHT="39" />
          </TextLine>
          <TextLine ID="TextLine_778" HPOS="116" VPOS="782" WIDTH="1333" HEIGHT="60">
            <String CONTENT="(1.)" ID="Word_7329" HPOS="116" VPOS="782" WIDTH="72" HEIGHT="50" />
            <SP ID="SP_6553" HPOS="189" VPOS="783" WIDTH="27" HEIGHT="0" />
            <String CONTENT="Extensive" ID="Word_7330" HPOS="217" VPOS="783" WIDTH="210" HEIGHT="38" />
            <SP ID="SP_6554" HPOS="428" VPOS="797" WIDTH="17" HEIGHT="0" />
            <String CONTENT="and" ID="Word_7331" HPOS="446" VPOS="784" WIDTH="76" HEIGHT="38" />
            <SP ID="SP_6555" HPOS="523" VPOS="784" WIDTH="20" HEIGHT="0" />
            <String CONTENT="highly" ID="Word_7332" HPOS="544" VPOS="784" WIDTH="130" HEIGHT="54" />
            <SP ID="SP_6556" HPOS="675" VPOS="787" WIDTH="18" HEIGHT="0" />
            <String CONTENT="dangerous" ID="Word_7333" HPOS="694" VPOS="787" WIDTH="216" HEIGHT="55" />
            <SP ID="SP_6557" HPOS="911" VPOS="788" WIDTH="26" HEIGHT="0" />
            <String CONTENT="inflammation" ID="Word_7334" HPOS="938" VPOS="787" WIDTH="280" HEIGHT="38" />
            <SP ID="SP_6558" HPOS="1219" VPOS="797" WIDTH="27" HEIGHT="0" />
            <String CONTENT="may" ID="Word_7335" HPOS="1247" VPOS="796" WIDTH="88" HEIGHT="38" />
            <SP ID="SP_6559" HPOS="1336" VPOS="796" WIDTH="16" HEIGHT="0" />
            <String CONTENT="exist" ID="Word_7336" HPOS="1353" VPOS="788" WIDTH="96" HEIGHT="32" />
          </TextLine>
          <TextLine ID="TextLine_779" HPOS="61" VPOS="833" WIDTH="1386" HEIGHT="58">
            <String CONTENT="in" ID="Word_7337" HPOS="61" VPOS="833" WIDTH="42" HEIGHT="39" />
            <SP ID="SP_6560" HPOS="104" VPOS="842" WIDTH="27" HEIGHT="0" />
            <String CONTENT="the" ID="Word_7338" HPOS="132" VPOS="835" WIDTH="65" HEIGHT="38" />
            <SP ID="SP_6561" HPOS="198" VPOS="836" WIDTH="27" HEIGHT="0" />
            <String CONTENT="intestinal" ID="Word_7339" HPOS="226" VPOS="836" WIDTH="192" HEIGHT="38" />
            <SP ID="SP_6562" HPOS="419" VPOS="837" WIDTH="23" HEIGHT="0" />
            <String CONTENT="canal" ID="Word_7340" HPOS="443" VPOS="838" WIDTH="111" HEIGHT="37" />
            <SP ID="SP_6563" HPOS="555" VPOS="838" WIDTH="24" HEIGHT="0" />
            <String CONTENT="without" ID="Word_7341" HPOS="580" VPOS="848" WIDTH="160" HEIGHT="30" />
            <SP ID="SP_6564" HPOS="741" VPOS="850" WIDTH="31" HEIGHT="0" />
            <String CONTENT="obstruction,—may" ID="Word_7342" HPOS="773" VPOS="842" WIDTH="394" HEIGHT="49" />
            <SP ID="SP_6565" HPOS="1168" VPOS="852" WIDTH="17" HEIGHT="0" />
            <String CONTENT="exist" ID="Word_7343" HPOS="1186" VPOS="837" WIDTH="97" HEIGHT="39" />
            <SP ID="SP_6566" HPOS="1284" VPOS="846" WIDTH="16" HEIGHT="0" />
            <String CONTENT="and" ID="Word_7344" HPOS="1301" VPOS="836" WIDTH="76" HEIGHT="38" />
            <SP ID="SP_6567" HPOS="1378" VPOS="836" WIDTH="17" HEIGHT="0" />
            <String CONTENT="go" ID="Word_7345" HPOS="1396" VPOS="850" WIDTH="51" HEIGHT="38" />
          </TextLine>
          <TextLine ID="TextLine_780" HPOS="62" VPOS="889" WIDTH="1387" HEIGHT="51">
            <String CONTENT="on" ID="Word_7346" HPOS="62" VPOS="902" WIDTH="53" HEIGHT="24" />
            <SP ID="SP_6568" HPOS="116" VPOS="897" WIDTH="31" HEIGHT="0" />
            <String CONTENT="to" ID="Word_7347" HPOS="148" VPOS="897" WIDTH="41" HEIGHT="31" />
            <SP ID="SP_6569" HPOS="190" VPOS="903" WIDTH="26" HEIGHT="0" />
            <String CONTENT="a" ID="Word_7348" HPOS="217" VPOS="903" WIDTH="22" HEIGHT="24" />
            <SP ID="SP_6570" HPOS="240" VPOS="889" WIDTH="26" HEIGHT="0" />
            <String CONTENT="fatal" ID="Word_7349" HPOS="267" VPOS="889" WIDTH="89" HEIGHT="38" />
            <SP ID="SP_6571" HPOS="357" VPOS="889" WIDTH="25" HEIGHT="0" />
            <String CONTENT="termination" ID="Word_7350" HPOS="383" VPOS="892" WIDTH="246" HEIGHT="38" />
            <SP ID="SP_6572" HPOS="630" VPOS="907" WIDTH="19" HEIGHT="0" />
            <String CONTENT="while" ID="Word_7351" HPOS="650" VPOS="894" WIDTH="108" HEIGHT="38" />
            <SP ID="SP_6573" HPOS="759" VPOS="904" WIDTH="30" HEIGHT="0" />
            <String CONTENT="the" ID="Word_7352" HPOS="790" VPOS="896" WIDTH="65" HEIGHT="36" />
            <SP ID="SP_6574" HPOS="856" VPOS="896" WIDTH="30" HEIGHT="0" />
            <String CONTENT="bowels" ID="Word_7353" HPOS="887" VPOS="896" WIDTH="136" HEIGHT="37" />
            <SP ID="SP_6575" HPOS="1024" VPOS="909" WIDTH="30" HEIGHT="0" />
            <String CONTENT="are" ID="Word_7354" HPOS="1055" VPOS="908" WIDTH="65" HEIGHT="24" />
            <SP ID="SP_6576" HPOS="1121" VPOS="908" WIDTH="29" HEIGHT="0" />
            <String CONTENT="spontaneously" ID="Word_7355" HPOS="1151" VPOS="902" WIDTH="298" HEIGHT="38" />
          </TextLine>
          <TextLine ID="TextLine_781" HPOS="63" VPOS="942" WIDTH="977" HEIGHT="57">
            <String CONTENT="loose," ID="Word_7356" HPOS="63" VPOS="942" WIDTH="118" HEIGHT="45" />
            <SP ID="SP_6577" HPOS="182" VPOS="957" WIDTH="18" HEIGHT="0" />
            <String CONTENT="or" ID="Word_7357" HPOS="201" VPOS="956" WIDTH="45" HEIGHT="25" />
            <SP ID="SP_6578" HPOS="247" VPOS="956" WIDTH="16" HEIGHT="0" />
            <String CONTENT="are" ID="Word_7358" HPOS="264" VPOS="957" WIDTH="66" HEIGHT="24" />
            <SP ID="SP_6579" HPOS="331" VPOS="957" WIDTH="16" HEIGHT="0" />
            <String CONTENT="easily" ID="Word_7359" HPOS="348" VPOS="943" WIDTH="116" HEIGHT="52" />
            <SP ID="SP_6580" HPOS="465" VPOS="958" WIDTH="16" HEIGHT="0" />
            <String CONTENT="moved" ID="Word_7360" HPOS="482" VPOS="946" WIDTH="136" HEIGHT="38" />
            <SP ID="SP_6581" HPOS="619" VPOS="946" WIDTH="20" HEIGHT="0" />
            <String CONTENT="by" ID="Word_7361" HPOS="640" VPOS="946" WIDTH="49" HEIGHT="53" />
            <SP ID="SP_6582" HPOS="690" VPOS="962" WIDTH="19" HEIGHT="0" />
            <String CONTENT="mild" ID="Word_7362" HPOS="710" VPOS="948" WIDTH="93" HEIGHT="38" />
            <SP ID="SP_6583" HPOS="804" VPOS="948" WIDTH="19" HEIGHT="0" />
            <String CONTENT="medicines." ID="Word_7363" HPOS="824" VPOS="948" WIDTH="216" HEIGHT="38" />
          </TextLine>
          <TextLine ID="TextLine_782" HPOS="115" VPOS="997" WIDTH="1334" HEIGHT="52">
            <String CONTENT="(2.)" ID="Word_7364" HPOS="115" VPOS="998" WIDTH="72" HEIGHT="48" />
            <SP ID="SP_6584" HPOS="188" VPOS="997" WIDTH="26" HEIGHT="0" />
            <String CONTENT="No" ID="Word_7365" HPOS="215" VPOS="997" WIDTH="65" HEIGHT="37" />
            <SP ID="SP_6585" HPOS="281" VPOS="997" WIDTH="17" HEIGHT="0" />
            <String CONTENT="diagnosis" ID="Word_7366" HPOS="299" VPOS="997" WIDTH="194" HEIGHT="52" />
            <SP ID="SP_6586" HPOS="494" VPOS="1012" WIDTH="17" HEIGHT="0" />
            <String CONTENT="can" ID="Word_7367" HPOS="512" VPOS="1012" WIDTH="71" HEIGHT="24" />
            <SP ID="SP_6587" HPOS="584" VPOS="1000" WIDTH="28" HEIGHT="0" />
            <String CONTENT="be" ID="Word_7368" HPOS="613" VPOS="1000" WIDTH="47" HEIGHT="38" />
            <SP ID="SP_6588" HPOS="661" VPOS="1001" WIDTH="25" HEIGHT="0" />
            <String CONTENT="founded" ID="Word_7369" HPOS="687" VPOS="1001" WIDTH="170" HEIGHT="38" />
            <SP ID="SP_6589" HPOS="858" VPOS="1002" WIDTH="25" HEIGHT="0" />
            <String CONTENT="in" ID="Word_7370" HPOS="884" VPOS="1003" WIDTH="38" HEIGHT="37" />
            <SP ID="SP_6590" HPOS="923" VPOS="1016" WIDTH="29" HEIGHT="0" />
            <String CONTENT="such" ID="Word_7371" HPOS="953" VPOS="1002" WIDTH="92" HEIGHT="37" />
            <SP ID="SP_6591" HPOS="1046" VPOS="1002" WIDTH="26" HEIGHT="0" />
            <String CONTENT="cases" ID="Word_7372" HPOS="1073" VPOS="1013" WIDTH="102" HEIGHT="26" />
            <SP ID="SP_6592" HPOS="1176" VPOS="1012" WIDTH="30" HEIGHT="0" />
            <String CONTENT="on" ID="Word_7373" HPOS="1207" VPOS="1011" WIDTH="51" HEIGHT="25" />
            <SP ID="SP_6593" HPOS="1259" VPOS="1005" WIDTH="26" HEIGHT="0" />
            <String CONTENT="the" ID="Word_7374" HPOS="1286" VPOS="1005" WIDTH="65" HEIGHT="29" />
            <SP ID="SP_6594" HPOS="1352" VPOS="1010" WIDTH="29" HEIGHT="0" />
            <String CONTENT="ap-" ID="Word_7375" HPOS="1382" VPOS="1009" WIDTH="67" HEIGHT="37" />
          </TextLine>
          <TextLine ID="TextLine_783" HPOS="61" VPOS="1048" WIDTH="1387" HEIGHT="58">
            <String CONTENT="pearance" ID="Word_7376" HPOS="61" VPOS="1062" WIDTH="190" HEIGHT="37" />
            <SP ID="SP_6595" HPOS="252" VPOS="1064" WIDTH="17" HEIGHT="0" />
            <String CONTENT="of" ID="Word_7377" HPOS="270" VPOS="1050" WIDTH="46" HEIGHT="38" />
            <SP ID="SP_6596" HPOS="317" VPOS="1050" WIDTH="19" HEIGHT="0" />
            <String CONTENT="the" ID="Word_7378" HPOS="337" VPOS="1059" WIDTH="65" HEIGHT="30" />
            <SP ID="SP_6597" HPOS="403" VPOS="1065" WIDTH="23" HEIGHT="0" />
            <String CONTENT="evacuations;" ID="Word_7379" HPOS="427" VPOS="1062" WIDTH="271" HEIGHT="38" />
            <SP ID="SP_6598" HPOS="699" VPOS="1062" WIDTH="26" HEIGHT="0" />
            <String CONTENT="they" ID="Word_7380" HPOS="726" VPOS="1062" WIDTH="91" HEIGHT="44" />
            <SP ID="SP_6599" HPOS="818" VPOS="1069" WIDTH="17" HEIGHT="0" />
            <String CONTENT="are" ID="Word_7381" HPOS="836" VPOS="1069" WIDTH="65" HEIGHT="24" />
            <SP ID="SP_6600" HPOS="902" VPOS="1069" WIDTH="29" HEIGHT="0" />
            <String CONTENT="sometimes" ID="Word_7382" HPOS="932" VPOS="1062" WIDTH="215" HEIGHT="32" />
            <SP ID="SP_6601" HPOS="1148" VPOS="1067" WIDTH="22" HEIGHT="0" />
            <String CONTENT="slimy" ID="Word_7383" HPOS="1171" VPOS="1052" WIDTH="109" HEIGHT="50" />
            <SP ID="SP_6602" HPOS="1281" VPOS="1065" WIDTH="18" HEIGHT="0" />
            <String CONTENT="and" ID="Word_7384" HPOS="1300" VPOS="1048" WIDTH="75" HEIGHT="40" />
            <SP ID="SP_6603" HPOS="1376" VPOS="1048" WIDTH="30" HEIGHT="0" />
            <String CONTENT="in" ID="Word_7385" HPOS="1407" VPOS="1049" WIDTH="41" HEIGHT="39" />
          </TextLine>
          <TextLine ID="TextLine_784" HPOS="59" VPOS="1102" WIDTH="1391" HEIGHT="58">
            <String CONTENT="small" ID="Word_7386" HPOS="59" VPOS="1103" WIDTH="109" HEIGHT="37" />
            <SP ID="SP_6604" HPOS="169" VPOS="1103" WIDTH="26" HEIGHT="0" />
            <String CONTENT="quantity;" ID="Word_7387" HPOS="196" VPOS="1111" WIDTH="200" HEIGHT="44" />
            <SP ID="SP_6605" HPOS="397" VPOS="1119" WIDTH="20" HEIGHT="0" />
            <String CONTENT="sometimes" ID="Word_7388" HPOS="418" VPOS="1115" WIDTH="217" HEIGHT="29" />
            <SP ID="SP_6606" HPOS="636" VPOS="1122" WIDTH="17" HEIGHT="0" />
            <String CONTENT="copious," ID="Word_7389" HPOS="654" VPOS="1121" WIDTH="170" HEIGHT="38" />
            <SP ID="SP_6607" HPOS="825" VPOS="1123" WIDTH="22" HEIGHT="0" />
            <String CONTENT="watery," ID="Word_7390" HPOS="848" VPOS="1117" WIDTH="151" HEIGHT="43" />
            <SP ID="SP_6608" HPOS="1000" VPOS="1123" WIDTH="20" HEIGHT="0" />
            <String CONTENT="and" ID="Word_7391" HPOS="1021" VPOS="1108" WIDTH="77" HEIGHT="38" />
            <SP ID="SP_6609" HPOS="1099" VPOS="1107" WIDTH="27" HEIGHT="0" />
            <String CONTENT="dark-coloured;" ID="Word_7392" HPOS="1127" VPOS="1102" WIDTH="323" HEIGHT="44" />
          </TextLine>
          <TextLine ID="TextLine_785" HPOS="60" VPOS="1156" WIDTH="628" HEIGHT="53">
            <String CONTENT="and" ID="Word_7393" HPOS="60" VPOS="1156" WIDTH="80" HEIGHT="38" />
            <SP ID="SP_6610" HPOS="141" VPOS="1156" WIDTH="18" HEIGHT="0" />
            <String CONTENT="sometimes" ID="Word_7394" HPOS="160" VPOS="1166" WIDTH="217" HEIGHT="29" />
            <SP ID="SP_6611" HPOS="378" VPOS="1171" WIDTH="20" HEIGHT="0" />
            <String CONTENT="quite" ID="Word_7395" HPOS="399" VPOS="1159" WIDTH="105" HEIGHT="50" />
            <SP ID="SP_6612" HPOS="505" VPOS="1173" WIDTH="18" HEIGHT="0" />
            <String CONTENT="natural." ID="Word_7396" HPOS="524" VPOS="1160" WIDTH="164" HEIGHT="39" />
          </TextLine>
          <TextLine ID="TextLine_786" HPOS="114" VPOS="1207" WIDTH="1335" HEIGHT="60">
            <String CONTENT="(3.)" ID="Word_7397" HPOS="114" VPOS="1212" WIDTH="71" HEIGHT="47" />
            <SP ID="SP_6613" HPOS="186" VPOS="1211" WIDTH="29" HEIGHT="0" />
            <String CONTENT="Extensive" ID="Word_7398" HPOS="216" VPOS="1211" WIDTH="211" HEIGHT="39" />
            <SP ID="SP_6614" HPOS="428" VPOS="1226" WIDTH="26" HEIGHT="0" />
            <String CONTENT="and" ID="Word_7399" HPOS="455" VPOS="1213" WIDTH="77" HEIGHT="37" />
            <SP ID="SP_6615" HPOS="533" VPOS="1213" WIDTH="33" HEIGHT="0" />
            <String CONTENT="highly" ID="Word_7400" HPOS="567" VPOS="1213" WIDTH="134" HEIGHT="53" />
            <SP ID="SP_6616" HPOS="702" VPOS="1214" WIDTH="29" HEIGHT="0" />
            <String CONTENT="dangerous" ID="Word_7401" HPOS="732" VPOS="1214" WIDTH="216" HEIGHT="53" />
            <SP ID="SP_6617" HPOS="949" VPOS="1214" WIDTH="30" HEIGHT="0" />
            <String CONTENT="inflammation" ID="Word_7402" HPOS="980" VPOS="1214" WIDTH="277" HEIGHT="37" />
            <SP ID="SP_6618" HPOS="1258" VPOS="1223" WIDTH="28" HEIGHT="0" />
            <String CONTENT="may" ID="Word_7403" HPOS="1287" VPOS="1223" WIDTH="86" HEIGHT="37" />
            <SP ID="SP_6619" HPOS="1374" VPOS="1207" WIDTH="26" HEIGHT="0" />
            <String CONTENT="bo" ID="Word_7404" HPOS="1401" VPOS="1207" WIDTH="48" HEIGHT="39" />
          </TextLine>
          <TextLine ID="TextLine_787" HPOS="59" VPOS="1262" WIDTH="1391" HEIGHT="57">
            <String CONTENT="going" ID="Word_7405" HPOS="59" VPOS="1278" WIDTH="123" HEIGHT="39" />
            <SP ID="SP_6620" HPOS="183" VPOS="1279" WIDTH="17" HEIGHT="0" />
            <String CONTENT="on" ID="Word_7406" HPOS="201" VPOS="1278" WIDTH="50" HEIGHT="24" />
            <SP ID="SP_6621" HPOS="252" VPOS="1278" WIDTH="26" HEIGHT="0" />
            <String CONTENT="with" ID="Word_7407" HPOS="279" VPOS="1265" WIDTH="90" HEIGHT="38" />
            <SP ID="SP_6622" HPOS="370" VPOS="1265" WIDTH="27" HEIGHT="0" />
            <String CONTENT="every" ID="Word_7408" HPOS="398" VPOS="1280" WIDTH="114" HEIGHT="38" />
            <SP ID="SP_6623" HPOS="513" VPOS="1281" WIDTH="16" HEIGHT="0" />
            <String CONTENT="variety" ID="Word_7409" HPOS="530" VPOS="1268" WIDTH="144" HEIGHT="51" />
            <SP ID="SP_6624" HPOS="675" VPOS="1269" WIDTH="18" HEIGHT="0" />
            <String CONTENT="in" ID="Word_7410" HPOS="694" VPOS="1269" WIDTH="40" HEIGHT="37" />
            <SP ID="SP_6625" HPOS="735" VPOS="1277" WIDTH="28" HEIGHT="0" />
            <String CONTENT="the" ID="Word_7411" HPOS="764" VPOS="1277" WIDTH="65" HEIGHT="29" />
            <SP ID="SP_6626" HPOS="830" VPOS="1282" WIDTH="29" HEIGHT="0" />
            <String CONTENT="pulse." ID="Word_7412" HPOS="860" VPOS="1268" WIDTH="118" HEIGHT="50" />
            <SP ID="SP_6627" HPOS="979" VPOS="1266" WIDTH="60" HEIGHT="0" />
            <String CONTENT="It" ID="Word_7413" HPOS="1040" VPOS="1266" WIDTH="37" HEIGHT="38" />
            <SP ID="SP_6628" HPOS="1078" VPOS="1275" WIDTH="13" HEIGHT="0" />
            <String CONTENT="may" ID="Word_7414" HPOS="1092" VPOS="1278" WIDTH="86" HEIGHT="38" />
            <SP ID="SP_6629" HPOS="1179" VPOS="1264" WIDTH="17" HEIGHT="0" />
            <String CONTENT="be" ID="Word_7415" HPOS="1197" VPOS="1264" WIDTH="47" HEIGHT="38" />
            <SP ID="SP_6630" HPOS="1245" VPOS="1262" WIDTH="29" HEIGHT="0" />
            <String CONTENT="frequent" ID="Word_7416" HPOS="1275" VPOS="1262" WIDTH="175" HEIGHT="51" />
          </TextLine>
          <TextLine ID="TextLine_788" HPOS="59" VPOS="1317" WIDTH="1391" HEIGHT="56">
            <String CONTENT="and" ID="Word_7417" HPOS="59" VPOS="1318" WIDTH="79" HEIGHT="38" />
            <SP ID="SP_6631" HPOS="139" VPOS="1318" WIDTH="19" HEIGHT="0" />
            <String CONTENT="small," ID="Word_7418" HPOS="159" VPOS="1319" WIDTH="120" HEIGHT="46" />
            <SP ID="SP_6632" HPOS="280" VPOS="1319" WIDTH="20" HEIGHT="0" />
            <String CONTENT="it" ID="Word_7419" HPOS="301" VPOS="1319" WIDTH="29" HEIGHT="38" />
            <SP ID="SP_6633" HPOS="331" VPOS="1326" WIDTH="18" HEIGHT="0" />
            <String CONTENT="may" ID="Word_7420" HPOS="350" VPOS="1333" WIDTH="86" HEIGHT="38" />
            <SP ID="SP_6634" HPOS="437" VPOS="1320" WIDTH="19" HEIGHT="0" />
            <String CONTENT="be" ID="Word_7421" HPOS="457" VPOS="1320" WIDTH="48" HEIGHT="38" />
            <SP ID="SP_6635" HPOS="506" VPOS="1320" WIDTH="16" HEIGHT="0" />
            <String CONTENT="frequent" ID="Word_7422" HPOS="523" VPOS="1320" WIDTH="176" HEIGHT="53" />
            <SP ID="SP_6636" HPOS="700" VPOS="1329" WIDTH="16" HEIGHT="0" />
            <String CONTENT="and" ID="Word_7423" HPOS="717" VPOS="1322" WIDTH="77" HEIGHT="38" />
            <SP ID="SP_6637" HPOS="795" VPOS="1322" WIDTH="24" HEIGHT="0" />
            <String CONTENT="full," ID="Word_7424" HPOS="820" VPOS="1323" WIDTH="79" HEIGHT="46" />
            <SP ID="SP_6638" HPOS="900" VPOS="1337" WIDTH="19" HEIGHT="0" />
            <String CONTENT="or" ID="Word_7425" HPOS="920" VPOS="1336" WIDTH="44" HEIGHT="23" />
            <SP ID="SP_6639" HPOS="965" VPOS="1322" WIDTH="25" HEIGHT="0" />
            <String CONTENT="it" ID="Word_7426" HPOS="991" VPOS="1322" WIDTH="30" HEIGHT="38" />
            <SP ID="SP_6640" HPOS="1022" VPOS="1329" WIDTH="26" HEIGHT="0" />
            <String CONTENT="may" ID="Word_7427" HPOS="1049" VPOS="1334" WIDTH="85" HEIGHT="36" />
            <SP ID="SP_6641" HPOS="1135" VPOS="1319" WIDTH="19" HEIGHT="0" />
            <String CONTENT="be" ID="Word_7428" HPOS="1155" VPOS="1319" WIDTH="46" HEIGHT="37" />
            <SP ID="SP_6642" HPOS="1202" VPOS="1317" WIDTH="15" HEIGHT="0" />
            <String CONTENT="little" ID="Word_7429" HPOS="1218" VPOS="1317" WIDTH="95" HEIGHT="38" />
            <SP ID="SP_6643" HPOS="1314" VPOS="1330" WIDTH="15" HEIGHT="0" />
            <String CONTENT="above" ID="Word_7430" HPOS="1330" VPOS="1329" WIDTH="120" HEIGHT="25" />
          </TextLine>
          <TextLine ID="TextLine_789" HPOS="60" VPOS="1370" WIDTH="1317" HEIGHT="58">
            <String CONTENT="the" ID="Word_7431" HPOS="60" VPOS="1379" WIDTH="67" HEIGHT="32" />
            <SP ID="SP_6644" HPOS="128" VPOS="1386" WIDTH="16" HEIGHT="0" />
            <String CONTENT="natural" ID="Word_7432" HPOS="145" VPOS="1372" WIDTH="152" HEIGHT="39" />
            <SP ID="SP_6645" HPOS="298" VPOS="1372" WIDTH="16" HEIGHT="0" />
            <String CONTENT="standard" ID="Word_7433" HPOS="315" VPOS="1374" WIDTH="185" HEIGHT="38" />
            <SP ID="SP_6646" HPOS="501" VPOS="1374" WIDTH="18" HEIGHT="0" />
            <String CONTENT="through" ID="Word_7434" HPOS="520" VPOS="1374" WIDTH="170" HEIGHT="54" />
            <SP ID="SP_6647" HPOS="691" VPOS="1376" WIDTH="18" HEIGHT="0" />
            <String CONTENT="the" ID="Word_7435" HPOS="710" VPOS="1384" WIDTH="64" HEIGHT="30" />
            <SP ID="SP_6648" HPOS="775" VPOS="1390" WIDTH="17" HEIGHT="0" />
            <String CONTENT="whole" ID="Word_7436" HPOS="793" VPOS="1376" WIDTH="122" HEIGHT="38" />
            <SP ID="SP_6649" HPOS="916" VPOS="1389" WIDTH="16" HEIGHT="0" />
            <String CONTENT="course" ID="Word_7437" HPOS="933" VPOS="1389" WIDTH="133" HEIGHT="24" />
            <SP ID="SP_6650" HPOS="1067" VPOS="1388" WIDTH="17" HEIGHT="0" />
            <String CONTENT="of" ID="Word_7438" HPOS="1085" VPOS="1373" WIDTH="44" HEIGHT="39" />
            <SP ID="SP_6651" HPOS="1130" VPOS="1373" WIDTH="11" HEIGHT="0" />
            <String CONTENT="the" ID="Word_7439" HPOS="1142" VPOS="1373" WIDTH="64" HEIGHT="37" />
            <SP ID="SP_6652" HPOS="1207" VPOS="1370" WIDTH="16" HEIGHT="0" />
            <String CONTENT="disease." ID="Word_7440" HPOS="1224" VPOS="1370" WIDTH="153" HEIGHT="38" />
          </TextLine>
          <TextLine ID="TextLine_790" HPOS="112" VPOS="1421" WIDTH="1337" HEIGHT="62">
            <String CONTENT="(4‘.)" ID="Word_7441" HPOS="112" VPOS="1428" WIDTH="76" HEIGHT="49" />
            <SP ID="SP_6653" HPOS="189" VPOS="1426" WIDTH="20" HEIGHT="0" />
            <String CONTENT="Extensive" ID="Word_7442" HPOS="210" VPOS="1426" WIDTH="209" HEIGHT="40" />
            <SP ID="SP_6654" HPOS="420" VPOS="1428" WIDTH="15" HEIGHT="0" />
            <String CONTENT="inflammation" ID="Word_7443" HPOS="436" VPOS="1428" WIDTH="278" HEIGHT="39" />
            <SP ID="SP_6655" HPOS="715" VPOS="1444" WIDTH="22" HEIGHT="0" />
            <String CONTENT="may" ID="Word_7444" HPOS="738" VPOS="1444" WIDTH="86" HEIGHT="36" />
            <SP ID="SP_6656" HPOS="825" VPOS="1444" WIDTH="17" HEIGHT="0" />
            <String CONTENT="go" ID="Word_7445" HPOS="843" VPOS="1445" WIDTH="51" HEIGHT="38" />
            <SP ID="SP_6657" HPOS="895" VPOS="1444" WIDTH="17" HEIGHT="0" />
            <String CONTENT="on" ID="Word_7446" HPOS="913" VPOS="1443" WIDTH="49" HEIGHT="24" />
            <SP ID="SP_6658" HPOS="963" VPOS="1443" WIDTH="27" HEIGHT="0" />
            <String CONTENT="without" ID="Word_7447" HPOS="991" VPOS="1429" WIDTH="159" HEIGHT="37" />
            <SP ID="SP_6659" HPOS="1151" VPOS="1434" WIDTH="15" HEIGHT="0" />
            <String CONTENT="vomiting" ID="Word_7448" HPOS="1167" VPOS="1423" WIDTH="187" HEIGHT="51" />
            <SP ID="SP_6660" HPOS="1355" VPOS="1436" WIDTH="16" HEIGHT="0" />
            <String CONTENT="and" ID="Word_7449" HPOS="1372" VPOS="1421" WIDTH="77" HEIGHT="38" />
          </TextLine>
          <TextLine ID="TextLine_791" HPOS="57" VPOS="1480" WIDTH="1391" HEIGHT="54">
            <String CONTENT="without" ID="Word_7450" HPOS="57" VPOS="1480" WIDTH="163" HEIGHT="38" />
            <SP ID="SP_6661" HPOS="221" VPOS="1488" WIDTH="16" HEIGHT="0" />
            <String CONTENT="constant" ID="Word_7451" HPOS="238" VPOS="1488" WIDTH="180" HEIGHT="31" />
            <SP ID="SP_6662" HPOS="419" VPOS="1490" WIDTH="24" HEIGHT="0" />
            <String CONTENT="pain," ID="Word_7452" HPOS="444" VPOS="1483" WIDTH="107" HEIGHT="49" />
            <SP ID="SP_6663" HPOS="552" VPOS="1491" WIDTH="18" HEIGHT="0" />
            <String CONTENT="the" ID="Word_7453" HPOS="571" VPOS="1491" WIDTH="66" HEIGHT="30" />
            <SP ID="SP_6664" HPOS="638" VPOS="1497" WIDTH="25" HEIGHT="0" />
            <String CONTENT="pain" ID="Word_7454" HPOS="664" VPOS="1497" WIDTH="91" HEIGHT="37" />
            <SP ID="SP_6665" HPOS="756" VPOS="1497" WIDTH="28" HEIGHT="0" />
            <String CONTENT="often" ID="Word_7455" HPOS="785" VPOS="1483" WIDTH="103" HEIGHT="39" />
            <SP ID="SP_6666" HPOS="889" VPOS="1498" WIDTH="27" HEIGHT="0" />
            <String CONTENT="occurring" ID="Word_7456" HPOS="917" VPOS="1482" WIDTH="204" HEIGHT="52" />
            <SP ID="SP_6667" HPOS="1122" VPOS="1480" WIDTH="28" HEIGHT="0" />
            <String CONTENT="in" ID="Word_7457" HPOS="1151" VPOS="1480" WIDTH="41" HEIGHT="37" />
            <SP ID="SP_6668" HPOS="1193" VPOS="1491" WIDTH="30" HEIGHT="0" />
            <String CONTENT="paroxysms" ID="Word_7458" HPOS="1224" VPOS="1488" WIDTH="224" HEIGHT="40" />
          </TextLine>
          <TextLine ID="TextLine_792" HPOS="57" VPOS="1534" WIDTH="725" HEIGHT="53">
            <String CONTENT="and" ID="Word_7459" HPOS="57" VPOS="1534" WIDTH="80" HEIGHT="38" />
            <SP ID="SP_6669" HPOS="138" VPOS="1534" WIDTH="17" HEIGHT="0" />
            <String CONTENT="leaving" ID="Word_7460" HPOS="156" VPOS="1534" WIDTH="154" HEIGHT="53" />
            <SP ID="SP_6670" HPOS="311" VPOS="1535" WIDTH="16" HEIGHT="0" />
            <String CONTENT="long" ID="Word_7461" HPOS="328" VPOS="1535" WIDTH="92" HEIGHT="52" />
            <SP ID="SP_6671" HPOS="421" VPOS="1537" WIDTH="17" HEIGHT="0" />
            <String CONTENT="intervals" ID="Word_7462" HPOS="439" VPOS="1537" WIDTH="178" HEIGHT="37" />
            <SP ID="SP_6672" HPOS="618" VPOS="1551" WIDTH="17" HEIGHT="0" />
            <String CONTENT="of" ID="Word_7463" HPOS="636" VPOS="1538" WIDTH="45" HEIGHT="37" />
            <SP ID="SP_6673" HPOS="682" VPOS="1538" WIDTH="5" HEIGHT="0" />
            <String CONTENT="ease." ID="Word_7464" HPOS="688" VPOS="1551" WIDTH="94" HEIGHT="24" />
          </TextLine>
          <TextLine ID="TextLine_793" HPOS="113" VPOS="1582" WIDTH="1333" HEIGHT="57">
            <String CONTENT="(5.)" ID="Word_7465" HPOS="113" VPOS="1588" WIDTH="74" HEIGHT="51" />
            <SP ID="SP_6674" HPOS="188" VPOS="1589" WIDTH="28" HEIGHT="0" />
            <String CONTENT="The" ID="Word_7466" HPOS="217" VPOS="1589" WIDTH="91" HEIGHT="38" />
            <SP ID="SP_6675" HPOS="309" VPOS="1602" WIDTH="30" HEIGHT="0" />
            <String CONTENT="peculiar" ID="Word_7467" HPOS="340" VPOS="1589" WIDTH="169" HEIGHT="50" />
            <SP ID="SP_6676" HPOS="510" VPOS="1598" WIDTH="28" HEIGHT="0" />
            <String CONTENT="tenderness" ID="Word_7468" HPOS="539" VPOS="1598" WIDTH="221" HEIGHT="30" />
            <SP ID="SP_6677" HPOS="761" VPOS="1605" WIDTH="30" HEIGHT="0" />
            <String CONTENT="which" ID="Word_7469" HPOS="792" VPOS="1590" WIDTH="124" HEIGHT="38" />
            <SP ID="SP_6678" HPOS="917" VPOS="1590" WIDTH="33" HEIGHT="0" />
            <String CONTENT="marks" ID="Word_7470" HPOS="951" VPOS="1588" WIDTH="127" HEIGHT="39" />
            <SP ID="SP_6679" HPOS="1079" VPOS="1587" WIDTH="30" HEIGHT="0" />
            <String CONTENT="inflammation" ID="Word_7471" HPOS="1110" VPOS="1586" WIDTH="277" HEIGHT="39" />
            <SP ID="SP_6680" HPOS="1388" VPOS="1582" WIDTH="26" HEIGHT="0" />
            <String CONTENT="is" ID="Word_7472" HPOS="1415" VPOS="1582" WIDTH="31" HEIGHT="37" />
          </TextLine>
          <TextLine ID="TextLine_794" HPOS="57" VPOS="1636" WIDTH="1389" HEIGHT="58">
            <String CONTENT="the" ID="Word_7473" HPOS="57" VPOS="1648" WIDTH="68" HEIGHT="31" />
            <SP ID="SP_6681" HPOS="126" VPOS="1655" WIDTH="16" HEIGHT="0" />
            <String CONTENT="principal" ID="Word_7474" HPOS="143" VPOS="1642" WIDTH="189" HEIGHT="50" />
            <SP ID="SP_6682" HPOS="333" VPOS="1643" WIDTH="17" HEIGHT="0" />
            <String CONTENT="guide" ID="Word_7475" HPOS="351" VPOS="1643" WIDTH="118" HEIGHT="51" />
            <SP ID="SP_6683" HPOS="470" VPOS="1658" WIDTH="23" HEIGHT="0" />
            <String CONTENT="of" ID="Word_7476" HPOS="494" VPOS="1643" WIDTH="46" HEIGHT="39" />
            <SP ID="SP_6684" HPOS="541" VPOS="1643" WIDTH="20" HEIGHT="0" />
            <String CONTENT="the" ID="Word_7477" HPOS="562" VPOS="1654" WIDTH="65" HEIGHT="27" />
            <SP ID="SP_6685" HPOS="628" VPOS="1658" WIDTH="28" HEIGHT="0" />
            <String CONTENT="practical" ID="Word_7478" HPOS="657" VPOS="1644" WIDTH="179" HEIGHT="50" />
            <SP ID="SP_6686" HPOS="837" VPOS="1644" WIDTH="25" HEIGHT="0" />
            <String CONTENT="physician." ID="Word_7479" HPOS="863" VPOS="1643" WIDTH="208" HEIGHT="51" />
            <SP ID="SP_6687" HPOS="1072" VPOS="1641" WIDTH="57" HEIGHT="0" />
            <String CONTENT="Whenever" ID="Word_7480" HPOS="1130" VPOS="1641" WIDTH="222" HEIGHT="38" />
            <SP ID="SP_6688" HPOS="1353" VPOS="1645" WIDTH="18" HEIGHT="0" />
            <String CONTENT="this" ID="Word_7481" HPOS="1372" VPOS="1636" WIDTH="74" HEIGHT="38" />
          </TextLine>
          <TextLine ID="TextLine_795" HPOS="57" VPOS="1690" WIDTH="1389" HEIGHT="58">
            <String CONTENT="occurs," ID="Word_7482" HPOS="57" VPOS="1709" WIDTH="151" HEIGHT="32" />
            <SP ID="SP_6689" HPOS="209" VPOS="1710" WIDTH="21" HEIGHT="0" />
            <String CONTENT="whatever" ID="Word_7483" HPOS="231" VPOS="1696" WIDTH="189" HEIGHT="38" />
            <SP ID="SP_6690" HPOS="421" VPOS="1710" WIDTH="18" HEIGHT="0" />
            <String CONTENT="may" ID="Word_7484" HPOS="440" VPOS="1711" WIDTH="87" HEIGHT="37" />
            <SP ID="SP_6691" HPOS="528" VPOS="1697" WIDTH="14" HEIGHT="0" />
            <String CONTENT="be" ID="Word_7485" HPOS="543" VPOS="1697" WIDTH="47" HEIGHT="38" />
            <SP ID="SP_6692" HPOS="591" VPOS="1706" WIDTH="18" HEIGHT="0" />
            <String CONTENT="the" ID="Word_7486" HPOS="610" VPOS="1706" WIDTH="64" HEIGHT="30" />
            <SP ID="SP_6693" HPOS="675" VPOS="1712" WIDTH="12" HEIGHT="0" />
            <String CONTENT="state" ID="Word_7487" HPOS="688" VPOS="1707" WIDTH="95" HEIGHT="29" />
            <SP ID="SP_6694" HPOS="784" VPOS="1712" WIDTH="19" HEIGHT="0" />
            <String CONTENT="of" ID="Word_7488" HPOS="804" VPOS="1698" WIDTH="45" HEIGHT="38" />
            <SP ID="SP_6695" HPOS="850" VPOS="1698" WIDTH="11" HEIGHT="0" />
            <String CONTENT="the" ID="Word_7489" HPOS="862" VPOS="1707" WIDTH="64" HEIGHT="28" />
            <SP ID="SP_6696" HPOS="927" VPOS="1711" WIDTH="17" HEIGHT="0" />
            <String CONTENT="pulse," ID="Word_7490" HPOS="945" VPOS="1696" WIDTH="121" HEIGHT="51" />
            <SP ID="SP_6697" HPOS="1067" VPOS="1710" WIDTH="15" HEIGHT="0" />
            <String CONTENT="and" ID="Word_7491" HPOS="1083" VPOS="1694" WIDTH="77" HEIGHT="39" />
            <SP ID="SP_6698" HPOS="1161" VPOS="1694" WIDTH="18" HEIGHT="0" />
            <String CONTENT="whatever" ID="Word_7492" HPOS="1180" VPOS="1693" WIDTH="187" HEIGHT="38" />
            <SP ID="SP_6699" HPOS="1368" VPOS="1699" WIDTH="12" HEIGHT="0" />
            <String CONTENT="the" ID="Word_7493" HPOS="1381" VPOS="1690" WIDTH="65" HEIGHT="38" />
          </TextLine>
          <TextLine ID="TextLine_796" HPOS="57" VPOS="1747" WIDTH="1390" HEIGHT="56">
            <String CONTENT="condition" ID="Word_7494" HPOS="57" VPOS="1749" WIDTH="201" HEIGHT="38" />
            <SP ID="SP_6700" HPOS="259" VPOS="1763" WIDTH="18" HEIGHT="0" />
            <String CONTENT="of" ID="Word_7495" HPOS="278" VPOS="1749" WIDTH="46" HEIGHT="38" />
            <SP ID="SP_6701" HPOS="325" VPOS="1749" WIDTH="10" HEIGHT="0" />
            <String CONTENT="the" ID="Word_7496" HPOS="336" VPOS="1749" WIDTH="65" HEIGHT="38" />
            <SP ID="SP_6702" HPOS="402" VPOS="1750" WIDTH="17" HEIGHT="0" />
            <String CONTENT="bowels," ID="Word_7497" HPOS="420" VPOS="1750" WIDTH="152" HEIGHT="47" />
            <SP ID="SP_6703" HPOS="573" VPOS="1766" WIDTH="20" HEIGHT="0" />
            <String CONTENT="a" ID="Word_7498" HPOS="594" VPOS="1766" WIDTH="22" HEIGHT="22" />
            <SP ID="SP_6704" HPOS="617" VPOS="1751" WIDTH="17" HEIGHT="0" />
            <String CONTENT="disease" ID="Word_7499" HPOS="635" VPOS="1751" WIDTH="143" HEIGHT="38" />
            <SP ID="SP_6705" HPOS="779" VPOS="1752" WIDTH="19" HEIGHT="0" />
            <String CONTENT="is" ID="Word_7500" HPOS="799" VPOS="1752" WIDTH="29" HEIGHT="37" />
            <SP ID="SP_6706" HPOS="829" VPOS="1766" WIDTH="15" HEIGHT="0" />
            <String CONTENT="going" ID="Word_7501" HPOS="845" VPOS="1751" WIDTH="120" HEIGHT="52" />
            <SP ID="SP_6707" HPOS="966" VPOS="1764" WIDTH="16" HEIGHT="0" />
            <String CONTENT="on" ID="Word_7502" HPOS="983" VPOS="1764" WIDTH="51" HEIGHT="24" />
            <SP ID="SP_6708" HPOS="1035" VPOS="1764" WIDTH="17" HEIGHT="0" />
            <String CONTENT="which" ID="Word_7503" HPOS="1053" VPOS="1748" WIDTH="122" HEIGHT="38" />
            <SP ID="SP_6709" HPOS="1176" VPOS="1748" WIDTH="27" HEIGHT="0" />
            <String CONTENT="will" ID="Word_7504" HPOS="1204" VPOS="1747" WIDTH="76" HEIGHT="37" />
            <SP ID="SP_6710" HPOS="1281" VPOS="1747" WIDTH="15" HEIGHT="0" />
            <String CONTENT="require" ID="Word_7505" HPOS="1297" VPOS="1756" WIDTH="150" HEIGHT="43" />
          </TextLine>
          <TextLine ID="TextLine_797" HPOS="57" VPOS="1801" WIDTH="1185" HEIGHT="54">
            <String CONTENT="his" ID="Word_7506" HPOS="57" VPOS="1802" WIDTH="61" HEIGHT="39" />
            <SP ID="SP_6711" HPOS="119" VPOS="1815" WIDTH="17" HEIGHT="0" />
            <String CONTENT="most" ID="Word_7507" HPOS="137" VPOS="1811" WIDTH="100" HEIGHT="30" />
            <SP ID="SP_6712" HPOS="238" VPOS="1811" WIDTH="13" HEIGHT="0" />
            <String CONTENT="eager" ID="Word_7508" HPOS="252" VPOS="1816" WIDTH="115" HEIGHT="39" />
            <SP ID="SP_6713" HPOS="368" VPOS="1816" WIDTH="17" HEIGHT="0" />
            <String CONTENT="attention," ID="Word_7509" HPOS="386" VPOS="1811" WIDTH="204" HEIGHT="41" />
            <SP ID="SP_6714" HPOS="591" VPOS="1819" WIDTH="19" HEIGHT="0" />
            <String CONTENT="and" ID="Word_7510" HPOS="611" VPOS="1805" WIDTH="77" HEIGHT="39" />
            <SP ID="SP_6715" HPOS="689" VPOS="1805" WIDTH="18" HEIGHT="0" />
            <String CONTENT="his" ID="Word_7511" HPOS="708" VPOS="1805" WIDTH="59" HEIGHT="40" />
            <SP ID="SP_6716" HPOS="768" VPOS="1819" WIDTH="17" HEIGHT="0" />
            <String CONTENT="most" ID="Word_7512" HPOS="786" VPOS="1812" WIDTH="100" HEIGHT="31" />
            <SP ID="SP_6717" HPOS="887" VPOS="1812" WIDTH="15" HEIGHT="0" />
            <String CONTENT="active" ID="Word_7513" HPOS="903" VPOS="1813" WIDTH="121" HEIGHT="30" />
            <SP ID="SP_6718" HPOS="1025" VPOS="1817" WIDTH="16" HEIGHT="0" />
            <String CONTENT="remedies." ID="Word_7514" HPOS="1042" VPOS="1801" WIDTH="200" HEIGHT="41" />
          </TextLine>
        </TextBlock>
        <TextBlock ID="TextBlock_93" HPOS="53" VPOS="2030" WIDTH="1392" HEIGHT="599">
          <TextLine ID="TextLine_798" HPOS="57" VPOS="2030" WIDTH="1387" HEIGHT="43">
            <String CONTENT="Outline" ID="Word_7515" HPOS="57" VPOS="2034" WIDTH="196" HEIGHT="39" />
            <SP ID="SP_6719" HPOS="254" VPOS="2046" WIDTH="25" HEIGHT="0" />
            <String CONTENT="of" ID="Word_7516" HPOS="280" VPOS="2046" WIDTH="51" HEIGHT="26" />
            <SP ID="SP_6720" HPOS="332" VPOS="2045" WIDTH="24" HEIGHT="0" />
            <String CONTENT="the" ID="Word_7517" HPOS="357" VPOS="2044" WIDTH="85" HEIGHT="27" />
            <SP ID="SP_6721" HPOS="443" VPOS="2032" WIDTH="17" HEIGHT="0" />
            <String CONTENT="Treatment" ID="Word_7518" HPOS="461" VPOS="2032" WIDTH="267" HEIGHT="40" />
            <SP ID="SP_6722" HPOS="729" VPOS="2047" WIDTH="25" HEIGHT="0" />
            <String CONTENT="of" ID="Word_7519" HPOS="755" VPOS="2047" WIDTH="52" HEIGHT="25" />
            <SP ID="SP_6723" HPOS="808" VPOS="2034" WIDTH="27" HEIGHT="0" />
            <String CONTENT="Intestinal" ID="Word_7520" HPOS="836" VPOS="2034" WIDTH="246" HEIGHT="37" />
            <SP ID="SP_6724" HPOS="1083" VPOS="2030" WIDTH="24" HEIGHT="0" />
            <String CONTENT="Inflammation." ID="Word_7521" HPOS="1108" VPOS="2030" WIDTH="336" HEIGHT="39" />
          </TextLine>
          <TextLine ID="TextLine_799" HPOS="109" VPOS="2141" WIDTH="1334" HEIGHT="49">
            <String CONTENT="In" ID="Word_7522" HPOS="109" VPOS="2146" WIDTH="48" HEIGHT="39" />
            <SP ID="SP_6725" HPOS="158" VPOS="2154" WIDTH="19" HEIGHT="0" />
            <String CONTENT="the" ID="Word_7523" HPOS="178" VPOS="2146" WIDTH="66" HEIGHT="38" />
            <SP ID="SP_6726" HPOS="245" VPOS="2152" WIDTH="23" HEIGHT="0" />
            <String CONTENT="treatment" ID="Word_7524" HPOS="269" VPOS="2152" WIDTH="204" HEIGHT="33" />
            <SP ID="SP_6727" HPOS="474" VPOS="2152" WIDTH="17" HEIGHT="0" />
            <String CONTENT="of" ID="Word_7525" HPOS="492" VPOS="2143" WIDTH="46" HEIGHT="38" />
            <SP ID="SP_6728" HPOS="539" VPOS="2143" WIDTH="19" HEIGHT="0" />
            <String CONTENT="this" ID="Word_7526" HPOS="559" VPOS="2144" WIDTH="75" HEIGHT="39" />
            <SP ID="SP_6729" HPOS="635" VPOS="2159" WIDTH="16" HEIGHT="0" />
            <String CONTENT="affection" ID="Word_7527" HPOS="652" VPOS="2146" WIDTH="177" HEIGHT="38" />
            <SP ID="SP_6730" HPOS="830" VPOS="2145" WIDTH="18" HEIGHT="0" />
            <String CONTENT="it" ID="Word_7528" HPOS="849" VPOS="2145" WIDTH="29" HEIGHT="37" />
            <SP ID="SP_6731" HPOS="879" VPOS="2145" WIDTH="22" HEIGHT="0" />
            <String CONTENT="is" ID="Word_7529" HPOS="902" VPOS="2145" WIDTH="31" HEIGHT="37" />
            <SP ID="SP_6732" HPOS="934" VPOS="2158" WIDTH="26" HEIGHT="0" />
            <String CONTENT="of" ID="Word_7530" HPOS="961" VPOS="2144" WIDTH="46" HEIGHT="38" />
            <SP ID="SP_6733" HPOS="1008" VPOS="2144" WIDTH="8" HEIGHT="0" />
            <String CONTENT="essential" ID="Word_7531" HPOS="1017" VPOS="2142" WIDTH="173" HEIGHT="40" />
            <SP ID="SP_6734" HPOS="1191" VPOS="2141" WIDTH="18" HEIGHT="0" />
            <String CONTENT="importance" ID="Word_7532" HPOS="1210" VPOS="2141" WIDTH="233" HEIGHT="49" />
          </TextLine>
          <TextLine ID="TextLine_800" HPOS="57" VPOS="2187" WIDTH="1385" HEIGHT="64">
            <String CONTENT="that" ID="Word_7533" HPOS="57" VPOS="2206" WIDTH="85" HEIGHT="32" />
            <SP ID="SP_6735" HPOS="143" VPOS="2207" WIDTH="17" HEIGHT="0" />
            <String CONTENT="our" ID="Word_7534" HPOS="161" VPOS="2213" WIDTH="74" HEIGHT="25" />
            <SP ID="SP_6736" HPOS="236" VPOS="2213" WIDTH="26" HEIGHT="0" />
            <String CONTENT="attention" ID="Word_7535" HPOS="263" VPOS="2199" WIDTH="187" HEIGHT="39" />
            <SP ID="SP_6737" HPOS="451" VPOS="2197" WIDTH="18" HEIGHT="0" />
            <String CONTENT="be" ID="Word_7536" HPOS="470" VPOS="2197" WIDTH="49" HEIGHT="39" />
            <SP ID="SP_6738" HPOS="520" VPOS="2211" WIDTH="16" HEIGHT="0" />
            <String CONTENT="steadily" ID="Word_7537" HPOS="537" VPOS="2199" WIDTH="159" HEIGHT="52" />
            <SP ID="SP_6739" HPOS="697" VPOS="2213" WIDTH="17" HEIGHT="0" />
            <String CONTENT="and" ID="Word_7538" HPOS="715" VPOS="2199" WIDTH="76" HEIGHT="39" />
            <SP ID="SP_6740" HPOS="792" VPOS="2199" WIDTH="18" HEIGHT="0" />
            <String CONTENT="precisely" ID="Word_7539" HPOS="811" VPOS="2198" WIDTH="181" HEIGHT="52" />
            <SP ID="SP_6741" HPOS="993" VPOS="2197" WIDTH="16" HEIGHT="0" />
            <String CONTENT="directed" ID="Word_7540" HPOS="1010" VPOS="2196" WIDTH="169" HEIGHT="39" />
            <SP ID="SP_6742" HPOS="1180" VPOS="2196" WIDTH="26" HEIGHT="0" />
            <String CONTENT="to" ID="Word_7541" HPOS="1207" VPOS="2202" WIDTH="40" HEIGHT="29" />
            <SP ID="SP_6743" HPOS="1248" VPOS="2203" WIDTH="24" HEIGHT="0" />
            <String CONTENT="the" ID="Word_7542" HPOS="1273" VPOS="2203" WIDTH="64" HEIGHT="27" />
            <SP ID="SP_6744" HPOS="1338" VPOS="2203" WIDTH="29" HEIGHT="0" />
            <String CONTENT="real" ID="Word_7543" HPOS="1368" VPOS="2187" WIDTH="74" HEIGHT="40" />
          </TextLine>
          <TextLine ID="TextLine_801" HPOS="57" VPOS="2243" WIDTH="1384" HEIGHT="62">
            <String CONTENT="disease" ID="Word_7544" HPOS="57" VPOS="2252" WIDTH="146" HEIGHT="40" />
            <SP ID="SP_6745" HPOS="204" VPOS="2269" WIDTH="15" HEIGHT="0" />
            <String CONTENT="with" ID="Word_7545" HPOS="220" VPOS="2254" WIDTH="92" HEIGHT="38" />
            <SP ID="SP_6746" HPOS="313" VPOS="2254" WIDTH="18" HEIGHT="0" />
            <String CONTENT="which" ID="Word_7546" HPOS="332" VPOS="2252" WIDTH="123" HEIGHT="39" />
            <SP ID="SP_6747" HPOS="456" VPOS="2252" WIDTH="20" HEIGHT="0" />
            <String CONTENT="we" ID="Word_7547" HPOS="477" VPOS="2265" WIDTH="55" HEIGHT="25" />
            <SP ID="SP_6748" HPOS="533" VPOS="2265" WIDTH="17" HEIGHT="0" />
            <String CONTENT="are" ID="Word_7548" HPOS="551" VPOS="2265" WIDTH="64" HEIGHT="25" />
            <SP ID="SP_6749" HPOS="616" VPOS="2266" WIDTH="17" HEIGHT="0" />
            <String CONTENT="contending," ID="Word_7549" HPOS="634" VPOS="2253" WIDTH="249" HEIGHT="52" />
            <SP ID="SP_6750" HPOS="884" VPOS="2267" WIDTH="19" HEIGHT="0" />
            <String CONTENT="and" ID="Word_7550" HPOS="904" VPOS="2252" WIDTH="75" HEIGHT="38" />
            <SP ID="SP_6751" HPOS="980" VPOS="2252" WIDTH="20" HEIGHT="0" />
            <String CONTENT="be" ID="Word_7551" HPOS="1001" VPOS="2252" WIDTH="46" HEIGHT="37" />
            <SP ID="SP_6752" HPOS="1048" VPOS="2263" WIDTH="24" HEIGHT="0" />
            <String CONTENT="not" ID="Word_7552" HPOS="1073" VPOS="2258" WIDTH="70" HEIGHT="30" />
            <SP ID="SP_6753" HPOS="1144" VPOS="2248" WIDTH="25" HEIGHT="0" />
            <String CONTENT="distracted" ID="Word_7553" HPOS="1170" VPOS="2243" WIDTH="204" HEIGHT="43" />
            <SP ID="SP_6754" HPOS="1375" VPOS="2243" WIDTH="16" HEIGHT="0" />
            <String CONTENT="by" ID="Word_7554" HPOS="1392" VPOS="2243" WIDTH="49" HEIGHT="49" />
          </TextLine>
          <TextLine ID="TextLine_802" HPOS="53" VPOS="2292" WIDTH="1392" HEIGHT="65">
            <String CONTENT="circumstances" ID="Word_7555" HPOS="53" VPOS="2306" WIDTH="296" HEIGHT="40" />
            <SP ID="SP_6755" HPOS="350" VPOS="2321" WIDTH="18" HEIGHT="0" />
            <String CONTENT="which" ID="Word_7556" HPOS="369" VPOS="2306" WIDTH="123" HEIGHT="38" />
            <SP ID="SP_6756" HPOS="493" VPOS="2306" WIDTH="27" HEIGHT="0" />
            <String CONTENT="may" ID="Word_7557" HPOS="521" VPOS="2319" WIDTH="87" HEIGHT="38" />
            <SP ID="SP_6757" HPOS="609" VPOS="2306" WIDTH="18" HEIGHT="0" />
            <String CONTENT="be" ID="Word_7558" HPOS="628" VPOS="2306" WIDTH="47" HEIGHT="38" />
            <SP ID="SP_6758" HPOS="676" VPOS="2320" WIDTH="27" HEIGHT="0" />
            <String CONTENT="considered" ID="Word_7559" HPOS="704" VPOS="2306" WIDTH="223" HEIGHT="40" />
            <SP ID="SP_6759" HPOS="928" VPOS="2306" WIDTH="29" HEIGHT="0" />
            <String CONTENT="as" ID="Word_7560" HPOS="958" VPOS="2319" WIDTH="39" HEIGHT="24" />
            <SP ID="SP_6760" HPOS="998" VPOS="2318" WIDTH="25" HEIGHT="0" />
            <String CONTENT="occasional" ID="Word_7561" HPOS="1024" VPOS="2300" WIDTH="216" HEIGHT="42" />
            <SP ID="SP_6761" HPOS="1241" VPOS="2300" WIDTH="16" HEIGHT="0" />
            <String CONTENT="effects" ID="Word_7562" HPOS="1258" VPOS="2298" WIDTH="125" HEIGHT="39" />
            <SP ID="SP_6762" HPOS="1384" VPOS="2308" WIDTH="16" HEIGHT="0" />
            <String CONTENT="of" ID="Word_7563" HPOS="1401" VPOS="2292" WIDTH="44" HEIGHT="39" />
          </TextLine>
          <TextLine ID="TextLine_803" HPOS="53" VPOS="2351" WIDTH="1386" HEIGHT="55">
            <String CONTENT="it." ID="Word_7564" HPOS="53" VPOS="2360" WIDTH="42" HEIGHT="38" />
            <SP ID="SP_6763" HPOS="96" VPOS="2361" WIDTH="56" HEIGHT="0" />
            <String CONTENT="The" ID="Word_7565" HPOS="153" VPOS="2361" WIDTH="90" HEIGHT="38" />
            <SP ID="SP_6764" HPOS="244" VPOS="2362" WIDTH="25" HEIGHT="0" />
            <String CONTENT="disease" ID="Word_7566" HPOS="270" VPOS="2362" WIDTH="149" HEIGHT="38" />
            <SP ID="SP_6765" HPOS="420" VPOS="2360" WIDTH="23" HEIGHT="0" />
            <String CONTENT="is" ID="Word_7567" HPOS="444" VPOS="2360" WIDTH="32" HEIGHT="38" />
            <SP ID="SP_6766" HPOS="477" VPOS="2360" WIDTH="29" HEIGHT="0" />
            <String CONTENT="inflammation;" ID="Word_7568" HPOS="507" VPOS="2359" WIDTH="303" HEIGHT="47" />
            <SP ID="SP_6767" HPOS="811" VPOS="2375" WIDTH="31" HEIGHT="0" />
            <String CONTENT="and" ID="Word_7569" HPOS="843" VPOS="2359" WIDTH="76" HEIGHT="39" />
            <SP ID="SP_6768" HPOS="920" VPOS="2359" WIDTH="28" HEIGHT="0" />
            <String CONTENT="to" ID="Word_7570" HPOS="949" VPOS="2366" WIDTH="41" HEIGHT="31" />
            <SP ID="SP_6769" HPOS="991" VPOS="2371" WIDTH="26" HEIGHT="0" />
            <String CONTENT="subdue" ID="Word_7571" HPOS="1018" VPOS="2358" WIDTH="146" HEIGHT="38" />
            <SP ID="SP_6770" HPOS="1165" VPOS="2363" WIDTH="28" HEIGHT="0" />
            <String CONTENT="that" ID="Word_7572" HPOS="1194" VPOS="2361" WIDTH="82" HEIGHT="30" />
            <SP ID="SP_6771" HPOS="1277" VPOS="2351" WIDTH="29" HEIGHT="0" />
            <String CONTENT="is" ID="Word_7573" HPOS="1307" VPOS="2351" WIDTH="31" HEIGHT="37" />
            <SP ID="SP_6772" HPOS="1339" VPOS="2362" WIDTH="29" HEIGHT="0" />
            <String CONTENT="our" ID="Word_7574" HPOS="1369" VPOS="2358" WIDTH="70" HEIGHT="28" />
          </TextLine>
          <TextLine ID="TextLine_804" HPOS="53" VPOS="2408" WIDTH="1386" HEIGHT="60">
            <String CONTENT="great," ID="Word_7575" HPOS="53" VPOS="2427" WIDTH="125" HEIGHT="40" />
            <SP ID="SP_6773" HPOS="179" VPOS="2427" WIDTH="17" HEIGHT="0" />
            <String CONTENT="our" ID="Word_7576" HPOS="197" VPOS="2427" WIDTH="73" HEIGHT="25" />
            <SP ID="SP_6774" HPOS="271" VPOS="2415" WIDTH="15" HEIGHT="0" />
            <String CONTENT="leading" ID="Word_7577" HPOS="287" VPOS="2415" WIDTH="156" HEIGHT="53" />
            <SP ID="SP_6775" HPOS="444" VPOS="2428" WIDTH="15" HEIGHT="0" />
            <String CONTENT="object" ID="Word_7578" HPOS="460" VPOS="2413" WIDTH="124" HEIGHT="39" />
            <SP ID="SP_6776" HPOS="585" VPOS="2413" WIDTH="16" HEIGHT="0" />
            <String CONTENT="in" ID="Word_7579" HPOS="602" VPOS="2413" WIDTH="39" HEIGHT="37" />
            <SP ID="SP_6777" HPOS="642" VPOS="2423" WIDTH="26" HEIGHT="0" />
            <String CONTENT="the" ID="Word_7580" HPOS="669" VPOS="2413" WIDTH="65" HEIGHT="39" />
            <SP ID="SP_6778" HPOS="735" VPOS="2422" WIDTH="22" HEIGHT="0" />
            <String CONTENT="treatment." ID="Word_7581" HPOS="758" VPOS="2420" WIDTH="216" HEIGHT="32" />
            <SP ID="SP_6779" HPOS="975" VPOS="2411" WIDTH="53" HEIGHT="0" />
            <String CONTENT="An" ID="Word_7582" HPOS="1029" VPOS="2411" WIDTH="65" HEIGHT="38" />
            <SP ID="SP_6780" HPOS="1095" VPOS="2423" WIDTH="17" HEIGHT="0" />
            <String CONTENT="effect" ID="Word_7583" HPOS="1113" VPOS="2408" WIDTH="110" HEIGHT="40" />
            <SP ID="SP_6781" HPOS="1224" VPOS="2415" WIDTH="15" HEIGHT="0" />
            <String CONTENT="or" ID="Word_7584" HPOS="1240" VPOS="2418" WIDTH="45" HEIGHT="26" />
            <SP ID="SP_6782" HPOS="1286" VPOS="2417" WIDTH="15" HEIGHT="0" />
            <String CONTENT="conco-" ID="Word_7585" HPOS="1302" VPOS="2413" WIDTH="137" HEIGHT="28" />
          </TextLine>
          <TextLine ID="TextLine_805" HPOS="55" VPOS="2459" WIDTH="1384" HEIGHT="59">
            <String CONTENT="mitant" ID="Word_7586" HPOS="55" VPOS="2477" WIDTH="141" HEIGHT="29" />
            <SP ID="SP_6783" HPOS="197" VPOS="2467" WIDTH="17" HEIGHT="0" />
            <String CONTENT="by" ID="Word_7587" HPOS="215" VPOS="2467" WIDTH="52" HEIGHT="51" />
            <SP ID="SP_6784" HPOS="268" VPOS="2481" WIDTH="16" HEIGHT="0" />
            <String CONTENT="which" ID="Word_7588" HPOS="285" VPOS="2468" WIDTH="125" HEIGHT="38" />
            <SP ID="SP_6785" HPOS="411" VPOS="2469" WIDTH="18" HEIGHT="0" />
            <String CONTENT="our" ID="Word_7589" HPOS="430" VPOS="2481" WIDTH="71" HEIGHT="26" />
            <SP ID="SP_6786" HPOS="502" VPOS="2481" WIDTH="18" HEIGHT="0" />
            <String CONTENT="attention" ID="Word_7590" HPOS="521" VPOS="2466" WIDTH="187" HEIGHT="39" />
            <SP ID="SP_6787" HPOS="709" VPOS="2468" WIDTH="18" HEIGHT="0" />
            <String CONTENT="is" ID="Word_7591" HPOS="728" VPOS="2468" WIDTH="31" HEIGHT="37" />
            <SP ID="SP_6788" HPOS="760" VPOS="2482" WIDTH="26" HEIGHT="0" />
            <String CONTENT="apt" ID="Word_7592" HPOS="787" VPOS="2474" WIDTH="64" HEIGHT="31" />
            <SP ID="SP_6789" HPOS="852" VPOS="2473" WIDTH="26" HEIGHT="0" />
            <String CONTENT="to" ID="Word_7593" HPOS="879" VPOS="2473" WIDTH="41" HEIGHT="31" />
            <SP ID="SP_6790" HPOS="921" VPOS="2465" WIDTH="30" HEIGHT="0" />
            <String CONTENT="be" ID="Word_7594" HPOS="952" VPOS="2465" WIDTH="48" HEIGHT="39" />
            <SP ID="SP_6791" HPOS="1001" VPOS="2464" WIDTH="20" HEIGHT="0" />
            <String CONTENT="distracted" ID="Word_7595" HPOS="1022" VPOS="2460" WIDTH="203" HEIGHT="42" />
            <SP ID="SP_6792" HPOS="1226" VPOS="2459" WIDTH="28" HEIGHT="0" />
            <String CONTENT="in" ID="Word_7596" HPOS="1255" VPOS="2459" WIDTH="39" HEIGHT="36" />
            <SP ID="SP_6793" HPOS="1295" VPOS="2467" WIDTH="29" HEIGHT="0" />
            <String CONTENT="many" ID="Word_7597" HPOS="1325" VPOS="2463" WIDTH="114" HEIGHT="38" />
          </TextLine>
          <TextLine ID="TextLine_806" HPOS="58" VPOS="2506" WIDTH="1380" HEIGHT="63">
            <String CONTENT="cases," ID="Word_7598" HPOS="58" VPOS="2536" WIDTH="119" HEIGHT="33" />
            <SP ID="SP_6794" HPOS="178" VPOS="2520" WIDTH="20" HEIGHT="0" />
            <String CONTENT="is" ID="Word_7599" HPOS="199" VPOS="2520" WIDTH="31" HEIGHT="38" />
            <SP ID="SP_6795" HPOS="231" VPOS="2534" WIDTH="16" HEIGHT="0" />
            <String CONTENT="obstruction" ID="Word_7600" HPOS="248" VPOS="2520" WIDTH="241" HEIGHT="40" />
            <SP ID="SP_6796" HPOS="490" VPOS="2535" WIDTH="14" HEIGHT="0" />
            <String CONTENT="of" ID="Word_7601" HPOS="505" VPOS="2521" WIDTH="46" HEIGHT="39" />
            <SP ID="SP_6797" HPOS="552" VPOS="2521" WIDTH="10" HEIGHT="0" />
            <String CONTENT="the" ID="Word_7602" HPOS="563" VPOS="2519" WIDTH="64" HEIGHT="39" />
            <SP ID="SP_6798" HPOS="628" VPOS="2520" WIDTH="18" HEIGHT="0" />
            <String CONTENT="bowels." ID="Word_7603" HPOS="647" VPOS="2520" WIDTH="149" HEIGHT="39" />
            <SP ID="SP_6799" HPOS="797" VPOS="2520" WIDTH="53" HEIGHT="0" />
            <String CONTENT="Now," ID="Word_7604" HPOS="851" VPOS="2520" WIDTH="113" HEIGHT="46" />
            <SP ID="SP_6800" HPOS="965" VPOS="2528" WIDTH="13" HEIGHT="0" />
            <String CONTENT="this" ID="Word_7605" HPOS="979" VPOS="2519" WIDTH="74" HEIGHT="38" />
            <SP ID="SP_6801" HPOS="1054" VPOS="2531" WIDTH="15" HEIGHT="0" />
            <String CONTENT="obstruction" ID="Word_7606" HPOS="1070" VPOS="2524" WIDTH="233" HEIGHT="30" />
            <SP ID="SP_6802" HPOS="1304" VPOS="2506" WIDTH="17" HEIGHT="0" />
            <String CONTENT="is" ID="Word_7607" HPOS="1322" VPOS="2506" WIDTH="30" HEIGHT="36" />
            <SP ID="SP_6803" HPOS="1353" VPOS="2517" WIDTH="16" HEIGHT="0" />
            <String CONTENT="not" ID="Word_7608" HPOS="1370" VPOS="2510" WIDTH="68" HEIGHT="32" />
          </TextLine>
          <TextLine ID="TextLine_807" HPOS="59" VPOS="2563" WIDTH="1379" HEIGHT="66">
            <String CONTENT="the" ID="Word_7609" HPOS="59" VPOS="2575" WIDTH="67" HEIGHT="39" />
            <SP ID="SP_6804" HPOS="127" VPOS="2576" WIDTH="17" HEIGHT="0" />
            <String CONTENT="disease,—it" ID="Word_7610" HPOS="145" VPOS="2576" WIDTH="245" HEIGHT="39" />
            <SP ID="SP_6805" HPOS="391" VPOS="2576" WIDTH="16" HEIGHT="0" />
            <String CONTENT="is" ID="Word_7611" HPOS="408" VPOS="2576" WIDTH="31" HEIGHT="39" />
            <SP ID="SP_6806" HPOS="440" VPOS="2589" WIDTH="19" HEIGHT="0" />
            <String CONTENT="only" ID="Word_7612" HPOS="460" VPOS="2574" WIDTH="94" HEIGHT="55" />
            <SP ID="SP_6807" HPOS="555" VPOS="2588" WIDTH="16" HEIGHT="0" />
            <String CONTENT="an" ID="Word_7613" HPOS="572" VPOS="2587" WIDTH="49" HEIGHT="26" />
            <SP ID="SP_6808" HPOS="622" VPOS="2587" WIDTH="18" HEIGHT="0" />
            <String CONTENT="effect" ID="Word_7614" HPOS="641" VPOS="2574" WIDTH="109" HEIGHT="40" />
            <SP ID="SP_6809" HPOS="751" VPOS="2584" WIDTH="17" HEIGHT="0" />
            <String CONTENT="of" ID="Word_7615" HPOS="769" VPOS="2573" WIDTH="45" HEIGHT="40" />
            <SP ID="SP_6810" HPOS="815" VPOS="2573" WIDTH="19" HEIGHT="0" />
            <String CONTENT="it," ID="Word_7616" HPOS="835" VPOS="2574" WIDTH="44" HEIGHT="47" />
            <SP ID="SP_6811" HPOS="880" VPOS="2586" WIDTH="18" HEIGHT="0" />
            <String CONTENT="and" ID="Word_7617" HPOS="899" VPOS="2573" WIDTH="74" HEIGHT="38" />
            <SP ID="SP_6812" HPOS="974" VPOS="2573" WIDTH="20" HEIGHT="0" />
            <String CONTENT="an" ID="Word_7618" HPOS="995" VPOS="2585" WIDTH="49" HEIGHT="26" />
            <SP ID="SP_6813" HPOS="1045" VPOS="2584" WIDTH="17" HEIGHT="0" />
            <String CONTENT="effect" ID="Word_7619" HPOS="1063" VPOS="2569" WIDTH="109" HEIGHT="40" />
            <SP ID="SP_6814" HPOS="1173" VPOS="2574" WIDTH="16" HEIGHT="0" />
            <String CONTENT="which," ID="Word_7620" HPOS="1190" VPOS="2563" WIDTH="136" HEIGHT="45" />
            <SP ID="SP_6815" HPOS="1327" VPOS="2570" WIDTH="17" HEIGHT="0" />
            <String CONTENT="even" ID="Word_7621" HPOS="1345" VPOS="2568" WIDTH="93" HEIGHT="29" />
          </TextLine>
        </TextBlock>
      </PrintSpace>
    </Page>
  </Layout>
</alto>
