1933 3302
1647 163 49 37 97

505 170 265 34 Hospitalbrand
795 166 198 33 ausserhalb
1017 166 60 31 der
1100 165 203 40 Hospitäler.

242 282 73 38 Die
354 292 220 40 genannten
613 276 214 39 Ansichten
867 274 95 38 über
1002 273 61 37 die
1101 271 251 49 Entstehung
1390 270 66 38 des
1493 268 205 51 Hospital-

115 336 164 38 brandes
309 334 211 40 entbehren
554 333 115 36 somit
698 331 66 37 der
798 326 309 40 thatsächlichen
1137 325 286 49 Begründung,
1462 323 79 38 und
1570 322 127 38 haben

116 390 100 38 wohl
244 392 106 36 nicht
370 388 75 38 viel
464 386 109 38 mehr
602 398 55 24 als
685 382 257 40 historischen
962 378 154 39 Werth.
1166 377 74 38 Die
1261 377 156 50 Fragen
1439 378 67 37 der
1526 389 172 26 neueren

114 443 221 50 Nosologie,
367 454 130 25 woher
526 440 67 37 der
614 435 305 41 Infectionsstoff
943 435 168 43 stammt,
1142 444 60 24 wo
1232 445 41 23 er
1299 431 198 37 vielleicht
1527 433 173 47 ektogen

115 512 47 24 zu
190 476 108 60 HaiTs
327 496 66 37 sei,
425 493 118 39 durch
574 491 144 39 welche
740 489 215 39 Umstände
986 501 40 24 er
1057 499 67 25 zur
1146 484 555 38 Wundinfectionskrankheit

119 564 150 25 werden
305 550 77 37 und
417 547 79 39 sich
532 544 236 40 epidemisch
797 544 222 37 verbreiten
1053 541 146 45 könne,
1242 539 157 37 können
1429 538 69 38 wir
1534 539 164 37 ebenso-

117 617 126 25 wenig
271 603 61 37 für
362 603 71 37 den
462 598 304 40 Hospitalbrand
802 596 56 38 als
900 596 57 38 bis
990 596 99 49 jetzt
1125 593 63 38 für
1226 592 61 38 die
1324 591 165 38 meisten
1528 605 173 25 anderen

116 655 466 41 Infectionskrankheiten
610 653 278 37 beantworten.

245 709 203 39 Grösseres
468 707 191 37 Interesse
689 705 122 37 bietet
839 704 60 37 die
919 702 140 50 Frage,
1091 701 48 38 ob
1168 700 41 38 in
1235 699 67 39 der
1324 698 105 38 That
1458 699 60 37 die
1538 698 160 39 Krank-

115 765 83 37 heit
227 777 48 25 an
304 764 59 36 die
392 760 223 50 Hospitäler
643 759 208 51 gebunden
880 757 67 37 sei.
1005 755 127 38 Schon
1161 754 61 38 die
1259 755 163 35 ältesten
1453 751 247 40 Beobachter

116 819 245 37 erweiterten
400 816 185 36 zunächst
623 813 60 37 die
714 811 211 39 Kenntniss
965 809 132 46 dahin,
1138 809 87 37 dass
1265 819 142 25 ebenso
1448 806 70 37 wie
1549 806 40 37 in
1626 807 74 37 den

117 869 248 40 Hospitälern
386 869 60 37 die
467 867 220 38 Krankheit
715 866 38 37 in
775 865 191 45 Kerkern,
998 863 214 45 Kasernen,
1243 860 69 38 auf
1329 859 170 39 Schiffen
1521 862 72 35 etc.
1616 861 83 48 epi-

117 923 170 39 demisch
307 925 178 35 auftrete.
526 921 151 37 Weiter
698 920 92 37 aber
811 920 156 36 tauchte
990 917 59 37 die
1071 916 127 50 Frage
1220 914 77 47 auf,
1328 914 49 37 ob
1399 913 60 39 die
1480 913 222 39 Krankheit

117 979 100 37 denn
248 976 97 38 auch
374 976 98 38 ohne
499 974 198 51 jeglichen
717 971 338 40 Zusammenhang
1084 970 71 37 mit
1185 981 125 25 einem
1330 967 182 50 Hospital
1532 970 72 35 etc.
1628 970 72 36 etc.

116 1031 180 38 inmitten
326 1031 66 36 des
413 1029 268 38 Privatlebens
711 1025 223 40 sporadisch
960 1025 92 37 oder
1083 1022 237 51 epidemisch
1343 1021 196 38 auftreten
1559 1021 141 38 könne.

243 1083 330 39 Beobachtungen
602 1095 74 24 von
704 1077 427 41 Hospitalbrandfällen
1160 1075 225 39 ausserhalb
1422 1075 105 38 eines
1556 1075 145 50 Hospi-

117 1137 74 39 tals
220 1140 92 35 etc.,
341 1137 64 37 bei
444 1149 172 24 welchen
653 1134 80 38 sich
773 1133 96 38 auch
909 1133 60 37 die
1004 1131 258 39 Möglichkeit
1299 1130 67 37 der
1396 1128 307 52 üebertragung

118 1205 68 24 aus
229 1204 124 25 einem
392 1190 155 38 solchen
594 1187 257 39 anscheinend
894 1189 71 35 mit
1012 1185 218 38 Sicherheit
1269 1183 282 38 ausschliessen
1597 1183 104 47 Hess,

118 1245 156 38 werden
301 1243 198 39 mehrfach
528 1243 202 37 berichtet.
780 1241 150 37 Fock,
962 1239 166 39 welcher
1159 1252 62 24 am
1251 1237 294 51 energischsten
1573 1250 130 38 gegen

120 1299 61 37 die
211 1298 144 38 damals
397 1311 74 25 von
508 1296 287 50 Stromeyer
834 1294 114 38 eifrig
977 1293 252 39 verfochtene
1260 1291 128 38 Lehre
1418 1291 157 47 auftrat,
1616 1292 86 37 dass

120 1353 68 37 der
224 1351 303 39 Hospitalbrand
564 1364 72 24 nur
673 1350 39 37 in
748 1348 270 50 Hospitälern,
1060 1346 285 39 Gefängnissen
1384 1348 72 35 etc.
1497 1345 206 38 entstehen

121 1406 137 38 könne,
290 1405 158 38 brachte
482 1405 100 37 1856
615 1405 20 37 7
658 1403 107 38 Fälle
796 1403 73 37 bei,
899 1403 39 36 in
970 1403 124 36 denen
1124 1401 104 37 diese
1259 1399 222 38 Krankheit
1508 1399 41 37 in
1568 1399 135 38 Berlin

119 1460 40 36 in
179 1459 380 49 Privatwohnungen
588 1457 155 38 auftrat,
775 1457 98 37 ohne
902 1456 136 37 irgend
1071 1454 172 39 welchen
1264 1453 340 50 Zusammenhang
1632 1456 72 34 mit

122 1513 125 37 einem
287 1512 214 50 Hospitale.
560 1512 52 37 Es
652 1510 200 38 herrschte
894 1510 146 37 damals
1082 1509 61 37 ein
1183 1507 217 39 schlechter
1440 1507 262 38 Krankheits-

122 1567 136 49 genius
287 1567 40 36 in
354 1566 144 38 Berlin.
556 1565 155 38 Sowohl
738 1565 40 36 in
808 1565 71 36 den
911 1562 206 50 Spitälern,
1158 1562 56 38 als
1245 1561 98 38 auch
1371 1561 40 37 in
1449 1561 67 37 der
1546 1561 156 38 Privat-

121 1620 130 49 praxis
280 1620 215 37 bedeckten
533 1619 80 38 sich
652 1619 60 37 die
743 1617 182 37 Wunden
958 1617 72 37 mit
1070 1617 125 37 einem
1233 1616 171 46 dünnen,
1444 1615 261 50 schmierigen

121 1673 134 37 Belag.
303 1673 54 37 Es
385 1674 89 36 kam
504 1672 76 38 viel
609 1671 242 50 Diphtherie,
882 1670 504 50 Zellgewebsentzündung,
1417 1668 184 50 Erysipel
1631 1671 72 37 etc.

123 1740 68 24 vor
230 1727 77 37 und
346 1727 40 37 in
427 1727 123 37 einem
591 1725 202 38 Hospitale
834 1724 199 38 herrschte
1075 1723 98 38 auch
1213 1722 319 50 Hospitalbrand.
1590 1722 115 38 Auch

124 1794 36 23 V.
192 1779 136 38 Pitha
355 1780 265 37 beobachtete,
652 1780 85 37 dass
768 1779 59 37 ein
848 1778 285 50 Jägerofficier,
1164 1777 187 37 welchem
1381 1776 225 38 ausserhalb
1638 1777 66 37 des

124 1833 197 38 Hospitals
341 1847 112 24 unter
474 1834 73 37 den
575 1833 248 50 günstigsten
853 1836 183 34 äusseren
1056 1832 285 49 Bedingungen
1363 1831 60 37 die
1444 1843 133 37 grosse
1600 1830 103 38 Zehe

126 1887 237 37 exarticuHrt
383 1888 142 36 wurde,
556 1901 48 23 an
623 1886 305 38 Hospitalbrand
949 1886 211 38 erkrankte
1181 1885 78 37 und
1280 1884 118 38 starb.
1442 1884 85 37 Wir
1548 1884 156 38 können

123 1940 152 38 freilich
305 1955 34 23 v.
369 1940 136 38 Pitha
539 1940 106 38 nicht
673 1940 187 49 zugeben,
892 1940 85 37 dass
1008 1939 143 50 gerade
1183 1939 125 37 dieser
1337 1938 87 38 Fall
1453 1938 60 37 die
1544 1938 59 37 bis
1634 1939 69 37 da-

124 1994 65 37 hin
219 1994 198 50 gangbare
448 1994 164 37 Theorie
643 1994 65 37 des
728 1993 346 49 Hospitalbrandes
1103 1997 244 45 umgestürzt
1375 1991 112 47 habe,
1518 1992 88 37 weil
1637 1993 67 37 der

125 2047 336 38 Zusammenhang
496 2048 70 36 mit
606 2048 86 36 dem
726 2047 181 49 Hospital
940 2048 41 49 ja
1020 2047 121 37 durch
1178 2047 72 37 den
1280 2045 266 38 Hospitalarzt
1583 2046 122 37 selbst

124 2101 39 36 in
193 2101 224 38 directester
448 2100 130 39 Weise
608 2101 179 48 gegeben
816 2114 90 24 war.
964 2100 179 38 Bennet
1171 2099 209 38 berichtet,
1412 2100 86 36 dass
1532 2100 101 37 1836
1664 2099 39 37 in

124 2154 202 50 Edinburg
361 2155 67 37 der
456 2154 304 38 Hospitalbrand
800 2154 107 38 nicht
941 2168 72 23 nur
1047 2154 51 37 im
1129 2153 199 50 Hospital,
1370 2153 166 37 sondern
1565 2153 39 37 in
1636 2153 67 37 der

124 2220 150 37 ganzen
294 2207 111 37 Stadt
433 2208 228 49 geherrscht
688 2207 110 38 habe.
850 2208 70 37 Als
949 2208 209 37 besonders
1187 2207 221 37 beweisend
1428 2206 63 37 für
1513 2207 65 37 das
1600 2206 102 38 Vor-

124 2260 181 38 kommen
335 2261 66 37 der
429 2261 219 37 Krankheit
676 2261 223 37 ausserhalb
930 2262 65 36 des
1024 2261 199 37 Hospitals
1261 2260 108 37 führt
1407 2273 41 24 er
1478 2260 112 37 einen
1619 2259 86 38 Fall

125 2327 74 24 von
229 2314 124 37 einem
376 2314 327 38 Dienstmädchen
733 2328 59 32 an,
824 2314 166 38 welches
1018 2317 72 34 mit
1120 2327 125 24 einem
1266 2313 183 38 Hospital
1476 2314 39 36 in
1545 2313 158 38 keiner-

124 2367 51 37 lei
202 2367 234 50 Berührung
471 2368 229 49 gekommen
730 2381 79 23 war
846 2368 78 36 und
963 2368 97 37 doch
1090 2381 48 24 an
1177 2367 105 37 einer
1312 2366 294 38 Schnittwunde
1637 2367 67 37 des

125 2419 196 39 Daumens
350 2424 162 34 mittelst
543 2420 90 38 Glas
662 2421 335 49 hospitalbrandig
1033 2421 223 37 erkrankte.
1314 2420 111 38 Auch
1455 2420 140 38 Zeiss
1632 2420 73 38 be--

125 2473 159 47 richtet,
326 2475 85 37 dass
452 2473 123 39 Leute
616 2475 66 37 das
712 2474 180 38 Hospital
933 2474 228 38 aufsuchten
1202 2474 70 37 mit
1312 2474 262 37 vollkommen
1617 2476 86 35 ent-

127 2527 216 37 wickeltem
370 2527 314 49 Hospitalbrand,
716 2528 73 37 den
818 2528 53 36 sie
902 2528 38 36 in
969 2528 105 37 ihrer
1096 2527 213 51 Wohnung
1339 2527 186 38 acquirirt
1554 2527 147 37 hatten.

128 2577 159 40 Gleiche
307 2581 274 37 Erfahrungen
600 2581 114 37 theilt
735 2580 217 50 Pirogoff
968 2584 80 44 mit,
1070 2581 130 37 ferner
1221 2581 64 37 W.
1309 2581 159 37 Leigh.
1500 2581 203 37 Letzterer

127 2632 105 38 zählt
260 2633 23 37 8
303 2633 106 38 Fälle
439 2634 77 38 auf,
546 2635 38 36 in
607 2635 122 37 denen
759 2635 59 37 die
839 2634 205 38 Patienten
1073 2637 71 35 mit
1172 2634 307 50 ausgebildetem
1499 2633 203 50 Hospital-

126 2685 123 37 brand
277 2700 85 23 zum
393 2690 123 35 ersten
546 2687 82 38 Mal
655 2688 39 36 in
724 2688 59 37 die
814 2688 135 37 Klinik
979 2689 152 37 kamen.
1181 2688 149 37 Heine
1360 2688 109 49 giebt
1499 2688 22 36 9
1553 2687 151 38 solcher

127 2737 108 39 Fälle
265 2753 59 33 an,
353 2739 39 37 in
424 2741 122 37 denen
577 2742 58 36 die
666 2741 219 38 Krankheit
914 2742 85 37 fern
1030 2755 88 24 vom
1138 2741 182 37 Hospital
1350 2741 190 37 entstand.
1590 2740 114 38 Doch

127 2792 85 37 sind
242 2805 75 24 von
345 2793 131 37 diesen
503 2807 72 24 nur
605 2795 22 36 2
658 2797 71 47 gut
757 2795 282 37 verwerthbar,
1080 2795 48 37 da
1158 2795 60 37 die
1259 2794 168 38 anderen
1463 2793 141 38 vorher
1632 2796 73 36 mit

129 2845 84 37 dem
244 2844 180 50 Hospital
452 2859 45 24 zu
526 2847 96 37 thun
650 2847 144 38 hatten.
854 2848 111 37 Auch
994 2862 35 23 v.
1060 2847 281 38 Nussbaum
1375 2847 116 37 theilt
1521 2847 180 38 ähnliche

128 2897 108 39 Fälle
266 2901 80 34 mit.
396 2898 85 38 Alle
511 2900 103 38 diese
634 2900 330 38 Beobachtungen
994 2901 159 37 wurden
1183 2901 92 36 aber
1306 2913 45 23 zu
1383 2901 105 36 einer
1509 2899 86 39 Zeit
1624 2901 78 38 und

129 2964 48 24 an
207 2952 123 36 einem
353 2950 95 38 Orte
477 2953 191 48 gemacht,
699 2967 57 24 wo
778 2955 96 36 auch
894 2955 39 36 in
964 2967 125 24 einem
1110 2966 91 24 oder
1223 2952 202 38 mehreren
1448 2953 256 39 Hospitälern

191 3017 223 32 Bosenbach,
432 3017 229 32 Hospitalbrand.
1494 3012 19 31 7
