<?xml version="1.0" encoding="UTF-8"?>
<alto xmlns="http://www.loc.gov/standards/alto/ns-v2#" xmlns:xsi="http://www.w3.org/2001/XMLSchema-instance" xsi:schemaLocation="http://www.loc.gov/standards/alto/ns-v2# http://www.loc.gov/standards/alto/alto.xsd">
  <Description>
    <MeasurementUnit>pixel</MeasurementUnit>
    <sourceImageInformation>
      <fileName>b21451321_abbyy.xml</fileName>
    </sourceImageInformation>
    <OCRProcessing ID="OCR_1">
      <preProcessingStep>
        <processingDateTime>2015-01-28T08:19:56</processingDateTime>
        <processingAgency>intranda GmbH, www.intranda.com</processingAgency>
        <processingSoftware>
          <softwareCreator>intranda GmbH, Germany</softwareCreator>
          <softwareName>intranda OCR Module for TaskManager</softwareName>
          <softwareVersion>1.0r42</softwareVersion>
        </processingSoftware>
      </preProcessingStep>
      <ocrProcessingStep>
        <processingSoftware>
          <softwareCreator>ABBYY (BIT Software), Russia</softwareCreator>
          <softwareName>FineReader Engine</softwareName>
          <softwareVersion>10</softwareVersion>
        </processingSoftware>
      </ocrProcessingStep>
    </OCRProcessing>
  </Description>
  <Layout>
    <Page PHYSICAL_IMG_NR="5" ID="PAGE_5" WIDTH="2295" HEIGHT="3826">
      <PrintSpace ID="PrintSpace_6" HPOS="172" VPOS="1320" WIDTH="1736" HEIGHT="2266">
        <TextBlock ID="TextBlock_6" HPOS="172" VPOS="974" WIDTH="1720" HEIGHT="170">
          <TextLine ID="TextLine_5" HPOS="183" VPOS="985" WIDTH="1698" HEIGHT="56">
            <String ID="Word_9" HPOS="183" VPOS="992" WIDTH="97" HEIGHT="49" CONTENT="TO" />
            <SP ID="SP_5" HPOS="280" VPOS="991" WIDTH="42" HEIGHT="0" />
            <String ID="Word_10" HPOS="322" VPOS="991" WIDTH="149" HEIGHT="49" CONTENT="THE" />
            <SP ID="SP_6" HPOS="471" VPOS="988" WIDTH="39" HEIGHT="0" />
            <String ID="Word_11" HPOS="510" VPOS="988" WIDTH="519" HEIGHT="51" CONTENT="HONOURABLE" />
            <SP ID="SP_7" HPOS="1029" VPOS="986" WIDTH="40" HEIGHT="0" />
            <String ID="Word_12" HPOS="1069" VPOS="986" WIDTH="150" HEIGHT="51" CONTENT="THE" />
            <SP ID="SP_8" HPOS="1219" VPOS="986" WIDTH="32" HEIGHT="0" />
            <String ID="Word_13" HPOS="1251" VPOS="986" WIDTH="435" HEIGHT="50" CONTENT="PRECEPTOR" />
            <SP ID="SP_9" HPOS="1686" VPOS="985" WIDTH="36" HEIGHT="0" />
            <String ID="Word_14" HPOS="1722" VPOS="985" WIDTH="159" HEIGHT="51" CONTENT="AND" />
          </TextLine>
          <TextLine ID="TextLine_6" HPOS="201" VPOS="1077" WIDTH="1665" HEIGHT="56">
            <String ID="Word_15" HPOS="201" VPOS="1082" WIDTH="150" HEIGHT="50" CONTENT="THE" />
            <SP ID="SP_10" HPOS="351" VPOS="1081" WIDTH="37" HEIGHT="0" />
            <String ID="Word_16" HPOS="388" VPOS="1081" WIDTH="416" HEIGHT="51" CONTENT="DIRECTORS" />
            <SP ID="SP_11" HPOS="804" VPOS="1080" WIDTH="39" HEIGHT="0" />
            <String ID="Word_17" HPOS="843" VPOS="1080" WIDTH="92" HEIGHT="50" CONTENT="OF" />
            <SP ID="SP_12" HPOS="935" VPOS="1078" WIDTH="42" HEIGHT="0" />
            <String ID="Word_18" HPOS="977" VPOS="1078" WIDTH="150" HEIGHT="51" CONTENT="THE" />
            <SP ID="SP_13" HPOS="1127" VPOS="1078" WIDTH="39" HEIGHT="0" />
            <String ID="Word_19" HPOS="1166" VPOS="1079" WIDTH="278" HEIGHT="53" CONTENT="TOWN'S" />
            <SP ID="SP_14" HPOS="1444" VPOS="1077" WIDTH="38" HEIGHT="0" />
            <String ID="Word_20" HPOS="1482" VPOS="1078" WIDTH="384" HEIGHT="52" CONTENT="HOSPITAL." />
          </TextLine>
        </TextBlock>
        <TextBlock ID="TextBlock_7" HPOS="172" VPOS="1320" WIDTH="1736" HEIGHT="2266">
          <TextLine ID="TextLine_7" HPOS="184" VPOS="1330" WIDTH="368" HEIGHT="60">
            <String ID="Word_21" HPOS="184" VPOS="1330" WIDTH="368" HEIGHT="60" CONTENT="Gentlemen," />
          </TextLine>
          <TextLine ID="TextLine_8" HPOS="762" VPOS="1488" WIDTH="1123" HEIGHT="67">
            <String ID="Word_22" HPOS="762" VPOS="1491" WIDTH="24" HEIGHT="47" CONTENT="I" />
            <SP ID="SP_15" HPOS="786" VPOS="1491" WIDTH="24" HEIGHT="0" />
            <String ID="Word_23" HPOS="810" VPOS="1491" WIDTH="115" HEIGHT="49" CONTENT="take" />
            <SP ID="SP_16" HPOS="925" VPOS="1491" WIDTH="25" HEIGHT="0" />
            <String ID="Word_24" HPOS="950" VPOS="1491" WIDTH="84" HEIGHT="48" CONTENT="the" />
            <SP ID="SP_17" HPOS="1034" VPOS="1491" WIDTH="25" HEIGHT="0" />
            <String ID="Word_25" HPOS="1059" VPOS="1491" WIDTH="182" HEIGHT="64" CONTENT="liberty" />
            <SP ID="SP_18" HPOS="1241" VPOS="1491" WIDTH="25" HEIGHT="0" />
            <String ID="Word_26" HPOS="1266" VPOS="1491" WIDTH="58" HEIGHT="49" CONTENT="of" />
            <SP ID="SP_19" HPOS="1324" VPOS="1491" WIDTH="17" HEIGHT="0" />
            <String ID="Word_27" HPOS="1341" VPOS="1491" WIDTH="209" HEIGHT="64" CONTENT="offering" />
            <SP ID="SP_20" HPOS="1550" VPOS="1488" WIDTH="26" HEIGHT="0" />
            <String ID="Word_28" HPOS="1576" VPOS="1488" WIDTH="185" HEIGHT="66" CONTENT="myself" />
            <SP ID="SP_21" HPOS="1761" VPOS="1488" WIDTH="16" HEIGHT="0" />
            <String ID="Word_29" HPOS="1777" VPOS="1505" WIDTH="51" HEIGHT="31" CONTENT="as" />
            <SP ID="SP_22" HPOS="1828" VPOS="1504" WIDTH="26" HEIGHT="0" />
            <String ID="Word_30" HPOS="1854" VPOS="1504" WIDTH="31" HEIGHT="32" CONTENT="a" />
          </TextLine>
          <TextLine ID="TextLine_9" HPOS="188" VPOS="1580" WIDTH="1693" HEIGHT="67">
            <String ID="Word_31" HPOS="188" VPOS="1580" WIDTH="277" HEIGHT="51" CONTENT="Candidate" />
            <SP ID="SP_23" HPOS="465" VPOS="1580" WIDTH="36" HEIGHT="0" />
            <String ID="Word_32" HPOS="501" VPOS="1581" WIDTH="77" HEIGHT="50" CONTENT="for" />
            <SP ID="SP_24" HPOS="578" VPOS="1581" WIDTH="23" HEIGHT="0" />
            <String ID="Word_33" HPOS="601" VPOS="1582" WIDTH="85" HEIGHT="48" CONTENT="the" />
            <SP ID="SP_25" HPOS="686" VPOS="1582" WIDTH="37" HEIGHT="0" />
            <String ID="Word_34" HPOS="723" VPOS="1582" WIDTH="237" HEIGHT="48" CONTENT="situation" />
            <SP ID="SP_26" HPOS="960" VPOS="1582" WIDTH="26" HEIGHT="0" />
            <String ID="Word_35" HPOS="986" VPOS="1582" WIDTH="57" HEIGHT="48" CONTENT="of" />
            <SP ID="SP_27" HPOS="1043" VPOS="1582" WIDTH="32" HEIGHT="0" />
            <String ID="Word_36" HPOS="1075" VPOS="1582" WIDTH="224" HEIGHT="49" CONTENT="Surgeon" />
            <SP ID="SP_28" HPOS="1299" VPOS="1582" WIDTH="36" HEIGHT="0" />
            <String ID="Word_37" HPOS="1335" VPOS="1588" WIDTH="52" HEIGHT="42" CONTENT="to" />
            <SP ID="SP_29" HPOS="1387" VPOS="1583" WIDTH="24" HEIGHT="0" />
            <String ID="Word_38" HPOS="1411" VPOS="1583" WIDTH="84" HEIGHT="47" CONTENT="the" />
            <SP ID="SP_30" HPOS="1495" VPOS="1581" WIDTH="30" HEIGHT="0" />
            <String ID="Word_39" HPOS="1525" VPOS="1581" WIDTH="197" HEIGHT="49" CONTENT="Town's" />
            <SP ID="SP_31" HPOS="1722" VPOS="1581" WIDTH="27" HEIGHT="0" />
            <String ID="Word_40" HPOS="1749" VPOS="1581" WIDTH="132" HEIGHT="48" CONTENT="Hos-" />
          </TextLine>
          <TextLine ID="TextLine_10" HPOS="182" VPOS="1672" WIDTH="1702" HEIGHT="65">
            <String ID="Word_41" HPOS="182" VPOS="1673" WIDTH="137" HEIGHT="63" CONTENT="pital," />
            <SP ID="SP_32" HPOS="319" VPOS="1673" WIDTH="28" HEIGHT="0" />
            <String ID="Word_42" HPOS="347" VPOS="1673" WIDTH="97" HEIGHT="48" CONTENT="and" />
            <SP ID="SP_33" HPOS="444" VPOS="1673" WIDTH="38" HEIGHT="0" />
            <String ID="Word_43" HPOS="482" VPOS="1673" WIDTH="184" HEIGHT="49" CONTENT="submit" />
            <SP ID="SP_34" HPOS="666" VPOS="1673" WIDTH="23" HEIGHT="0" />
            <String ID="Word_44" HPOS="689" VPOS="1678" WIDTH="53" HEIGHT="44" CONTENT="to" />
            <SP ID="SP_35" HPOS="742" VPOS="1678" WIDTH="37" HEIGHT="0" />
            <String ID="Word_45" HPOS="779" VPOS="1689" WIDTH="128" HEIGHT="48" CONTENT="your" />
            <SP ID="SP_36" HPOS="907" VPOS="1673" WIDTH="34" HEIGHT="0" />
            <String ID="Word_46" HPOS="941" VPOS="1673" WIDTH="366" HEIGHT="49" CONTENT="consideration" />
            <SP ID="SP_37" HPOS="1307" VPOS="1673" WIDTH="36" HEIGHT="0" />
            <String ID="Word_47" HPOS="1343" VPOS="1674" WIDTH="83" HEIGHT="48" CONTENT="the" />
            <SP ID="SP_38" HPOS="1426" VPOS="1674" WIDTH="25" HEIGHT="0" />
            <String ID="Word_48" HPOS="1451" VPOS="1674" WIDTH="230" HEIGHT="48" CONTENT="annexed" />
            <SP ID="SP_39" HPOS="1681" VPOS="1672" WIDTH="40" HEIGHT="0" />
            <String ID="Word_49" HPOS="1721" VPOS="1672" WIDTH="163" HEIGHT="50" CONTENT="Testi-" />
          </TextLine>
          <TextLine ID="TextLine_11" HPOS="184" VPOS="1765" WIDTH="226" HEIGHT="48">
            <String ID="Word_50" HPOS="184" VPOS="1765" WIDTH="226" HEIGHT="48" CONTENT="monials." />
          </TextLine>
          <TextLine ID="TextLine_12" HPOS="330" VPOS="1899" WIDTH="1554" HEIGHT="67">
            <String ID="Word_51" HPOS="330" VPOS="1899" WIDTH="23" HEIGHT="48" CONTENT="I" />
            <SP ID="SP_40" HPOS="353" VPOS="1899" WIDTH="35" HEIGHT="0" />
            <String ID="Word_52" HPOS="388" VPOS="1900" WIDTH="127" HEIGHT="48" CONTENT="have" />
            <SP ID="SP_41" HPOS="515" VPOS="1900" WIDTH="36" HEIGHT="0" />
            <String ID="Word_53" HPOS="551" VPOS="1917" WIDTH="113" HEIGHT="32" CONTENT="now" />
            <SP ID="SP_42" HPOS="664" VPOS="1902" WIDTH="23" HEIGHT="0" />
            <String ID="Word_54" HPOS="687" VPOS="1902" WIDTH="128" HEIGHT="48" CONTENT="been" />
            <SP ID="SP_43" HPOS="815" VPOS="1902" WIDTH="36" HEIGHT="0" />
            <String ID="Word_55" HPOS="851" VPOS="1902" WIDTH="51" HEIGHT="47" CONTENT="in" />
            <SP ID="SP_44" HPOS="902" VPOS="1902" WIDTH="36" HEIGHT="0" />
            <String ID="Word_56" HPOS="938" VPOS="1903" WIDTH="220" HEIGHT="63" CONTENT="practice" />
            <SP ID="SP_45" HPOS="1158" VPOS="1903" WIDTH="25" HEIGHT="0" />
            <String ID="Word_57" HPOS="1183" VPOS="1903" WIDTH="157" HEIGHT="48" CONTENT="above" />
            <SP ID="SP_46" HPOS="1340" VPOS="1903" WIDTH="32" HEIGHT="0" />
            <String ID="Word_58" HPOS="1372" VPOS="1906" WIDTH="191" HEIGHT="59" CONTENT="twenty" />
            <SP ID="SP_47" HPOS="1563" VPOS="1906" WIDTH="24" HEIGHT="0" />
            <String ID="Word_59" HPOS="1587" VPOS="1915" WIDTH="159" HEIGHT="49" CONTENT="years," />
            <SP ID="SP_48" HPOS="1746" VPOS="1899" WIDTH="38" HEIGHT="0" />
            <String ID="Word_60" HPOS="1784" VPOS="1899" WIDTH="100" HEIGHT="48" CONTENT="and" />
          </TextLine>
          <TextLine ID="TextLine_13" HPOS="184" VPOS="1991" WIDTH="1701" HEIGHT="68">
            <String ID="Word_61" HPOS="184" VPOS="1992" WIDTH="114" HEIGHT="47" CONTENT="held" />
            <SP ID="SP_49" HPOS="298" VPOS="1992" WIDTH="40" HEIGHT="0" />
            <String ID="Word_62" HPOS="338" VPOS="1992" WIDTH="82" HEIGHT="48" CONTENT="the" />
            <SP ID="SP_50" HPOS="420" VPOS="1992" WIDTH="41" HEIGHT="0" />
            <String ID="Word_63" HPOS="461" VPOS="1992" WIDTH="238" HEIGHT="48" CONTENT="situation" />
            <SP ID="SP_51" HPOS="699" VPOS="1992" WIDTH="44" HEIGHT="0" />
            <String ID="Word_64" HPOS="743" VPOS="1992" WIDTH="58" HEIGHT="49" CONTENT="of" />
            <SP ID="SP_52" HPOS="801" VPOS="1992" WIDTH="36" HEIGHT="0" />
            <String ID="Word_65" HPOS="837" VPOS="1992" WIDTH="214" HEIGHT="49" CONTENT="District" />
            <SP ID="SP_53" HPOS="1051" VPOS="1992" WIDTH="43" HEIGHT="0" />
            <String ID="Word_66" HPOS="1094" VPOS="1993" WIDTH="225" HEIGHT="50" CONTENT="Surgeon" />
            <SP ID="SP_54" HPOS="1319" VPOS="1992" WIDTH="44" HEIGHT="0" />
            <String ID="Word_67" HPOS="1363" VPOS="1992" WIDTH="74" HEIGHT="50" CONTENT="for" />
            <SP ID="SP_55" HPOS="1437" VPOS="1992" WIDTH="49" HEIGHT="0" />
            <String ID="Word_68" HPOS="1486" VPOS="1992" WIDTH="174" HEIGHT="48" CONTENT="nearly" />
            <SP ID="SP_56" HPOS="1660" VPOS="1991" WIDTH="42" HEIGHT="0" />
            <String ID="Word_69" HPOS="1702" VPOS="1991" WIDTH="183" HEIGHT="47" CONTENT="nine—" />
          </TextLine>
          <TextLine ID="TextLine_14" HPOS="186" VPOS="2080" WIDTH="1696" HEIGHT="68">
            <String ID="Word_70" HPOS="186" VPOS="2082" WIDTH="245" HEIGHT="63" CONTENT="affording" />
            <SP ID="SP_57" HPOS="431" VPOS="2082" WIDTH="37" HEIGHT="0" />
            <String ID="Word_71" HPOS="468" VPOS="2099" WIDTH="79" HEIGHT="32" CONTENT="me" />
            <SP ID="SP_58" HPOS="547" VPOS="2098" WIDTH="25" HEIGHT="0" />
            <String ID="Word_72" HPOS="572" VPOS="2098" WIDTH="63" HEIGHT="32" CONTENT="an" />
            <SP ID="SP_59" HPOS="635" VPOS="2083" WIDTH="37" HEIGHT="0" />
            <String ID="Word_73" HPOS="672" VPOS="2083" WIDTH="160" HEIGHT="62" CONTENT="ample" />
            <SP ID="SP_60" HPOS="832" VPOS="2083" WIDTH="36" HEIGHT="0" />
            <String ID="Word_74" HPOS="868" VPOS="2083" WIDTH="118" HEIGHT="48" CONTENT="field" />
            <SP ID="SP_61" HPOS="986" VPOS="2082" WIDTH="35" HEIGHT="0" />
            <String ID="Word_75" HPOS="1021" VPOS="2082" WIDTH="77" HEIGHT="49" CONTENT="for" />
            <SP ID="SP_62" HPOS="1098" VPOS="2082" WIDTH="26" HEIGHT="0" />
            <String ID="Word_76" HPOS="1124" VPOS="2084" WIDTH="84" HEIGHT="48" CONTENT="the" />
            <SP ID="SP_63" HPOS="1208" VPOS="2084" WIDTH="36" HEIGHT="0" />
            <String ID="Word_77" HPOS="1244" VPOS="2099" WIDTH="340" HEIGHT="33" CONTENT="acquirement" />
            <SP ID="SP_64" HPOS="1584" VPOS="2081" WIDTH="25" HEIGHT="0" />
            <String ID="Word_78" HPOS="1609" VPOS="2081" WIDTH="57" HEIGHT="49" CONTENT="of" />
            <SP ID="SP_65" HPOS="1666" VPOS="2080" WIDTH="28" HEIGHT="0" />
            <String ID="Word_79" HPOS="1694" VPOS="2080" WIDTH="188" HEIGHT="64" CONTENT="profes-" />
          </TextLine>
          <TextLine ID="TextLine_15" HPOS="185" VPOS="2172" WIDTH="1701" HEIGHT="68">
            <String ID="Word_80" HPOS="185" VPOS="2173" WIDTH="157" HEIGHT="49" CONTENT="sional" />
            <SP ID="SP_66" HPOS="342" VPOS="2173" WIDTH="17" HEIGHT="0" />
            <String ID="Word_81" HPOS="359" VPOS="2173" WIDTH="307" HEIGHT="64" CONTENT="knowledge." />
            <SP ID="SP_67" HPOS="666" VPOS="2172" WIDTH="73" HEIGHT="0" />
            <String ID="Word_82" HPOS="739" VPOS="2172" WIDTH="199" HEIGHT="68" CONTENT="During" />
            <SP ID="SP_68" HPOS="938" VPOS="2172" WIDTH="18" HEIGHT="0" />
            <String ID="Word_83" HPOS="956" VPOS="2175" WIDTH="98" HEIGHT="47" CONTENT="this" />
            <SP ID="SP_69" HPOS="1054" VPOS="2175" WIDTH="23" HEIGHT="0" />
            <String ID="Word_84" HPOS="1077" VPOS="2176" WIDTH="189" HEIGHT="63" CONTENT="period," />
            <SP ID="SP_70" HPOS="1266" VPOS="2176" WIDTH="24" HEIGHT="0" />
            <String ID="Word_85" HPOS="1290" VPOS="2192" WIDTH="90" HEIGHT="32" CONTENT="our" />
            <SP ID="SP_71" HPOS="1380" VPOS="2175" WIDTH="22" HEIGHT="0" />
            <String ID="Word_86" HPOS="1402" VPOS="2175" WIDTH="119" HEIGHT="50" CONTENT="City" />
            <SP ID="SP_72" HPOS="1521" VPOS="2175" WIDTH="19" HEIGHT="0" />
            <String ID="Word_87" HPOS="1540" VPOS="2191" WIDTH="99" HEIGHT="31" CONTENT="was" />
            <SP ID="SP_73" HPOS="1639" VPOS="2180" WIDTH="20" HEIGHT="0" />
            <String ID="Word_88" HPOS="1659" VPOS="2180" WIDTH="89" HEIGHT="42" CONTENT="not" />
            <SP ID="SP_74" HPOS="1748" VPOS="2172" WIDTH="18" HEIGHT="0" />
            <String ID="Word_89" HPOS="1766" VPOS="2172" WIDTH="120" HEIGHT="63" CONTENT="only" />
          </TextLine>
          <TextLine ID="TextLine_16" HPOS="187" VPOS="2266" WIDTH="1696" HEIGHT="65">
            <String ID="Word_90" HPOS="187" VPOS="2268" WIDTH="180" HEIGHT="47" CONTENT="visited" />
            <SP ID="SP_75" HPOS="367" VPOS="2268" WIDTH="37" HEIGHT="0" />
            <String ID="Word_91" HPOS="404" VPOS="2268" WIDTH="68" HEIGHT="63" CONTENT="by" />
            <SP ID="SP_76" HPOS="472" VPOS="2266" WIDTH="54" HEIGHT="0" />
            <String ID="Word_92" HPOS="526" VPOS="2266" WIDTH="222" HEIGHT="50" CONTENT="Cholera," />
            <SP ID="SP_77" HPOS="748" VPOS="2266" WIDTH="50" HEIGHT="0" />
            <String ID="Word_93" HPOS="798" VPOS="2269" WIDTH="90" HEIGHT="47" CONTENT="but" />
            <SP ID="SP_78" HPOS="888" VPOS="2267" WIDTH="50" HEIGHT="0" />
            <String ID="Word_94" HPOS="938" VPOS="2267" WIDTH="158" HEIGHT="49" CONTENT="Fever" />
            <SP ID="SP_79" HPOS="1096" VPOS="2267" WIDTH="48" HEIGHT="0" />
            <String ID="Word_95" HPOS="1144" VPOS="2269" WIDTH="87" HEIGHT="47" CONTENT="has" />
            <SP ID="SP_80" HPOS="1231" VPOS="2269" WIDTH="46" HEIGHT="0" />
            <String ID="Word_96" HPOS="1277" VPOS="2284" WIDTH="105" HEIGHT="32" CONTENT="also" />
            <SP ID="SP_81" HPOS="1382" VPOS="2268" WIDTH="50" HEIGHT="0" />
            <String ID="Word_97" HPOS="1432" VPOS="2268" WIDTH="127" HEIGHT="47" CONTENT="been" />
            <SP ID="SP_82" HPOS="1559" VPOS="2266" WIDTH="46" HEIGHT="0" />
            <String ID="Word_98" HPOS="1605" VPOS="2266" WIDTH="278" HEIGHT="54" CONTENT="epidemic;" />
          </TextLine>
          <TextLine ID="TextLine_17" HPOS="188" VPOS="2359" WIDTH="1698" HEIGHT="66">
            <String ID="Word_99" HPOS="188" VPOS="2361" WIDTH="98" HEIGHT="47" CONTENT="and" />
            <SP ID="SP_83" HPOS="286" VPOS="2361" WIDTH="66" HEIGHT="0" />
            <String ID="Word_100" HPOS="352" VPOS="2361" WIDTH="62" HEIGHT="46" CONTENT="its" />
            <SP ID="SP_84" HPOS="414" VPOS="2361" WIDTH="61" HEIGHT="0" />
            <String ID="Word_101" HPOS="475" VPOS="2361" WIDTH="294" HEIGHT="63" CONTENT="prevalence" />
            <SP ID="SP_85" HPOS="769" VPOS="2361" WIDTH="59" HEIGHT="0" />
            <String ID="Word_102" HPOS="828" VPOS="2361" WIDTH="100" HEIGHT="47" CONTENT="and" />
            <SP ID="SP_86" HPOS="928" VPOS="2361" WIDTH="58" HEIGHT="0" />
            <String ID="Word_103" HPOS="986" VPOS="2367" WIDTH="219" HEIGHT="58" CONTENT="severity" />
            <SP ID="SP_87" HPOS="1205" VPOS="2360" WIDTH="58" HEIGHT="0" />
            <String ID="Word_104" HPOS="1263" VPOS="2365" WIDTH="419" HEIGHT="59" CONTENT="unprecedented." />
            <SP ID="SP_88" HPOS="1682" VPOS="2359" WIDTH="115" HEIGHT="0" />
            <String ID="Word_105" HPOS="1797" VPOS="2359" WIDTH="89" HEIGHT="47" CONTENT="Al-" />
          </TextLine>
          <TextLine ID="TextLine_18" HPOS="188" VPOS="2449" WIDTH="1699" HEIGHT="67">
            <String ID="Word_106" HPOS="188" VPOS="2451" WIDTH="190" HEIGHT="48" CONTENT="though" />
            <SP ID="SP_89" HPOS="378" VPOS="2451" WIDTH="43" HEIGHT="0" />
            <String ID="Word_107" HPOS="421" VPOS="2467" WIDTH="65" HEIGHT="31" CONTENT="on" />
            <SP ID="SP_90" HPOS="486" VPOS="2450" WIDTH="36" HEIGHT="0" />
            <String ID="Word_108" HPOS="522" VPOS="2450" WIDTH="139" HEIGHT="48" CONTENT="these" />
            <SP ID="SP_91" HPOS="661" VPOS="2450" WIDTH="42" HEIGHT="0" />
            <String ID="Word_109" HPOS="703" VPOS="2451" WIDTH="255" HEIGHT="48" CONTENT="occasions" />
            <SP ID="SP_92" HPOS="958" VPOS="2451" WIDTH="35" HEIGHT="0" />
            <String ID="Word_110" HPOS="993" VPOS="2452" WIDTH="85" HEIGHT="47" CONTENT="the" />
            <SP ID="SP_93" HPOS="1078" VPOS="2452" WIDTH="43" HEIGHT="0" />
            <String ID="Word_111" HPOS="1121" VPOS="2457" WIDTH="304" HEIGHT="42" CONTENT="consequent" />
            <SP ID="SP_94" HPOS="1425" VPOS="2451" WIDTH="35" HEIGHT="0" />
            <String ID="Word_112" HPOS="1460" VPOS="2451" WIDTH="174" HEIGHT="47" CONTENT="labour" />
            <SP ID="SP_95" HPOS="1634" VPOS="2450" WIDTH="36" HEIGHT="0" />
            <String ID="Word_113" HPOS="1670" VPOS="2450" WIDTH="99" HEIGHT="48" CONTENT="and" />
            <SP ID="SP_96" HPOS="1769" VPOS="2449" WIDTH="46" HEIGHT="0" />
            <String ID="Word_114" HPOS="1815" VPOS="2449" WIDTH="72" HEIGHT="48" CONTENT="fa-" />
          </TextLine>
          <TextLine ID="TextLine_19" HPOS="188" VPOS="2540" WIDTH="1702" HEIGHT="67">
            <String ID="Word_115" HPOS="188" VPOS="2543" WIDTH="137" HEIGHT="63" CONTENT="tigue" />
            <SP ID="SP_97" HPOS="325" VPOS="2540" WIDTH="26" HEIGHT="0" />
            <String ID="Word_116" HPOS="351" VPOS="2540" WIDTH="57" HEIGHT="50" CONTENT="of" />
            <SP ID="SP_98" HPOS="408" VPOS="2540" WIDTH="36" HEIGHT="0" />
            <String ID="Word_117" HPOS="444" VPOS="2542" WIDTH="83" HEIGHT="47" CONTENT="the" />
            <SP ID="SP_99" HPOS="527" VPOS="2540" WIDTH="41" HEIGHT="0" />
            <String ID="Word_118" HPOS="568" VPOS="2540" WIDTH="213" HEIGHT="50" CONTENT="District" />
            <SP ID="SP_100" HPOS="781" VPOS="2540" WIDTH="44" HEIGHT="0" />
            <String ID="Word_119" HPOS="825" VPOS="2542" WIDTH="248" HEIGHT="65" CONTENT="Surgeons" />
            <SP ID="SP_101" HPOS="1073" VPOS="2542" WIDTH="37" HEIGHT="0" />
            <String ID="Word_120" HPOS="1110" VPOS="2544" WIDTH="126" HEIGHT="46" CONTENT="have" />
            <SP ID="SP_102" HPOS="1236" VPOS="2544" WIDTH="34" HEIGHT="0" />
            <String ID="Word_121" HPOS="1270" VPOS="2544" WIDTH="126" HEIGHT="47" CONTENT="been" />
            <SP ID="SP_103" HPOS="1396" VPOS="2544" WIDTH="37" HEIGHT="0" />
            <String ID="Word_122" HPOS="1433" VPOS="2558" WIDTH="124" HEIGHT="47" CONTENT="very" />
            <SP ID="SP_104" HPOS="1557" VPOS="2547" WIDTH="36" HEIGHT="0" />
            <String ID="Word_123" HPOS="1593" VPOS="2547" WIDTH="155" HEIGHT="58" CONTENT="great," />
            <SP ID="SP_105" HPOS="1748" VPOS="2546" WIDTH="38" HEIGHT="0" />
            <String ID="Word_124" HPOS="1786" VPOS="2546" WIDTH="104" HEIGHT="57" CONTENT="yet," />
          </TextLine>
          <TextLine ID="TextLine_20" HPOS="192" VPOS="2634" WIDTH="1695" HEIGHT="64">
            <String ID="Word_125" HPOS="192" VPOS="2634" WIDTH="127" HEIGHT="48" CONTENT="from" />
            <SP ID="SP_106" HPOS="319" VPOS="2634" WIDTH="27" HEIGHT="0" />
            <String ID="Word_126" HPOS="346" VPOS="2650" WIDTH="29" HEIGHT="31" CONTENT="a" />
            <SP ID="SP_107" HPOS="375" VPOS="2635" WIDTH="23" HEIGHT="0" />
            <String ID="Word_127" HPOS="398" VPOS="2635" WIDTH="190" HEIGHT="47" CONTENT="sincere" />
            <SP ID="SP_108" HPOS="588" VPOS="2635" WIDTH="20" HEIGHT="0" />
            <String ID="Word_128" HPOS="608" VPOS="2635" WIDTH="161" HEIGHT="47" CONTENT="desire" />
            <SP ID="SP_109" HPOS="769" VPOS="2635" WIDTH="16" HEIGHT="0" />
            <String ID="Word_129" HPOS="785" VPOS="2641" WIDTH="52" HEIGHT="41" CONTENT="to" />
            <SP ID="SP_110" HPOS="837" VPOS="2635" WIDTH="27" HEIGHT="0" />
            <String ID="Word_130" HPOS="864" VPOS="2635" WIDTH="258" HEIGHT="47" CONTENT="discharge" />
            <SP ID="SP_111" HPOS="1122" VPOS="2634" WIDTH="26" HEIGHT="0" />
            <String ID="Word_131" HPOS="1148" VPOS="2634" WIDTH="84" HEIGHT="48" CONTENT="the" />
            <SP ID="SP_112" HPOS="1232" VPOS="2634" WIDTH="20" HEIGHT="0" />
            <String ID="Word_132" HPOS="1252" VPOS="2635" WIDTH="163" HEIGHT="47" CONTENT="duties" />
            <SP ID="SP_113" HPOS="1415" VPOS="2634" WIDTH="21" HEIGHT="0" />
            <String ID="Word_133" HPOS="1436" VPOS="2634" WIDTH="255" HEIGHT="48" CONTENT="entrusted" />
            <SP ID="SP_114" HPOS="1691" VPOS="2634" WIDTH="24" HEIGHT="0" />
            <String ID="Word_134" HPOS="1715" VPOS="2641" WIDTH="52" HEIGHT="40" CONTENT="to" />
            <SP ID="SP_115" HPOS="1767" VPOS="2641" WIDTH="26" HEIGHT="0" />
            <String ID="Word_135" HPOS="1793" VPOS="2650" WIDTH="94" HEIGHT="41" CONTENT="me," />
          </TextLine>
          <TextLine ID="TextLine_21" HPOS="193" VPOS="2725" WIDTH="1697" HEIGHT="63">
            <String ID="Word_136" HPOS="193" VPOS="2742" WIDTH="52" HEIGHT="31" CONTENT="as" />
            <SP ID="SP_116" HPOS="245" VPOS="2742" WIDTH="38" HEIGHT="0" />
            <String ID="Word_137" HPOS="283" VPOS="2742" WIDTH="30" HEIGHT="31" CONTENT="a" />
            <SP ID="SP_117" HPOS="313" VPOS="2725" WIDTH="34" HEIGHT="0" />
            <String ID="Word_138" HPOS="347" VPOS="2725" WIDTH="169" HEIGHT="63" CONTENT="public" />
            <SP ID="SP_118" HPOS="516" VPOS="2725" WIDTH="25" HEIGHT="0" />
            <String ID="Word_139" HPOS="541" VPOS="2732" WIDTH="213" HEIGHT="41" CONTENT="servant," />
            <SP ID="SP_119" HPOS="754" VPOS="2726" WIDTH="27" HEIGHT="0" />
            <String ID="Word_140" HPOS="781" VPOS="2726" WIDTH="51" HEIGHT="47" CONTENT="in" />
            <SP ID="SP_120" HPOS="832" VPOS="2726" WIDTH="37" HEIGHT="0" />
            <String ID="Word_141" HPOS="869" VPOS="2742" WIDTH="62" HEIGHT="31" CONTENT="an" />
            <SP ID="SP_121" HPOS="931" VPOS="2725" WIDTH="26" HEIGHT="0" />
            <String ID="Word_142" HPOS="957" VPOS="2725" WIDTH="217" HEIGHT="50" CONTENT="efficient" />
            <SP ID="SP_122" HPOS="1174" VPOS="2725" WIDTH="24" HEIGHT="0" />
            <String ID="Word_143" HPOS="1198" VPOS="2742" WIDTH="218" HEIGHT="31" CONTENT="manner," />
            <SP ID="SP_123" HPOS="1416" VPOS="2725" WIDTH="41" HEIGHT="0" />
            <String ID="Word_144" HPOS="1457" VPOS="2725" WIDTH="25" HEIGHT="47" CONTENT="I" />
            <SP ID="SP_124" HPOS="1482" VPOS="2725" WIDTH="36" HEIGHT="0" />
            <String ID="Word_145" HPOS="1518" VPOS="2725" WIDTH="183" HEIGHT="47" CONTENT="always" />
            <SP ID="SP_125" HPOS="1701" VPOS="2725" WIDTH="26" HEIGHT="0" />
            <String ID="Word_146" HPOS="1727" VPOS="2725" WIDTH="163" HEIGHT="47" CONTENT="consi-" />
          </TextLine>
          <TextLine ID="TextLine_22" HPOS="197" VPOS="2819" WIDTH="1692" HEIGHT="64">
            <String ID="Word_147" HPOS="197" VPOS="2820" WIDTH="152" HEIGHT="48" CONTENT="dered" />
            <SP ID="SP_126" HPOS="349" VPOS="2820" WIDTH="42" HEIGHT="0" />
            <String ID="Word_148" HPOS="391" VPOS="2820" WIDTH="108" HEIGHT="46" CONTENT="that" />
            <SP ID="SP_127" HPOS="499" VPOS="2820" WIDTH="40" HEIGHT="0" />
            <String ID="Word_149" HPOS="539" VPOS="2820" WIDTH="85" HEIGHT="47" CONTENT="the" />
            <SP ID="SP_128" HPOS="624" VPOS="2820" WIDTH="38" HEIGHT="0" />
            <String ID="Word_150" HPOS="662" VPOS="2836" WIDTH="123" HEIGHT="47" CONTENT="poor" />
            <SP ID="SP_129" HPOS="785" VPOS="2820" WIDTH="42" HEIGHT="0" />
            <String ID="Word_151" HPOS="827" VPOS="2820" WIDTH="99" HEIGHT="47" CONTENT="and" />
            <SP ID="SP_130" HPOS="926" VPOS="2820" WIDTH="26" HEIGHT="0" />
            <String ID="Word_152" HPOS="952" VPOS="2820" WIDTH="235" HEIGHT="48" CONTENT="destitute" />
            <SP ID="SP_131" HPOS="1187" VPOS="2820" WIDTH="39" HEIGHT="0" />
            <String ID="Word_153" HPOS="1226" VPOS="2820" WIDTH="221" HEIGHT="47" CONTENT="residing" />
            <SP ID="SP_132" HPOS="1447" VPOS="2820" WIDTH="36" HEIGHT="0" />
            <String ID="Word_154" HPOS="1483" VPOS="2820" WIDTH="52" HEIGHT="46" CONTENT="in" />
            <SP ID="SP_133" HPOS="1535" VPOS="2820" WIDTH="32" HEIGHT="0" />
            <String ID="Word_155" HPOS="1567" VPOS="2836" WIDTH="86" HEIGHT="47" CONTENT="my" />
            <SP ID="SP_134" HPOS="1653" VPOS="2819" WIDTH="26" HEIGHT="0" />
            <String ID="Word_156" HPOS="1679" VPOS="2819" WIDTH="210" HEIGHT="57" CONTENT="district," />
          </TextLine>
          <TextLine ID="TextLine_23" HPOS="197" VPOS="2910" WIDTH="1696" HEIGHT="66">
            <String ID="Word_157" HPOS="197" VPOS="2930" WIDTH="220" HEIGHT="30" CONTENT="whether" />
            <SP ID="SP_135" HPOS="417" VPOS="2912" WIDTH="24" HEIGHT="0" />
            <String ID="Word_158" HPOS="441" VPOS="2912" WIDTH="232" HEIGHT="64" CONTENT="properly" />
            <SP ID="SP_136" HPOS="673" VPOS="2912" WIDTH="26" HEIGHT="0" />
            <String ID="Word_159" HPOS="699" VPOS="2912" WIDTH="270" HEIGHT="63" CONTENT="belonging" />
            <SP ID="SP_137" HPOS="969" VPOS="2912" WIDTH="25" HEIGHT="0" />
            <String ID="Word_160" HPOS="994" VPOS="2918" WIDTH="52" HEIGHT="40" CONTENT="to" />
            <SP ID="SP_138" HPOS="1046" VPOS="2911" WIDTH="25" HEIGHT="0" />
            <String ID="Word_161" HPOS="1071" VPOS="2911" WIDTH="83" HEIGHT="47" CONTENT="the" />
            <SP ID="SP_139" HPOS="1154" VPOS="2910" WIDTH="31" HEIGHT="0" />
            <String ID="Word_162" HPOS="1185" VPOS="2910" WIDTH="117" HEIGHT="49" CONTENT="City" />
            <SP ID="SP_140" HPOS="1302" VPOS="2910" WIDTH="19" HEIGHT="0" />
            <String ID="Word_163" HPOS="1321" VPOS="2928" WIDTH="55" HEIGHT="31" CONTENT="or" />
            <SP ID="SP_141" HPOS="1376" VPOS="2917" WIDTH="25" HEIGHT="0" />
            <String ID="Word_164" HPOS="1401" VPOS="2917" WIDTH="102" HEIGHT="41" CONTENT="not," />
            <SP ID="SP_142" HPOS="1503" VPOS="2912" WIDTH="28" HEIGHT="0" />
            <String ID="Word_165" HPOS="1531" VPOS="2912" WIDTH="98" HEIGHT="46" CONTENT="had" />
            <SP ID="SP_143" HPOS="1629" VPOS="2912" WIDTH="25" HEIGHT="0" />
            <String ID="Word_166" HPOS="1654" VPOS="2927" WIDTH="30" HEIGHT="31" CONTENT="a" />
            <SP ID="SP_144" HPOS="1684" VPOS="2911" WIDTH="23" HEIGHT="0" />
            <String ID="Word_167" HPOS="1707" VPOS="2911" WIDTH="186" HEIGHT="49" CONTENT="special" />
          </TextLine>
          <TextLine ID="TextLine_24" HPOS="199" VPOS="3005" WIDTH="1695" HEIGHT="64">
            <String ID="Word_168" HPOS="199" VPOS="3007" WIDTH="146" HEIGHT="48" CONTENT="claim" />
            <SP ID="SP_145" HPOS="345" VPOS="3007" WIDTH="25" HEIGHT="0" />
            <String ID="Word_169" HPOS="370" VPOS="3013" WIDTH="51" HEIGHT="41" CONTENT="to" />
            <SP ID="SP_146" HPOS="421" VPOS="3013" WIDTH="27" HEIGHT="0" />
            <String ID="Word_170" HPOS="448" VPOS="3023" WIDTH="85" HEIGHT="46" CONTENT="my" />
            <SP ID="SP_147" HPOS="533" VPOS="3005" WIDTH="24" HEIGHT="0" />
            <String ID="Word_171" HPOS="557" VPOS="3005" WIDTH="323" HEIGHT="64" CONTENT="professional" />
            <SP ID="SP_148" HPOS="880" VPOS="3005" WIDTH="35" HEIGHT="0" />
            <String ID="Word_172" HPOS="915" VPOS="3006" WIDTH="244" HEIGHT="47" CONTENT="services;" />
            <SP ID="SP_149" HPOS="1159" VPOS="3006" WIDTH="38" HEIGHT="0" />
            <String ID="Word_173" HPOS="1197" VPOS="3006" WIDTH="99" HEIGHT="46" CONTENT="and" />
            <SP ID="SP_150" HPOS="1296" VPOS="3006" WIDTH="30" HEIGHT="0" />
            <String ID="Word_174" HPOS="1326" VPOS="3006" WIDTH="136" HEIGHT="47" CONTENT="these" />
            <SP ID="SP_151" HPOS="1462" VPOS="3006" WIDTH="25" HEIGHT="0" />
            <String ID="Word_175" HPOS="1487" VPOS="3006" WIDTH="125" HEIGHT="47" CONTENT="have" />
            <SP ID="SP_152" HPOS="1612" VPOS="3006" WIDTH="26" HEIGHT="0" />
            <String ID="Word_176" HPOS="1638" VPOS="3022" WIDTH="65" HEIGHT="31" CONTENT="on" />
            <SP ID="SP_153" HPOS="1703" VPOS="3021" WIDTH="38" HEIGHT="0" />
            <String ID="Word_177" HPOS="1741" VPOS="3021" WIDTH="153" HEIGHT="48" CONTENT="every" />
          </TextLine>
          <TextLine ID="TextLine_25" HPOS="198" VPOS="3098" WIDTH="1694" HEIGHT="65">
            <String ID="Word_178" HPOS="198" VPOS="3101" WIDTH="245" HEIGHT="48" CONTENT="occasion," />
            <SP ID="SP_154" HPOS="443" VPOS="3101" WIDTH="28" HEIGHT="0" />
            <String ID="Word_179" HPOS="471" VPOS="3101" WIDTH="94" HEIGHT="46" CONTENT="and" />
            <SP ID="SP_155" HPOS="565" VPOS="3101" WIDTH="29" HEIGHT="0" />
            <String ID="Word_180" HPOS="594" VPOS="3101" WIDTH="157" HEIGHT="46" CONTENT="under" />
            <SP ID="SP_156" HPOS="751" VPOS="3100" WIDTH="35" HEIGHT="0" />
            <String ID="Word_181" HPOS="786" VPOS="3100" WIDTH="63" HEIGHT="47" CONTENT="all" />
            <SP ID="SP_157" HPOS="849" VPOS="3100" WIDTH="26" HEIGHT="0" />
            <String ID="Word_182" HPOS="875" VPOS="3115" WIDTH="399" HEIGHT="33" CONTENT="circumstances," />
            <SP ID="SP_158" HPOS="1274" VPOS="3099" WIDTH="24" HEIGHT="0" />
            <String ID="Word_183" HPOS="1298" VPOS="3099" WIDTH="128" HEIGHT="49" CONTENT="been" />
            <SP ID="SP_159" HPOS="1426" VPOS="3098" WIDTH="31" HEIGHT="0" />
            <String ID="Word_184" HPOS="1457" VPOS="3098" WIDTH="155" HEIGHT="49" CONTENT="freely" />
            <SP ID="SP_160" HPOS="1612" VPOS="3098" WIDTH="35" HEIGHT="0" />
            <String ID="Word_185" HPOS="1647" VPOS="3098" WIDTH="245" HEIGHT="49" CONTENT="rendered" />
          </TextLine>
          <TextLine ID="TextLine_26" HPOS="199" VPOS="3195" WIDTH="150" HEIGHT="46">
            <String ID="Word_186" HPOS="199" VPOS="3195" WIDTH="150" HEIGHT="46" CONTENT="them." />
          </TextLine>
          <TextLine ID="TextLine_27" HPOS="341" VPOS="3328" WIDTH="1552" HEIGHT="65">
            <String ID="Word_187" HPOS="341" VPOS="3331" WIDTH="108" HEIGHT="48" CONTENT="The" />
            <SP ID="SP_161" HPOS="449" VPOS="3330" WIDTH="36" HEIGHT="0" />
            <String ID="Word_188" HPOS="485" VPOS="3330" WIDTH="319" HEIGHT="48" CONTENT="instructions" />
            <SP ID="SP_162" HPOS="804" VPOS="3329" WIDTH="34" HEIGHT="0" />
            <String ID="Word_189" HPOS="838" VPOS="3329" WIDTH="129" HEIGHT="49" CONTENT="from" />
            <SP ID="SP_163" HPOS="967" VPOS="3329" WIDTH="34" HEIGHT="0" />
            <String ID="Word_190" HPOS="1001" VPOS="3329" WIDTH="86" HEIGHT="49" CONTENT="the" />
            <SP ID="SP_164" HPOS="1087" VPOS="3328" WIDTH="27" HEIGHT="0" />
            <String ID="Word_191" HPOS="1114" VPOS="3328" WIDTH="233" HEIGHT="65" CONTENT="Hospital" />
            <SP ID="SP_165" HPOS="1347" VPOS="3328" WIDTH="35" HEIGHT="0" />
            <String ID="Word_192" HPOS="1382" VPOS="3330" WIDTH="125" HEIGHT="48" CONTENT="have" />
            <SP ID="SP_166" HPOS="1507" VPOS="3330" WIDTH="34" HEIGHT="0" />
            <String ID="Word_193" HPOS="1541" VPOS="3331" WIDTH="125" HEIGHT="47" CONTENT="been" />
            <SP ID="SP_167" HPOS="1666" VPOS="3328" WIDTH="35" HEIGHT="0" />
            <String ID="Word_194" HPOS="1701" VPOS="3328" WIDTH="192" HEIGHT="64" CONTENT="strictly" />
          </TextLine>
          <TextLine ID="TextLine_28" HPOS="205" VPOS="3421" WIDTH="1691" HEIGHT="66">
            <String ID="Word_195" HPOS="205" VPOS="3424" WIDTH="98" HEIGHT="47" CONTENT="and" />
            <SP ID="SP_168" HPOS="303" VPOS="3422" WIDTH="38" HEIGHT="0" />
            <String ID="Word_196" HPOS="341" VPOS="3422" WIDTH="186" HEIGHT="65" CONTENT="rigidly" />
            <SP ID="SP_169" HPOS="527" VPOS="3421" WIDTH="36" HEIGHT="0" />
            <String ID="Word_197" HPOS="563" VPOS="3421" WIDTH="218" HEIGHT="49" CONTENT="adhered" />
            <SP ID="SP_170" HPOS="781" VPOS="3421" WIDTH="38" HEIGHT="0" />
            <String ID="Word_198" HPOS="819" VPOS="3428" WIDTH="68" HEIGHT="52" CONTENT="to," />
            <SP ID="SP_171" HPOS="887" VPOS="3422" WIDTH="40" HEIGHT="0" />
            <String ID="Word_199" HPOS="927" VPOS="3422" WIDTH="70" HEIGHT="64" CONTENT="by" />
            <SP ID="SP_172" HPOS="997" VPOS="3422" WIDTH="34" HEIGHT="0" />
            <String ID="Word_200" HPOS="1031" VPOS="3422" WIDTH="250" HEIGHT="64" CONTENT="regularly" />
            <SP ID="SP_173" HPOS="1281" VPOS="3422" WIDTH="35" HEIGHT="0" />
            <String ID="Word_201" HPOS="1316" VPOS="3422" WIDTH="206" HEIGHT="48" CONTENT="visiting" />
            <SP ID="SP_174" HPOS="1522" VPOS="3422" WIDTH="38" HEIGHT="0" />
            <String ID="Word_202" HPOS="1560" VPOS="3422" WIDTH="83" HEIGHT="48" CONTENT="the" />
            <SP ID="SP_175" HPOS="1643" VPOS="3422" WIDTH="38" HEIGHT="0" />
            <String ID="Word_203" HPOS="1681" VPOS="3423" WIDTH="215" HEIGHT="63" CONTENT="patients" />
          </TextLine>
          <TextLine ID="TextLine_29" HPOS="208" VPOS="3510" WIDTH="1690" HEIGHT="67">
            <String ID="Word_204" HPOS="208" VPOS="3512" WIDTH="296" HEIGHT="63" CONTENT="personally," />
            <SP ID="SP_176" HPOS="504" VPOS="3512" WIDTH="27" HEIGHT="0" />
            <String ID="Word_205" HPOS="531" VPOS="3512" WIDTH="97" HEIGHT="48" CONTENT="and" />
            <SP ID="SP_177" HPOS="628" VPOS="3512" WIDTH="36" HEIGHT="0" />
            <String ID="Word_206" HPOS="664" VPOS="3512" WIDTH="69" HEIGHT="63" CONTENT="by" />
            <SP ID="SP_178" HPOS="733" VPOS="3511" WIDTH="25" HEIGHT="0" />
            <String ID="Word_207" HPOS="758" VPOS="3511" WIDTH="183" HEIGHT="64" CONTENT="having" />
            <SP ID="SP_179" HPOS="941" VPOS="3511" WIDTH="37" HEIGHT="0" />
            <String ID="Word_208" HPOS="978" VPOS="3527" WIDTH="84" HEIGHT="48" CONTENT="my" />
            <SP ID="SP_180" HPOS="1062" VPOS="3510" WIDTH="30" HEIGHT="0" />
            <String ID="Word_209" HPOS="1092" VPOS="3510" WIDTH="188" HEIGHT="66" CONTENT="Report" />
            <SP ID="SP_181" HPOS="1280" VPOS="3510" WIDTH="27" HEIGHT="0" />
            <String ID="Word_210" HPOS="1307" VPOS="3510" WIDTH="144" HEIGHT="52" CONTENT="Book" />
            <SP ID="SP_182" HPOS="1451" VPOS="3510" WIDTH="38" HEIGHT="0" />
            <String ID="Word_211" HPOS="1489" VPOS="3513" WIDTH="169" HEIGHT="49" CONTENT="drawn" />
            <SP ID="SP_183" HPOS="1658" VPOS="3513" WIDTH="37" HEIGHT="0" />
            <String ID="Word_212" HPOS="1695" VPOS="3530" WIDTH="65" HEIGHT="30" CONTENT="up" />
            <SP ID="SP_184" HPOS="1760" VPOS="3513" WIDTH="40" HEIGHT="0" />
            <String ID="Word_213" HPOS="1800" VPOS="3513" WIDTH="98" HEIGHT="47" CONTENT="and" />
          </TextLine>
        </TextBlock>
      </PrintSpace>
    </Page>
  </Layout>
</alto>
