2107 3450
1781 261 83 43 319

699 271 150 31 MOTOR
883 271 196 31 APHASIA
1110 260 260 56 (ANEMIA).

209 394 76 42 has
308 407 24 30 a
355 392 216 43 difficulty
590 393 46 41 in
660 391 293 56 interpreting
975 391 134 43 them,
1130 391 141 42 which
1296 391 55 42 he
1374 391 145 42 shows
1542 391 57 55 by
1623 391 243 57 hesitating

207 465 88 42 and
318 465 274 42 considering
614 464 146 42 before
783 463 54 43 he
861 463 182 43 touches
1062 463 74 43 the
1154 467 107 51 part.
1329 463 20 41 I
1370 463 112 42 have
1501 463 84 41 had
1607 477 54 27 no
1680 468 189 50 autopsy

211 551 54 27 on
300 552 83 26 any
410 551 80 27 one
514 536 44 42 of
586 536 73 41 the
682 549 119 28 cases
826 535 144 42 which
994 534 228 44 exhibited
1247 535 87 41 this
1360 534 321 56 phenomenon,
1704 549 46 27 so
1774 535 97 41 that

212 610 22 41 I
273 615 158 37 cannot
467 622 78 29 say
569 608 67 42 for
670 607 167 42 certain
874 607 98 42 that
1009 607 119 42 there
1154 622 86 27 was
1278 608 45 40 in
1359 607 121 42 them
1517 621 56 27 no
1610 607 192 42 element
1830 608 46 40 of

211 682 200 55 auditory
445 695 205 42 aphasia;
692 680 82 42 but
812 680 22 42 I
873 694 102 42 may
1013 694 77 28 say
1130 679 97 43 that
1260 680 22 41 I
1316 679 208 43 regarded
1565 679 75 43 the
1673 693 121 29 cases
1826 693 48 29 as

212 768 118 28 cases
377 753 47 43 of
468 767 106 42 pure
622 758 142 37 motor
811 752 191 43 aphasia.
1097 752 91 42 The
1232 751 138 57 point,
1414 751 22 42 I
1484 751 144 52 think,
1671 751 202 43 deserves

212 825 232 42 attention.

273 970 37 42 2.
343 969 190 43 Visible
559 969 188 43 Speech,
763 970 222 42 Written
1010 981 95 31 and
1123 969 530 57 Printed.—Although,
1670 969 46 42 in
1733 973 142 39 motor

213 1056 194 42 aphasia,
423 1041 75 43 the
516 1042 223 56 reception
758 1042 86 43 and
868 1042 339 43 interpretation
1225 1042 45 42 of
1287 1041 178 43 audible
1484 1042 156 56 speech
1658 1056 71 28 are
1744 1042 129 50 little,

215 1116 34 40 if
269 1118 45 40 at
336 1115 71 52 all,
426 1115 239 42 interfered
685 1115 119 42 with,
825 1116 73 41 the
921 1115 226 43 reception
1170 1115 87 42 and
1281 1115 335 42 interpretation
1642 1115 47 41 of
1712 1115 157 55 speech

217 1187 95 42 that
333 1187 37 42 is
396 1188 174 41 written
594 1201 46 28 or
662 1187 175 56 printed
860 1202 71 27 are
956 1187 236 42 interfered
1212 1187 119 50 with,
1351 1201 45 27 as
1415 1201 24 27 a
1457 1187 107 42 rule,
1583 1188 46 40 in
1647 1201 25 28 a
1690 1187 182 42 marked

214 1260 166 56 degree.
445 1260 103 41 This
588 1259 85 42 loss
711 1259 45 42 of
794 1259 74 42 the
907 1273 146 41 power
1091 1259 44 41 of
1172 1259 181 56 reading
1391 1258 201 56 (Alexia)
1630 1260 36 41 is
1706 1265 77 36 not
1827 1273 47 28 so

214 1331 201 43 absolute
452 1345 48 28 as
537 1331 36 42 it
609 1332 37 41 is
684 1331 46 41 in
768 1346 26 26 a
832 1345 96 28 case
966 1331 48 41 of
1048 1335 96 37 true
1175 1330 383 51 word-blindness,
1592 1331 85 43 due
1716 1336 45 38 to
1799 1332 76 42 the

215 1403 271 42 destruction
519 1403 47 42 of
595 1403 74 42 the
702 1403 140 42 visual
877 1403 165 41 images
1075 1407 46 37 at
1145 1402 32 43 C
1201 1402 111 56 (Fig.
1339 1402 71 55 2);
1443 1402 311 53 nevertheless,
1778 1417 46 28 as
1852 1418 25 27 a

214 1475 106 42 rule,
363 1476 36 41 it
442 1476 36 42 is
522 1489 107 29 very
673 1475 191 42 marked.
935 1475 44 41 It
1022 1474 120 43 early
1185 1474 217 42 attracted
1447 1474 75 42 the
1564 1476 222 41 attention
1832 1477 46 40 of

213 1547 258 42 Trousseau,
504 1547 97 41 who
634 1551 155 51 quotes
821 1561 135 27 many
989 1547 222 41 instances
1245 1546 46 41 in
1324 1546 271 42 illustration
1630 1547 44 41 of
1707 1548 47 42 it.
1819 1548 54 42 In

213 1634 117 27 some
364 1619 47 42 of
442 1619 120 43 these
595 1633 121 29 cases
746 1619 124 43 there
892 1633 140 28 seems
1057 1624 43 37 to
1124 1618 112 43 have
1260 1618 108 43 been
1393 1633 57 28 an
1474 1618 194 43 element
1690 1620 45 42 of
1759 1628 119 35 what

214 1692 36 41 is
286 1706 98 27 now
420 1692 167 42 termed
624 1706 180 42 sensory
827 1692 194 55 aphasia,
1046 1692 78 41 but
1160 1691 147 42 others
1342 1705 163 42 appear
1543 1698 42 36 to
1623 1692 110 44 have
1767 1693 110 43 been

213 1778 119 28 cases
365 1764 45 42 of
442 1764 181 56 aphasia
654 1764 156 56 purely
838 1773 150 33 motor.
1055 1763 60 43 Of
1145 1764 123 42 these
1301 1763 146 52 latter,
1469 1764 189 56 perhaps
1683 1765 74 43 the
1782 1766 97 43 best

214 1837 36 42 is
288 1837 73 42 the
397 1837 247 42 celebrated
680 1851 98 28 case
814 1837 44 42 of
895 1836 72 43 the
1005 1837 171 55 patient
1202 1837 96 41 who
1333 1837 129 42 could
1498 1837 106 57 only
1629 1839 135 55 speak
1796 1854 81 29 one

216 1910 129 51 word,
379 1909 91 53 viz.,
495 1909 73 43 the
602 1909 294 56 meaningless
929 1909 226 42 recurring
1190 1914 224 37 utterance
1451 1909 177 53 Consisi,
1659 1911 87 42 and
1780 1912 98 42 who

215 1982 127 42 could
366 1982 105 56 only
495 1982 125 42 write
653 1995 81 29 one
758 1981 131 53 word,
913 1981 69 42 his
1005 1996 96 27 own
1127 1996 142 37 name,
1292 1982 182 56 Paquet.
1538 1987 21 16 "
1575 1983 84 42 We
1683 1984 79 43 ask
1788 1984 88 43 him

214 2053 69 41 his
307 2067 139 38 name,
469 2056 9 18 '
495 2053 301 43 Cousisiwe
828 2067 108 41 pray
959 2053 92 41 him
1086 2058 44 36 to
1156 2053 123 42 write
1312 2053 47 52 it,
1392 2053 55 43 he
1478 2054 149 43 writes
1660 2059 9 17 '
1685 2056 195 43 Paquet.'

214 2125 84 42 We
325 2125 78 43 ask
438 2126 105 42 then
576 2125 92 42 him
704 2130 43 37 to
773 2130 124 37 write
929 2125 69 42 his
1022 2126 191 42 address,
1238 2126 52 42 he
1314 2126 144 43 writes
1482 2128 127 55 again
1633 2129 245 43 'Paquet;'

217 2197 119 52 then,
359 2198 252 55 perceiving
645 2197 97 42 that
773 2197 55 43 he
862 2197 78 43 has
974 2197 126 43 made
1134 2212 24 27 a
1190 2197 204 56 mistake,
1418 2199 55 42 he
1507 2204 126 38 turns
1666 2200 70 44 his
1767 2202 111 42 head

218 2268 105 42 with
357 2283 55 27 an
446 2269 64 42 air
542 2269 46 42 of
618 2269 278 56 impatience,
923 2269 155 56 saying
1111 2269 259 42 'Cousisi.'"
1433 2271 107 43 This
1574 2273 184 55 patient,
1783 2276 96 43 who

217 2340 84 42 had
356 2342 106 42 been
508 2356 25 27 a
576 2341 337 43 well-educated
967 2356 114 37 man,
1115 2343 210 55 occupied
1370 2343 182 44 himself
1591 2347 131 42 much
1770 2356 107 35 with

215 2413 190 56 reading.
470 2414 108 43 "He
611 2414 126 43 reads
766 2413 251 43 sometimes
1041 2414 56 42 all
1125 2414 97 57 day,
1246 2415 87 42 and
1357 2415 22 42 I
1403 2430 67 28 am
1498 2417 148 43 bound
1672 2423 43 38 to
1738 2421 141 42 admit

218 2484 95 45 that
345 2487 54 42 he
433 2487 170 42 follows
634 2487 74 42 the
731 2486 113 43 lines
868 2486 268 56 sufficiently
1164 2487 110 43 well,
1300 2487 96 43 that
1419 2488 54 43 he
1498 2495 125 39 turns
1646 2491 75 43 the
1744 2507 133 42 pages

215 2565 46 36 at
290 2559 74 43 the
387 2559 118 57 right
530 2560 118 51 time,
671 2559 87 43 and
793 2564 97 38 that
913 2559 53 43 he
992 2574 126 28 seems
1142 2565 44 37 to
1208 2560 275 44 understand
1509 2563 119 43 what
1651 2565 54 43 he
1728 2567 126 43 reads
1873 2585 7 36 ;

216 2633 80 42 but
328 2632 56 56 by
420 2647 25 28 a
477 2633 117 43 little
626 2633 280 56 experiment
940 2647 82 28 one
1058 2647 81 28 can
1174 2647 133 43 prove
1341 2634 126 57 quite
1501 2635 164 58 clearly
1690 2639 99 43 that
1824 2640 55 44 he

215 2706 134 56 really
376 2705 294 43 understands
710 2705 130 43 much
880 2704 85 44 less
1005 2705 106 42 than
1147 2705 54 43 he
1234 2721 141 28 seems
1410 2712 43 37 to
1486 2708 66 43 do.
1620 2710 19 41 I
1676 2711 102 44 take
1802 2713 75 43 the

217 2778 112 42 book
351 2778 83 42 and
460 2778 99 43 read
585 2778 128 42 aloud
739 2778 74 42 the
837 2777 169 43 bottom
1031 2779 47 41 of
1096 2793 25 27 a
1146 2793 118 41 page,
1287 2780 87 41 and
1401 2780 18 41 I
1445 2781 76 43 tell
1547 2781 93 43 him
1664 2788 43 37 to
1733 2785 144 43 follow

218 2849 105 42 with
349 2850 68 42 his
440 2864 114 42 eyes,
571 2850 86 43 and
682 2859 99 34 turn
807 2850 76 43 the
907 2864 109 42 page
1042 2851 125 42 when
1196 2852 19 41 I
1240 2866 123 29 come
1386 2856 46 39 to
1456 2852 75 44 the
1554 2855 85 41 end
1662 2856 45 42 of
1728 2857 63 53 it;
1824 2858 55 43 he

219 2937 133 28 never
383 2923 103 42 does
518 2923 37 43 it
586 2929 46 36 at
663 2923 75 43 the
770 2923 121 56 right
920 2923 235 43 moment."
1219 2924 71 43 He
1316 2925 83 42 had
1424 2926 43 41 in
1494 2926 68 43 his
1584 2930 244 54 possession
1855 2945 24 28 a

218 2995 186 42 number
438 2995 45 42 of
516 2995 117 43 little
667 2996 177 55 printed
880 3010 238 37 romances,
1141 2996 107 43 such
1287 3012 46 27 as
1370 3012 82 29 one
1490 3000 141 54 might
1665 3002 103 43 read
1791 3004 83 41 and

220 3067 137 43 throw
394 3067 131 50 aside,
560 3082 47 28 as
642 3082 81 28 one
759 3067 197 57 disposes
991 3068 45 42 of
1071 3082 25 28 a
1131 3069 120 56 daily
1288 3084 269 42 newspaper.
1633 3073 244 45 Trousseau

218 3137 196 44 remarks
433 3138 98 43 that
548 3138 36 42 it
602 3138 143 42 would
767 3139 51 42 be
836 3153 56 29 an
915 3138 260 44 intolerable
1195 3140 290 56 punishment
1503 3147 43 37 to
1565 3157 86 45 any
1670 3146 207 59 ordinary
