2113 3404
856 227 86 30 THE
977 228 242 32 DISORDERS
1251 230 53 31 OF
1335 231 173 32 SPEKCH.

359 211 83 40 366

356 340 208 57 thoughts
596 357 86 42 any
716 345 138 41 better
886 346 42 40 in
956 347 179 56 writing.
1198 349 139 55 Apart
1368 350 108 42 from
1514 351 220 43 volitional
1769 354 207 41 speaking

357 412 86 41 and
468 414 184 55 writing,
685 416 254 54 everything
973 417 35 41 is
1042 418 173 42 normal.
1278 419 88 43 The-
1401 421 167 55 patient
1600 436 78 28 can
1715 429 261 36 understand

359 483 103 41 both
489 484 115 42 what
626 486 35 40 is
683 485 91 42 said
807 492 43 34 to
882 486 87 41 him
1004 488 84 41 and
1123 488 115 43 what
1259 489 53 43 he
1334 491 130 42 reads.
1528 492 68 42 He
1629 507 77 27 can
1739 492 101 42 also,
1873 492 103 42 with

359 559 164 36 correct
543 553 290 55 articulation,
855 562 146 48 repeat
1026 557 137 42 words
1190 559 95 41 that
1309 573 69 28 are
1409 560 162 55 spoken
1604 567 43 35 to
1681 561 88 42 him
1802 562 171 49 (under-

359 624 205 55 standing
595 625 131 49 them,
758 626 43 40 in
847 626 88 41 this
966 627 211 54 variety);
1223 629 85 42 and
1344 643 79 28 can
1465 631 208 55 correctly
1715 632 84 42 and
1841 631 134 56 easily

361 695 122 42 write
517 702 42 35 to
581 695 210 42 dictation
823 697 84 40 and
931 710 106 41 copy
1071 698 171 54 writing
1265 699 367 53 (understanding,
1656 703 44 40 in
1721 702 104 42 both
1848 716 130 37 cases,

360 766 116 41 what
499 766 53 41 he
575 766 172 55 writes).
810 766 61 41 At
894 781 105 39 page
1030 766 98 45 447,
1152 766 246 45 Lichtheim
1430 771 168 42 records
1620 786 24 27 a
1666 786 94 28 case
1791 772 184 56 entirely

358 836 199 56 agreeing
581 836 105 41 with
710 836 87 41 this
819 842 177 49 picture.

418 907 81 43 No.
523 907 36 43 7.
592 905 349 56 Infra-pictorial
982 907 135 42 Motor
1158 909 328 53 Aphasia.—To
1522 916 71 50 get
1629 911 73 43 the
1738 918 239 49 symptoms

361 978 140 42 which
525 977 284 42 characterize
832 977 87 42 this
941 978 180 54 variety,
1155 992 61 27 we
1239 984 117 37 must
1383 994 183 41 suppose
1598 981 73 43 the
1700 982 135 42 lesion
1859 988 43 36 to
1924 983 52 42 be

358 1062 47 29 so
436 1047 190 43 situated
661 1060 47 28 as
739 1050 45 38 to
818 1051 75 36 cut
925 1060 141 29 across
1088 1047 102 55 only
1210 1047 120 43 those
1365 1049 125 43 fibres
1514 1051 138 42 which
1687 1057 180 37 connect
1903 1052 72 42 the

358 1133 147 28 centre
528 1118 36 41 B
589 1117 103 41 with
717 1116 74 42 the
822 1116 131 42 lower
974 1122 178 46 centres,
1174 1118 46 44 in
1253 1118 72 42 the
1358 1120 200 52 medulla,
1582 1121 63 41 for
1668 1122 72 42 the
1763 1136 148 28 nerves
1933 1122 47 41 of

358 1189 181 57 speech;
571 1187 85 42 and
679 1193 43 36 to
751 1187 120 42 leave
905 1187 138 41 intact
1073 1187 59 41 all
1164 1187 74 43 the
1269 1190 255 55 connecting
1556 1191 126 42 fibres
1715 1192 191 41 between
1940 1192 35 40 B

358 1261 83 42 and
468 1261 72 40 the
563 1259 121 41 other
705 1257 157 55 speech
885 1262 179 47 centres,
1086 1272 45 27 as
1156 1258 96 42 well
1275 1273 45 28 as
1343 1259 73 42 the
1441 1260 123 42 fibres
1586 1261 192 42 between
1811 1261 49 42 M
1892 1262 84 41 and

359 1333 46 41 B.
469 1331 143 42 Given
634 1328 106 43 such
767 1342 25 27 a
822 1328 150 50 lesion,
996 1328 71 42 the
1099 1328 102 55 only
1225 1328 286 44 disablement
1543 1330 95 42 that
1671 1331 140 42 would
1842 1339 136 34 result

359 1404 109 40 from
492 1402 35 40 it
551 1399 139 42 would
715 1400 51 41 be
787 1399 287 42 disablement
1091 1399 43 41 of
1156 1399 163 55 spoken
1341 1400 167 54 speech,
1526 1401 102 41 both
1655 1401 217 42 volitional
1891 1402 84 41 and

359 1489 55 26 on
453 1470 240 55 attempted
728 1469 229 56 repetition
992 1470 44 41 of
1070 1469 136 42 words
1244 1469 140 42 heard.
1449 1470 238 42 Otherwise
1722 1473 254 53 everything

363 1542 141 42 would
521 1542 52 41 be
591 1539 189 42 normal:
813 1539 119 42 there
956 1538 140 42 would
1115 1539 52 42 be
1190 1553 54 27 no
1266 1540 190 41 amnesia
1479 1540 195 52 verbalis,
1693 1555 53 27 no
1763 1541 211 55 difficulty

361 1617 42 38 in
432 1611 225 43 volitional
681 1610 182 55 writing,
887 1610 172 55 writing
1081 1614 43 37 to
1147 1609 219 51 dictation,
1384 1624 46 28 or
1452 1611 194 54 copying,
1661 1611 84 41 and
1768 1625 54 27 no
1841 1611 133 41 word-

359 1685 208 42 deafness.
630 1682 55 50 If,
706 1681 142 41 owing
871 1686 43 36 to
936 1681 339 54 accompanying
1307 1680 219 55 paralysis,
1547 1680 73 43 the
1651 1686 167 49 patient
1850 1682 125 40 could

362 1761 75 36 not
461 1759 121 36 write
607 1752 104 41 with
734 1752 74 41 the
831 1751 114 55 right
966 1750 127 51 hand,
1117 1751 52 41 he
1194 1750 139 42 would
1364 1756 75 50 yet
1462 1751 49 41 be
1543 1751 95 42 able
1659 1756 43 37 to
1725 1752 53 40 do
1800 1766 45 27 so
1870 1758 103 34 with

358 1827 69 41 his
453 1826 89 41 left.
596 1823 261 42 Lichtheim,
879 1827 44 36 at
945 1835 105 41 page
1072 1821 99 51 449,
1192 1821 131 42 refers
1345 1826 43 37 to
1411 1835 230 29 numerous
1663 1836 117 28 cases
1802 1836 173 40 already

358 1911 56 28 on
435 1895 148 43 record
605 1893 144 43 which
770 1898 173 50 present
965 1891 59 42 all
1047 1891 73 42 the
1145 1893 183 40 features
1351 1892 45 40 of
1415 1891 87 42 this
1526 1897 112 49 type.
1700 1892 88 42 The
1817 1906 94 28 case
1933 1893 45 40 of

359 1967 175 42 Patrick
558 1965 195 54 Keaney,
780 1963 141 42 which
948 1962 18 41 I
995 1962 109 41 have
1126 1966 80 50 put
1228 1976 52 26 on
1305 1962 144 41 record
1479 1962 46 41 in
1551 1977 24 26 a
1607 1963 154 41 former
1789 1969 185 42 chapter,

358 2043 140 36 might
519 2034 127 43 stand
669 2048 46 27 as
737 2048 24 27 a
786 2032 125 55 fairly
933 2032 109 55 good
1065 2032 200 54 example
1288 2032 46 41 of
1353 2033 44 40 it.

417 2105 245 44 Wernicke,
686 2118 94 27 who
804 2103 75 41 lias
910 2102 186 55 adopted
1128 2102 278 41 Lichtheim's
1438 2102 311 50 classification,
1772 2102 84 41 and
1880 2102 93 40 who

363 2193 95 27 was,
491 2179 43 40 in
570 2178 98 40 fact,
691 2176 72 40 the
798 2174 235 41 originator
1066 2174 45 39 of
1143 2181 95 46 part
1272 2173 43 39 of
1350 2173 45 49 it,
1419 2172 133 49 holds,
1584 2172 102 41 with
1722 2171 254 51 Lichtheim,

361 2256 96 35 that
480 2248 72 42 the
574 2245 154 44 simple
754 2246 128 39 forms
908 2244 46 40 of
972 2243 177 54 aphasia
1171 2242 201 55 affecting
1394 2242 159 54 spoken
1579 2242 152 54 speech
1754 2256 70 27 are
1846 2255 127 28 seven

359 2322 43 40 in
429 2333 191 28 number.
675 2316 87 41 But
784 2315 53 41 he
861 2315 75 41 has
954 2313 164 55 pushed
1143 2313 72 41 the
1237 2312 297 41 classification
1554 2312 91 41 still
1669 2312 172 41 further.
1904 2312 70 40 He

358 2392 166 55 applies
540 2390 33 40 it
588 2388 88 41 also
695 2393 43 35 to
746 2385 192 42 Written
953 2383 153 56 speech
1123 2399 10 36 ;
1154 2383 83 41 and
1256 2382 308 41 differentiates
1581 2396 128 28 seven
1725 2382 250 54 equivalent

361 2474 200 29 varieties
579 2460 46 40 of
644 2471 175 28 aphasic
840 2455 276 42 disturbance
1138 2453 44 41 of
1204 2459 170 35 written
1397 2452 166 55 speech,
1587 2452 137 41 which
1743 2466 98 42 may
1863 2458 113 36 exist

363 2546 119 27 when
503 2542 162 42 spoken
684 2526 156 42 speech
855 2525 36 41 is
909 2525 146 41 intact.
1100 2522 83 41 His
1200 2536 126 27 seven
1350 2521 196 42 varieties
1561 2521 206 55 are—(1.)
1789 2522 184 42 Cortical

361 2601 180 50 Alexia;
581 2598 79 55 (2.)
692 2595 186 43 Cortical
914 2593 245 55 Agraphia;
1200 2593 77 53 (3.)
1310 2591 270 42 Conduction
1622 2591 246 55 Agraphia;
1898 2593 76 54 (4.)

360 2668 266 47 Subcortical
668 2666 181 50 Alexia;
884 2664 78 56 (5.)
999 2661 310 43 Transcortical
1345 2661 180 51 Alexia;
1558 2662 75 54 (6.)
1665 2661 309 43 Transcortical

359 2741 244 58 Agraphia;
638 2738 82 42 and
762 2737 76 54 (7.)
871 2732 268 45 Subcortical
1175 2731 248 55 Agraphia.1
1484 2731 70 42 He
1591 2731 235 43 illustrates
1859 2732 117 44 these

359 2828 130 29 seven
527 2823 202 30 varieties
767 2808 55 40 by
861 2818 146 28 means
1044 2804 45 41 of
1122 2817 25 27 a
1182 2802 189 54 diagram
1409 2802 164 41 similar
1605 2806 42 37 to
1680 2802 88 54 Fig.
1803 2803 64 49 15,
1899 2803 77 41 but

358 2885 201 42 differing
583 2883 104 40 from
714 2880 33 39 it
770 2879 42 40 in
846 2876 161 42 having
1041 2874 71 42 the
1144 2886 167 29 centres
1342 2872 32 42 C
1397 2872 82 41 and
1504 2872 40 41 D
1567 2872 262 42 substituted
1853 2873 61 40 for
1936 2873 40 41 A

406 2977 10 19 1
447 2977 18 35 I
486 2975 95 35 have
598 2970 177 39 arranged
795 2967 88 37 both
901 2967 75 36 this
993 2966 63 35 list
1081 2965 74 36 and
1182 2964 63 36 the
1271 2964 166 47 forgoing
1461 2975 69 24 one
1548 2964 38 34 in
1612 2975 46 23 an
1685 2963 106 35 order
1807 2963 169 37 different

356 3038 96 38 from
470 3038 82 32 that
569 3034 39 35 in
627 3030 122 38 which
768 3028 89 37 they
875 3039 60 24 are
952 3038 110 39 given
1081 3024 49 51 by
1150 3023 196 37 Wernicke
1363 3022 72 38 and
1456 3021 217 39 Lichtheim.
