2113 3404
818 207 88 31 THE
936 207 244 34 D1B0KDEKS
1211 211 54 31 OF
1296 208 176 36 SPEECH.

319 189 83 42 292

321 321 264 53 paraphasia.
648 323 84 44 His
754 326 257 54 paraphasia
1034 329 221 44 exhibited
1276 330 121 43 itself
1415 344 45 29 as
1483 344 24 28 a
1528 331 235 57 Recurring
1784 332 150 43 Utter-

321 404 118 38 ance,
470 393 93 50 viz.,
594 393 75 44 the
700 400 223 39 utterance
945 398 77 41 "A
1053 399 147 54 public
1231 399 168 43 house"
1459 400 105 42 "He
1597 415 85 28 was
1713 401 171 43 handed
1913 416 25 28 a

320 462 147 42 bunch
489 464 46 41 of
553 464 119 56 keys,
690 466 85 42 and
797 467 132 42 asked
953 475 42 35 to
1018 483 125 29 name
1165 484 81 28 one
1269 470 44 42 of
1333 471 143 53 them;
1497 471 54 43 he
1574 471 101 42 held
1690 471 35 42 it
1743 472 189 42 between

322 533 67 42 his
427 535 154 42 thumb
618 536 86 41 and
734 537 134 42 index
901 538 133 55 finger
1069 540 85 41 and
1196 540 173 41 said,—'
1387 541 42 41 It
1460 540 36 42 is
1535 555 24 27 a
1600 541 147 55 public
1778 541 157 43 house.'

321 606 8 18 1
345 603 113 42 That
478 604 37 42 is
537 609 76 37 not
634 619 25 27 a
686 606 147 55 public
867 607 155 43 house,'
1056 608 22 42 I
1110 609 103 41 said.
1275 613 9 17 '
1302 610 20 40 I
1354 609 128 42 know
1514 610 36 41 it
1580 616 120 50 quite
1733 609 119 51 well,'
1884 610 53 43 he

322 673 187 55 replied;
541 675 47 41 'I
611 675 109 42 have
747 689 101 29 seen
870 677 36 41 it
927 677 238 43 thousands
1188 679 44 42 of
1263 679 174 53 times;'
1459 680 97 50 and,
1579 681 146 55 trying
1746 681 125 55 again
1894 686 42 37 to

322 757 124 29 name
468 745 46 50 it,
538 744 52 42 he
623 746 246 50 continued,
901 751 9 17 '
925 747 44 41 It
999 750 37 40 is
1068 749 121 41 a—it
1217 750 36 40 is
1285 763 25 27 a
1342 749 146 55 public
1509 750 143 43 house.
1714 751 140 41 Pooh!
1915 751 22 42 I

321 814 129 42 know
491 814 37 42 it
569 815 121 54 quite
732 815 159 43 well.'"
953 817 103 42 This
1088 818 168 55 patient
1287 833 87 27 was
1407 819 135 42 under
1573 826 270 36 observation
1873 819 65 43 for

319 898 134 41 years.
516 885 71 42 He
609 886 222 54 improved
852 888 165 54 greatly
1040 888 138 43 under
1198 889 200 55 training.
1460 890 53 41 If,
1535 890 47 41 in
1614 891 86 42 this
1732 904 105 28 case,
1863 890 73 42 the

320 955 137 43 lesion
481 970 86 28 was
595 956 192 43 situated
816 958 48 41 in
896 959 74 42 the
1001 959 201 56 auditory
1225 964 144 38 centre
1390 960 54 51 A,
1477 974 46 29 as
1554 974 136 29 seems
1721 961 216 55 probable,

318 1027 36 40 it
382 1040 86 28 was
500 1027 185 55 perhaps
718 1042 25 28 a
773 1028 138 43 lesion
943 1034 76 38 not
1050 1030 263 43 sufficiently
1335 1045 145 28 severe
1512 1035 43 38 to
1586 1032 186 54 produce
1803 1032 132 42 word-

319 1095 211 53 deafness,
572 1098 166 56 though
781 1100 216 42 sufficient
1039 1105 43 37 to
1124 1101 187 55 produce
1352 1102 190 42 amnesia
1584 1102 45 41 of
1674 1116 138 28 nouns
1853 1102 83 42 and

318 1168 264 54 paraphasia.
647 1170 89 42 The
773 1170 179 43 marked
984 1171 290 56 Paragraphia
1304 1171 46 43 in
1382 1172 86 42 this
1502 1186 93 28 case
1626 1173 206 41 rendered
1864 1173 73 41 the

316 1239 206 54 patient's
543 1240 151 43 letters
716 1241 121 56 quite
859 1241 332 56 unintelligible,
1224 1241 164 57 though
1419 1242 75 43 the
1524 1242 292 43 handwriting
1850 1257 84 27 was

317 1311 274 56 remarkably
613 1312 119 56 good.

379 1452 118 42 Case
538 1453 79 43 IX.
662 1453 83 55 (Dr
786 1454 121 42 Ross,
941 1454 63 42 On
1044 1454 210 55 Aphasia,
1292 1469 38 41 p.
1370 1456 84 42 25.)
1521 1455 101 42 This
1658 1469 95 27 case,
1790 1454 147 42 besides

317 1522 208 43 Amnesia
563 1524 200 50 Verbalis,
786 1524 284 55 Paraphasia,
1093 1525 89 41 and
1223 1525 359 55 Word-Deafness,
1602 1526 127 41 sJwvjs
1759 1525 175 42 Articu-

317 1593 126 42 lative
484 1594 445 56 Amnesia.—Joseph
966 1595 178 42 Lander,
1182 1600 64 37 ret.
1286 1596 65 41 51.
1412 1595 43 42 A
1496 1596 175 55 seizure;
1714 1597 220 53 occurring

317 1664 157 56 during
510 1665 129 55 sleep,
678 1666 122 41 made
837 1666 74 41 the
945 1666 168 54 patient
1152 1666 187 54 aphasic,
1378 1666 273 56 word-blind,
1688 1666 246 48 word-deaf,

317 1735 225 56 markedly
560 1736 200 52 amnesic,
778 1736 232 55 especially
1027 1736 43 42 of
1092 1750 152 28 nouns,
1266 1736 85 42 and
1372 1737 261 54 paraphasia
1695 1735 42 42 A
1753 1740 123 50 point
1893 1735 43 41 of

316 1806 161 55 special
499 1807 183 42 interest
703 1807 37 41 is
764 1807 94 41 that
880 1807 54 41 he
957 1806 221 42 exhibited
1200 1806 291 42 Articulative
1514 1806 215 42 Amnesia.
1791 1806 143 41 When

316 1877 65 41 Dr
403 1877 109 42 Ross
534 1877 133 42 asked
689 1877 92 41 him
802 1881 44 38 to
871 1891 127 28 name
1020 1877 157 55 things,
1200 1877 54 42 he
1276 1881 119 38 often
1417 1877 173 42 showed
1612 1881 96 37 that
1728 1876 55 42 he
1803 1876 85 42 had
1909 1890 25 27 a

316 1948 175 54 general
532 1948 96 42 idea
665 1948 46 42 of
750 1948 72 42 the
855 1962 138 28 name,
1025 1948 78 41 but
1135 1947 131 42 failed
1297 1952 45 37 to
1379 1948 237 42 remember
1647 1947 36 42 it
1713 1947 46 41 in
1791 1947 141 42 detail.

317 2019 116 42 Thus
456 2019 127 42 when
605 2019 150 42 shown
776 2033 25 27 a
822 2018 144 56 pencil
989 2019 53 41 he
1064 2018 104 43 said,
1190 2023 21 16 "
1227 2018 76 42 It's
1335 2032 24 28 a
1391 2033 141 40 pu—;
1562 2018 69 41 it's
1654 2032 22 27 a
1698 2031 236 40 punt—no,

317 2088 128 43 that's
489 2089 118 42 what
644 2089 174 42 bothers
859 2087 109 43 me."
1031 2089 145 41 When
1214 2089 131 42 asked
1387 2089 73 42 the
1498 2088 83 42 day
1617 2088 47 41 of
1701 2088 73 42 the
1817 2088 116 42 week

317 2160 317 55 (Wednesday)
655 2160 55 43 he
741 2160 93 42 said
855 2160 37 41 it
918 2173 87 29 was
1036 2159 245 56 Waterday.
1345 2160 44 41 It
1420 2160 37 41 is
1490 2159 136 42 worth
1658 2159 151 55 noting
1840 2159 94 41 that

317 2231 86 42 this
425 2232 170 54 patient
618 2245 85 28 was
721 2245 116 27 more
855 2230 188 42 amnesic
1061 2230 106 42 than
1187 2230 241 42 word-deaf.
1491 2230 88 42 The
1603 2229 330 42 word-deafness

316 2315 137 29 seems
476 2306 43 38 to
541 2301 110 43 have
676 2301 143 57 partly
840 2300 154 56 passed
1015 2300 62 42 off
1104 2300 141 42 before
1267 2300 74 42 the
1363 2300 168 54 patient
1552 2313 118 28 came
1703 2299 136 43 under
1869 2300 65 40 Dr

317 2372 141 42 Ross's
482 2386 104 28 care.

375 2514 118 43 Case
525 2513 55 43 X.
612 2512 199 56 {Treated
841 2511 51 41 by
923 2511 60 41 M.
1017 2510 205 56 Magnan,
1252 2511 50 41 in
1337 2510 65 42 the
1433 2509 183 56 Asylum
1645 2509 51 55 of
1719 2509 47 42 St
1797 2509 136 51 Anne,

313 2586 141 41 Paris.
516 2583 208 43 Recorded
744 2582 50 41 by
813 2581 111 42 Mile.
947 2579 245 56 Skwortzoff,
1215 2581 70 54 Op.
1304 2580 77 54 cit,
1400 2593 38 41 p.
1458 2578 84 46 71).
1598 2580 85 41 The
1699 2594 85 27 case
1799 2593 133 37 shows,

314 2669 124 28 along
468 2659 104 37 with
608 2654 64 42 the
709 2652 207 54 ordinary
948 2664 225 42 symptoms
1207 2651 50 54 of
1286 2651 83 41 this
1393 2649 122 55 form
1552 2649 51 55 of
1630 2649 209 55 Aphasia,
1875 2663 58 27 an

314 2727 206 41 Amnesia
553 2725 48 41 of
636 2723 121 43 Verbs
789 2723 88 41 and
896 2721 293 55 Prepositions,
1211 2735 47 27 as
1280 2720 89 42 well
1390 2734 47 27 as
1467 2719 50 55 of
1539 2719 261 43 Nouns.—A
1821 2733 109 35 man,

311 2797 106 43 aged
441 2797 67 42 54.
569 2795 84 42 His
687 2794 149 41 illness
868 2792 84 41 had
986 2792 141 55 begun
1158 2790 224 56 gradually
1405 2791 82 41 five
1518 2803 122 41 years
1671 2788 258 56 previously,

312 2868 107 42 with
450 2866 210 42 Amnesia
691 2863 86 43 and
808 2861 269 43 Paraphasia.
1141 2860 69 43 He
1240 2861 140 54 forgot
1410 2860 166 49 Nouns,
1597 2859 85 42 and
1713 2859 46 41 in
1790 2872 24 28 a
1845 2858 82 42 less

310 2940 151 42 degree
483 2938 139 42 Verbs
641 2952 9 38 ;
673 2935 85 43 and
781 2933 73 43 the
876 2933 80 41 few
979 2931 125 43 verbs
1127 2931 193 42 retained
1342 2931 57 55 by
1421 2930 91 42 him
1535 2944 108 29 were
1664 2928 104 44 used
1794 2929 43 41 in
1857 2928 70 41 the

308 3009 228 44 infinitive.
600 3008 101 41 Two
722 3018 124 45 years
868 3008 110 37 after
1010 3002 73 43 the
1118 3002 92 41 first
1242 3014 262 42 appearance
1535 3000 44 42 of
1610 2999 86 43 this
1728 3011 198 35 amnesia,
