2107 3450
1773 256 86 43 349

824 267 162 31 VISUAL
1018 267 207 32 APHASIA.

197 390 239 55 evidently,
476 390 55 55 by
566 389 55 41 its
658 387 250 57 proximity,
931 387 229 43 disturbed
1203 388 73 42 llie
1309 389 146 41 action
1498 388 46 42 of
1575 388 96 42 tbat
1710 394 149 37 centre

198 461 265 43 sufficiently
485 467 43 36 to
549 474 187 43 produce
756 459 73 42 tbe
854 458 300 44 considerable
1177 459 154 43 degree
1356 460 47 42 of
1422 459 215 43 Amnesia
1654 460 162 42 Verbal
1825 461 34 41 is

198 532 97 45 that
319 547 85 29 was
439 532 226 44 exhibited
702 533 40 40 in
782 532 71 41 the
890 531 203 56 patient's
1129 532 171 55 speech,
1324 531 238 57 especially
1585 531 162 43 during
1785 532 73 42 the

200 607 90 40 first
327 605 174 42 months
532 605 47 42 of
608 604 68 42 his
709 603 162 43 illness.
935 603 92 43 The
1060 603 188 57 writing,
1280 604 348 55 unfortunately,
1660 618 87 28 was
1783 610 76 36 not

198 677 266 43 sufficiently
491 676 138 43 tested
656 680 43 38 to
723 675 155 43 enable
913 690 67 28 me
1016 681 43 37 to
1092 690 75 42 say
1203 676 198 43 whether
1433 676 75 42 the
1541 675 144 43 visual
1723 675 135 42 word-

197 750 163 42 images
381 754 48 38 at
452 749 73 43 the
548 753 148 39 centre
728 747 33 44 C
793 762 112 29 were
936 747 90 43 also
1060 748 227 43 disturbed
1322 749 44 42 in
1401 749 90 42 like
1526 763 208 38 manner;
1768 748 91 51 but,

198 837 47 28 as
270 822 73 42 the
366 826 148 38 centre
538 821 33 43 C
594 820 216 57 appeared
837 827 42 35 to
906 821 52 42 be
987 820 152 44 intact,
1158 836 62 28 we
1244 835 100 43 may
1362 820 259 44 reasonably
1647 820 212 43 conclude

198 895 96 42 that
314 895 72 41 the
412 893 368 43 word-blindness
807 907 85 28 was
916 892 84 44 due
1026 900 42 36 to
1092 893 75 43 the
1191 894 175 42 cutting
1389 894 64 42 off
1478 894 45 41 of
1552 893 74 43 the
1650 907 150 29 centre
1824 893 33 43 C

198 967 110 42 from
342 967 224 55 incoming
600 966 294 56 impressions,
927 966 58 56 by
1021 966 74 43 the
1128 967 168 43 disease
1329 967 45 41 in
1409 967 75 42 the
1519 966 133 43 white
1689 971 168 37 matter.

197 1040 89 43 The
318 1039 137 44 sligbt
488 1054 140 28 motor
662 1039 262 57 hemiplegia
950 1054 84 28 was
1060 1054 54 28 no
1138 1039 138 43 doubt
1299 1039 84 43 due
1407 1044 44 38 to
1476 1040 75 42 the
1575 1040 285 42 disturbance

197 1113 44 42 of
266 1113 72 43 the
361 1120 143 36 motor
526 1127 169 28 centres
717 1112 159 43 caused
901 1113 56 55 by
980 1112 75 43 the
1079 1112 240 56 proximity
1338 1112 47 42 of
1406 1112 74 43 the
1500 1126 165 29 serious
1690 1112 169 43 disease

199 1187 42 40 in
269 1186 72 41 the
366 1185 198 56 occipital
592 1185 85 42 and
702 1184 213 57 temporal
937 1184 121 43 lobes
1082 1185 44 41 of
1152 1184 72 42 the
1248 1199 117 28 same
1393 1184 290 43 hemisphere.

241 1343 377 42 Word-Blindness
648 1343 105 41 with
785 1343 243 55 Agraphia,
1056 1342 217 56 produced
1303 1342 51 42 by
1385 1342 274 42 Destruction
1690 1343 51 56 of
1765 1344 67 41 the

922 1413 146 44 Centre
1094 1414 41 43 C.

258 1536 51 41 In
336 1543 193 35 contrast
556 1535 104 41 with
687 1535 75 43 the
786 1535 121 44 three
931 1549 119 29 cases
1084 1536 142 42 which
1265 1536 19 41 I
1321 1536 111 42 have
1465 1536 178 56 already
1668 1537 145 56 given,
1839 1538 21 40 I

194 1607 113 45 shall
343 1623 95 27 now
463 1608 85 43 cite
570 1621 26 29 a
618 1621 97 29 case
746 1608 43 41 of
826 1608 369 42 word-blindness
1228 1607 47 43 in
1313 1608 141 42 which
1489 1609 75 43 the
1597 1609 138 43 lesion
1773 1624 88 28 was

194 1680 204 43 situated,
423 1685 76 38 not
527 1680 45 42 in
601 1681 75 41 the
707 1681 203 56 occipital
946 1681 110 43 lobe,
1081 1681 78 42 but
1186 1682 40 40 in
1254 1681 74 42 the
1351 1681 186 56 angular
1561 1687 301 48 convolution,

192 1753 86 42 and
302 1753 277 56 accordingly
605 1753 45 41 in
675 1753 74 42 the
774 1759 148 37 centre
948 1753 32 43 C
1008 1754 127 43 itself.
1203 1753 179 44 Several
1412 1755 221 43 excellent
1663 1769 120 29 cases
1817 1757 47 41 of

194 1826 88 42 this
316 1826 107 41 kind
457 1826 111 42 have
604 1827 107 41 been
743 1831 81 50 put
854 1841 57 27 on
943 1827 146 42 record
1127 1827 57 56 by
1217 1826 207 44 Dejerine
1455 1827 86 42 and
1577 1827 193 44 Se'rieux.
1839 1830 19 40 I

193 1899 111 42 shall
340 1899 135 42 select
497 1913 25 28 a
547 1913 99 41 very
674 1899 162 56 typical
863 1913 81 29 one
968 1899 206 43 recorded
1200 1899 57 57 by
1283 1898 207 56 Se'rieux;
1523 1901 86 42 and
1636 1902 20 41 I
1681 1901 78 43 ask
1785 1903 74 41 the

193 1971 150 43 reader
386 1976 44 37 to
473 1976 102 37 note
622 1971 62 55 (1)
732 1972 96 42 that
871 1972 43 41 in
962 1972 88 42 this
1095 1986 97 28 case
1237 1973 73 41 the
1357 1973 370 44 word-blindness
1772 1989 87 28 was

192 2044 240 43 associated
468 2043 104 43 with
608 2044 220 56 agraphia,
857 2044 86 42 and
976 2044 66 57 (2)
1080 2045 97 41 that
1199 2045 35 41 it
1261 2059 86 28 was
1371 2051 78 36 not
1471 2046 241 43 associated
1751 2054 107 35 with

192 2116 312 57 hemianopsia,
528 2117 184 42 because
745 2117 71 42 the
840 2117 137 42 lesion
1015 2116 71 43 did
1126 2123 75 36 not
1233 2124 231 50 penetrate
1498 2119 160 56 deeply
1683 2121 172 56 enough

193 2189 92 42 into
317 2188 77 44 the
426 2189 231 43 subjacent
691 2189 132 43 white
860 2194 161 37 matter
1056 2193 45 38 to
1135 2195 75 37 cut
1243 2203 145 30 across
1426 2190 75 44 the
1541 2191 238 43 Eadiation
1813 2194 45 42 of

192 2261 228 44 Gratiolet.

251 2408 120 42 Case
405 2407 77 42 IV.
518 2407 228 55 {Reported
767 2407 50 56 by
840 2407 179 42 Se'rieux
1050 2412 38 37 to
1112 2408 66 41 the
1209 2408 83 42 Soc.
1318 2409 48 41 de
1399 2409 200 55 Biologic,
1624 2411 106 42 16th
1755 2411 101 42 Jan.

193 2479 124 44 1892.
382 2479 81 43 See
498 2479 188 57 Comptes
717 2480 315 56 Rendus.)A
1068 2480 169 53 female,
1271 2481 108 56 aged
1415 2483 69 50 03,
1511 2482 218 44 admitted
1762 2485 95 41 into

189 2551 74 43 the
280 2551 191 57 Asylum
492 2552 44 42 of
559 2551 209 44 Villejuif
785 2567 56 27 on
860 2553 75 42 the
955 2552 106 43 29th
1083 2553 44 41 of
1146 2553 117 43 Sept.
1287 2554 126 42 1891.
1463 2555 110 42 Was
1591 2555 266 53 intelligent,

189 2625 79 42 but
292 2625 82 42 had
399 2624 86 43 lost
509 2625 73 43 the
606 2639 146 42 power
774 2626 47 42 of
849 2625 184 43 reading
1065 2626 87 42 and
1179 2627 186 56 writing.
1432 2628 141 56 Being
1600 2629 187 43 anxious
1814 2636 42 36 to

190 2697 142 58 regain
361 2696 71 45 the
459 2711 142 43 power
624 2697 44 44 of
692 2699 178 56 reading
900 2699 85 41 and
1013 2699 188 56 writing,
1224 2699 77 43 she
1336 2700 216 56 practised
1592 2702 128 43 much
1751 2710 104 36 with

190 2767 74 42 her
295 2782 81 41 pen
397 2783 9 37 ;
438 2768 81 42 but
542 2768 76 42 her
641 2769 149 42 efforts
814 2768 192 44 resulted
1032 2769 105 56 only
1162 2769 45 41 in
1233 2769 105 43 such
1365 2772 211 42 confused
1599 2772 257 44 collections

187 2841 47 41 of
246 2840 150 43 letters
414 2854 47 29 as
478 2840 73 43 the
568 2840 411 57 followingthese
999 2842 142 57 being,
1159 2857 236 39 moreover,
1415 2845 175 42 written
1613 2845 241 43 badlyin

187 2927 26 29 a
245 2912 243 44 tremulous
522 2913 202 42 hand"
739 2928 157 28 anum
917 2928 58 28 aa
995 2928 157 29 monon
1173 2929 123 29 mono
1319 2915 176 43 muosi."
1565 2918 91 41 The
1691 2918 164 43 intelli-

184 2999 135 42 gence
355 2998 85 29 was
475 2984 181 52 normal,
678 2985 86 43 and
799 2985 122 43 there
946 3001 112 28 were
1094 3001 53 27 no
1182 2987 219 57 paralytic
1433 2994 247 50 symptoms
1718 2996 135 38 what-

186 3072 113 29 ever.
375 3057 156 42 Vision
559 3071 87 29 was
670 3058 153 57 intact,
848 3058 87 42 and
958 3059 35 42 it
1016 3059 37 42 is
1077 3060 226 56 expressly
1327 3061 143 43 stated
1496 3061 98 43 that
1619 3061 121 44 there
1766 3077 87 29 was

185 3145 55 28 no
265 3129 312 56 hemianopsia.
643 3129 45 45 It
711 3144 87 28 was
822 3145 46 28 as
899 3130 256 56 impossible
1191 3132 65 42 for
1291 3132 73 42 the
1399 3133 172 55 patient
1607 3138 41 38 to
1682 3134 99 43 read
1807 3149 46 29 as
