1895 3217
681 302 237 32 MONKEYS.

1441 295 59 41 53

131 427 168 46 certain
322 427 37 46 it
382 428 52 55 is,
459 435 102 40 that
584 437 126 39 these
734 430 193 46 animals
958 436 118 39 most
1099 430 277 61 ludicrously
1400 446 103 45 pos-

130 519 90 31 sess
249 505 92 46 this
371 507 276 61 propensity,
673 509 91 45 and
798 515 102 39 that
930 515 127 39 those
1087 524 70 30 we
1180 509 118 45 have
1323 524 103 29 seen
1453 524 49 29 as

119 597 115 43 2?ets,
256 584 150 45 would
430 585 162 46 almost
616 602 189 45 perform
827 602 92 46 any
940 587 130 61 thing
1088 602 106 30 once
1213 585 185 63 pointed
1423 593 78 38 out

128 667 45 37 to
197 667 142 48 them,
365 663 91 45 and
479 664 151 45 would
654 665 172 44 always
850 665 135 45 make
1008 670 78 40 the
1111 671 211 54 attempt.

194 739 86 45 For
308 746 79 39 the
419 748 313 54 arrangement
767 740 50 47 of
847 748 128 39 these
1010 742 194 45 animals
1234 742 47 45 in
1312 742 79 44 the
1422 742 78 44 de-

128 815 208 47 scriptive
359 824 100 54 part
484 817 49 46 of
548 834 79 30 our
650 835 196 38 volume,
868 835 68 29 we
959 820 117 44 have
1095 818 206 47 followed
1324 825 79 39 the
1427 819 74 45 old

126 900 192 53 practice
343 894 49 46 of
416 895 203 62 dividing
641 897 126 44 them
793 896 95 46 into
913 903 91 40 two
1035 903 124 55 great
1189 896 310 62 geographical

125 986 175 45 gi’oups,
338 973 136 45 while
511 989 70 30 we
614 974 117 46 have
762 974 264 46 introduced
1059 981 119 39 most
1207 974 49 46 of
1282 981 79 38 the
1395 991 104 29 new

124 1064 174 45 genera.
359 1051 110 45 This
492 1067 107 45 plan
624 1067 69 30 we
716 1051 140 46 found
870 1058 46 40 to
930 1054 56 44 be
1000 1059 79 38 the
1094 1058 117 39 most
1230 1059 268 39 convenient

126 1126 161 62 during
316 1134 79 39 the
418 1145 213 44 progi’ess,
660 1130 89 44 and
789 1129 191 62 perhaps
1002 1130 135 45 liable
1161 1137 46 38 to
1230 1129 87 45 less
1349 1130 150 60 objec-

125 1205 96 45 tion
245 1205 47 45 in
316 1221 27 29 a
366 1207 124 44 work
514 1206 50 46 of
589 1207 92 45 this
712 1208 126 53 kind,
864 1215 114 37 than
1009 1223 92 45 any
1125 1213 128 40 other
1276 1223 46 29 or
1345 1224 153 28 newer

126 1297 187 45 system,
340 1283 61 45 all
425 1283 50 46 of
498 1284 149 45 which
677 1291 80 54 yet
788 1284 79 46 fall
900 1285 121 45 short
1053 1283 51 46 of
1127 1300 80 29 our
1239 1299 101 30 own
1376 1285 120 45 ideas

124 1359 51 45 of
189 1360 117 45 their
329 1367 164 39 coiTect
517 1361 325 46 classification.

190 1437 97 46 The
311 1444 143 39 truest
473 1445 313 54 arrangement
809 1439 103 45 that
935 1439 81 45 has
1035 1445 79 55 yet
1133 1440 112 44 been
1263 1440 230 59 proposed,

125 1532 35 28 is
199 1518 102 44 that
334 1518 62 60 by
437 1517 166 46 Cuvier
637 1517 89 44 and
750 1515 213 63 Geoffrey
998 1516 129 47 Saint
1153 1516 223 45 Hilaire,*
1403 1518 92 44 and

122 1600 112 55 they
256 1594 125 61 place
403 1594 79 46 the
506 1595 217 61 Sapajous
746 1594 314 61 immediately
1084 1592 117 47 after
1219 1594 79 44 the
1321 1593 173 62 Orangs

121 1673 89 44 and
234 1671 214 47 Gibbons.
506 1672 208 46 Another
737 1678 171 39 system
933 1671 50 46 of
997 1687 329 46 arrangement,
1344 1673 150 43 which

121 1750 150 45 would
310 1749 96 46 find
436 1751 109 44 both
581 1750 60 45 its
670 1748 167 47 friends
874 1750 91 45 and
996 1749 196 46 enemies
1222 1749 47 44 in
1299 1756 78 38 the
1410 1751 81 43 ad-

118 1843 178 30 vocates
333 1829 90 45 and
460 1829 274 60 disparagers
770 1827 49 46 of
855 1833 78 39 the
979 1826 186 46 circular
1204 1842 47 30 or
1290 1843 200 45 progres-

119 1921 94 30 sive
229 1922 147 37 series,
393 1906 153 45 would
560 1908 55 43 be
633 1912 45 38 to
698 1906 192 44 descend
906 1904 114 45 from
1038 1905 78 44 the
1133 1904 189 60 Orangs,
1340 1919 55 30 on
1412 1906 77 44 the

119 1998 83 30 one
232 1983 94 45 side
357 1982 49 47 of
433 1990 78 37 the
551 1982 143 54 circle,
718 1983 63 59 by
811 1981 79 45 the
915 1981 215 53 Gibbons,
1165 1981 200 54 Nasalis,
1400 1984 91 43 and

119 2062 207 53 Colobus,
362 2062 79 44 the
474 2061 137 44 latter
643 2061 131 60 being
808 2066 78 38 the
922 2059 107 61 only
1063 2058 112 46 form
1210 2059 47 45 in
1292 2066 78 38 the
1416 2063 72 43 old

117 2139 139 45 world
281 2146 114 37 with
419 2137 97 46 four
538 2137 160 61 fingers
723 2143 45 39 to
803 2144 78 38 the
912 2152 141 45 upper
1076 2136 294 56 extremities,
1397 2140 92 44 and

117 2233 45 29 so
202 2216 66 45 far
304 2216 48 45 in
385 2217 91 44 this
513 2221 171 40 respect
714 2221 305 55 representing
1053 2221 77 39 the
1163 2230 142 46 genus
1338 2216 145 45 Aides

115 2294 50 45 of
197 2301 76 37 tiie
313 2309 115 29 new.
496 2294 91 45 We
620 2293 117 45 have
771 2299 111 38 then
915 2299 79 38 the
1027 2308 140 45 genus
1203 2292 282 62 Lasiopi/ga,

116 2371 147 45 which
294 2372 223 45 combines
548 2386 27 30 a
604 2376 124 56 great
751 2369 184 46 flatness
959 2369 50 46 of
1024 2368 92 47 face
1140 2376 46 39 to
1210 2370 78 45 the
1312 2369 112 47 form
1445 2370 52 46 of

115 2449 76 44 the
216 2449 212 45 Guenons
459 2449 147 45 which
640 2448 233 61 naturally
897 2447 164 54 follow,
1088 2448 90 46 and
1211 2454 161 39 thence
1407 2449 79 44 the

544 2623 20 20 *
596 2622 151 37 Journal
773 2625 42 35 do
839 2624 195 39 Physique.
