2107 3450
1760 329 85 42 473

773 324 291 34 GRADUATION
1101 329 167 35 THESIS.

186 437 123 37 action
336 441 103 32 must
465 437 202 48 especially
686 438 46 36 be
757 440 277 48 accomplished
1061 443 51 48 by
1130 444 64 37 the
1223 445 107 37 fibres
1357 448 39 35 of
1419 448 64 36 the
1509 449 335 40 thyroarytenoid,

187 494 133 44 which,
340 506 39 26 as
397 494 153 48 already
567 496 231 46 mentioned,
818 509 61 25 are
897 499 175 37 attached
1089 501 113 49 along
1221 502 63 36 the
1304 508 106 32 outer
1428 505 101 48 edge,
1544 508 135 37 almost
1696 522 38 24 as
1752 510 92 36 high

185 564 39 24 as
244 552 63 37 the
325 565 94 35 apex
439 552 40 36 of
494 552 90 36 each
603 553 187 37 cartilage.

234 609 38 37 It
290 611 31 35 is
346 614 68 32 not
434 622 40 24 so
501 622 87 36 easy
605 614 39 32 to
671 611 208 37 determine
907 612 51 48 by
978 613 100 37 what
1104 627 128 25 means
1259 616 64 36 the
1349 617 92 37 false
1467 620 104 36 cords
1596 633 62 25 are
1682 622 162 49 brought

183 667 177 47 together.
416 667 68 37 We
501 667 96 37 have
623 668 153 48 already
795 680 87 25 seen
909 669 85 37 that
1015 671 65 36 the
1098 672 109 47 point
1232 676 38 32 to
1290 673 123 37 which
1440 681 98 31 most
1556 677 40 36 of
1619 678 98 37 their
1734 680 109 37 fibres

183 738 60 22 are
272 725 172 36 attached
472 725 234 48 posteriorly,
737 727 31 34 is
797 738 21 24 a
846 726 57 49 pit
933 727 118 37 about
1080 729 65 36 the
1177 730 142 37 middle
1348 732 40 35 of
1415 732 65 37 the
1510 736 163 35 anterior
1703 748 139 28 convex

182 783 142 36 surface
351 782 41 37 of
414 783 91 37 each
531 783 197 46 arytenoid
755 783 188 49 cartilage,
968 785 86 46 and,
1081 785 195 38 therefore,
1304 792 38 31 to
1369 789 65 36 the
1461 794 107 32 outer
1593 792 78 36 side
1697 792 47 37 of,
1769 794 74 35 and

182 840 169 47 superior
377 845 48 40 to,
446 840 63 36 the
536 841 184 36 insertion
748 841 38 36 of
810 841 66 36 the
902 846 84 32 true
1011 843 213 48 ligaments.
1278 846 76 35 But
1379 846 77 36 this
1481 848 32 34 is
1538 852 67 32 not
1629 848 100 37 their
1753 851 89 47 only

182 898 182 47 posterior
386 899 210 35 connexion
613 912 8 30 ;
643 898 160 36 another
829 903 129 44 strong
983 900 101 36 band
1104 901 39 36 of
1167 901 100 36 their
1283 902 111 37 fibres
1420 904 170 37 becomes
1607 907 173 36 attached
1806 912 37 32 to

180 955 64 36 the
262 968 95 35 apex
376 956 40 36 of
431 956 64 36 the
514 956 176 47 cartilage
709 955 40 37 of
766 956 203 49 Wrisberg,
988 970 21 24 a
1028 958 100 48 body
1148 959 124 36 which
1290 960 32 36 is
1343 964 60 32 too
1418 962 113 36 much
1550 963 225 38 overlooked
1792 966 51 46 by

181 1014 228 36 anatomists.
464 1013 231 48 Anteriorly,
715 1013 146 37 besides
880 1014 101 36 their
999 1015 153 48 thyroid
1170 1017 262 46 attachments,
1453 1019 90 47 they
1562 1020 90 36 send
1670 1023 173 34 upwards

179 1070 75 36 and
280 1071 180 37 forwards
485 1071 142 37 several
653 1083 187 36 processes
865 1075 39 33 to
931 1071 65 37 the
1023 1073 92 48 edge
1141 1074 40 35 of
1203 1074 66 36 the
1286 1074 116 37 lower
1419 1076 201 37 thickened
1638 1079 151 47 portion
1807 1080 41 35 of

180 1127 63 37 the
262 1128 200 48 epiglottis.
515 1129 122 37 There
654 1129 32 36 is
704 1128 76 37 also
799 1133 38 32 to
855 1129 47 36 be
927 1129 192 48 observed,
1139 1131 207 49 stretching
1365 1132 168 38 between
1553 1134 63 36 the
1634 1137 146 35 margin
1806 1136 41 36 of

179 1186 83 36 that
288 1187 109 37 valve
422 1187 77 36 and
517 1187 64 36 the
600 1187 170 47 superior
787 1187 136 36 bonier
942 1187 40 35 of
1006 1187 89 37 each
1115 1188 90 36 false
1222 1189 193 48 ligament,
1435 1191 41 35 in
1493 1191 49 36 its
1560 1191 121 37 whole
1699 1193 142 45 length,

179 1256 19 23 a
219 1243 83 38 thin
321 1245 104 47 layer
443 1244 40 36 of
497 1245 192 36 muscular
706 1245 93 35 fibre
819 1245 206 36 connected
1043 1245 95 36 with
1156 1246 65 36 the
1238 1248 369 47 aryteno-epiglottic
1625 1250 151 36 muscle.

228 1302 81 36 The
328 1303 192 48 cartilages
539 1302 41 37 of
602 1303 194 48 Wrisberg
814 1315 60 24 are
900 1304 199 36 contained
1123 1304 135 36 within
1277 1304 65 36 the
1360 1306 368 48 aryteno-epiglottic
1745 1307 98 36 folds

178 1359 41 37 of
241 1359 65 37 the
323 1373 157 24 mucous
505 1361 228 45 membrane,
753 1360 109 49 lying
888 1361 261 36 immediately
1167 1362 41 35 in
1234 1361 104 36 front
1365 1362 47 45 of,
1431 1363 75 35 and
1527 1363 157 48 parallel
1709 1368 51 41 to,
1778 1364 65 37 the

178 1416 109 37 inner
313 1418 91 47 edge
432 1418 40 36 of
494 1419 65 36 the
585 1419 197 48 arytenoid
809 1419 176 36 cartilage
1014 1432 48 23 on
1089 1419 90 36 each
1206 1419 89 37 side.
1350 1419 107 48 They
1482 1432 61 24 are
1569 1433 90 35 very
1686 1422 158 45 slender,

177 1481 131 42 except
334 1481 38 32 at
399 1476 99 36 their
524 1489 120 35 upper
670 1477 84 36 end,
774 1476 124 37 where
923 1477 91 36 they
1034 1476 97 37 form
1148 1477 41 35 in
1216 1477 65 36 the
1306 1477 76 36 free
1410 1477 90 36 edge
1520 1478 39 35 of
1581 1478 64 36 the
1672 1483 169 43 aryteno-

177 1533 192 49 epiglottic
396 1535 90 36 fold,
506 1547 21 24 a
544 1535 172 37 rounded
744 1535 205 36 eminence,
970 1534 126 37 which
1122 1535 32 36 is
1181 1534 104 37 often
1310 1535 189 36 mistaken
1526 1535 57 36 for
1608 1535 63 37 the
1689 1548 95 24 apex
1807 1536 40 36 of

176 1592 64 36 the
258 1593 198 47 arytenoid
475 1593 185 36 cartilage.
716 1595 21 17 "
751 1592 70 45 It,"
839 1605 83 35 says
942 1593 135 36 Ecker,
1102 1594 22 18 "
1136 1593 32 36 is
1189 1593 237 36 surrounded
1443 1593 52 47 by
1512 1605 156 24 mucous
1687 1592 131 48 glands
1835 1606 8 30 ;

175 1651 97 35 from
291 1651 31 35 it
339 1651 112 36 along
468 1651 64 36 the
550 1651 92 36 false
662 1651 105 36 cords
784 1663 22 24 a
823 1650 214 36 horizontal
1055 1663 146 36 process
1220 1663 91 24 runs
1329 1651 190 36 forwards,
1535 1650 125 36 which
1679 1662 69 24 one
1767 1661 77 25 sees

176 1709 142 36 radiate
336 1709 170 36 between
530 1709 65 36 the
613 1708 128 37 elastic
767 1708 112 36 fibres
899 1708 41 35 of
963 1708 104 36 these
1088 1708 164 36 cords."1
1305 1708 47 35 In
1370 1708 101 36 front
1490 1707 40 37 of
1544 1708 65 36 the
1627 1708 109 35 inner
1753 1707 90 46 edge

175 1766 41 36 of
238 1767 89 36 each
354 1767 209 48 arytenoid,
583 1766 64 37 the
673 1771 166 44 position
858 1765 40 37 of
922 1765 77 37 this
1026 1765 176 37 cartilage
1230 1766 31 35 is
1288 1765 156 36 marked
1471 1766 51 35 by
1540 1778 21 23 a
1585 1765 157 47 slightly
1760 1777 82 36 pro-

174 1829 148 32 minent
347 1824 78 37 line
451 1837 50 24 on
527 1824 64 37 the
617 1837 159 24 mucous
802 1824 231 37 membrane,
1057 1823 126 37 which
1211 1823 155 37 extends
1393 1823 233 37 downwards
1652 1822 131 37 nearly
1803 1826 39 31 to

174 1882 65 36 the
258 1882 98 36 level
375 1882 41 36 of
430 1883 66 36 the
515 1883 91 36 false
624 1883 195 36 ligament.

222 1941 54 35 As
294 1945 38 32 to
350 1940 66 37 the
433 1953 130 24 means
580 1941 52 47 by
650 1940 125 37 which
799 1940 66 36 the
883 1939 92 37 false
1002 1939 106 37 cords
1127 1951 61 25 are
1214 1938 297 49 approximated,
1529 1938 66 36 the
1620 1937 127 48 thyro-
1767 1937 75 36 and

173 2003 330 32 crico-arytenoids
530 1998 126 36 which
682 1998 50 36 lie
759 1997 158 49 parallel
944 1997 94 37 with
1057 1996 106 36 them
1190 2009 99 35 may,
1308 1996 111 36 when
1446 1996 92 47 they
1556 1999 174 41 contract,
1750 1995 90 36 tend

172 2061 39 31 to
230 2057 111 48 bring
367 2056 99 36 their
482 2055 76 37 free
585 2056 109 37 edges
716 2056 41 35 in
781 2060 172 40 contact;
981 2054 170 49 possibly
1169 2066 78 24 also
1274 2053 65 36 the
1366 2053 194 47 cartilages
1587 2053 40 35 of
1650 2052 190 47 Wrisberg

171 2127 87 24 may
273 2114 88 37 bear
378 2119 38 31 to
431 2114 64 36 the
514 2114 92 36 false
620 2113 106 37 cords
745 2114 215 36 something
974 2112 40 37 of
1030 2113 64 36 the
1110 2124 101 24 same
1225 2116 160 31 relation
1399 2110 127 37 which
1545 2114 112 33 exists
1670 2109 169 37 between

172 2172 65 37 the
263 2172 216 37 arytenoids
509 2172 75 37 and
608 2171 65 37 the
699 2177 85 31 true
805 2171 108 37 vocal
940 2171 214 48 ligaments,
1173 2169 65 37 the
1265 2169 194 47 cartilages
1480 2168 162 48 forming
1668 2166 172 37 movable

173 2231 138 36 bodies,
340 2230 122 37 which
491 2243 70 24 can
586 2230 47 37 be
658 2229 287 49 approximated
971 2229 48 36 by
1045 2227 192 38 muscular
1261 2227 135 36 action.
1450 2226 79 36 Our
1554 2224 222 48 knowledge
1803 2223 40 36 of

171 2288 103 37 these
293 2289 126 48 points
437 2289 31 36 is
493 2301 93 35 very
604 2287 291 47 unsatisfactory
913 2300 8 31 ;
948 2287 64 36 the
1031 2286 146 48 subject
1204 2296 165 25 requires
1390 2283 145 37 further
1560 2281 276 48 investigation.

171 2347 78 36 But
267 2346 46 37 be
339 2346 84 37 that
440 2359 39 25 as
504 2348 31 35 it
554 2359 98 35 may,
672 2347 31 35 it
729 2347 31 35 is
780 2346 154 37 evident
961 2345 83 37 that
1062 2345 32 36 if
1117 2344 65 36 the
1201 2354 160 26 muscles
1388 2341 125 37 which
1533 2341 112 47 bring
1670 2338 169 49 together

172 2405 64 36 the
256 2405 90 37 false
363 2404 108 38 vocal
489 2405 105 37 cords
611 2409 61 33 act
689 2404 77 38 also
788 2404 140 37 during
946 2403 66 37 the
1037 2413 227 38 production
1283 2400 41 37 of
1346 2399 64 37 the
1428 2398 134 48 higher
1586 2409 107 25 notes
1711 2396 40 36 of
1773 2395 65 36 the

171 2464 114 36 voice,
304 2463 99 37 their
427 2463 189 37 influence
634 2475 40 25 as
700 2462 136 37 closers
855 2462 41 36 of
918 2461 67 37 the
1006 2473 122 36 upper
1153 2463 85 45 part
1256 2458 40 37 of
1319 2458 64 36 the
1401 2457 129 48 glottis
1555 2459 102 33 must
1675 2454 91 36 then
1793 2453 44 36 be

170 2521 263 38 counteracted
459 2521 51 36 by
529 2521 65 36 the
620 2521 122 45 fibres,
762 2520 254 48 ligamentous
1035 2517 75 37 and
1136 2528 202 25 muscular,
1359 2515 125 36 which
1503 2512 139 38 stretch
1668 2511 169 36 between

169 2579 103 38 these
291 2580 106 37 cords
415 2579 75 37 and
508 2579 64 37 the
590 2579 148 36 margin
757 2578 41 36 of
813 2577 65 37 the
896 2576 203 49 epiglottis.
1154 2575 74 35 For
1245 2577 84 33 that
1346 2584 110 25 valve
1475 2571 112 47 being
1604 2569 103 46 then,
1723 2581 39 24 as
1781 2581 55 23 we

169 2637 95 37 have
282 2650 99 33 seen,
401 2637 132 49 pulled
557 2637 171 48 strongly
747 2635 191 37 forwards,
956 2634 106 36 these
1080 2633 112 36 fibres
1213 2630 74 37 will
1317 2630 103 37 draw
1438 2629 64 37 the
1520 2628 91 36 false
1638 2627 198 48 ligaments

169 2696 174 37 upwards
361 2695 75 37 and
455 2695 200 38 outwards,
674 2695 76 37 and
768 2693 90 37 thus
877 2693 96 48 keep
990 2703 132 37 patent
1142 2689 65 37 the
1225 2687 164 38 interval
1407 2687 168 37 between
1594 2685 114 37 them.

684 2823 205 38 III.Tlie
907 2820 227 38 Mechanism
1153 2819 40 47 of
1212 2819 111 36 Voice.

216 2910 81 37 The
314 2913 104 45 great
437 2909 74 37 fact
529 2908 84 37 that
633 2908 66 37 the
717 2907 210 37 vibrations
948 2903 191 51 produced
1157 2906 39 34 at
1222 2901 65 37 the
1306 2901 74 36 free
1408 2911 109 37 edges
1536 2898 40 36 of
1599 2897 63 36 the
1681 2896 154 36 inferior

167 2967 200 37 ligaments
386 2968 40 36 of
448 2967 65 37 the
539 2967 137 37 larynx
702 2978 62 25 are
789 2965 66 37 the
881 2965 169 48 primary
1068 2974 130 24 source
1225 2960 39 36 of
1288 2959 64 36 the
1378 2957 107 37 vocal
1511 2960 116 41 tones,
1646 2954 66 36 has
1738 2953 95 36 been

167 3026 90 48 long
274 3038 101 25 since
394 3025 214 49 recognised
630 3025 49 48 by
697 3022 274 50 physiologists.
1027 3020 118 36 Many
1160 3018 41 35 of
1216 3017 63 36 the
1295 3028 123 23 minor
1431 3013 203 49 questions,
1649 3010 183 45 however,

165 3083 125 38 which
321 3084 63 36 the
416 3084 146 48 subject
593 3082 183 37 includes,
806 3079 92 37 such
929 3092 39 23 as
996 3077 65 37 the
1093 3073 291 39 determination
1415 3071 40 36 of
1482 3070 51 36 all
1564 3068 64 37 the
1659 3067 173 36 different

761 3168 5 15 1
791 3165 122 28 Ecker'a
930 3165 93 27 Iconcs
1036 3161 212 34 Physiologicce.

1578 3192 24 41 3
1627 3204 24 27 o
