<?xml version="1.0" encoding="UTF-8"?>
<alto xmlns="http://www.loc.gov/standards/alto/ns-v2#" xmlns:xsi="http://www.w3.org/2001/XMLSchema-instance" xsi:schemaLocation="http://www.loc.gov/standards/alto/ns-v2# http://www.loc.gov/standards/alto/alto.xsd">
  <Description>
    <MeasurementUnit>pixel</MeasurementUnit>
    <sourceImageInformation>
      <fileName>b22031261_abbyy.xml</fileName>
    </sourceImageInformation>
    <OCRProcessing ID="OCR_1">
      <preProcessingStep>
        <processingDateTime>2016-02-11T05:40:32</processingDateTime>
        <processingAgency>intranda GmbH, www.intranda.com</processingAgency>
        <processingSoftware>
          <softwareCreator>intranda GmbH, Germany</softwareCreator>
          <softwareName>intranda OCR Module for TaskManager</softwareName>
          <softwareVersion>1.0r42</softwareVersion>
        </processingSoftware>
      </preProcessingStep>
      <ocrProcessingStep>
        <processingSoftware>
          <softwareCreator>ABBYY (BIT Software), Russia</softwareCreator>
          <softwareName>FineReader Engine</softwareName>
          <softwareVersion>10</softwareVersion>
        </processingSoftware>
      </ocrProcessingStep>
    </OCRProcessing>
  </Description>
  <Layout>
    <Page PHYSICAL_IMG_NR="72" ID="PAGE_72" WIDTH="1895" HEIGHT="3217">
      <TopMargin ID="TopMargin_52" HPOS="249" VPOS="254" WIDTH="916" HEIGHT="50">
        <TextBlock ID="TextBlock_1175" HPOS="249" VPOS="254" WIDTH="916" HEIGHT="50">
          <TextLine ID="TextLine_1702" HPOS="702" VPOS="271" WIDTH="463" HEIGHT="33">
            <String CONTENT="THE" ID="Word_13173" HPOS="702" VPOS="271" WIDTH="91" HEIGHT="30" />
            <SP ID="SP_11476" HPOS="794" VPOS="271" WIDTH="22" HEIGHT="0" />
            <String CONTENT="BLACK" ID="Word_13174" HPOS="817" VPOS="271" WIDTH="152" HEIGHT="33" />
            <SP ID="SP_11477" HPOS="970" VPOS="272" WIDTH="22" HEIGHT="0" />
            <String CONTENT="ORANG." ID="Word_13175" HPOS="993" VPOS="272" WIDTH="172" HEIGHT="32" />
          </TextLine>
          <TextLine ID="TextLine_1701" HPOS="249" VPOS="254" WIDTH="59" HEIGHT="40">
            <String CONTENT="58" ID="Word_13172" HPOS="249" VPOS="254" WIDTH="59" HEIGHT="40" />
          </TextLine>
        </TextBlock>
      </TopMargin>
      <PrintSpace ID="PrintSpace_73" HPOS="249" VPOS="397" WIDTH="1393" HEIGHT="2215">
        <TextBlock ID="TextBlock_231" HPOS="249" VPOS="397" WIDTH="1393" HEIGHT="2215">
          <TextLine ID="TextLine_1703" HPOS="249" VPOS="397" WIDTH="1376" HEIGHT="62">
            <String CONTENT="rectness," ID="Word_13176" HPOS="249" VPOS="400" WIDTH="210" HEIGHT="50" />
            <SP ID="SP_11478" HPOS="460" VPOS="401" WIDTH="30" HEIGHT="0" />
            <String CONTENT="the" ID="Word_13177" HPOS="491" VPOS="401" WIDTH="79" HEIGHT="41" />
            <SP ID="SP_11479" HPOS="571" VPOS="411" WIDTH="22" HEIGHT="0" />
            <String CONTENT="other" ID="Word_13178" HPOS="594" VPOS="402" WIDTH="128" HEIGHT="41" />
            <SP ID="SP_11480" HPOS="723" VPOS="413" WIDTH="19" HEIGHT="0" />
            <String CONTENT="parts" ID="Word_13179" HPOS="743" VPOS="412" WIDTH="124" HEIGHT="47" />
            <SP ID="SP_11481" HPOS="868" VPOS="414" WIDTH="29" HEIGHT="0" />
            <String CONTENT="of" ID="Word_13180" HPOS="898" VPOS="397" WIDTH="51" HEIGHT="47" />
            <SP ID="SP_11482" HPOS="950" VPOS="397" WIDTH="22" HEIGHT="0" />
            <String CONTENT="the" ID="Word_13181" HPOS="973" VPOS="405" WIDTH="79" HEIGHT="39" />
            <SP ID="SP_11483" HPOS="1053" VPOS="414" WIDTH="21" HEIGHT="0" />
            <String CONTENT="relations" ID="Word_13182" HPOS="1075" VPOS="397" WIDTH="213" HEIGHT="47" />
            <SP ID="SP_11484" HPOS="1289" VPOS="398" WIDTH="20" HEIGHT="0" />
            <String CONTENT="have" ID="Word_13183" HPOS="1310" VPOS="398" WIDTH="117" HEIGHT="48" />
            <SP ID="SP_11485" HPOS="1428" VPOS="415" WIDTH="22" HEIGHT="0" />
            <String CONTENT="always" ID="Word_13184" HPOS="1451" VPOS="400" WIDTH="174" HEIGHT="48" />
          </TextLine>
          <TextLine ID="TextLine_1704" HPOS="249" VPOS="473" WIDTH="704" HEIGHT="49">
            <String CONTENT="been" ID="Word_13185" HPOS="249" VPOS="474" WIDTH="112" HEIGHT="45" />
            <SP ID="SP_11486" HPOS="362" VPOS="489" WIDTH="22" HEIGHT="0" />
            <String CONTENT="received" ID="Word_13186" HPOS="385" VPOS="473" WIDTH="201" HEIGHT="47" />
            <SP ID="SP_11487" HPOS="587" VPOS="475" WIDTH="23" HEIGHT="0" />
            <String CONTENT="with" ID="Word_13187" HPOS="611" VPOS="474" WIDTH="114" HEIGHT="47" />
            <SP ID="SP_11488" HPOS="726" VPOS="475" WIDTH="21" HEIGHT="0" />
            <String CONTENT="a" ID="Word_13188" HPOS="748" VPOS="491" WIDTH="28" HEIGHT="30" />
            <SP ID="SP_11489" HPOS="777" VPOS="476" WIDTH="21" HEIGHT="0" />
            <String CONTENT="doubt." ID="Word_13189" HPOS="799" VPOS="476" WIDTH="154" HEIGHT="46" />
          </TextLine>
          <TextLine ID="TextLine_1705" HPOS="318" VPOS="552" WIDTH="1306" HEIGHT="65">
            <String CONTENT="The" ID="Word_13190" HPOS="318" VPOS="552" WIDTH="97" HEIGHT="45" />
            <SP ID="SP_11490" HPOS="416" VPOS="553" WIDTH="32" HEIGHT="0" />
            <String CONTENT="black" ID="Word_13191" HPOS="449" VPOS="553" WIDTH="133" HEIGHT="45" />
            <SP ID="SP_11491" HPOS="583" VPOS="553" WIDTH="31" HEIGHT="0" />
            <String CONTENT="orang" ID="Word_13192" HPOS="615" VPOS="568" WIDTH="137" HEIGHT="46" />
            <SP ID="SP_11492" HPOS="753" VPOS="552" WIDTH="30" HEIGHT="0" />
            <String CONTENT="is" ID="Word_13193" HPOS="784" VPOS="552" WIDTH="38" HEIGHT="46" />
            <SP ID="SP_11493" HPOS="823" VPOS="568" WIDTH="26" HEIGHT="0" />
            <String CONTENT="a" ID="Word_13194" HPOS="850" VPOS="568" WIDTH="28" HEIGHT="30" />
            <SP ID="SP_11494" HPOS="879" VPOS="568" WIDTH="20" HEIGHT="0" />
            <String CONTENT="native" ID="Word_13195" HPOS="900" VPOS="559" WIDTH="156" HEIGHT="40" />
            <SP ID="SP_11495" HPOS="1057" VPOS="568" WIDTH="30" HEIGHT="0" />
            <String CONTENT="of" ID="Word_13196" HPOS="1088" VPOS="552" WIDTH="50" HEIGHT="47" />
            <SP ID="SP_11496" HPOS="1139" VPOS="552" WIDTH="19" HEIGHT="0" />
            <String CONTENT="Africa," ID="Word_13197" HPOS="1159" VPOS="552" WIDTH="172" HEIGHT="56" />
            <SP ID="SP_11497" HPOS="1332" VPOS="569" WIDTH="30" HEIGHT="0" />
            <String CONTENT="and" ID="Word_13198" HPOS="1363" VPOS="555" WIDTH="91" HEIGHT="45" />
            <SP ID="SP_11498" HPOS="1455" VPOS="555" WIDTH="26" HEIGHT="0" />
            <String CONTENT="parti-" ID="Word_13199" HPOS="1482" VPOS="555" WIDTH="142" HEIGHT="62" />
          </TextLine>
          <TextLine ID="TextLine_1706" HPOS="250" VPOS="629" WIDTH="1377" HEIGHT="64">
            <String CONTENT="cularly" ID="Word_13200" HPOS="250" VPOS="629" WIDTH="173" HEIGHT="62" />
            <SP ID="SP_11499" HPOS="424" VPOS="636" WIDTH="21" HEIGHT="0" />
            <String CONTENT="the" ID="Word_13201" HPOS="446" VPOS="629" WIDTH="79" HEIGHT="46" />
            <SP ID="SP_11500" HPOS="526" VPOS="629" WIDTH="22" HEIGHT="0" />
            <String CONTENT="Guinea" ID="Word_13202" HPOS="549" VPOS="629" WIDTH="181" HEIGHT="46" />
            <SP ID="SP_11501" HPOS="731" VPOS="630" WIDTH="21" HEIGHT="0" />
            <String CONTENT="Coast" ID="Word_13203" HPOS="753" VPOS="630" WIDTH="136" HEIGHT="46" />
            <SP ID="SP_11502" HPOS="890" VPOS="636" WIDTH="26" HEIGHT="0" />
            <String CONTENT="and" ID="Word_13204" HPOS="917" VPOS="630" WIDTH="91" HEIGHT="46" />
            <SP ID="SP_11503" HPOS="1009" VPOS="629" WIDTH="29" HEIGHT="0" />
            <String CONTENT="Angola;" ID="Word_13205" HPOS="1039" VPOS="629" WIDTH="208" HEIGHT="63" />
            <SP ID="SP_11504" HPOS="1248" VPOS="637" WIDTH="34" HEIGHT="0" />
            <String CONTENT="they" ID="Word_13206" HPOS="1283" VPOS="637" WIDTH="113" HEIGHT="56" />
            <SP ID="SP_11505" HPOS="1397" VPOS="647" WIDTH="33" HEIGHT="0" />
            <String CONTENT="are" ID="Word_13207" HPOS="1431" VPOS="647" WIDTH="73" HEIGHT="30" />
            <SP ID="SP_11506" HPOS="1505" VPOS="648" WIDTH="22" HEIGHT="0" />
            <String CONTENT="said" ID="Word_13208" HPOS="1528" VPOS="633" WIDTH="99" HEIGHT="46" />
          </TextLine>
          <TextLine ID="TextLine_1707" HPOS="251" VPOS="707" WIDTH="1378" HEIGHT="63">
            <String CONTENT="to" ID="Word_13209" HPOS="251" VPOS="714" WIDTH="46" HEIGHT="38" />
            <SP ID="SP_11507" HPOS="298" VPOS="707" WIDTH="33" HEIGHT="0" />
            <String CONTENT="live" ID="Word_13210" HPOS="332" VPOS="707" WIDTH="89" HEIGHT="45" />
            <SP ID="SP_11508" HPOS="422" VPOS="707" WIDTH="32" HEIGHT="0" />
            <String CONTENT="in" ID="Word_13211" HPOS="455" VPOS="707" WIDTH="48" HEIGHT="46" />
            <SP ID="SP_11509" HPOS="504" VPOS="723" WIDTH="31" HEIGHT="0" />
            <String CONTENT="vast" ID="Word_13212" HPOS="536" VPOS="714" WIDTH="102" HEIGHT="39" />
            <SP ID="SP_11510" HPOS="639" VPOS="714" WIDTH="33" HEIGHT="0" />
            <String CONTENT="troops," ID="Word_13213" HPOS="673" VPOS="714" WIDTH="163" HEIGHT="56" />
            <SP ID="SP_11511" HPOS="837" VPOS="724" WIDTH="35" HEIGHT="0" />
            <String CONTENT="and" ID="Word_13214" HPOS="873" VPOS="708" WIDTH="91" HEIGHT="46" />
            <SP ID="SP_11512" HPOS="965" VPOS="708" WIDTH="31" HEIGHT="0" />
            <String CONTENT="to" ID="Word_13215" HPOS="997" VPOS="714" WIDTH="46" HEIGHT="40" />
            <SP ID="SP_11513" HPOS="1044" VPOS="709" WIDTH="33" HEIGHT="0" />
            <String CONTENT="be" ID="Word_13216" HPOS="1078" VPOS="709" WIDTH="55" HEIGHT="45" />
            <SP ID="SP_11514" HPOS="1134" VPOS="709" WIDTH="33" HEIGHT="0" />
            <String CONTENT="dangerous" ID="Word_13217" HPOS="1168" VPOS="709" WIDTH="247" HEIGHT="45" />
            <SP ID="SP_11515" HPOS="1416" VPOS="709" WIDTH="22" HEIGHT="0" />
            <String CONTENT="in" ID="Word_13218" HPOS="1439" VPOS="709" WIDTH="48" HEIGHT="46" />
            <SP ID="SP_11516" HPOS="1488" VPOS="716" WIDTH="20" HEIGHT="0" />
            <String CONTENT="their" ID="Word_13219" HPOS="1509" VPOS="709" WIDTH="120" HEIGHT="46" />
          </TextLine>
          <TextLine ID="TextLine_1708" HPOS="252" VPOS="784" WIDTH="1376" HEIGHT="63">
            <String CONTENT="attacks" ID="Word_13220" HPOS="252" VPOS="790" WIDTH="178" HEIGHT="41" />
            <SP ID="SP_11517" HPOS="431" VPOS="801" WIDTH="31" HEIGHT="0" />
            <String CONTENT="upon" ID="Word_13221" HPOS="463" VPOS="801" WIDTH="120" HEIGHT="30" />
            <SP ID="SP_11518" HPOS="584" VPOS="801" WIDTH="36" HEIGHT="0" />
            <String CONTENT="persons" ID="Word_13222" HPOS="621" VPOS="800" WIDTH="182" HEIGHT="47" />
            <SP ID="SP_11519" HPOS="804" VPOS="792" WIDTH="31" HEIGHT="0" />
            <String CONTENT="travelling" ID="Word_13223" HPOS="836" VPOS="785" WIDTH="243" HEIGHT="62" />
            <SP ID="SP_11520" HPOS="1080" VPOS="801" WIDTH="36" HEIGHT="0" />
            <String CONTENT="alone" ID="Word_13224" HPOS="1117" VPOS="786" WIDTH="130" HEIGHT="46" />
            <SP ID="SP_11521" HPOS="1248" VPOS="786" WIDTH="31" HEIGHT="0" />
            <String CONTENT="in" ID="Word_13225" HPOS="1280" VPOS="786" WIDTH="48" HEIGHT="45" />
            <SP ID="SP_11522" HPOS="1329" VPOS="793" WIDTH="32" HEIGHT="0" />
            <String CONTENT="the" ID="Word_13226" HPOS="1362" VPOS="786" WIDTH="80" HEIGHT="46" />
            <SP ID="SP_11523" HPOS="1443" VPOS="784" WIDTH="28" HEIGHT="0" />
            <String CONTENT="forests" ID="Word_13227" HPOS="1472" VPOS="784" WIDTH="156" HEIGHT="49" />
          </TextLine>
          <TextLine ID="TextLine_1709" HPOS="256" VPOS="861" WIDTH="1372" HEIGHT="64">
            <String CONTENT="where" ID="Word_13228" HPOS="256" VPOS="862" WIDTH="150" HEIGHT="46" />
            <SP ID="SP_11524" HPOS="407" VPOS="869" WIDTH="21" HEIGHT="0" />
            <String CONTENT="they" ID="Word_13229" HPOS="429" VPOS="869" WIDTH="113" HEIGHT="55" />
            <SP ID="SP_11525" HPOS="543" VPOS="878" WIDTH="22" HEIGHT="0" />
            <String CONTENT="are" ID="Word_13230" HPOS="566" VPOS="878" WIDTH="74" HEIGHT="30" />
            <SP ID="SP_11526" HPOS="641" VPOS="861" WIDTH="22" HEIGHT="0" />
            <String CONTENT="found." ID="Word_13231" HPOS="664" VPOS="861" WIDTH="152" HEIGHT="47" />
            <SP ID="SP_11527" HPOS="817" VPOS="864" WIDTH="84" HEIGHT="0" />
            <String CONTENT="They" ID="Word_13232" HPOS="902" VPOS="864" WIDTH="133" HEIGHT="61" />
            <SP ID="SP_11528" HPOS="1036" VPOS="879" WIDTH="29" HEIGHT="0" />
            <String CONTENT="are" ID="Word_13233" HPOS="1066" VPOS="878" WIDTH="74" HEIGHT="31" />
            <SP ID="SP_11529" HPOS="1141" VPOS="878" WIDTH="32" HEIGHT="0" />
            <String CONTENT="covered" ID="Word_13234" HPOS="1174" VPOS="864" WIDTH="187" HEIGHT="46" />
            <SP ID="SP_11530" HPOS="1362" VPOS="864" WIDTH="22" HEIGHT="0" />
            <String CONTENT="with-shi-" ID="Word_13235" HPOS="1385" VPOS="863" WIDTH="243" HEIGHT="47" />
          </TextLine>
          <TextLine ID="TextLine_1710" HPOS="254" VPOS="939" WIDTH="1373" HEIGHT="62">
            <String CONTENT="ning" ID="Word_13236" HPOS="254" VPOS="939" WIDTH="111" HEIGHT="62" />
            <SP ID="SP_11531" HPOS="366" VPOS="941" WIDTH="31" HEIGHT="0" />
            <String CONTENT="black" ID="Word_13237" HPOS="398" VPOS="940" WIDTH="132" HEIGHT="45" />
            <SP ID="SP_11532" HPOS="531" VPOS="940" WIDTH="29" HEIGHT="0" />
            <String CONTENT="hair," ID="Word_13238" HPOS="561" VPOS="940" WIDTH="115" HEIGHT="54" />
            <SP ID="SP_11533" HPOS="677" VPOS="940" WIDTH="23" HEIGHT="0" />
            <String CONTENT="longest" ID="Word_13239" HPOS="701" VPOS="940" WIDTH="173" HEIGHT="46" />
            <SP ID="SP_11534" HPOS="875" VPOS="946" WIDTH="33" HEIGHT="0" />
            <String CONTENT="on" ID="Word_13240" HPOS="909" VPOS="955" WIDTH="56" HEIGHT="31" />
            <SP ID="SP_11535" HPOS="966" VPOS="947" WIDTH="32" HEIGHT="0" />
            <String CONTENT="the" ID="Word_13241" HPOS="999" VPOS="940" WIDTH="79" HEIGHT="45" />
            <SP ID="SP_11536" HPOS="1079" VPOS="941" WIDTH="31" HEIGHT="0" />
            <String CONTENT="back" ID="Word_13242" HPOS="1111" VPOS="941" WIDTH="115" HEIGHT="45" />
            <SP ID="SP_11537" HPOS="1227" VPOS="941" WIDTH="21" HEIGHT="0" />
            <String CONTENT="and" ID="Word_13243" HPOS="1249" VPOS="941" WIDTH="91" HEIGHT="46" />
            <SP ID="SP_11538" HPOS="1341" VPOS="941" WIDTH="22" HEIGHT="0" />
            <String CONTENT="shoulders;" ID="Word_13244" HPOS="1364" VPOS="941" WIDTH="263" HEIGHT="55" />
          </TextLine>
          <TextLine ID="TextLine_1711" HPOS="254" VPOS="1016" WIDTH="1376" HEIGHT="57">
            <String CONTENT="our" ID="Word_13245" HPOS="254" VPOS="1033" WIDTH="82" HEIGHT="30" />
            <SP ID="SP_11539" HPOS="337" VPOS="1018" WIDTH="34" HEIGHT="0" />
            <String CONTENT="description" ID="Word_13246" HPOS="372" VPOS="1017" WIDTH="269" HEIGHT="46" />
            <SP ID="SP_11540" HPOS="642" VPOS="1032" WIDTH="34" HEIGHT="0" />
            <String CONTENT="of" ID="Word_13247" HPOS="677" VPOS="1016" WIDTH="50" HEIGHT="47" />
            <SP ID="SP_11541" HPOS="728" VPOS="1016" WIDTH="25" HEIGHT="0" />
            <String CONTENT="the" ID="Word_13248" HPOS="754" VPOS="1024" WIDTH="79" HEIGHT="38" />
            <SP ID="SP_11542" HPOS="834" VPOS="1033" WIDTH="35" HEIGHT="0" />
            <String CONTENT="adult" ID="Word_13249" HPOS="870" VPOS="1017" WIDTH="129" HEIGHT="46" />
            <SP ID="SP_11543" HPOS="1000" VPOS="1024" WIDTH="35" HEIGHT="0" />
            <String CONTENT="state" ID="Word_13250" HPOS="1036" VPOS="1023" WIDTH="119" HEIGHT="40" />
            <SP ID="SP_11544" HPOS="1156" VPOS="1018" WIDTH="33" HEIGHT="0" />
            <String CONTENT="is," ID="Word_13251" HPOS="1190" VPOS="1018" WIDTH="53" HEIGHT="55" />
            <SP ID="SP_11545" HPOS="1244" VPOS="1018" WIDTH="34" HEIGHT="0" />
            <String CONTENT="however," ID="Word_13252" HPOS="1279" VPOS="1018" WIDTH="224" HEIGHT="55" />
            <SP ID="SP_11546" HPOS="1504" VPOS="1019" WIDTH="35" HEIGHT="0" />
            <String CONTENT="im-" ID="Word_13253" HPOS="1540" VPOS="1019" WIDTH="90" HEIGHT="45" />
          </TextLine>
          <TextLine ID="TextLine_1712" HPOS="254" VPOS="1092" WIDTH="1376" HEIGHT="65">
            <String CONTENT="perfect," ID="Word_13254" HPOS="254" VPOS="1093" WIDTH="181" HEIGHT="62" />
            <SP ID="SP_11547" HPOS="436" VPOS="1110" WIDTH="35" HEIGHT="0" />
            <String CONTENT="and" ID="Word_13255" HPOS="472" VPOS="1094" WIDTH="92" HEIGHT="45" />
            <SP ID="SP_11548" HPOS="565" VPOS="1094" WIDTH="31" HEIGHT="0" />
            <String CONTENT="we" ID="Word_13256" HPOS="597" VPOS="1109" WIDTH="70" HEIGHT="31" />
            <SP ID="SP_11549" HPOS="668" VPOS="1109" WIDTH="30" HEIGHT="0" />
            <String CONTENT="refer" ID="Word_13257" HPOS="699" VPOS="1092" WIDTH="114" HEIGHT="47" />
            <SP ID="SP_11550" HPOS="814" VPOS="1100" WIDTH="25" HEIGHT="0" />
            <String CONTENT="to" ID="Word_13258" HPOS="840" VPOS="1100" WIDTH="46" HEIGHT="39" />
            <SP ID="SP_11551" HPOS="887" VPOS="1099" WIDTH="27" HEIGHT="0" />
            <String CONTENT="the" ID="Word_13259" HPOS="915" VPOS="1099" WIDTH="80" HEIGHT="41" />
            <SP ID="SP_11552" HPOS="996" VPOS="1110" WIDTH="26" HEIGHT="0" />
            <String CONTENT="minute" ID="Word_13260" HPOS="1023" VPOS="1094" WIDTH="177" HEIGHT="46" />
            <SP ID="SP_11553" HPOS="1201" VPOS="1095" WIDTH="34" HEIGHT="0" />
            <String CONTENT="detail" ID="Word_13261" HPOS="1236" VPOS="1095" WIDTH="139" HEIGHT="46" />
            <SP ID="SP_11554" HPOS="1376" VPOS="1096" WIDTH="27" HEIGHT="0" />
            <String CONTENT="given" ID="Word_13262" HPOS="1404" VPOS="1095" WIDTH="133" HEIGHT="62" />
            <SP ID="SP_11555" HPOS="1538" VPOS="1097" WIDTH="28" HEIGHT="0" />
            <String CONTENT="by" ID="Word_13263" HPOS="1567" VPOS="1097" WIDTH="63" HEIGHT="60" />
          </TextLine>
          <TextLine ID="TextLine_1713" HPOS="257" VPOS="1171" WIDTH="1373" HEIGHT="62">
            <String CONTENT="Dr" ID="Word_13264" HPOS="257" VPOS="1173" WIDTH="67" HEIGHT="44" />
            <SP ID="SP_11556" HPOS="325" VPOS="1172" WIDTH="33" HEIGHT="0" />
            <String CONTENT="Trail" ID="Word_13265" HPOS="359" VPOS="1172" WIDTH="125" HEIGHT="45" />
            <SP ID="SP_11557" HPOS="485" VPOS="1172" WIDTH="28" HEIGHT="0" />
            <String CONTENT="of" ID="Word_13266" HPOS="514" VPOS="1171" WIDTH="51" HEIGHT="47" />
            <SP ID="SP_11558" HPOS="566" VPOS="1171" WIDTH="30" HEIGHT="0" />
            <String CONTENT="a" ID="Word_13267" HPOS="597" VPOS="1188" WIDTH="27" HEIGHT="29" />
            <SP ID="SP_11559" HPOS="625" VPOS="1188" WIDTH="31" HEIGHT="0" />
            <String CONTENT="young" ID="Word_13268" HPOS="657" VPOS="1187" WIDTH="153" HEIGHT="46" />
            <SP ID="SP_11560" HPOS="811" VPOS="1187" WIDTH="28" HEIGHT="0" />
            <String CONTENT="specimen." ID="Word_13269" HPOS="840" VPOS="1171" WIDTH="238" HEIGHT="62" />
            <SP ID="SP_11561" HPOS="1079" VPOS="1172" WIDTH="83" HEIGHT="0" />
            <String CONTENT="Previous" ID="Word_13270" HPOS="1163" VPOS="1172" WIDTH="215" HEIGHT="46" />
            <SP ID="SP_11562" HPOS="1379" VPOS="1179" WIDTH="35" HEIGHT="0" />
            <String CONTENT="to" ID="Word_13271" HPOS="1415" VPOS="1179" WIDTH="49" HEIGHT="40" />
            <SP ID="SP_11563" HPOS="1465" VPOS="1187" WIDTH="33" HEIGHT="0" />
            <String CONTENT="men-" ID="Word_13272" HPOS="1499" VPOS="1188" WIDTH="131" HEIGHT="30" />
          </TextLine>
          <TextLine ID="TextLine_1714" HPOS="255" VPOS="1248" WIDTH="1377" HEIGHT="63">
            <String CONTENT="tioning" ID="Word_13273" HPOS="255" VPOS="1248" WIDTH="175" HEIGHT="62" />
            <SP ID="SP_11564" HPOS="431" VPOS="1249" WIDTH="21" HEIGHT="0" />
            <String CONTENT="it," ID="Word_13274" HPOS="453" VPOS="1249" WIDTH="51" HEIGHT="55" />
            <SP ID="SP_11565" HPOS="505" VPOS="1265" WIDTH="25" HEIGHT="0" />
            <String CONTENT="we" ID="Word_13275" HPOS="531" VPOS="1265" WIDTH="69" HEIGHT="30" />
            <SP ID="SP_11566" HPOS="601" VPOS="1265" WIDTH="27" HEIGHT="0" />
            <String CONTENT="may" ID="Word_13276" HPOS="629" VPOS="1265" WIDTH="109" HEIGHT="46" />
            <SP ID="SP_11567" HPOS="739" VPOS="1265" WIDTH="22" HEIGHT="0" />
            <String CONTENT="relate" ID="Word_13277" HPOS="762" VPOS="1249" WIDTH="141" HEIGHT="45" />
            <SP ID="SP_11568" HPOS="904" VPOS="1264" WIDTH="32" HEIGHT="0" />
            <String CONTENT="an" ID="Word_13278" HPOS="937" VPOS="1264" WIDTH="60" HEIGHT="31" />
            <SP ID="SP_11569" HPOS="998" VPOS="1264" WIDTH="31" HEIGHT="0" />
            <String CONTENT="account" ID="Word_13279" HPOS="1030" VPOS="1255" WIDTH="189" HEIGHT="44" />
            <SP ID="SP_11570" HPOS="1220" VPOS="1248" WIDTH="32" HEIGHT="0" />
            <String CONTENT="from" ID="Word_13280" HPOS="1253" VPOS="1248" WIDTH="114" HEIGHT="48" />
            <SP ID="SP_11571" HPOS="1368" VPOS="1250" WIDTH="33" HEIGHT="0" />
            <String CONTENT="Bingley’s" ID="Word_13281" HPOS="1402" VPOS="1249" WIDTH="230" HEIGHT="62" />
          </TextLine>
          <TextLine ID="TextLine_1715" HPOS="258" VPOS="1326" WIDTH="1371" HEIGHT="62">
            <String CONTENT="Animal" ID="Word_13282" HPOS="258" VPOS="1327" WIDTH="190" HEIGHT="47" />
            <SP ID="SP_11572" HPOS="449" VPOS="1327" WIDTH="18" HEIGHT="0" />
            <String CONTENT="Biography" ID="Word_13283" HPOS="468" VPOS="1327" WIDTH="257" HEIGHT="61" />
            <SP ID="SP_11573" HPOS="726" VPOS="1343" WIDTH="23" HEIGHT="0" />
            <String CONTENT="of" ID="Word_13284" HPOS="750" VPOS="1326" WIDTH="51" HEIGHT="46" />
            <SP ID="SP_11574" HPOS="802" VPOS="1326" WIDTH="14" HEIGHT="0" />
            <String CONTENT="a" ID="Word_13285" HPOS="817" VPOS="1342" WIDTH="27" HEIGHT="30" />
            <SP ID="SP_11575" HPOS="845" VPOS="1326" WIDTH="15" HEIGHT="0" />
            <String CONTENT="large" ID="Word_13286" HPOS="861" VPOS="1326" WIDTH="120" HEIGHT="46" />
            <SP ID="SP_11576" HPOS="982" VPOS="1342" WIDTH="18" HEIGHT="0" />
            <String CONTENT="specimen" ID="Word_13287" HPOS="1001" VPOS="1342" WIDTH="224" HEIGHT="46" />
            <SP ID="SP_11577" HPOS="1226" VPOS="1342" WIDTH="17" HEIGHT="0" />
            <String CONTENT="of" ID="Word_13288" HPOS="1244" VPOS="1326" WIDTH="50" HEIGHT="47" />
            <SP ID="SP_11578" HPOS="1295" VPOS="1326" WIDTH="6" HEIGHT="0" />
            <String CONTENT="this" ID="Word_13289" HPOS="1302" VPOS="1327" WIDTH="92" HEIGHT="45" />
            <SP ID="SP_11579" HPOS="1395" VPOS="1343" WIDTH="17" HEIGHT="0" />
            <String CONTENT="creatm-e," ID="Word_13290" HPOS="1413" VPOS="1334" WIDTH="216" HEIGHT="48" />
          </TextLine>
          <TextLine ID="TextLine_1716" HPOS="258" VPOS="1404" WIDTH="1376" HEIGHT="62">
            <String CONTENT="which" ID="Word_13291" HPOS="258" VPOS="1405" WIDTH="149" HEIGHT="46" />
            <SP ID="SP_11580" HPOS="408" VPOS="1405" WIDTH="33" HEIGHT="0" />
            <String CONTENT="seems" ID="Word_13292" HPOS="442" VPOS="1420" WIDTH="143" HEIGHT="30" />
            <SP ID="SP_11581" HPOS="586" VPOS="1411" WIDTH="32" HEIGHT="0" />
            <String CONTENT="to" ID="Word_13293" HPOS="619" VPOS="1411" WIDTH="46" HEIGHT="39" />
            <SP ID="SP_11582" HPOS="666" VPOS="1405" WIDTH="32" HEIGHT="0" />
            <String CONTENT="have" ID="Word_13294" HPOS="699" VPOS="1405" WIDTH="117" HEIGHT="45" />
            <SP ID="SP_11583" HPOS="817" VPOS="1404" WIDTH="32" HEIGHT="0" />
            <String CONTENT="been" ID="Word_13295" HPOS="850" VPOS="1404" WIDTH="113" HEIGHT="46" />
            <SP ID="SP_11584" HPOS="964" VPOS="1420" WIDTH="31" HEIGHT="0" />
            <String CONTENT="given" ID="Word_13296" HPOS="996" VPOS="1420" WIDTH="134" HEIGHT="46" />
            <SP ID="SP_11585" HPOS="1131" VPOS="1420" WIDTH="31" HEIGHT="0" />
            <String CONTENT="upon" ID="Word_13297" HPOS="1163" VPOS="1419" WIDTH="121" HEIGHT="31" />
            <SP ID="SP_11586" HPOS="1285" VPOS="1420" WIDTH="39" HEIGHT="0" />
            <String CONTENT="some" ID="Word_13298" HPOS="1325" VPOS="1420" WIDTH="121" HEIGHT="29" />
            <SP ID="SP_11587" HPOS="1447" VPOS="1406" WIDTH="38" HEIGHT="0" />
            <String CONTENT="better" ID="Word_13299" HPOS="1486" VPOS="1406" WIDTH="148" HEIGHT="44" />
          </TextLine>
          <TextLine ID="TextLine_1717" HPOS="258" VPOS="1480" WIDTH="1373" HEIGHT="63">
            <String CONTENT="authority" ID="Word_13300" HPOS="258" VPOS="1483" WIDTH="234" HEIGHT="60" />
            <SP ID="SP_11588" HPOS="493" VPOS="1488" WIDTH="21" HEIGHT="0" />
            <String CONTENT="than" ID="Word_13301" HPOS="515" VPOS="1488" WIDTH="113" HEIGHT="39" />
            <SP ID="SP_11589" HPOS="629" VPOS="1497" WIDTH="22" HEIGHT="0" />
            <String CONTENT="most" ID="Word_13302" HPOS="652" VPOS="1488" WIDTH="118" HEIGHT="40" />
            <SP ID="SP_11590" HPOS="771" VPOS="1488" WIDTH="23" HEIGHT="0" />
            <String CONTENT="of" ID="Word_13303" HPOS="795" VPOS="1480" WIDTH="49" HEIGHT="47" />
            <SP ID="SP_11591" HPOS="845" VPOS="1480" WIDTH="13" HEIGHT="0" />
            <String CONTENT="the" ID="Word_13304" HPOS="859" VPOS="1488" WIDTH="78" HEIGHT="38" />
            <SP ID="SP_11592" HPOS="938" VPOS="1496" WIDTH="22" HEIGHT="0" />
            <String CONTENT="others" ID="Word_13305" HPOS="961" VPOS="1488" WIDTH="148" HEIGHT="39" />
            <SP ID="SP_11593" HPOS="1110" VPOS="1497" WIDTH="18" HEIGHT="0" />
            <String CONTENT=":—“" ID="Word_13306" HPOS="1129" VPOS="1487" WIDTH="115" HEIGHT="38" />
            <SP ID="SP_11594" HPOS="1245" VPOS="1481" WIDTH="16" HEIGHT="0" />
            <String CONTENT="Allemand," ID="Word_13307" HPOS="1262" VPOS="1481" WIDTH="264" HEIGHT="55" />
            <SP ID="SP_11595" HPOS="1527" VPOS="1489" WIDTH="24" HEIGHT="0" />
            <String CONTENT="the" ID="Word_13308" HPOS="1552" VPOS="1482" WIDTH="79" HEIGHT="46" />
          </TextLine>
          <TextLine ID="TextLine_1718" HPOS="258" VPOS="1558" WIDTH="1373" HEIGHT="63">
            <String CONTENT="Dutch" ID="Word_13309" HPOS="258" VPOS="1560" WIDTH="155" HEIGHT="46" />
            <SP ID="SP_11596" HPOS="414" VPOS="1560" WIDTH="21" HEIGHT="0" />
            <String CONTENT="professor" ID="Word_13310" HPOS="436" VPOS="1575" WIDTH="216" HEIGHT="46" />
            <SP ID="SP_11597" HPOS="653" VPOS="1575" WIDTH="21" HEIGHT="0" />
            <String CONTENT="of" ID="Word_13311" HPOS="675" VPOS="1558" WIDTH="50" HEIGHT="47" />
            <SP ID="SP_11598" HPOS="726" VPOS="1558" WIDTH="12" HEIGHT="0" />
            <String CONTENT="natural" ID="Word_13312" HPOS="739" VPOS="1559" WIDTH="182" HEIGHT="45" />
            <SP ID="SP_11599" HPOS="922" VPOS="1559" WIDTH="21" HEIGHT="0" />
            <String CONTENT="history," ID="Word_13313" HPOS="944" VPOS="1559" WIDTH="190" HEIGHT="62" />
            <SP ID="SP_11600" HPOS="1135" VPOS="1558" WIDTH="22" HEIGHT="0" />
            <String CONTENT="had" ID="Word_13314" HPOS="1158" VPOS="1558" WIDTH="92" HEIGHT="46" />
            <SP ID="SP_11601" HPOS="1251" VPOS="1559" WIDTH="17" HEIGHT="0" />
            <String CONTENT="received" ID="Word_13315" HPOS="1269" VPOS="1558" WIDTH="203" HEIGHT="46" />
            <SP ID="SP_11602" HPOS="1473" VPOS="1559" WIDTH="14" HEIGHT="0" />
            <String CONTENT="many" ID="Word_13316" HPOS="1488" VPOS="1575" WIDTH="143" HEIGHT="46" />
          </TextLine>
          <TextLine ID="TextLine_1719" HPOS="257" VPOS="1636" WIDTH="1375" HEIGHT="62">
            <String CONTENT="vague" ID="Word_13317" HPOS="257" VPOS="1653" WIDTH="145" HEIGHT="31" />
            <SP ID="SP_11603" HPOS="403" VPOS="1653" WIDTH="27" HEIGHT="0" />
            <String CONTENT="and" ID="Word_13318" HPOS="431" VPOS="1638" WIDTH="90" HEIGHT="45" />
            <SP ID="SP_11604" HPOS="522" VPOS="1638" WIDTH="28" HEIGHT="0" />
            <String CONTENT="unsatisfactory" ID="Word_13319" HPOS="551" VPOS="1636" WIDTH="351" HEIGHT="62" />
            <SP ID="SP_11605" HPOS="903" VPOS="1652" WIDTH="28" HEIGHT="0" />
            <String CONTENT="accounts" ID="Word_13320" HPOS="932" VPOS="1652" WIDTH="210" HEIGHT="30" />
            <SP ID="SP_11606" HPOS="1143" VPOS="1652" WIDTH="26" HEIGHT="0" />
            <String CONTENT="respecting" ID="Word_13321" HPOS="1170" VPOS="1643" WIDTH="251" HEIGHT="55" />
            <SP ID="SP_11607" HPOS="1422" VPOS="1652" WIDTH="26" HEIGHT="0" />
            <String CONTENT="an" ID="Word_13322" HPOS="1449" VPOS="1652" WIDTH="58" HEIGHT="29" />
            <SP ID="SP_11608" HPOS="1508" VPOS="1652" WIDTH="23" HEIGHT="0" />
            <String CONTENT="ani-" ID="Word_13323" HPOS="1532" VPOS="1636" WIDTH="100" HEIGHT="46" />
          </TextLine>
          <TextLine ID="TextLine_1720" HPOS="257" VPOS="1713" WIDTH="1375" HEIGHT="55">
            <String CONTENT="mal" ID="Word_13324" HPOS="257" VPOS="1716" WIDTH="95" HEIGHT="45" />
            <SP ID="SP_11609" HPOS="353" VPOS="1716" WIDTH="31" HEIGHT="0" />
            <String CONTENT="of" ID="Word_13325" HPOS="385" VPOS="1714" WIDTH="51" HEIGHT="47" />
            <SP ID="SP_11610" HPOS="437" VPOS="1714" WIDTH="22" HEIGHT="0" />
            <String CONTENT="this" ID="Word_13326" HPOS="460" VPOS="1715" WIDTH="92" HEIGHT="45" />
            <SP ID="SP_11611" HPOS="553" VPOS="1716" WIDTH="31" HEIGHT="0" />
            <String CONTENT="kind," ID="Word_13327" HPOS="585" VPOS="1715" WIDTH="127" HEIGHT="53" />
            <SP ID="SP_11612" HPOS="713" VPOS="1730" WIDTH="35" HEIGHT="0" />
            <String CONTENT="and" ID="Word_13328" HPOS="749" VPOS="1715" WIDTH="91" HEIGHT="46" />
            <SP ID="SP_11613" HPOS="841" VPOS="1715" WIDTH="32" HEIGHT="0" />
            <String CONTENT="was" ID="Word_13329" HPOS="874" VPOS="1730" WIDTH="94" HEIGHT="29" />
            <SP ID="SP_11614" HPOS="969" VPOS="1714" WIDTH="32" HEIGHT="0" />
            <String CONTENT="induced" ID="Word_13330" HPOS="1002" VPOS="1714" WIDTH="194" HEIGHT="46" />
            <SP ID="SP_11615" HPOS="1197" VPOS="1714" WIDTH="31" HEIGHT="0" />
            <String CONTENT="to" ID="Word_13331" HPOS="1229" VPOS="1720" WIDTH="46" HEIGHT="40" />
            <SP ID="SP_11616" HPOS="1276" VPOS="1729" WIDTH="33" HEIGHT="0" />
            <String CONTENT="write" ID="Word_13332" HPOS="1310" VPOS="1713" WIDTH="130" HEIGHT="47" />
            <SP ID="SP_11617" HPOS="1441" VPOS="1720" WIDTH="31" HEIGHT="0" />
            <String CONTENT="to" ID="Word_13333" HPOS="1473" VPOS="1720" WIDTH="47" HEIGHT="39" />
            <SP ID="SP_11618" HPOS="1521" VPOS="1715" WIDTH="34" HEIGHT="0" />
            <String CONTENT="Mr" ID="Word_13334" HPOS="1556" VPOS="1715" WIDTH="76" HEIGHT="45" />
          </TextLine>
          <TextLine ID="TextLine_1721" HPOS="261" VPOS="1791" WIDTH="1372" HEIGHT="63">
            <String CONTENT="May," ID="Word_13335" HPOS="261" VPOS="1794" WIDTH="131" HEIGHT="60" />
            <SP ID="SP_11619" HPOS="393" VPOS="1808" WIDTH="35" HEIGHT="0" />
            <String CONTENT="a" ID="Word_13336" HPOS="429" VPOS="1808" WIDTH="28" HEIGHT="30" />
            <SP ID="SP_11620" HPOS="458" VPOS="1808" WIDTH="26" HEIGHT="0" />
            <String CONTENT="captain" ID="Word_13337" HPOS="485" VPOS="1792" WIDTH="181" HEIGHT="46" />
            <SP ID="SP_11621" HPOS="667" VPOS="1791" WIDTH="29" HEIGHT="0" />
            <String CONTENT="in" ID="Word_13338" HPOS="697" VPOS="1791" WIDTH="47" HEIGHT="45" />
            <SP ID="SP_11622" HPOS="745" VPOS="1798" WIDTH="29" HEIGHT="0" />
            <String CONTENT="the" ID="Word_13339" HPOS="775" VPOS="1792" WIDTH="79" HEIGHT="45" />
            <SP ID="SP_11623" HPOS="855" VPOS="1792" WIDTH="22" HEIGHT="0" />
            <String CONTENT="Dutch" ID="Word_13340" HPOS="878" VPOS="1791" WIDTH="154" HEIGHT="45" />
            <SP ID="SP_11624" HPOS="1033" VPOS="1791" WIDTH="21" HEIGHT="0" />
            <String CONTENT="naval" ID="Word_13341" HPOS="1055" VPOS="1791" WIDTH="137" HEIGHT="45" />
            <SP ID="SP_11625" HPOS="1193" VPOS="1791" WIDTH="22" HEIGHT="0" />
            <String CONTENT="service" ID="Word_13342" HPOS="1216" VPOS="1806" WIDTH="165" HEIGHT="30" />
            <SP ID="SP_11626" HPOS="1382" VPOS="1806" WIDTH="23" HEIGHT="0" />
            <String CONTENT="stationed" ID="Word_13343" HPOS="1406" VPOS="1791" WIDTH="227" HEIGHT="46" />
          </TextLine>
          <TextLine ID="TextLine_1722" HPOS="258" VPOS="1867" WIDTH="1374" HEIGHT="63">
            <String CONTENT="at" ID="Word_13344" HPOS="258" VPOS="1878" WIDTH="49" HEIGHT="38" />
            <SP ID="SP_11627" HPOS="308" VPOS="1871" WIDTH="42" HEIGHT="0" />
            <String CONTENT="Surinam." ID="Word_13345" HPOS="351" VPOS="1870" WIDTH="226" HEIGHT="47" />
            <SP ID="SP_11628" HPOS="578" VPOS="1870" WIDTH="82" HEIGHT="0" />
            <String CONTENT="This" ID="Word_13346" HPOS="661" VPOS="1870" WIDTH="111" HEIGHT="44" />
            <SP ID="SP_11629" HPOS="773" VPOS="1885" WIDTH="47" HEIGHT="0" />
            <String CONTENT="gentleman" ID="Word_13347" HPOS="821" VPOS="1869" WIDTH="259" HEIGHT="61" />
            <SP ID="SP_11630" HPOS="1081" VPOS="1867" WIDTH="43" HEIGHT="0" />
            <String CONTENT="found" ID="Word_13348" HPOS="1125" VPOS="1867" WIDTH="139" HEIGHT="47" />
            <SP ID="SP_11631" HPOS="1265" VPOS="1868" WIDTH="41" HEIGHT="0" />
            <String CONTENT="him" ID="Word_13349" HPOS="1307" VPOS="1868" WIDTH="98" HEIGHT="45" />
            <SP ID="SP_11632" HPOS="1406" VPOS="1883" WIDTH="42" HEIGHT="0" />
            <String CONTENT="exactly" ID="Word_13350" HPOS="1449" VPOS="1869" WIDTH="183" HEIGHT="61" />
          </TextLine>
          <TextLine ID="TextLine_1723" HPOS="259" VPOS="1944" WIDTH="1372" HEIGHT="56">
            <String CONTENT="similar" ID="Word_13351" HPOS="259" VPOS="1948" WIDTH="171" HEIGHT="46" />
            <SP ID="SP_11633" HPOS="431" VPOS="1954" WIDTH="31" HEIGHT="0" />
            <String CONTENT="to" ID="Word_13352" HPOS="463" VPOS="1954" WIDTH="45" HEIGHT="40" />
            <SP ID="SP_11634" HPOS="509" VPOS="1963" WIDTH="34" HEIGHT="0" />
            <String CONTENT="one" ID="Word_13353" HPOS="544" VPOS="1963" WIDTH="82" HEIGHT="30" />
            <SP ID="SP_11635" HPOS="627" VPOS="1963" WIDTH="34" HEIGHT="0" />
            <String CONTENT="which" ID="Word_13354" HPOS="662" VPOS="1946" WIDTH="149" HEIGHT="45" />
            <SP ID="SP_11636" HPOS="812" VPOS="1946" WIDTH="32" HEIGHT="0" />
            <String CONTENT="he" ID="Word_13355" HPOS="845" VPOS="1946" WIDTH="57" HEIGHT="45" />
            <SP ID="SP_11637" HPOS="903" VPOS="1946" WIDTH="31" HEIGHT="0" />
            <String CONTENT="had" ID="Word_13356" HPOS="935" VPOS="1946" WIDTH="92" HEIGHT="45" />
            <SP ID="SP_11638" HPOS="1028" VPOS="1946" WIDTH="31" HEIGHT="0" />
            <String CONTENT="brought" ID="Word_13357" HPOS="1060" VPOS="1945" WIDTH="193" HEIGHT="47" />
            <SP ID="SP_11639" HPOS="1254" VPOS="1944" WIDTH="33" HEIGHT="0" />
            <String CONTENT="from" ID="Word_13358" HPOS="1288" VPOS="1944" WIDTH="112" HEIGHT="47" />
            <SP ID="SP_11640" HPOS="1401" VPOS="1944" WIDTH="33" HEIGHT="0" />
            <String CONTENT="Guinea," ID="Word_13359" HPOS="1435" VPOS="1944" WIDTH="196" HEIGHT="56" />
          </TextLine>
          <TextLine ID="TextLine_1724" HPOS="259" VPOS="2023" WIDTH="1383" HEIGHT="61">
            <String CONTENT="except" ID="Word_13360" HPOS="259" VPOS="2032" WIDTH="159" HEIGHT="39" />
            <SP ID="SP_11641" HPOS="419" VPOS="2025" WIDTH="21" HEIGHT="0" />
            <String CONTENT="in" ID="Word_13361" HPOS="441" VPOS="2025" WIDTH="47" HEIGHT="46" />
            <SP ID="SP_11642" HPOS="489" VPOS="2041" WIDTH="23" HEIGHT="0" />
            <String CONTENT="size." ID="Word_13362" HPOS="513" VPOS="2040" WIDTH="103" HEIGHT="30" />
            <SP ID="SP_11643" HPOS="617" VPOS="2024" WIDTH="68" HEIGHT="0" />
            <String CONTENT="He" ID="Word_13363" HPOS="686" VPOS="2024" WIDTH="74" HEIGHT="45" />
            <SP ID="SP_11644" HPOS="761" VPOS="2040" WIDTH="34" HEIGHT="0" />
            <String CONTENT="was" ID="Word_13364" HPOS="796" VPOS="2040" WIDTH="94" HEIGHT="29" />
            <SP ID="SP_11645" HPOS="891" VPOS="2040" WIDTH="31" HEIGHT="0" />
            <String CONTENT="nearly" ID="Word_13365" HPOS="923" VPOS="2024" WIDTH="159" HEIGHT="60" />
            <SP ID="SP_11646" HPOS="1083" VPOS="2023" WIDTH="32" HEIGHT="0" />
            <String CONTENT="five" ID="Word_13366" HPOS="1116" VPOS="2023" WIDTH="88" HEIGHT="46" />
            <SP ID="SP_11647" HPOS="1205" VPOS="2023" WIDTH="33" HEIGHT="0" />
            <String CONTENT="feet" ID="Word_13367" HPOS="1239" VPOS="2023" WIDTH="89" HEIGHT="46" />
            <SP ID="SP_11648" HPOS="1329" VPOS="2030" WIDTH="33" HEIGHT="0" />
            <String CONTENT="and" ID="Word_13368" HPOS="1363" VPOS="2023" WIDTH="91" HEIGHT="46" />
            <SP ID="SP_11649" HPOS="1455" VPOS="2023" WIDTH="29" HEIGHT="0" />
            <String CONTENT="a" ID="Word_13369" HPOS="1485" VPOS="2039" WIDTH="27" HEIGHT="29" />
            <SP ID="SP_11650" HPOS="1513" VPOS="2023" WIDTH="26" HEIGHT="0" />
            <String CONTENT="half" ID="Word_13370" HPOS="1540" VPOS="2023" WIDTH="102" HEIGHT="46" />
          </TextLine>
          <TextLine ID="TextLine_1725" HPOS="258" VPOS="2100" WIDTH="1378" HEIGHT="64">
            <String CONTENT="high," ID="Word_13371" HPOS="258" VPOS="2103" WIDTH="123" HEIGHT="61" />
            <SP ID="SP_11651" HPOS="382" VPOS="2118" WIDTH="35" HEIGHT="0" />
            <String CONTENT="and" ID="Word_13372" HPOS="418" VPOS="2103" WIDTH="90" HEIGHT="44" />
            <SP ID="SP_11652" HPOS="509" VPOS="2103" WIDTH="33" HEIGHT="0" />
            <String CONTENT="very" ID="Word_13373" HPOS="543" VPOS="2117" WIDTH="109" HEIGHT="45" />
            <SP ID="SP_11653" HPOS="653" VPOS="2117" WIDTH="34" HEIGHT="0" />
            <String CONTENT="strong" ID="Word_13374" HPOS="688" VPOS="2109" WIDTH="151" HEIGHT="53" />
            <SP ID="SP_11654" HPOS="840" VPOS="2117" WIDTH="31" HEIGHT="0" />
            <String CONTENT="and" ID="Word_13375" HPOS="872" VPOS="2101" WIDTH="90" HEIGHT="45" />
            <SP ID="SP_11655" HPOS="963" VPOS="2101" WIDTH="32" HEIGHT="0" />
            <String CONTENT="powerful." ID="Word_13376" HPOS="996" VPOS="2100" WIDTH="230" HEIGHT="61" />
            <SP ID="SP_11656" HPOS="1227" VPOS="2101" WIDTH="67" HEIGHT="0" />
            <String CONTENT="Mr" ID="Word_13377" HPOS="1295" VPOS="2101" WIDTH="76" HEIGHT="45" />
            <SP ID="SP_11657" HPOS="1372" VPOS="2101" WIDTH="22" HEIGHT="0" />
            <String CONTENT="May" ID="Word_13378" HPOS="1395" VPOS="2101" WIDTH="115" HEIGHT="60" />
            <SP ID="SP_11658" HPOS="1511" VPOS="2100" WIDTH="32" HEIGHT="0" />
            <String CONTENT="had" ID="Word_13379" HPOS="1544" VPOS="2100" WIDTH="92" HEIGHT="46" />
          </TextLine>
          <TextLine ID="TextLine_1726" HPOS="260" VPOS="2177" WIDTH="1374" HEIGHT="61">
            <String CONTENT="seen" ID="Word_13380" HPOS="260" VPOS="2196" WIDTH="104" HEIGHT="29" />
            <SP ID="SP_11659" HPOS="365" VPOS="2180" WIDTH="33" HEIGHT="0" />
            <String CONTENT="him" ID="Word_13381" HPOS="399" VPOS="2180" WIDTH="97" HEIGHT="44" />
            <SP ID="SP_11660" HPOS="497" VPOS="2186" WIDTH="32" HEIGHT="0" />
            <String CONTENT="take" ID="Word_13382" HPOS="530" VPOS="2186" WIDTH="108" HEIGHT="38" />
            <SP ID="SP_11661" HPOS="639" VPOS="2194" WIDTH="33" HEIGHT="0" />
            <String CONTENT="up" ID="Word_13383" HPOS="673" VPOS="2194" WIDTH="60" HEIGHT="44" />
            <SP ID="SP_11662" HPOS="734" VPOS="2178" WIDTH="32" HEIGHT="0" />
            <String CONTENT="his" ID="Word_13384" HPOS="767" VPOS="2178" WIDTH="71" HEIGHT="44" />
            <SP ID="SP_11663" HPOS="839" VPOS="2193" WIDTH="31" HEIGHT="0" />
            <String CONTENT="master," ID="Word_13385" HPOS="871" VPOS="2193" WIDTH="183" HEIGHT="38" />
            <SP ID="SP_11664" HPOS="1055" VPOS="2193" WIDTH="36" HEIGHT="0" />
            <String CONTENT="a" ID="Word_13386" HPOS="1092" VPOS="2193" WIDTH="26" HEIGHT="29" />
            <SP ID="SP_11665" HPOS="1119" VPOS="2193" WIDTH="33" HEIGHT="0" />
            <String CONTENT="stout" ID="Word_13387" HPOS="1153" VPOS="2183" WIDTH="123" HEIGHT="39" />
            <SP ID="SP_11666" HPOS="1277" VPOS="2183" WIDTH="32" HEIGHT="0" />
            <String CONTENT="man," ID="Word_13388" HPOS="1310" VPOS="2193" WIDTH="122" HEIGHT="38" />
            <SP ID="SP_11667" HPOS="1433" VPOS="2179" WIDTH="35" HEIGHT="0" />
            <String CONTENT="by" ID="Word_13389" HPOS="1469" VPOS="2179" WIDTH="62" HEIGHT="58" />
            <SP ID="SP_11668" HPOS="1532" VPOS="2183" WIDTH="22" HEIGHT="0" />
            <String CONTENT="the" ID="Word_13390" HPOS="1555" VPOS="2177" WIDTH="79" HEIGHT="45" />
          </TextLine>
          <TextLine ID="TextLine_1727" HPOS="260" VPOS="2252" WIDTH="1370" HEIGHT="64">
            <String CONTENT="middle," ID="Word_13391" HPOS="260" VPOS="2257" WIDTH="187" HEIGHT="54" />
            <SP ID="SP_11669" HPOS="448" VPOS="2271" WIDTH="35" HEIGHT="0" />
            <String CONTENT="and" ID="Word_13392" HPOS="484" VPOS="2256" WIDTH="90" HEIGHT="45" />
            <SP ID="SP_11670" HPOS="575" VPOS="2255" WIDTH="25" HEIGHT="0" />
            <String CONTENT="fling" ID="Word_13393" HPOS="601" VPOS="2255" WIDTH="109" HEIGHT="61" />
            <SP ID="SP_11671" HPOS="711" VPOS="2255" WIDTH="28" HEIGHT="0" />
            <String CONTENT="him" ID="Word_13394" HPOS="740" VPOS="2254" WIDTH="97" HEIGHT="45" />
            <SP ID="SP_11672" HPOS="838" VPOS="2252" WIDTH="33" HEIGHT="0" />
            <String CONTENT="from" ID="Word_13395" HPOS="872" VPOS="2252" WIDTH="114" HEIGHT="47" />
            <SP ID="SP_11673" HPOS="987" VPOS="2254" WIDTH="30" HEIGHT="0" />
            <String CONTENT="him" ID="Word_13396" HPOS="1018" VPOS="2253" WIDTH="97" HEIGHT="45" />
            <SP ID="SP_11674" HPOS="1116" VPOS="2252" WIDTH="30" HEIGHT="0" />
            <String CONTENT="for" ID="Word_13397" HPOS="1147" VPOS="2252" WIDTH="65" HEIGHT="46" />
            <SP ID="SP_11675" HPOS="1213" VPOS="2268" WIDTH="21" HEIGHT="0" />
            <String CONTENT="a" ID="Word_13398" HPOS="1235" VPOS="2268" WIDTH="26" HEIGHT="30" />
            <SP ID="SP_11676" HPOS="1262" VPOS="2268" WIDTH="21" HEIGHT="0" />
            <String CONTENT="pace" ID="Word_13399" HPOS="1284" VPOS="2268" WIDTH="108" HEIGHT="46" />
            <SP ID="SP_11677" HPOS="1393" VPOS="2268" WIDTH="29" HEIGHT="0" />
            <String CONTENT="or" ID="Word_13400" HPOS="1423" VPOS="2268" WIDTH="48" HEIGHT="31" />
            <SP ID="SP_11678" HPOS="1472" VPOS="2259" WIDTH="33" HEIGHT="0" />
            <String CONTENT="two;" ID="Word_13401" HPOS="1506" VPOS="2259" WIDTH="124" HEIGHT="48" />
          </TextLine>
          <TextLine ID="TextLine_1728" HPOS="261" VPOS="2330" WIDTH="1372" HEIGHT="63">
            <String CONTENT="and" ID="Word_13402" HPOS="261" VPOS="2334" WIDTH="91" HEIGHT="46" />
            <SP ID="SP_11679" HPOS="353" VPOS="2334" WIDTH="22" HEIGHT="0" />
            <String CONTENT="one" ID="Word_13403" HPOS="376" VPOS="2349" WIDTH="81" HEIGHT="30" />
            <SP ID="SP_11680" HPOS="458" VPOS="2333" WIDTH="22" HEIGHT="0" />
            <String CONTENT="day" ID="Word_13404" HPOS="481" VPOS="2333" WIDTH="90" HEIGHT="60" />
            <SP ID="SP_11681" HPOS="572" VPOS="2333" WIDTH="16" HEIGHT="0" />
            <String CONTENT="he" ID="Word_13405" HPOS="589" VPOS="2333" WIDTH="57" HEIGHT="45" />
            <SP ID="SP_11682" HPOS="647" VPOS="2347" WIDTH="18" HEIGHT="0" />
            <String CONTENT="seized" ID="Word_13406" HPOS="666" VPOS="2331" WIDTH="147" HEIGHT="46" />
            <SP ID="SP_11683" HPOS="814" VPOS="2331" WIDTH="16" HEIGHT="0" />
            <String CONTENT="a" ID="Word_13407" HPOS="831" VPOS="2346" WIDTH="27" HEIGHT="29" />
            <SP ID="SP_11684" HPOS="859" VPOS="2346" WIDTH="13" HEIGHT="0" />
            <String CONTENT="soldier," ID="Word_13408" HPOS="873" VPOS="2330" WIDTH="173" HEIGHT="54" />
            <SP ID="SP_11685" HPOS="1047" VPOS="2346" WIDTH="25" HEIGHT="0" />
            <String CONTENT="who" ID="Word_13409" HPOS="1073" VPOS="2330" WIDTH="101" HEIGHT="45" />
            <SP ID="SP_11686" HPOS="1175" VPOS="2330" WIDTH="22" HEIGHT="0" />
            <String CONTENT="happened" ID="Word_13410" HPOS="1198" VPOS="2330" WIDTH="238" HEIGHT="61" />
            <SP ID="SP_11687" HPOS="1437" VPOS="2330" WIDTH="20" HEIGHT="0" />
            <String CONTENT="to" ID="Word_13411" HPOS="1458" VPOS="2336" WIDTH="47" HEIGHT="39" />
            <SP ID="SP_11688" HPOS="1506" VPOS="2345" WIDTH="22" HEIGHT="0" />
            <String CONTENT="pass" ID="Word_13412" HPOS="1529" VPOS="2345" WIDTH="104" HEIGHT="47" />
          </TextLine>
          <TextLine ID="TextLine_1729" HPOS="261" VPOS="2406" WIDTH="1368" HEIGHT="65">
            <String CONTENT="carelessly" ID="Word_13413" HPOS="261" VPOS="2426" WIDTH="237" HEIGHT="45" />
            <SP ID="SP_11689" HPOS="499" VPOS="2426" WIDTH="21" HEIGHT="0" />
            <String CONTENT="near" ID="Word_13414" HPOS="521" VPOS="2425" WIDTH="109" HEIGHT="30" />
            <SP ID="SP_11690" HPOS="631" VPOS="2415" WIDTH="20" HEIGHT="0" />
            <String CONTENT="the" ID="Word_13415" HPOS="652" VPOS="2409" WIDTH="79" HEIGHT="45" />
            <SP ID="SP_11691" HPOS="732" VPOS="2414" WIDTH="22" HEIGHT="0" />
            <String CONTENT="tree" ID="Word_13416" HPOS="755" VPOS="2414" WIDTH="93" HEIGHT="39" />
            <SP ID="SP_11692" HPOS="849" VPOS="2413" WIDTH="22" HEIGHT="0" />
            <String CONTENT="to" ID="Word_13417" HPOS="872" VPOS="2413" WIDTH="46" HEIGHT="40" />
            <SP ID="SP_11693" HPOS="919" VPOS="2422" WIDTH="18" HEIGHT="0" />
            <String CONTENT="which" ID="Word_13418" HPOS="938" VPOS="2407" WIDTH="148" HEIGHT="45" />
            <SP ID="SP_11694" HPOS="1087" VPOS="2406" WIDTH="15" HEIGHT="0" />
            <String CONTENT="he" ID="Word_13419" HPOS="1103" VPOS="2406" WIDTH="58" HEIGHT="46" />
            <SP ID="SP_11695" HPOS="1162" VPOS="2422" WIDTH="17" HEIGHT="0" />
            <String CONTENT="was" ID="Word_13420" HPOS="1180" VPOS="2422" WIDTH="93" HEIGHT="31" />
            <SP ID="SP_11696" HPOS="1274" VPOS="2423" WIDTH="18" HEIGHT="0" />
            <String CONTENT="chained," ID="Word_13421" HPOS="1293" VPOS="2407" WIDTH="204" HEIGHT="55" />
            <SP ID="SP_11697" HPOS="1498" VPOS="2423" WIDTH="24" HEIGHT="0" />
            <String CONTENT="and," ID="Word_13422" HPOS="1523" VPOS="2408" WIDTH="106" HEIGHT="52" />
          </TextLine>
          <TextLine ID="TextLine_1730" HPOS="261" VPOS="2484" WIDTH="1372" HEIGHT="63">
            <String CONTENT="if" ID="Word_13423" HPOS="261" VPOS="2488" WIDTH="41" HEIGHT="46" />
            <SP ID="SP_11698" HPOS="303" VPOS="2488" WIDTH="12" HEIGHT="0" />
            <String CONTENT="his" ID="Word_13424" HPOS="316" VPOS="2489" WIDTH="70" HEIGHT="45" />
            <SP ID="SP_11699" HPOS="387" VPOS="2503" WIDTH="21" HEIGHT="0" />
            <String CONTENT="master" ID="Word_13425" HPOS="409" VPOS="2494" WIDTH="169" HEIGHT="39" />
            <SP ID="SP_11700" HPOS="579" VPOS="2488" WIDTH="20" HEIGHT="0" />
            <String CONTENT="had" ID="Word_13426" HPOS="600" VPOS="2486" WIDTH="91" HEIGHT="46" />
            <SP ID="SP_11701" HPOS="692" VPOS="2486" WIDTH="20" HEIGHT="0" />
            <String CONTENT="not" ID="Word_13427" HPOS="713" VPOS="2492" WIDTH="79" HEIGHT="38" />
            <SP ID="SP_11702" HPOS="793" VPOS="2487" WIDTH="20" HEIGHT="0" />
            <String CONTENT="been" ID="Word_13428" HPOS="814" VPOS="2487" WIDTH="114" HEIGHT="43" />
            <SP ID="SP_11703" HPOS="929" VPOS="2501" WIDTH="23" HEIGHT="0" />
            <String CONTENT="present," ID="Word_13429" HPOS="953" VPOS="2491" WIDTH="195" HEIGHT="54" />
            <SP ID="SP_11704" HPOS="1149" VPOS="2485" WIDTH="23" HEIGHT="0" />
            <String CONTENT="he" ID="Word_13430" HPOS="1173" VPOS="2485" WIDTH="57" HEIGHT="45" />
            <SP ID="SP_11705" HPOS="1231" VPOS="2500" WIDTH="23" HEIGHT="0" />
            <String CONTENT="would" ID="Word_13431" HPOS="1255" VPOS="2484" WIDTH="152" HEIGHT="46" />
            <SP ID="SP_11706" HPOS="1408" VPOS="2484" WIDTH="21" HEIGHT="0" />
            <String CONTENT="actually" ID="Word_13432" HPOS="1430" VPOS="2485" WIDTH="203" HEIGHT="62" />
          </TextLine>
          <TextLine ID="TextLine_1731" HPOS="260" VPOS="2562" WIDTH="922" HEIGHT="50">
            <String CONTENT="have" ID="Word_13433" HPOS="260" VPOS="2566" WIDTH="117" HEIGHT="46" />
            <SP ID="SP_11707" HPOS="378" VPOS="2581" WIDTH="22" HEIGHT="0" />
            <String CONTENT="earned" ID="Word_13434" HPOS="401" VPOS="2565" WIDTH="168" HEIGHT="47" />
            <SP ID="SP_11708" HPOS="570" VPOS="2565" WIDTH="21" HEIGHT="0" />
            <String CONTENT="the" ID="Word_13435" HPOS="592" VPOS="2573" WIDTH="77" HEIGHT="38" />
            <SP ID="SP_11709" HPOS="670" VPOS="2579" WIDTH="22" HEIGHT="0" />
            <String CONTENT="man" ID="Word_13436" HPOS="693" VPOS="2579" WIDTH="107" HEIGHT="30" />
            <SP ID="SP_11710" HPOS="801" VPOS="2563" WIDTH="23" HEIGHT="0" />
            <String CONTENT="into" ID="Word_13437" HPOS="825" VPOS="2563" WIDTH="94" HEIGHT="46" />
            <SP ID="SP_11711" HPOS="920" VPOS="2568" WIDTH="21" HEIGHT="0" />
            <String CONTENT="the" ID="Word_13438" HPOS="942" VPOS="2568" WIDTH="79" HEIGHT="40" />
            <SP ID="SP_11712" HPOS="1022" VPOS="2568" WIDTH="21" HEIGHT="0" />
            <String CONTENT="tree.”" ID="Word_13439" HPOS="1044" VPOS="2562" WIDTH="138" HEIGHT="46" />
          </TextLine>
        </TextBlock>
      </PrintSpace>
    </Page>
  </Layout>
</alto>
