2287 3957
1133 207 68 51 22

188 344 203 55 morbid
441 344 269 65 character,
765 361 376 35 consciousness
1182 342 43 54 is
1271 341 217 55 infected
1538 340 66 74 by
1649 340 86 56 the
1784 347 127 49 taint
1956 341 99 56 and
2105 342 41 56 is

188 419 204 53 morbid
418 419 121 53 also.
617 417 363 71 Accordingly,
1013 416 88 54 the
1140 416 191 54 lunatic
1373 417 201 71 appeals
1610 422 54 47 to
1700 422 88 48 the
1830 418 236 53 evidence
2098 419 54 53 of

188 493 80 53 his
297 512 111 33 own
435 510 376 35 consciousness
838 491 77 53 for
945 491 87 53 the
1057 490 145 53 truth
1230 490 56 53 of
1326 491 79 52 his
1432 490 361 54 hallucination
1820 509 55 35 or
1903 491 244 65 delusion,

191 567 101 53 and
317 567 173 52 insists
516 566 115 52 that
655 566 65 53 he
746 565 90 53 has
863 584 52 34 as
944 584 115 33 sure
1087 564 235 53 evidence
1349 564 55 53 of
1427 564 65 52 its
1519 565 174 70 reality
1712 584 53 33 as
1791 565 63 52 he
1880 565 89 52 has
1988 566 54 51 of
2064 566 85 52 the

191 646 268 47 argument
486 640 55 53 of
563 659 96 52 any
684 658 93 34 one
802 658 113 33 who
942 658 114 51 may
1083 644 80 64 try
1190 643 54 47 to
1272 638 239 52 convince
1537 638 106 52 him
1671 639 54 52 of
1748 638 76 52 his
1853 657 169 46 error;
2051 639 98 53 and

189 714 66 53 he
279 714 42 53 is
348 714 173 71 right:
558 719 55 47 to
641 733 29 34 a
695 731 117 35 man
838 713 112 52 who
989 712 89 52 has
1117 717 198 47 vertigo
1350 718 87 46 the
1462 711 157 53 world
1655 716 147 48 turns
1841 712 183 53 round.
2101 715 48 50 A

189 807 122 33 man
336 807 115 51 may
478 787 151 71 easily
646 786 63 54 be
735 786 262 53 conscious
1017 785 53 53 of
1093 785 206 53 freewill
1314 804 164 45 when,
1498 785 243 71 isolating
1767 791 87 47 the
1880 785 272 71 particular

189 861 191 53 mental
406 867 98 60 act,
532 861 64 52 he
623 866 111 48 cuts
763 859 204 53 himself
990 859 72 53 off
1083 860 133 51 from
1241 865 90 47 the
1363 859 372 53 consideration
1763 859 54 53 of
1857 865 87 47 the
1980 879 169 34 causes

190 935 168 52 which
397 934 128 54 have
558 933 247 73 preceded
838 934 59 65 it,
927 933 101 53 and
1068 952 69 33 on
1175 932 166 53 which
1374 933 42 52 it
1452 932 242 53 depends.
1774 937 34 25 "
1828 933 162 53 There
2015 934 43 52 is
2084 953 64 34 no

189 1008 188 53 force,”
407 1028 113 51 says
546 1008 251 65 Leibnitz,
827 1011 35 27 “
878 1008 52 52 in
955 1013 88 47 the
1067 1025 178 34 reason
1276 1006 195 53 alleged
1502 1006 65 72 by
1596 1007 283 64 Descartes,
1908 1013 53 46 to
1998 1027 152 51 prove

190 1083 87 52 the
303 1081 370 71 independence
699 1082 55 52 of
792 1100 93 34 our
924 1080 105 54 free
1071 1080 195 53 actions
1306 1079 67 72 by
1401 1100 27 33 a
1454 1081 273 70 pretended
1764 1081 149 71 lively
1939 1081 211 54 internal

191 1156 289 53 sentiment.
558 1156 53 52 It
637 1156 43 52 is
707 1175 52 33 as
786 1155 43 52 if
850 1161 86 47 the
961 1154 174 53 needle
1163 1154 184 53 should
1373 1160 117 47 take
1520 1154 229 71 pleasure
1773 1155 53 52 in
1860 1162 212 64 turning
2097 1162 52 47 to

190 1235 88 48 the
304 1230 186 66 north;
530 1229 78 53 for
633 1229 41 52 it
700 1228 169 53 would
896 1247 220 53 suppose
1144 1228 111 52 that
1280 1229 40 51 it
1347 1229 183 51 turned
1556 1229 395 71 independently
1979 1230 54 52 of
2056 1249 95 52 any

192 1308 145 48 other
378 1322 167 46 cause,
579 1308 93 48 not
712 1303 290 71 perceiving
1027 1302 88 53 the
1141 1301 271 53 insensible
1439 1308 219 47 motions
1687 1303 54 53 of
1777 1309 88 47 the
1899 1305 251 52 magnetic

191 1377 237 53 matter.”
506 1378 57 52 Is
589 1377 43 52 it
657 1382 91 48 not
776 1376 285 71 supremely
1086 1376 277 53 ridiculous
1395 1376 112 52 that
1533 1376 146 53 while
1706 1396 72 33 we
1810 1385 185 45 cannot
2019 1383 131 47 trust

192 1451 384 53 consciousness
614 1451 54 53 in
699 1469 55 35 so
795 1451 177 52 simple
1005 1470 28 33 a
1067 1455 182 48 matter
1283 1469 54 34 as
1365 1450 222 53 whether
1615 1469 71 34 we
1713 1469 81 34 are
1820 1451 91 53 hot
1937 1470 57 34 or
2019 1452 128 64 cold,

189 1544 75 34 we
290 1524 185 54 should
500 1524 63 54 be
589 1529 209 48 content
823 1530 55 47 to
904 1524 106 71 rely
1037 1524 210 71 entirely
1275 1543 65 34 on
1366 1524 65 52 its
1459 1524 237 53 evidence
1722 1525 53 52 in
1801 1530 87 48 the
1923 1525 225 54 complex

190 1618 315 51 phenomena
531 1598 56 54 of
610 1618 92 33 our
727 1598 205 53 highest
959 1598 189 52 mental
1174 1598 204 70 activity
1394 1597 22 54 ?
1495 1598 106 53 The
1625 1599 146 52 truth
1797 1599 61 66 is,
1885 1605 112 47 that
2018 1605 131 48 what

190 1672 91 53 has
308 1692 119 52 very
454 1673 141 52 often
632 1672 266 71 happened
939 1672 172 53 before
1145 1672 90 52 has
1265 1672 262 70 happened
1566 1672 146 66 here;
1754 1679 87 47 the
1877 1673 189 71 quality
2094 1693 53 33 or

192 1747 244 52 attribute
453 1746 55 54 of
531 1747 377 52 consciousness
934 1746 91 53 has
1052 1745 127 54 been
1206 1745 285 54 abstracted
1517 1747 130 52 from
1674 1754 87 46 the
1789 1765 243 48 concrete,
2053 1748 94 53 and

190 1825 89 49 the
320 1820 308 54 abstraction
662 1827 125 46 then
831 1820 275 53 converted
1142 1820 109 53 into
1288 1839 63 34 an
1390 1825 192 65 entity;
1635 1826 88 48 the
1765 1821 243 54 attribute
2059 1822 87 53 has

191 1894 360 72 miraculously
577 1899 90 66 got
700 1894 80 53 rid
807 1894 56 53 of
896 1894 67 53 its
996 1893 284 66 substance,
1309 1894 99 53 and
1443 1895 125 52 with
1599 1914 28 33 a
1664 1894 281 54 wonderful
1984 1915 161 34 assur-

191 1987 122 34 ance
339 1968 236 53 assumed
600 1974 87 47 the
714 1968 142 53 office
883 1969 55 52 of
969 1968 225 71 judging
1219 1987 141 52 upon
1386 1967 66 54 its
1479 1973 198 49 nature.
1755 1968 268 55 Descartes
2050 1990 96 33 was

189 2041 56 53 in
270 2042 104 52 this
401 2061 113 34 case
538 2048 86 47 the
652 2061 162 34 clever
841 2042 274 66 architect;
1152 2041 100 53 and
1283 2042 78 52 his
1399 2061 196 34 success
1638 2043 89 52 has
1759 2043 128 71 fully
1924 2044 223 70 justified

189 2116 80 52 his
303 2135 109 34 art:
446 2115 147 54 while
633 2120 88 48 the
749 2115 364 71 metaphysical
1151 2121 140 66 stage
1316 2116 55 52 of
1411 2116 192 53 human
1631 2116 351 72 development
2007 2118 137 66 lasts,

188 2189 79 53 his
294 2189 142 53 work
463 2190 100 52 will
592 2189 259 53 doubtless
879 2190 205 52 endure.

263 2263 135 53 That
441 2269 87 47 the
569 2263 276 53 subjective
887 2264 227 65 method,
1152 2269 86 47 the
1275 2263 209 54 method
1527 2263 55 54 of
1622 2264 370 73 interrogating
2033 2267 111 52 self-

189 2337 403 65 consciousness,
618 2337 43 53 is
688 2342 92 47 not
808 2336 244 54 adequate
1078 2342 54 48 to
1159 2343 89 48 the
1275 2344 346 48 construction
1656 2340 56 52 of
1754 2359 28 33 a
1822 2348 111 45 true
1959 2340 188 54 mental

187 2411 211 65 science,
438 2411 91 53 has
574 2430 114 34 now
734 2411 277 71 seemingly
1037 2411 129 53 been
1207 2412 300 72 sufficiently
1544 2413 317 54 established.
1939 2415 122 52 This
2105 2416 38 52 is

187 2490 93 47 not
316 2491 54 46 to
410 2504 86 51 say
522 2485 112 52 that
669 2487 43 51 it
752 2485 41 53 is
838 2486 295 65 worthless;
1173 2486 78 52 for
1291 2505 145 33 when
1470 2492 92 47 not
1596 2488 219 52 strained
1849 2488 199 71 beyond
2082 2489 61 52 its

189 2559 330 70 capabilities,
548 2559 66 52 its
642 2558 182 53 results
851 2578 132 52 may,
1009 2559 56 52 in
1090 2559 87 53 the
1203 2560 163 52 hands
1394 2560 55 52 of
1471 2567 287 65 competent
1783 2581 131 46 men,
1944 2562 60 54 be
2030 2583 111 51 very

185 2633 185 52 useful.
447 2632 335 54 D’Alembert
827 2652 258 34 compares
1112 2633 171 53 Locke
1323 2639 54 47 to
1403 2634 241 66 Newton,
1680 2635 98 53 and
1821 2636 173 54 makes
2034 2637 39 53 it
2116 2658 26 32 a

186 2706 184 71 special
410 2706 162 71 praise
615 2712 54 48 to
711 2708 106 52 him
860 2707 113 52 that
1009 2707 65 53 he
1109 2727 99 33 was
1243 2713 209 48 content
1486 2715 52 46 to
1577 2709 216 54 descend
1825 2711 193 66 within,
2046 2711 96 53 and

186 2785 127 47 after
339 2780 191 71 having
556 2780 369 54 contemplated
959 2780 208 54 himself
1203 2782 78 52 for
1309 2802 29 32 a
1363 2781 124 71 long
1515 2783 162 65 while,
1705 2784 64 53 he
1802 2785 262 70 presented
2090 2786 51 51 in

184 2854 79 52 his
293 2858 15 23 ‘
328 2854 194 53 Essay3
562 2859 88 48 the
675 2855 178 52 mirror
878 2855 53 52 in
957 2855 164 53 which
1148 2855 64 53 he
1244 2856 100 53 had
1380 2875 118 34 seen
1533 2857 229 67 himself;
1807 2865 32 22 “
1855 2859 52 53 in
1935 2879 29 33 a
1989 2860 148 62 word,

185 2927 64 53 he
274 2927 219 54 reduced
518 2928 312 71 psychology
856 2933 53 49 to
938 2933 111 49 that
1074 2929 165 53 which
1265 2931 41 52 it
1338 2930 185 53 should
1557 2930 79 66 be,
1663 2938 88 47 the
1785 2933 354 53 experimental

184 3001 202 70 physics
415 3002 55 52 of
505 3007 87 48 the
631 3002 195 53 mind.”
902 3002 106 54 But
1035 3003 41 52 it
1104 3023 96 33 was
1227 3009 92 47 not
1345 3002 212 55 because
1584 3006 54 52 of
1671 3006 101 53 this
1800 3007 222 66 method,
2050 3007 90 53 but

185 3076 53 50 in
268 3075 129 71 spite
424 3076 56 52 of
505 3076 58 64 it,
590 3076 114 53 that
731 3077 172 52 Locke
929 3095 99 35 was
1056 3084 191 64 greatly
1275 3079 311 66 successful;
1638 3079 41 53 it
1706 3100 98 33 was
1843 3080 210 54 because
2078 3081 60 53 he

183 3148 265 70 possessed
474 3169 28 32 a
528 3150 245 70 powerful
800 3150 97 53 and
925 3151 385 53 well-balanced
1349 3152 158 65 mind,
1536 3152 87 54 the
1662 3153 157 54 direct
1857 3161 279 47 utterances

185 3222 56 52 of
278 3221 167 54 which
471 3222 62 53 he
561 3223 241 71 sincerely
829 3225 280 69 expressed,
1139 3225 111 53 that
1277 3231 85 47 the
1394 3225 182 54 results
1605 3226 162 54 which
1795 3228 64 53 he
1886 3235 249 59 obtained,

184 3295 53 52 in
265 3295 247 53 whatever
539 3297 376 53 nomenclature
940 3302 119 67 they
1088 3318 112 51 may
1227 3298 62 54 be
1323 3299 219 66 clothed,
1571 3320 82 34 are
1688 3302 98 52 and
1813 3321 113 34 ever
1952 3302 98 53 will
2077 3302 58 53 be

183 3369 262 66 valuable;
498 3375 120 66 they
646 3389 82 34 are
746 3377 95 46 the
867 3371 416 54 self-revelations
1321 3374 55 52 of
1413 3392 64 34 an
1512 3375 292 71 excellently
1831 3375 302 54 constituted

183 3443 100 53 and
325 3443 338 53 well-trained
708 3445 158 53 mind.
944 3446 108 52 The
1090 3446 339 72 insufficiency
1466 3448 56 52 of
1557 3454 87 47 the
1688 3450 206 52 method
1933 3449 123 53 used
2093 3450 39 52 is

180 3516 192 71 proved
397 3516 68 71 by
491 3517 87 53 the
616 3518 103 53 fact
752 3523 115 48 that
899 3524 167 48 others
1106 3519 247 73 adopting
1386 3522 59 65 it,
1473 3521 92 52 but
1596 3523 226 71 wanting
1855 3524 79 52 his
1970 3523 161 53 sound

182 3609 159 46 sense,
396 3590 209 71 directly
656 3592 343 53 contradicted
1051 3593 106 53 him
1209 3599 49 48 at
1310 3600 87 46 the
1448 3600 137 61 time,
1638 3597 97 52 and
1787 3597 64 52 do
1907 3617 55 33 so
2013 3597 114 52 still.

178 3663 377 67 Furthermore,
583 3666 171 53 Locke
784 3665 85 54 did
897 3673 89 46 not
1019 3669 197 56 confine
1252 3668 203 53 himself
1484 3676 51 46 to
1569 3669 84 53 the
1689 3671 361 59 interrogation
2081 3670 52 52 of
