1895 3217
791 344 89 48 109

506 938 110 39 THE
644 938 209 39 ACTIVE
884 937 220 40 GIBBON.

499 1043 218 49 Hylohates
735 1044 230 48 agilis.—F.
989 1042 167 39 Cuvier.

706 1148 136 38 Plate
859 1149 46 38 V,

133 1256 54 36 Lc
219 1254 237 47 Wow-wow,
497 1256 190 37 Frederic
743 1254 162 46 Cuvier,
943 1253 186 38 Histoire
1163 1253 219 38 Naturelle
1428 1255 67 37 des

187 1320 278 37 Mammiferes
538 1321 203 36 Hylobates
760 1321 114 46 agilis,
893 1320 62 36 the
982 1318 134 38 Active
1140 1319 159 46 Gibbon,
1320 1319 176 47 Griffith,

182 1385 169 37 Animal
367 1386 213 47 Kingdom,
599 1399 74 23 vol.
697 1398 147 24 v.—Le
864 1384 146 37 Gibbon
1031 1385 117 45 Brun,
1176 1385 162 43 Cuvier,
1356 1385 140 47 Regne

181 1452 177 43 Animal,
377 1453 73 35 vol.
475 1453 23 35 i.
522 1465 34 35 p.
577 1451 64 39 90.

198 1557 117 45 This
354 1572 110 45 very
502 1562 146 39 active
684 1555 170 46 animal
898 1555 198 46 inhabits
1139 1555 79 45 the
1261 1554 156 47 forests
1455 1554 49 47 of

131 1633 227 54 Sumatra,
406 1648 148 30 where
598 1632 38 45 it
680 1632 37 46 is
761 1633 170 45 known
974 1632 144 45 under
1160 1638 79 39 the
1283 1647 135 30 name
1454 1631 51 47 of

141 1709 249 61 Ungaputi.
458 1709 44 46 It
521 1724 185 46 appears
720 1715 46 40 to
781 1709 117 45 have
920 1710 113 45 been
1047 1708 97 46 first
1158 1708 179 46 noticed
1350 1710 62 59 by
1427 1709 71 47 Sir

133 1786 227 46 Stamford
383 1785 180 54 Raffles,
579 1792 47 39 to
642 1786 150 45 whom
812 1785 245 61 specimens
1081 1800 117 30 were
1220 1786 192 45 brought
1434 1786 64 60 by

134 1863 121 44 MM.
291 1862 141 46 Diard
463 1863 90 45 and
575 1863 249 53 Duvancel,
845 1863 101 45 who
971 1877 117 30 were
1115 1860 66 46 for
1201 1877 143 45 many
1367 1877 131 45 years

133 1939 48 44 in
217 1946 78 38 the
331 1954 91 45 pay
459 1940 90 43 and
583 1939 307 60 employment
921 1938 50 46 of
1001 1939 91 44 this
1125 1944 118 38 most
1266 1939 232 45 assiduous

136 2015 255 44 naturalist.
461 2015 145 44 These
639 2021 255 54 gentlemen
928 2015 92 45 also
1050 2021 99 38 sent
1178 2013 245 46 specimens
1452 2021 47 38 to

136 2089 79 45 the
240 2090 124 45 Paris
389 2090 279 54 Collections,
702 2090 148 45 which
880 2091 155 44 served
1065 2105 48 30 as
1137 2090 142 45 copies
1302 2089 66 47 for
1391 2091 109 45 Fre-

137 2166 117 45 deric
278 2166 179 54 Cuvier,
481 2166 47 45 in
565 2166 71 45 his
669 2172 123 55 great
815 2167 89 44 and
927 2167 175 45 elegant
1126 2167 123 45 work
1279 2183 119 45 upon
1421 2169 79 45 the

138 2242 296 54 Mammaliae,
467 2243 90 44 and
593 2243 148 44 which
780 2258 69 29 we
879 2243 116 44 have
1023 2242 141 62 freely
1197 2244 111 44 used
1340 2243 47 45 in
1421 2245 79 45 the

136 2334 196 45 progress
366 2317 51 47 of
441 2333 79 31 our
552 2324 178 55 present
763 2319 118 45 little
914 2319 192 46 volume.
1174 2320 66 44 M.
1266 2320 235 46 Duvancel

138 2410 92 30 also
266 2401 99 39 sent
391 2401 47 40 to
469 2395 125 45 Paris
629 2395 303 61 descriptions,
968 2396 149 45 which
1148 2411 117 30 were
1298 2398 111 44 used
1436 2397 65 45 for

138 2477 80 38 the
263 2471 424 45 above-mentioned
737 2487 140 41 work,
930 2472 90 45 and
1071 2472 148 45 which
1264 2488 74 30 are
1395 2488 105 30 now

137 2546 159 46 united
336 2547 113 45 with
485 2548 125 45 what
634 2547 289 47 information
947 2564 69 30 we
1038 2549 116 45 have
1177 2549 112 45 been
1320 2550 99 44 able
1452 2555 47 40 to

137 2637 179 45 procure
340 2624 251 45 elsewhere.
