1817 3171
714 255 288 30 Humboldt’s
1028 255 281 31 lagothrix.

345 244 90 47 174

339 385 80 54 yet
452 379 279 62 imperfectly
754 381 195 53 known;
986 380 95 46 said
1104 386 45 40 to
1180 379 176 48 inhabit
1388 381 174 55 Brasil;
1599 381 50 47 of
1672 398 28 30 a

337 457 183 59 grayish
544 457 80 45 ash
648 472 160 40 colour,
829 457 114 46 with
957 458 178 45 reddish
1157 458 131 55 head,
1308 459 159 54 hands,
1489 460 89 44 and
1602 461 96 44 tail.

341 535 97 45 The
472 534 140 55 other,
648 535 252 45 discovered
944 536 62 60 by
1041 536 255 45 Humboldt
1337 537 90 44 and
1472 537 226 46 described

337 612 62 59 by
422 612 96 44 him
542 612 142 45 under
705 618 78 40 the
809 628 134 30 name
977 612 50 46 of
1057 612 221 60 Caparro,
1309 614 81 45 has
1424 615 112 44 been
1571 614 127 45 dedi-

337 688 128 45 cated
498 689 62 61 by
584 688 210 62 Geoffroy
816 695 46 39 to
896 689 101 45 that
1030 690 255 54 naturalist,
1311 691 90 44 and
1436 691 94 45 will
1564 691 133 45 stand

335 763 47 45 in
418 780 79 30 our
540 781 193 45 systems
768 781 48 29 as
852 765 245 45 Lagothrix
1133 765 299 46 Humboldtii.
1546 767 45 45 It
1625 767 72 46 in-

335 841 149 45 habits
502 842 78 44 the
597 843 143 44 banks
759 842 50 45 of
823 842 78 45 the
920 842 241 53 Guaviare,
1183 858 81 29 one
1283 841 48 46 of
1345 849 78 38 the
1440 845 257 44 tributaries

335 916 51 46 of
411 918 78 45 the
513 917 245 55 Oronooko,
791 934 149 30 where
973 918 37 45 it
1044 933 94 30 was
1173 919 253 45 discovered
1458 921 62 59 by
1544 920 153 44 Hum-

335 994 126 45 boldt
495 995 90 45 and
617 995 250 60 Bonpland,
902 995 48 45 in
982 995 79 45 the
1093 995 85 44 hut
1212 994 51 46 of
1289 1010 57 30 an
1382 995 177 54 Indian,
1597 996 100 46 who

333 1070 92 47 had
454 1073 140 44 taken
627 1071 35 46 it
697 1072 47 45 in
774 1088 57 29 an
861 1071 231 46 excursion
1120 1078 46 39 to
1193 1078 79 39 the
1297 1078 125 39 west.
1491 1073 45 45 It
1570 1073 37 45 is
1641 1088 57 30 an

335 1148 170 46 animal
529 1147 50 47 of
603 1149 299 45 considerable
926 1148 103 55 size,
1054 1150 132 60 being
1209 1151 136 43 about
1368 1155 91 39 two
1487 1148 88 46 feet
1606 1156 92 38 two

334 1225 152 46 inches
509 1226 47 45 in
577 1226 171 61 length,
775 1226 224 45 exclusive
1030 1225 50 46 of
1105 1232 79 38 the
1214 1226 96 44 tail.
1380 1226 97 45 The
1510 1226 117 45 head
1660 1226 37 45 is

332 1318 158 37 round,
516 1303 90 45 and
629 1302 247 62 singularly
898 1303 134 44 large.
1091 1303 96 44 The
1211 1302 99 45 hair
1332 1302 37 45 is
1392 1302 117 61 long,
1530 1308 164 46 strong,

335 1379 90 45 and
463 1379 246 61 uniformly
745 1378 51 46 of
825 1395 28 29 a
890 1385 168 39 martin
1097 1395 144 45 gray;
1287 1379 168 61 having
1490 1385 78 38 the
1606 1379 89 60 tips

335 1456 143 45 black.
546 1456 100 45 The
669 1455 93 46 face
785 1455 37 46 is
845 1455 149 45 naked
1018 1455 89 45 and
1137 1456 144 52 black,
1314 1456 84 44 but
1428 1462 79 38 the
1536 1455 160 45 mouth

331 1532 38 45 is
409 1532 275 46 surrounded
710 1533 62 60 by
804 1532 105 61 long
941 1532 91 45 and
1071 1531 101 46 stiff
1207 1531 189 46 bristles.
1467 1532 97 44 The
1597 1532 97 52 tail,

333 1609 185 60 slightly
556 1609 153 45 longer
751 1609 113 44 than
909 1609 79 44 the
1031 1608 134 60 body,
1211 1608 38 45 is
1293 1608 265 60 prehensile,
1604 1609 90 44 and

331 1687 149 44 naked
524 1692 48 39 at
615 1692 79 39 the
738 1684 260 46 extremity.
1073 1685 132 60 They
1243 1684 90 45 live
1371 1683 48 46 in
1451 1699 242 30 numerous

331 1764 157 53 bands,
514 1763 90 45 and
626 1777 74 30 are
723 1760 253 62 frequently
1001 1777 118 38 seen,
1139 1776 105 30 says
1264 1761 268 53 Humboldt,
1551 1761 145 45 raised

331 1855 120 45 upon
473 1840 79 45 the
574 1839 160 45 hinder
755 1837 290 47 extremities.
1122 1838 91 45 We
1237 1853 73 30 are
1332 1843 79 39 not
1435 1852 147 30 aware
1606 1836 49 46 of
1670 1852 26 30 a

332 1916 222 60 specimen
585 1915 50 46 of
660 1916 91 46 this
780 1914 169 46 animal
983 1914 47 45 in
1064 1929 92 46 any
1188 1914 49 45 of
1262 1921 78 38 the
1369 1913 250 46 collections
1649 1913 47 44 in

330 1994 92 45 this
445 1999 205 55 country.

395 2147 90 46 We
502 2152 124 40 must
643 2161 104 30 now
762 2145 195 46 describe
972 2144 187 46 another
1173 2143 126 55 form,
1315 2142 210 46 included
1547 2142 47 45 in
1618 2142 78 46 the

330 2239 139 46 genus
498 2223 142 47 Cebus
664 2222 50 47 of
730 2222 239 46 Xerleben.
1039 2222 97 44 The
1160 2220 192 46 animals
1391 2218 235 47 contained
1649 2218 47 45 in

329 2302 92 44 this
435 2316 155 46 genus,
601 2299 173 46 exhibit
789 2305 124 56 gi’eat
928 2297 214 61 activity;
1163 2312 73 31 are
1246 2297 219 45 excellent
1475 2295 218 53 climbers,

330 2378 91 45 and
435 2377 47 46 in
497 2378 62 45 all
572 2377 118 46 their
704 2392 220 30 members
940 2376 124 45 show
1078 2381 124 55 great
1217 2373 263 47 adaptation
1499 2371 63 45 for
1575 2388 26 28 a
1618 2372 77 44 sil-

330 2470 91 31 van
437 2455 90 45 life.
570 2455 98 45 The
681 2453 90 47 fore
788 2454 144 45 hands
952 2468 73 30 are
1035 2467 109 46 very
1152 2458 214 55 perfectly
1376 2449 180 52 fonned,
1573 2463 121 30 more

333 2548 45 30 so
393 2538 112 40 than
523 2538 127 40 those
665 2530 49 48 of
729 2538 78 39 the
824 2531 219 45 monkeys
1060 2527 49 48 of
1123 2529 77 45 the
1219 2528 88 46 Old
1325 2527 258 51 Continent,
1603 2523 91 47 and
