<?xml version="1.0" encoding="UTF-8"?>
<alto xmlns="http://www.loc.gov/standards/alto/ns-v2#" xmlns:xsi="http://www.w3.org/2001/XMLSchema-instance" xsi:schemaLocation="http://www.loc.gov/standards/alto/ns-v2# http://www.loc.gov/standards/alto/alto.xsd">
  <Description>
    <MeasurementUnit>pixel</MeasurementUnit>
    <sourceImageInformation>
      <fileName>b21273911_abbyy.xml</fileName>
    </sourceImageInformation>
    <OCRProcessing ID="OCR_1">
      <preProcessingStep>
        <processingDateTime>2014-10-24T02:15:27</processingDateTime>
        <processingAgency>intranda GmbH, www.intranda.com</processingAgency>
        <processingSoftware>
          <softwareCreator>intranda GmbH, Germany</softwareCreator>
          <softwareName>intranda OCR Module for TaskManager</softwareName>
          <softwareVersion>1.0r42</softwareVersion>
        </processingSoftware>
      </preProcessingStep>
      <ocrProcessingStep>
        <processingSoftware>
          <softwareCreator>ABBYY (BIT Software), Russia</softwareCreator>
          <softwareName>FineReader Engine</softwareName>
          <softwareVersion>10</softwareVersion>
        </processingSoftware>
      </ocrProcessingStep>
    </OCRProcessing>
  </Description>
  <Layout>
    <Page PHYSICAL_IMG_NR="136" ID="PAGE_136" WIDTH="2113" HEIGHT="3404">
      <TopMargin ID="TopMargin_1" HPOS="318" VPOS="135" WIDTH="1151" HEIGHT="54">
        <TextBlock ID="TextBlock_458" HPOS="318" VPOS="135" WIDTH="1151" HEIGHT="54">
          <TextLine ID="TextLine_4881" HPOS="318" VPOS="135" WIDTH="82" HEIGHT="39">
            <String ID="Word_49130" HPOS="318" VPOS="135" WIDTH="82" HEIGHT="39" CONTENT="120" />
          </TextLine>
          <TextLine ID="TextLine_4882" HPOS="816" VPOS="151" WIDTH="653" HEIGHT="38">
            <String ID="Word_49131" HPOS="816" VPOS="151" WIDTH="87" HEIGHT="35" CONTENT="THE" />
            <SP ID="SP_44254" HPOS="903" VPOS="151" WIDTH="33" HEIGHT="0" />
            <String ID="Word_49132" HPOS="936" VPOS="155" WIDTH="241" HEIGHT="32" CONTENT="DISOKDKKS" />
            <SP ID="SP_44255" HPOS="1177" VPOS="155" WIDTH="33" HEIGHT="0" />
            <String ID="Word_49133" HPOS="1210" VPOS="157" WIDTH="52" HEIGHT="31" CONTENT="OF" />
            <SP ID="SP_44256" HPOS="1262" VPOS="157" WIDTH="33" HEIGHT="0" />
            <String ID="Word_49134" HPOS="1295" VPOS="159" WIDTH="174" HEIGHT="30" CONTENT="SI'KKCII." />
          </TextLine>
        </TextBlock>
      </TopMargin>
      <PrintSpace ID="PrintSpace_137" HPOS="308" VPOS="262" WIDTH="1634" HEIGHT="2738">
        <TextBlock ID="TextBlock_457" HPOS="308" VPOS="262" WIDTH="1634" HEIGHT="2738">
          <TextLine ID="TextLine_4883" HPOS="317" VPOS="268" WIDTH="1613" HEIGHT="66">
            <String ID="Word_49135" HPOS="317" VPOS="278" WIDTH="70" HEIGHT="28" CONTENT="are" />
            <SP ID="SP_44257" HPOS="387" VPOS="271" WIDTH="25" HEIGHT="0" />
            <String ID="Word_49136" HPOS="412" VPOS="271" WIDTH="74" HEIGHT="37" CONTENT="not" />
            <SP ID="SP_44258" HPOS="486" VPOS="268" WIDTH="22" HEIGHT="0" />
            <String ID="Word_49137" HPOS="508" VPOS="268" WIDTH="192" HEIGHT="56" CONTENT="speedily" />
            <SP ID="SP_44259" HPOS="700" VPOS="268" WIDTH="26" HEIGHT="0" />
            <String ID="Word_49138" HPOS="726" VPOS="271" WIDTH="414" HEIGHT="59" CONTENT="forgotten,—being" />
            <SP ID="SP_44260" HPOS="1140" VPOS="274" WIDTH="22" HEIGHT="0" />
            <String ID="Word_49139" HPOS="1162" VPOS="276" WIDTH="193" HEIGHT="42" CONTENT="retained" />
            <SP ID="SP_44261" HPOS="1355" VPOS="276" WIDTH="31" HEIGHT="0" />
            <String ID="Word_49140" HPOS="1386" VPOS="291" WIDTH="46" HEIGHT="27" CONTENT="as" />
            <SP ID="SP_44262" HPOS="1432" VPOS="277" WIDTH="26" HEIGHT="0" />
            <String ID="Word_49141" HPOS="1458" VPOS="277" WIDTH="210" HEIGHT="41" CONTENT="elements" />
            <SP ID="SP_44263" HPOS="1668" VPOS="277" WIDTH="31" HEIGHT="0" />
            <String ID="Word_49142" HPOS="1699" VPOS="278" WIDTH="43" HEIGHT="40" CONTENT="of" />
            <SP ID="SP_44264" HPOS="1742" VPOS="278" WIDTH="32" HEIGHT="0" />
            <String ID="Word_49143" HPOS="1774" VPOS="279" WIDTH="156" HEIGHT="43" CONTENT="Speech" />
          </TextLine>
          <TextLine ID="TextLine_4884" HPOS="322" VPOS="335" WIDTH="371" HEIGHT="57">
            <String ID="Word_49144" HPOS="322" VPOS="335" WIDTH="266" HEIGHT="57" CONTENT="throughout" />
            <SP ID="SP_44265" HPOS="588" VPOS="335" WIDTH="21" HEIGHT="0" />
            <String ID="Word_49145" HPOS="609" VPOS="339" WIDTH="84" HEIGHT="43" CONTENT="life." />
          </TextLine>
          <TextLine ID="TextLine_4885" HPOS="377" VPOS="407" WIDTH="1553" HEIGHT="65">
            <String ID="Word_49146" HPOS="377" VPOS="407" WIDTH="136" HEIGHT="43" CONTENT="These" />
            <SP ID="SP_44266" HPOS="513" VPOS="407" WIDTH="32" HEIGHT="0" />
            <String ID="Word_49147" HPOS="545" VPOS="409" WIDTH="103" HEIGHT="42" CONTENT="then" />
            <SP ID="SP_44267" HPOS="648" VPOS="409" WIDTH="33" HEIGHT="0" />
            <String ID="Word_49148" HPOS="681" VPOS="425" WIDTH="70" HEIGHT="28" CONTENT="are" />
            <SP ID="SP_44268" HPOS="751" VPOS="412" WIDTH="34" HEIGHT="0" />
            <String ID="Word_49149" HPOS="785" VPOS="412" WIDTH="72" HEIGHT="42" CONTENT="the" />
            <SP ID="SP_44269" HPOS="857" VPOS="412" WIDTH="37" HEIGHT="0" />
            <String ID="Word_49150" HPOS="894" VPOS="413" WIDTH="120" HEIGHT="42" CONTENT="three" />
            <SP ID="SP_44270" HPOS="1014" VPOS="413" WIDTH="39" HEIGHT="0" />
            <String ID="Word_49151" HPOS="1053" VPOS="415" WIDTH="219" HEIGHT="40" CONTENT="functions" />
            <SP ID="SP_44271" HPOS="1272" VPOS="414" WIDTH="39" HEIGHT="0" />
            <String ID="Word_49152" HPOS="1311" VPOS="414" WIDTH="96" HEIGHT="41" CONTENT="that" />
            <SP ID="SP_44272" HPOS="1407" VPOS="414" WIDTH="36" HEIGHT="0" />
            <String ID="Word_49153" HPOS="1443" VPOS="428" WIDTH="70" HEIGHT="28" CONTENT="are" />
            <SP ID="SP_44273" HPOS="1513" VPOS="415" WIDTH="39" HEIGHT="0" />
            <String ID="Word_49154" HPOS="1552" VPOS="415" WIDTH="181" HEIGHT="43" CONTENT="fulfilled" />
            <SP ID="SP_44274" HPOS="1733" VPOS="415" WIDTH="38" HEIGHT="0" />
            <String ID="Word_49155" HPOS="1771" VPOS="418" WIDTH="55" HEIGHT="54" CONTENT="by" />
            <SP ID="SP_44275" HPOS="1826" VPOS="418" WIDTH="36" HEIGHT="0" />
            <String ID="Word_49156" HPOS="1862" VPOS="421" WIDTH="68" HEIGHT="44" CONTENT="the" />
          </TextLine>
          <TextLine ID="TextLine_4886" HPOS="316" VPOS="478" WIDTH="1613" HEIGHT="64">
            <String ID="Word_49157" HPOS="316" VPOS="478" WIDTH="187" HEIGHT="42" CONTENT="exercise" />
            <SP ID="SP_44276" HPOS="503" VPOS="478" WIDTH="21" HEIGHT="0" />
            <String ID="Word_49158" HPOS="524" VPOS="481" WIDTH="44" HEIGHT="39" CONTENT="of" />
            <SP ID="SP_44277" HPOS="568" VPOS="479" WIDTH="22" HEIGHT="0" />
            <String ID="Word_49159" HPOS="590" VPOS="479" WIDTH="73" HEIGHT="43" CONTENT="the" />
            <SP ID="SP_44278" HPOS="663" VPOS="479" WIDTH="21" HEIGHT="0" />
            <String ID="Word_49160" HPOS="684" VPOS="481" WIDTH="157" HEIGHT="43" CONTENT="Voice:" />
            <SP ID="SP_44279" HPOS="841" VPOS="481" WIDTH="36" HEIGHT="0" />
            <String ID="Word_49161" HPOS="877" VPOS="482" WIDTH="75" HEIGHT="54" CONTENT="(1.)" />
            <SP ID="SP_44280" HPOS="952" VPOS="482" WIDTH="34" HEIGHT="0" />
            <String ID="Word_49162" HPOS="986" VPOS="483" WIDTH="42" HEIGHT="41" CONTENT="It" />
            <SP ID="SP_44281" HPOS="1028" VPOS="483" WIDTH="23" HEIGHT="0" />
            <String ID="Word_49163" HPOS="1051" VPOS="483" WIDTH="35" HEIGHT="41" CONTENT="is" />
            <SP ID="SP_44282" HPOS="1086" VPOS="483" WIDTH="23" HEIGHT="0" />
            <String ID="Word_49164" HPOS="1109" VPOS="497" WIDTH="24" HEIGHT="27" CONTENT="a" />
            <SP ID="SP_44283" HPOS="1133" VPOS="483" WIDTH="23" HEIGHT="0" />
            <String ID="Word_49165" HPOS="1156" VPOS="483" WIDTH="178" HEIGHT="54" CONTENT="healthy" />
            <SP ID="SP_44284" HPOS="1334" VPOS="483" WIDTH="18" HEIGHT="0" />
            <String ID="Word_49166" HPOS="1352" VPOS="484" WIDTH="187" HEIGHT="42" CONTENT="exercise" />
            <SP ID="SP_44285" HPOS="1539" VPOS="484" WIDTH="23" HEIGHT="0" />
            <String ID="Word_49167" HPOS="1562" VPOS="485" WIDTH="63" HEIGHT="41" CONTENT="for" />
            <SP ID="SP_44286" HPOS="1625" VPOS="485" WIDTH="15" HEIGHT="0" />
            <String ID="Word_49168" HPOS="1640" VPOS="486" WIDTH="72" HEIGHT="41" CONTENT="the" />
            <SP ID="SP_44287" HPOS="1712" VPOS="486" WIDTH="23" HEIGHT="0" />
            <String ID="Word_49169" HPOS="1735" VPOS="487" WIDTH="194" HEIGHT="43" CONTENT="Inspira-" />
          </TextLine>
          <TextLine ID="TextLine_4887" HPOS="317" VPOS="549" WIDTH="1611" HEIGHT="61">
            <String ID="Word_49170" HPOS="317" VPOS="552" WIDTH="96" HEIGHT="50" CONTENT="tory" />
            <SP ID="SP_44288" HPOS="413" VPOS="549" WIDTH="49" HEIGHT="0" />
            <String ID="Word_49171" HPOS="462" VPOS="549" WIDTH="189" HEIGHT="55" CONTENT="Organs;" />
            <SP ID="SP_44289" HPOS="651" VPOS="551" WIDTH="48" HEIGHT="0" />
            <String ID="Word_49172" HPOS="699" VPOS="551" WIDTH="71" HEIGHT="54" CONTENT="(2.)" />
            <SP ID="SP_44290" HPOS="770" VPOS="551" WIDTH="51" HEIGHT="0" />
            <String ID="Word_49173" HPOS="821" VPOS="551" WIDTH="50" HEIGHT="42" CONTENT="In" />
            <SP ID="SP_44291" HPOS="871" VPOS="551" WIDTH="51" HEIGHT="0" />
            <String ID="Word_49174" HPOS="922" VPOS="553" WIDTH="257" HEIGHT="41" CONTENT="association" />
            <SP ID="SP_44292" HPOS="1179" VPOS="553" WIDTH="44" HEIGHT="0" />
            <String ID="Word_49175" HPOS="1223" VPOS="553" WIDTH="106" HEIGHT="41" CONTENT="with" />
            <SP ID="SP_44293" HPOS="1329" VPOS="553" WIDTH="53" HEIGHT="0" />
            <String ID="Word_49176" HPOS="1382" VPOS="553" WIDTH="126" HEIGHT="42" CONTENT="facial" />
            <SP ID="SP_44294" HPOS="1508" VPOS="553" WIDTH="46" HEIGHT="0" />
            <String ID="Word_49177" HPOS="1554" VPOS="557" WIDTH="247" HEIGHT="53" CONTENT="expression" />
            <SP ID="SP_44295" HPOS="1801" VPOS="557" WIDTH="47" HEIGHT="0" />
            <String ID="Word_49178" HPOS="1848" VPOS="561" WIDTH="80" HEIGHT="41" CONTENT="and" />
          </TextLine>
          <TextLine ID="TextLine_4888" HPOS="316" VPOS="619" WIDTH="1614" HEIGHT="63">
            <String ID="Word_49179" HPOS="316" VPOS="623" WIDTH="184" HEIGHT="49" CONTENT="gesture," />
            <SP ID="SP_44296" HPOS="500" VPOS="619" WIDTH="22" HEIGHT="0" />
            <String ID="Word_49180" HPOS="522" VPOS="619" WIDTH="36" HEIGHT="42" CONTENT="it" />
            <SP ID="SP_44297" HPOS="558" VPOS="619" WIDTH="20" HEIGHT="0" />
            <String ID="Word_49181" HPOS="578" VPOS="619" WIDTH="37" HEIGHT="43" CONTENT="is" />
            <SP ID="SP_44298" HPOS="615" VPOS="619" WIDTH="23" HEIGHT="0" />
            <String ID="Word_49182" HPOS="638" VPOS="634" WIDTH="54" HEIGHT="28" CONTENT="an" />
            <SP ID="SP_44299" HPOS="692" VPOS="621" WIDTH="23" HEIGHT="0" />
            <String ID="Word_49183" HPOS="715" VPOS="621" WIDTH="264" HEIGHT="42" CONTENT="instrument" />
            <SP ID="SP_44300" HPOS="979" VPOS="621" WIDTH="23" HEIGHT="0" />
            <String ID="Word_49184" HPOS="1002" VPOS="623" WIDTH="65" HEIGHT="40" CONTENT="for" />
            <SP ID="SP_44301" HPOS="1067" VPOS="623" WIDTH="21" HEIGHT="0" />
            <String ID="Word_49185" HPOS="1088" VPOS="623" WIDTH="72" HEIGHT="41" CONTENT="the" />
            <SP ID="SP_44302" HPOS="1160" VPOS="623" WIDTH="23" HEIGHT="0" />
            <String ID="Word_49186" HPOS="1183" VPOS="623" WIDTH="248" HEIGHT="53" CONTENT="expression" />
            <SP ID="SP_44303" HPOS="1431" VPOS="623" WIDTH="24" HEIGHT="0" />
            <String ID="Word_49187" HPOS="1455" VPOS="624" WIDTH="43" HEIGHT="41" CONTENT="of" />
            <SP ID="SP_44304" HPOS="1498" VPOS="624" WIDTH="31" HEIGHT="0" />
            <String ID="Word_49188" HPOS="1529" VPOS="626" WIDTH="187" HEIGHT="41" CONTENT="emotion" />
            <SP ID="SP_44305" HPOS="1716" VPOS="626" WIDTH="18" HEIGHT="0" />
            <String ID="Word_49189" HPOS="1734" VPOS="641" WIDTH="8" HEIGHT="37" CONTENT=";" />
            <SP ID="SP_44306" HPOS="1742" VPOS="627" WIDTH="35" HEIGHT="0" />
            <String ID="Word_49190" HPOS="1777" VPOS="627" WIDTH="70" HEIGHT="54" CONTENT="(3.)" />
            <SP ID="SP_44307" HPOS="1847" VPOS="627" WIDTH="33" HEIGHT="0" />
            <String ID="Word_49191" HPOS="1880" VPOS="629" WIDTH="50" HEIGHT="43" CONTENT="In" />
          </TextLine>
          <TextLine ID="TextLine_4889" HPOS="319" VPOS="688" WIDTH="1613" HEIGHT="54">
            <String ID="Word_49192" HPOS="319" VPOS="688" WIDTH="113" HEIGHT="43" CONTENT="close" />
            <SP ID="SP_44308" HPOS="432" VPOS="688" WIDTH="22" HEIGHT="0" />
            <String ID="Word_49193" HPOS="454" VPOS="691" WIDTH="253" HEIGHT="41" CONTENT="association" />
            <SP ID="SP_44309" HPOS="707" VPOS="691" WIDTH="25" HEIGHT="0" />
            <String ID="Word_49194" HPOS="732" VPOS="691" WIDTH="105" HEIGHT="41" CONTENT="with" />
            <SP ID="SP_44310" HPOS="837" VPOS="691" WIDTH="25" HEIGHT="0" />
            <String ID="Word_49195" HPOS="862" VPOS="691" WIDTH="102" HEIGHT="42" CONTENT="Oral" />
            <SP ID="SP_44311" HPOS="964" VPOS="691" WIDTH="22" HEIGHT="0" />
            <String ID="Word_49196" HPOS="986" VPOS="692" WIDTH="304" HEIGHT="42" CONTENT="Articulation," />
            <SP ID="SP_44312" HPOS="1290" VPOS="692" WIDTH="22" HEIGHT="0" />
            <String ID="Word_49197" HPOS="1312" VPOS="693" WIDTH="33" HEIGHT="41" CONTENT="it" />
            <SP ID="SP_44313" HPOS="1345" VPOS="693" WIDTH="24" HEIGHT="0" />
            <String ID="Word_49198" HPOS="1369" VPOS="693" WIDTH="35" HEIGHT="42" CONTENT="is" />
            <SP ID="SP_44314" HPOS="1404" VPOS="693" WIDTH="23" HEIGHT="0" />
            <String ID="Word_49199" HPOS="1427" VPOS="694" WIDTH="73" HEIGHT="42" CONTENT="the" />
            <SP ID="SP_44315" HPOS="1500" VPOS="694" WIDTH="32" HEIGHT="0" />
            <String ID="Word_49200" HPOS="1532" VPOS="694" WIDTH="114" HEIGHT="43" CONTENT="chief" />
            <SP ID="SP_44316" HPOS="1646" VPOS="694" WIDTH="32" HEIGHT="0" />
            <String ID="Word_49201" HPOS="1678" VPOS="696" WIDTH="254" HEIGHT="46" CONTENT="instrument" />
          </TextLine>
          <TextLine ID="TextLine_4890" HPOS="321" VPOS="759" WIDTH="713" HEIGHT="57">
            <String ID="Word_49202" HPOS="321" VPOS="759" WIDTH="65" HEIGHT="41" CONTENT="for" />
            <SP ID="SP_44317" HPOS="386" VPOS="759" WIDTH="22" HEIGHT="0" />
            <String ID="Word_49203" HPOS="408" VPOS="759" WIDTH="73" HEIGHT="43" CONTENT="the" />
            <SP ID="SP_44318" HPOS="481" VPOS="759" WIDTH="22" HEIGHT="0" />
            <String ID="Word_49204" HPOS="503" VPOS="761" WIDTH="245" HEIGHT="54" CONTENT="expression" />
            <SP ID="SP_44319" HPOS="748" VPOS="761" WIDTH="26" HEIGHT="0" />
            <String ID="Word_49205" HPOS="774" VPOS="761" WIDTH="43" HEIGHT="41" CONTENT="of" />
            <SP ID="SP_44320" HPOS="817" VPOS="761" WIDTH="22" HEIGHT="0" />
            <String ID="Word_49206" HPOS="839" VPOS="761" WIDTH="195" HEIGHT="43" CONTENT="thought." />
          </TextLine>
          <TextLine ID="TextLine_4891" HPOS="646" VPOS="924" WIDTH="964" HEIGHT="56">
            <String ID="Word_49207" HPOS="646" VPOS="924" WIDTH="159" HEIGHT="54" CONTENT="Defects" />
            <SP ID="SP_44321" HPOS="805" VPOS="924" WIDTH="20" HEIGHT="0" />
            <String ID="Word_49208" HPOS="825" VPOS="926" WIDTH="50" HEIGHT="54" CONTENT="of" />
            <SP ID="SP_44322" HPOS="875" VPOS="925" WIDTH="14" HEIGHT="0" />
            <String ID="Word_49209" HPOS="889" VPOS="925" WIDTH="147" HEIGHT="42" CONTENT="Speech" />
            <SP ID="SP_44323" HPOS="1036" VPOS="925" WIDTH="22" HEIGHT="0" />
            <String ID="Word_49210" HPOS="1058" VPOS="926" WIDTH="49" HEIGHT="40" CONTENT="in" />
            <SP ID="SP_44324" HPOS="1107" VPOS="925" WIDTH="22" HEIGHT="0" />
            <String ID="Word_49211" HPOS="1129" VPOS="925" WIDTH="135" HEIGHT="42" CONTENT="Idiots" />
            <SP ID="SP_44325" HPOS="1264" VPOS="925" WIDTH="21" HEIGHT="0" />
            <String ID="Word_49212" HPOS="1285" VPOS="928" WIDTH="88" HEIGHT="40" CONTENT="and" />
            <SP ID="SP_44326" HPOS="1373" VPOS="927" WIDTH="21" HEIGHT="0" />
            <String ID="Word_49213" HPOS="1394" VPOS="927" WIDTH="216" HEIGHT="43" CONTENT="Imbeciles." />
          </TextLine>
          <TextLine ID="TextLine_4892" HPOS="376" VPOS="1040" WIDTH="1559" HEIGHT="62">
            <String ID="Word_49214" HPOS="376" VPOS="1045" WIDTH="21" HEIGHT="16" CONTENT="&quot;" />
            <SP ID="SP_44327" HPOS="397" VPOS="1040" WIDTH="19" HEIGHT="0" />
            <String ID="Word_49215" HPOS="416" VPOS="1040" WIDTH="187" HEIGHT="56" CONTENT="Idiocy,&quot;" />
            <SP ID="SP_44328" HPOS="603" VPOS="1040" WIDTH="17" HEIGHT="0" />
            <String ID="Word_49216" HPOS="620" VPOS="1055" WIDTH="97" HEIGHT="41" CONTENT="says" />
            <SP ID="SP_44329" HPOS="717" VPOS="1042" WIDTH="18" HEIGHT="0" />
            <String ID="Word_49217" HPOS="735" VPOS="1042" WIDTH="64" HEIGHT="40" CONTENT="I)r" />
            <SP ID="SP_44330" HPOS="799" VPOS="1041" WIDTH="20" HEIGHT="0" />
            <String ID="Word_49218" HPOS="819" VPOS="1041" WIDTH="203" HEIGHT="50" CONTENT="Ireland,1" />
            <SP ID="SP_44331" HPOS="1022" VPOS="1041" WIDTH="23" HEIGHT="0" />
            <String ID="Word_49219" HPOS="1045" VPOS="1047" WIDTH="20" HEIGHT="18" CONTENT="&quot;" />
            <SP ID="SP_44332" HPOS="1065" VPOS="1042" WIDTH="15" HEIGHT="0" />
            <String ID="Word_49220" HPOS="1080" VPOS="1042" WIDTH="45" HEIGHT="43" CONTENT="in" />
            <SP ID="SP_44333" HPOS="1125" VPOS="1042" WIDTH="20" HEIGHT="0" />
            <String ID="Word_49221" HPOS="1145" VPOS="1043" WIDTH="54" HEIGHT="42" CONTENT="its" />
            <SP ID="SP_44334" HPOS="1199" VPOS="1043" WIDTH="20" HEIGHT="0" />
            <String ID="Word_49222" HPOS="1219" VPOS="1044" WIDTH="163" HEIGHT="41" CONTENT="mental" />
            <SP ID="SP_44335" HPOS="1382" VPOS="1044" WIDTH="20" HEIGHT="0" />
            <String ID="Word_49223" HPOS="1402" VPOS="1045" WIDTH="342" HEIGHT="44" CONTENT="manifestations" />
            <SP ID="SP_44336" HPOS="1744" VPOS="1045" WIDTH="16" HEIGHT="0" />
            <String ID="Word_49224" HPOS="1760" VPOS="1052" WIDTH="44" HEIGHT="37" CONTENT="at" />
            <SP ID="SP_44337" HPOS="1804" VPOS="1047" WIDTH="17" HEIGHT="0" />
            <String ID="Word_49225" HPOS="1821" VPOS="1047" WIDTH="114" HEIGHT="55" CONTENT="least," />
          </TextLine>
          <TextLine ID="TextLine_4893" HPOS="316" VPOS="1112" WIDTH="1621" HEIGHT="53">
            <String ID="Word_49226" HPOS="316" VPOS="1125" WIDTH="100" HEIGHT="40" CONTENT="may" />
            <SP ID="SP_44338" HPOS="416" VPOS="1112" WIDTH="23" HEIGHT="0" />
            <String ID="Word_49227" HPOS="439" VPOS="1112" WIDTH="51" HEIGHT="41" CONTENT="be" />
            <SP ID="SP_44339" HPOS="490" VPOS="1112" WIDTH="24" HEIGHT="0" />
            <String ID="Word_49228" HPOS="514" VPOS="1112" WIDTH="163" HEIGHT="42" CONTENT="viewed" />
            <SP ID="SP_44340" HPOS="677" VPOS="1112" WIDTH="32" HEIGHT="0" />
            <String ID="Word_49229" HPOS="709" VPOS="1126" WIDTH="45" HEIGHT="28" CONTENT="as" />
            <SP ID="SP_44341" HPOS="754" VPOS="1126" WIDTH="32" HEIGHT="0" />
            <String ID="Word_49230" HPOS="786" VPOS="1126" WIDTH="25" HEIGHT="28" CONTENT="a" />
            <SP ID="SP_44342" HPOS="811" VPOS="1112" WIDTH="32" HEIGHT="0" />
            <String ID="Word_49231" HPOS="843" VPOS="1112" WIDTH="113" HEIGHT="42" CONTENT="fixed" />
            <SP ID="SP_44343" HPOS="956" VPOS="1112" WIDTH="33" HEIGHT="0" />
            <String ID="Word_49232" HPOS="989" VPOS="1113" WIDTH="200" HEIGHT="43" CONTENT="infantile" />
            <SP ID="SP_44344" HPOS="1189" VPOS="1113" WIDTH="33" HEIGHT="0" />
            <String ID="Word_49233" HPOS="1222" VPOS="1115" WIDTH="235" HEIGHT="41" CONTENT="condition." />
            <SP ID="SP_44345" HPOS="1457" VPOS="1115" WIDTH="64" HEIGHT="0" />
            <String ID="Word_49234" HPOS="1521" VPOS="1116" WIDTH="136" HEIGHT="42" CONTENT="Idiots" />
            <SP ID="SP_44346" HPOS="1657" VPOS="1116" WIDTH="31" HEIGHT="0" />
            <String ID="Word_49235" HPOS="1688" VPOS="1118" WIDTH="160" HEIGHT="41" CONTENT="remain" />
            <SP ID="SP_44347" HPOS="1848" VPOS="1118" WIDTH="32" HEIGHT="0" />
            <String ID="Word_49236" HPOS="1880" VPOS="1120" WIDTH="57" HEIGHT="41" CONTENT="all" />
          </TextLine>
          <TextLine ID="TextLine_4894" HPOS="315" VPOS="1183" WIDTH="1621" HEIGHT="58">
            <String ID="Word_49237" HPOS="315" VPOS="1184" WIDTH="114" HEIGHT="41" CONTENT="their" />
            <SP ID="SP_44348" HPOS="429" VPOS="1183" WIDTH="32" HEIGHT="0" />
            <String ID="Word_49238" HPOS="461" VPOS="1183" WIDTH="108" HEIGHT="42" CONTENT="lives" />
            <SP ID="SP_44349" HPOS="569" VPOS="1183" WIDTH="39" HEIGHT="0" />
            <String ID="Word_49239" HPOS="608" VPOS="1183" WIDTH="193" HEIGHT="42" CONTENT="children" />
            <SP ID="SP_44350" HPOS="801" VPOS="1183" WIDTH="39" HEIGHT="0" />
            <String ID="Word_49240" HPOS="840" VPOS="1184" WIDTH="45" HEIGHT="40" CONTENT="in" />
            <SP ID="SP_44351" HPOS="885" VPOS="1184" WIDTH="36" HEIGHT="0" />
            <String ID="Word_49241" HPOS="921" VPOS="1184" WIDTH="208" HEIGHT="42" CONTENT="intellect," />
            <SP ID="SP_44352" HPOS="1129" VPOS="1184" WIDTH="38" HEIGHT="0" />
            <String ID="Word_49242" HPOS="1167" VPOS="1185" WIDTH="118" HEIGHT="41" CONTENT="often" />
            <SP ID="SP_44353" HPOS="1285" VPOS="1185" WIDTH="46" HEIGHT="0" />
            <String ID="Word_49243" HPOS="1331" VPOS="1199" WIDTH="45" HEIGHT="26" CONTENT="so" />
            <SP ID="SP_44354" HPOS="1376" VPOS="1185" WIDTH="37" HEIGHT="0" />
            <String ID="Word_49244" HPOS="1413" VPOS="1185" WIDTH="44" HEIGHT="40" CONTENT="in" />
            <SP ID="SP_44355" HPOS="1457" VPOS="1185" WIDTH="40" HEIGHT="0" />
            <String ID="Word_49245" HPOS="1497" VPOS="1185" WIDTH="112" HEIGHT="41" CONTENT="their" />
            <SP ID="SP_44356" HPOS="1609" VPOS="1185" WIDTH="32" HEIGHT="0" />
            <String ID="Word_49246" HPOS="1641" VPOS="1186" WIDTH="178" HEIGHT="55" CONTENT="feelings" />
            <SP ID="SP_44357" HPOS="1819" VPOS="1186" WIDTH="36" HEIGHT="0" />
            <String ID="Word_49247" HPOS="1855" VPOS="1189" WIDTH="81" HEIGHT="41" CONTENT="and" />
          </TextLine>
          <TextLine ID="TextLine_4895" HPOS="315" VPOS="1254" WIDTH="1620" HEIGHT="55">
            <String ID="Word_49248" HPOS="315" VPOS="1254" WIDTH="170" HEIGHT="42" CONTENT="desires." />
            <SP ID="SP_44358" HPOS="485" VPOS="1254" WIDTH="64" HEIGHT="0" />
            <String ID="Word_49249" HPOS="549" VPOS="1254" WIDTH="59" HEIGHT="42" CONTENT="Of" />
            <SP ID="SP_44359" HPOS="608" VPOS="1254" WIDTH="33" HEIGHT="0" />
            <String ID="Word_49250" HPOS="641" VPOS="1268" WIDTH="147" HEIGHT="28" CONTENT="course" />
            <SP ID="SP_44360" HPOS="788" VPOS="1254" WIDTH="41" HEIGHT="0" />
            <String ID="Word_49251" HPOS="829" VPOS="1254" WIDTH="119" HEIGHT="42" CONTENT="there" />
            <SP ID="SP_44361" HPOS="948" VPOS="1254" WIDTH="36" HEIGHT="0" />
            <String ID="Word_49252" HPOS="984" VPOS="1255" WIDTH="37" HEIGHT="41" CONTENT="is" />
            <SP ID="SP_44362" HPOS="1021" VPOS="1254" WIDTH="40" HEIGHT="0" />
            <String ID="Word_49253" HPOS="1061" VPOS="1254" WIDTH="160" HEIGHT="42" CONTENT="always" />
            <SP ID="SP_44363" HPOS="1221" VPOS="1254" WIDTH="34" HEIGHT="0" />
            <String ID="Word_49254" HPOS="1255" VPOS="1255" WIDTH="93" HEIGHT="41" CONTENT="this" />
            <SP ID="SP_44364" HPOS="1348" VPOS="1255" WIDTH="40" HEIGHT="0" />
            <String ID="Word_49255" HPOS="1388" VPOS="1255" WIDTH="226" HEIGHT="42" CONTENT="difference" />
            <SP ID="SP_44365" HPOS="1614" VPOS="1255" WIDTH="37" HEIGHT="0" />
            <String ID="Word_49256" HPOS="1651" VPOS="1256" WIDTH="190" HEIGHT="41" CONTENT="between" />
            <SP ID="SP_44366" HPOS="1841" VPOS="1256" WIDTH="43" HEIGHT="0" />
            <String ID="Word_49257" HPOS="1884" VPOS="1270" WIDTH="51" HEIGHT="30" CONTENT="an" />
          </TextLine>
          <TextLine ID="TextLine_4896" HPOS="314" VPOS="1324" WIDTH="1620" HEIGHT="56">
            <String ID="Word_49258" HPOS="314" VPOS="1325" WIDTH="110" HEIGHT="41" CONTENT="idiot" />
            <SP ID="SP_44367" HPOS="424" VPOS="1324" WIDTH="41" HEIGHT="0" />
            <String ID="Word_49259" HPOS="465" VPOS="1324" WIDTH="85" HEIGHT="42" CONTENT="and" />
            <SP ID="SP_44368" HPOS="550" VPOS="1324" WIDTH="52" HEIGHT="0" />
            <String ID="Word_49260" HPOS="602" VPOS="1324" WIDTH="180" HEIGHT="42" CONTENT="another" />
            <SP ID="SP_44369" HPOS="782" VPOS="1324" WIDTH="42" HEIGHT="0" />
            <String ID="Word_49261" HPOS="824" VPOS="1324" WIDTH="128" HEIGHT="50" CONTENT="child," />
            <SP ID="SP_44370" HPOS="952" VPOS="1324" WIDTH="44" HEIGHT="0" />
            <String ID="Word_49262" HPOS="996" VPOS="1325" WIDTH="106" HEIGHT="50" CONTENT="that," />
            <SP ID="SP_44371" HPOS="1102" VPOS="1325" WIDTH="38" HEIGHT="0" />
            <String ID="Word_49263" HPOS="1140" VPOS="1325" WIDTH="211" HEIGHT="42" CONTENT="although" />
            <SP ID="SP_44372" HPOS="1351" VPOS="1325" WIDTH="45" HEIGHT="0" />
            <String ID="Word_49264" HPOS="1396" VPOS="1330" WIDTH="45" HEIGHT="36" CONTENT="at" />
            <SP ID="SP_44373" HPOS="1441" VPOS="1330" WIDTH="49" HEIGHT="0" />
            <String ID="Word_49265" HPOS="1490" VPOS="1339" WIDTH="24" HEIGHT="27" CONTENT="a" />
            <SP ID="SP_44374" HPOS="1514" VPOS="1327" WIDTH="46" HEIGHT="0" />
            <String ID="Word_49266" HPOS="1560" VPOS="1327" WIDTH="129" HEIGHT="53" CONTENT="given" />
            <SP ID="SP_44375" HPOS="1689" VPOS="1326" WIDTH="37" HEIGHT="0" />
            <String ID="Word_49267" HPOS="1726" VPOS="1326" WIDTH="102" HEIGHT="41" CONTENT="time" />
            <SP ID="SP_44376" HPOS="1828" VPOS="1326" WIDTH="37" HEIGHT="0" />
            <String ID="Word_49268" HPOS="1865" VPOS="1326" WIDTH="69" HEIGHT="44" CONTENT="the" />
          </TextLine>
          <TextLine ID="TextLine_4897" HPOS="316" VPOS="1395" WIDTH="1617" HEIGHT="55">
            <String ID="Word_49269" HPOS="316" VPOS="1395" WIDTH="213" HEIGHT="55" CONTENT="potential" />
            <SP ID="SP_44377" HPOS="529" VPOS="1395" WIDTH="35" HEIGHT="0" />
            <String ID="Word_49270" HPOS="564" VPOS="1395" WIDTH="197" HEIGHT="42" CONTENT="intellect" />
            <SP ID="SP_44378" HPOS="761" VPOS="1395" WIDTH="42" HEIGHT="0" />
            <String ID="Word_49271" HPOS="803" VPOS="1395" WIDTH="43" HEIGHT="42" CONTENT="of" />
            <SP ID="SP_44379" HPOS="846" VPOS="1395" WIDTH="41" HEIGHT="0" />
            <String ID="Word_49272" HPOS="887" VPOS="1395" WIDTH="73" HEIGHT="42" CONTENT="the" />
            <SP ID="SP_44380" HPOS="960" VPOS="1395" WIDTH="43" HEIGHT="0" />
            <String ID="Word_49273" HPOS="1003" VPOS="1409" WIDTH="80" HEIGHT="28" CONTENT="one" />
            <SP ID="SP_44381" HPOS="1083" VPOS="1396" WIDTH="41" HEIGHT="0" />
            <String ID="Word_49274" HPOS="1124" VPOS="1396" WIDTH="37" HEIGHT="41" CONTENT="is" />
            <SP ID="SP_44382" HPOS="1161" VPOS="1396" WIDTH="42" HEIGHT="0" />
            <String ID="Word_49275" HPOS="1203" VPOS="1410" WIDTH="54" HEIGHT="26" CONTENT="no" />
            <SP ID="SP_44383" HPOS="1257" VPOS="1401" WIDTH="43" HEIGHT="0" />
            <String ID="Word_49276" HPOS="1300" VPOS="1401" WIDTH="168" HEIGHT="49" CONTENT="greater" />
            <SP ID="SP_44384" HPOS="1468" VPOS="1396" WIDTH="42" HEIGHT="0" />
            <String ID="Word_49277" HPOS="1510" VPOS="1396" WIDTH="105" HEIGHT="41" CONTENT="than" />
            <SP ID="SP_44385" HPOS="1615" VPOS="1395" WIDTH="32" HEIGHT="0" />
            <String ID="Word_49278" HPOS="1647" VPOS="1395" WIDTH="96" HEIGHT="42" CONTENT="that" />
            <SP ID="SP_44386" HPOS="1743" VPOS="1395" WIDTH="36" HEIGHT="0" />
            <String ID="Word_49279" HPOS="1779" VPOS="1396" WIDTH="43" HEIGHT="41" CONTENT="of" />
            <SP ID="SP_44387" HPOS="1822" VPOS="1396" WIDTH="42" HEIGHT="0" />
            <String ID="Word_49280" HPOS="1864" VPOS="1397" WIDTH="69" HEIGHT="42" CONTENT="the" />
          </TextLine>
          <TextLine ID="TextLine_4898" HPOS="317" VPOS="1465" WIDTH="1616" HEIGHT="55">
            <String ID="Word_49281" HPOS="317" VPOS="1466" WIDTH="133" HEIGHT="41" CONTENT="other," />
            <SP ID="SP_44388" HPOS="450" VPOS="1465" WIDTH="23" HEIGHT="0" />
            <String ID="Word_49282" HPOS="473" VPOS="1465" WIDTH="72" HEIGHT="42" CONTENT="the" />
            <SP ID="SP_44389" HPOS="545" VPOS="1465" WIDTH="22" HEIGHT="0" />
            <String ID="Word_49283" HPOS="567" VPOS="1465" WIDTH="108" HEIGHT="41" CONTENT="idiot" />
            <SP ID="SP_44390" HPOS="675" VPOS="1465" WIDTH="21" HEIGHT="0" />
            <String ID="Word_49284" HPOS="696" VPOS="1465" WIDTH="77" HEIGHT="42" CONTENT="has" />
            <SP ID="SP_44391" HPOS="773" VPOS="1465" WIDTH="18" HEIGHT="0" />
            <String ID="Word_49285" HPOS="791" VPOS="1465" WIDTH="73" HEIGHT="42" CONTENT="the" />
            <SP ID="SP_44392" HPOS="864" VPOS="1465" WIDTH="18" HEIGHT="0" />
            <String ID="Word_49286" HPOS="882" VPOS="1466" WIDTH="160" HEIGHT="41" CONTENT="benefit" />
            <SP ID="SP_44393" HPOS="1042" VPOS="1466" WIDTH="22" HEIGHT="0" />
            <String ID="Word_49287" HPOS="1064" VPOS="1466" WIDTH="44" HEIGHT="41" CONTENT="of" />
            <SP ID="SP_44394" HPOS="1108" VPOS="1466" WIDTH="21" HEIGHT="0" />
            <String ID="Word_49288" HPOS="1129" VPOS="1480" WIDTH="24" HEIGHT="27" CONTENT="a" />
            <SP ID="SP_44395" HPOS="1153" VPOS="1465" WIDTH="21" HEIGHT="0" />
            <String ID="Word_49289" HPOS="1174" VPOS="1465" WIDTH="139" HEIGHT="55" CONTENT="larger" />
            <SP ID="SP_44396" HPOS="1313" VPOS="1465" WIDTH="18" HEIGHT="0" />
            <String ID="Word_49290" HPOS="1331" VPOS="1465" WIDTH="286" HEIGHT="55" CONTENT="experience.&quot;" />
            <SP ID="SP_44397" HPOS="1617" VPOS="1465" WIDTH="53" HEIGHT="0" />
            <String ID="Word_49291" HPOS="1670" VPOS="1465" WIDTH="52" HEIGHT="42" CONTENT="In" />
            <SP ID="SP_44398" HPOS="1722" VPOS="1465" WIDTH="24" HEIGHT="0" />
            <String ID="Word_49292" HPOS="1746" VPOS="1472" WIDTH="187" HEIGHT="36" CONTENT="estimat-" />
          </TextLine>
          <TextLine ID="TextLine_4899" HPOS="317" VPOS="1535" WIDTH="1616" HEIGHT="57">
            <String ID="Word_49293" HPOS="317" VPOS="1537" WIDTH="75" HEIGHT="55" CONTENT="ing" />
            <SP ID="SP_44399" HPOS="392" VPOS="1536" WIDTH="31" HEIGHT="0" />
            <String ID="Word_49294" HPOS="423" VPOS="1536" WIDTH="73" HEIGHT="42" CONTENT="the" />
            <SP ID="SP_44400" HPOS="496" VPOS="1536" WIDTH="32" HEIGHT="0" />
            <String ID="Word_49295" HPOS="528" VPOS="1536" WIDTH="151" HEIGHT="41" CONTENT="degree" />
            <SP ID="SP_44401" HPOS="679" VPOS="1535" WIDTH="24" HEIGHT="0" />
            <String ID="Word_49296" HPOS="703" VPOS="1535" WIDTH="44" HEIGHT="41" CONTENT="of" />
            <SP ID="SP_44402" HPOS="747" VPOS="1535" WIDTH="32" HEIGHT="0" />
            <String ID="Word_49297" HPOS="779" VPOS="1536" WIDTH="164" HEIGHT="41" CONTENT="mental" />
            <SP ID="SP_44403" HPOS="943" VPOS="1536" WIDTH="30" HEIGHT="0" />
            <String ID="Word_49298" HPOS="973" VPOS="1536" WIDTH="253" HEIGHT="54" CONTENT="imbecility," />
            <SP ID="SP_44404" HPOS="1226" VPOS="1536" WIDTH="23" HEIGHT="0" />
            <String ID="Word_49299" HPOS="1249" VPOS="1536" WIDTH="85" HEIGHT="41" CONTENT="and" />
            <SP ID="SP_44405" HPOS="1334" VPOS="1536" WIDTH="24" HEIGHT="0" />
            <String ID="Word_49300" HPOS="1358" VPOS="1536" WIDTH="101" HEIGHT="41" CONTENT="thus" />
            <SP ID="SP_44406" HPOS="1459" VPOS="1536" WIDTH="23" HEIGHT="0" />
            <String ID="Word_49301" HPOS="1482" VPOS="1536" WIDTH="183" HEIGHT="41" CONTENT="forming" />
            <SP ID="SP_44407" HPOS="1665" VPOS="1536" WIDTH="24" HEIGHT="0" />
            <String ID="Word_49302" HPOS="1689" VPOS="1550" WIDTH="23" HEIGHT="27" CONTENT="a" />
            <SP ID="SP_44408" HPOS="1712" VPOS="1537" WIDTH="23" HEIGHT="0" />
            <String ID="Word_49303" HPOS="1735" VPOS="1537" WIDTH="198" HEIGHT="53" CONTENT="practical" />
          </TextLine>
          <TextLine ID="TextLine_4900" HPOS="317" VPOS="1606" WIDTH="1615" HEIGHT="54">
            <String ID="Word_49304" HPOS="317" VPOS="1606" WIDTH="301" HEIGHT="43" CONTENT="classification" />
            <SP ID="SP_44409" HPOS="618" VPOS="1606" WIDTH="43" HEIGHT="0" />
            <String ID="Word_49305" HPOS="661" VPOS="1607" WIDTH="46" HEIGHT="40" CONTENT="of" />
            <SP ID="SP_44410" HPOS="707" VPOS="1606" WIDTH="38" HEIGHT="0" />
            <String ID="Word_49306" HPOS="745" VPOS="1606" WIDTH="129" HEIGHT="41" CONTENT="idiots" />
            <SP ID="SP_44411" HPOS="874" VPOS="1606" WIDTH="43" HEIGHT="0" />
            <String ID="Word_49307" HPOS="917" VPOS="1606" WIDTH="85" HEIGHT="41" CONTENT="and" />
            <SP ID="SP_44412" HPOS="1002" VPOS="1606" WIDTH="41" HEIGHT="0" />
            <String ID="Word_49308" HPOS="1043" VPOS="1606" WIDTH="220" HEIGHT="42" CONTENT="imbeciles" />
            <SP ID="SP_44413" HPOS="1263" VPOS="1606" WIDTH="45" HEIGHT="0" />
            <String ID="Word_49309" HPOS="1308" VPOS="1606" WIDTH="228" HEIGHT="41" CONTENT="according" />
            <SP ID="SP_44414" HPOS="1536" VPOS="1606" WIDTH="51" HEIGHT="0" />
            <String ID="Word_49310" HPOS="1587" VPOS="1612" WIDTH="44" HEIGHT="35" CONTENT="to" />
            <SP ID="SP_44415" HPOS="1631" VPOS="1606" WIDTH="51" HEIGHT="0" />
            <String ID="Word_49311" HPOS="1682" VPOS="1606" WIDTH="73" HEIGHT="42" CONTENT="the" />
            <SP ID="SP_44416" HPOS="1755" VPOS="1606" WIDTH="50" HEIGHT="0" />
            <String ID="Word_49312" HPOS="1805" VPOS="1607" WIDTH="127" HEIGHT="53" CONTENT="depth" />
          </TextLine>
          <TextLine ID="TextLine_4901" HPOS="316" VPOS="1676" WIDTH="1618" HEIGHT="55">
            <String ID="Word_49313" HPOS="316" VPOS="1679" WIDTH="47" HEIGHT="40" CONTENT="of" />
            <SP ID="SP_44417" HPOS="363" VPOS="1677" WIDTH="57" HEIGHT="0" />
            <String ID="Word_49314" HPOS="420" VPOS="1677" WIDTH="112" HEIGHT="42" CONTENT="their" />
            <SP ID="SP_44418" HPOS="532" VPOS="1676" WIDTH="50" HEIGHT="0" />
            <String ID="Word_49315" HPOS="582" VPOS="1676" WIDTH="252" HEIGHT="54" CONTENT="imbecility," />
            <SP ID="SP_44419" HPOS="834" VPOS="1676" WIDTH="45" HEIGHT="0" />
            <String ID="Word_49316" HPOS="879" VPOS="1690" WIDTH="131" HEIGHT="40" CONTENT="many" />
            <SP ID="SP_44420" HPOS="1010" VPOS="1681" WIDTH="57" HEIGHT="0" />
            <String ID="Word_49317" HPOS="1067" VPOS="1681" WIDTH="121" HEIGHT="49" CONTENT="great" />
            <SP ID="SP_44421" HPOS="1188" VPOS="1676" WIDTH="56" HEIGHT="0" />
            <String ID="Word_49318" HPOS="1244" VPOS="1676" WIDTH="254" HEIGHT="41" CONTENT="authorities" />
            <SP ID="SP_44422" HPOS="1498" VPOS="1676" WIDTH="53" HEIGHT="0" />
            <String ID="Word_49319" HPOS="1551" VPOS="1690" WIDTH="69" HEIGHT="27" CONTENT="are" />
            <SP ID="SP_44423" HPOS="1620" VPOS="1676" WIDTH="61" HEIGHT="0" />
            <String ID="Word_49320" HPOS="1681" VPOS="1676" WIDTH="152" HEIGHT="41" CONTENT="agreed" />
            <SP ID="SP_44424" HPOS="1833" VPOS="1676" WIDTH="59" HEIGHT="0" />
            <String ID="Word_49321" HPOS="1892" VPOS="1677" WIDTH="42" HEIGHT="40" CONTENT="in" />
          </TextLine>
          <TextLine ID="TextLine_4902" HPOS="316" VPOS="1746" WIDTH="1617" HEIGHT="56">
            <String ID="Word_49322" HPOS="316" VPOS="1748" WIDTH="205" HEIGHT="41" CONTENT="thinking" />
            <SP ID="SP_44425" HPOS="521" VPOS="1747" WIDTH="24" HEIGHT="0" />
            <String ID="Word_49323" HPOS="545" VPOS="1751" WIDTH="94" HEIGHT="37" CONTENT="that" />
            <SP ID="SP_44426" HPOS="639" VPOS="1746" WIDTH="23" HEIGHT="0" />
            <String ID="Word_49324" HPOS="662" VPOS="1746" WIDTH="118" HEIGHT="42" CONTENT="there" />
            <SP ID="SP_44427" HPOS="780" VPOS="1746" WIDTH="23" HEIGHT="0" />
            <String ID="Word_49325" HPOS="803" VPOS="1761" WIDTH="78" HEIGHT="27" CONTENT="can" />
            <SP ID="SP_44428" HPOS="881" VPOS="1746" WIDTH="33" HEIGHT="0" />
            <String ID="Word_49326" HPOS="914" VPOS="1746" WIDTH="52" HEIGHT="42" CONTENT="be" />
            <SP ID="SP_44429" HPOS="966" VPOS="1746" WIDTH="34" HEIGHT="0" />
            <String ID="Word_49327" HPOS="1000" VPOS="1760" WIDTH="54" HEIGHT="27" CONTENT="no" />
            <SP ID="SP_44430" HPOS="1054" VPOS="1746" WIDTH="34" HEIGHT="0" />
            <String ID="Word_49328" HPOS="1088" VPOS="1746" WIDTH="138" HEIGHT="42" CONTENT="better" />
            <SP ID="SP_44431" HPOS="1226" VPOS="1746" WIDTH="31" HEIGHT="0" />
            <String ID="Word_49329" HPOS="1257" VPOS="1746" WIDTH="127" HEIGHT="54" CONTENT="guide" />
            <SP ID="SP_44432" HPOS="1384" VPOS="1746" WIDTH="33" HEIGHT="0" />
            <String ID="Word_49330" HPOS="1417" VPOS="1746" WIDTH="106" HEIGHT="41" CONTENT="than" />
            <SP ID="SP_44433" HPOS="1523" VPOS="1746" WIDTH="32" HEIGHT="0" />
            <String ID="Word_49331" HPOS="1555" VPOS="1760" WIDTH="54" HEIGHT="27" CONTENT="an" />
            <SP ID="SP_44434" HPOS="1609" VPOS="1747" WIDTH="32" HEIGHT="0" />
            <String ID="Word_49332" HPOS="1641" VPOS="1752" WIDTH="292" HEIGHT="36" CONTENT="examination" />
          </TextLine>
          <TextLine ID="TextLine_4903" HPOS="315" VPOS="1816" WIDTH="1616" HEIGHT="56">
            <String ID="Word_49333" HPOS="315" VPOS="1819" WIDTH="46" HEIGHT="41" CONTENT="of" />
            <SP ID="SP_44435" HPOS="361" VPOS="1818" WIDTH="34" HEIGHT="0" />
            <String ID="Word_49334" HPOS="395" VPOS="1818" WIDTH="73" HEIGHT="41" CONTENT="the" />
            <SP ID="SP_44436" HPOS="468" VPOS="1818" WIDTH="32" HEIGHT="0" />
            <String ID="Word_49335" HPOS="500" VPOS="1821" WIDTH="169" HEIGHT="51" CONTENT="patient" />
            <SP ID="SP_44437" HPOS="669" VPOS="1817" WIDTH="33" HEIGHT="0" />
            <String ID="Word_49336" HPOS="702" VPOS="1823" WIDTH="103" HEIGHT="35" CONTENT="with" />
            <SP ID="SP_44438" HPOS="805" VPOS="1816" WIDTH="34" HEIGHT="0" />
            <String ID="Word_49337" HPOS="839" VPOS="1816" WIDTH="159" HEIGHT="42" CONTENT="special" />
            <SP ID="SP_44439" HPOS="998" VPOS="1816" WIDTH="32" HEIGHT="0" />
            <String ID="Word_49338" HPOS="1030" VPOS="1816" WIDTH="215" HEIGHT="42" CONTENT="reference" />
            <SP ID="SP_44440" HPOS="1245" VPOS="1816" WIDTH="34" HEIGHT="0" />
            <String ID="Word_49339" HPOS="1279" VPOS="1823" WIDTH="42" HEIGHT="34" CONTENT="to" />
            <SP ID="SP_44441" HPOS="1321" VPOS="1816" WIDTH="34" HEIGHT="0" />
            <String ID="Word_49340" HPOS="1355" VPOS="1816" WIDTH="72" HEIGHT="41" CONTENT="the" />
            <SP ID="SP_44442" HPOS="1427" VPOS="1816" WIDTH="33" HEIGHT="0" />
            <String ID="Word_49341" HPOS="1460" VPOS="1817" WIDTH="198" HEIGHT="41" CONTENT="function" />
            <SP ID="SP_44443" HPOS="1658" VPOS="1817" WIDTH="29" HEIGHT="0" />
            <String ID="Word_49342" HPOS="1687" VPOS="1817" WIDTH="47" HEIGHT="41" CONTENT="of" />
            <SP ID="SP_44444" HPOS="1734" VPOS="1817" WIDTH="27" HEIGHT="0" />
            <String ID="Word_49343" HPOS="1761" VPOS="1817" WIDTH="170" HEIGHT="54" CONTENT="Speech." />
          </TextLine>
          <TextLine ID="TextLine_4904" HPOS="317" VPOS="1885" WIDTH="1615" HEIGHT="57">
            <String ID="Word_49344" HPOS="317" VPOS="1886" WIDTH="269" HEIGHT="56" CONTENT="Griesinger2" />
            <SP ID="SP_44445" HPOS="586" VPOS="1886" WIDTH="36" HEIGHT="0" />
            <String ID="Word_49345" HPOS="622" VPOS="1887" WIDTH="297" HEIGHT="55" CONTENT="says,—&quot;The" />
            <SP ID="SP_44446" HPOS="919" VPOS="1885" WIDTH="36" HEIGHT="0" />
            <String ID="Word_49346" HPOS="955" VPOS="1885" WIDTH="204" HEIGHT="42" CONTENT="relations" />
            <SP ID="SP_44447" HPOS="1159" VPOS="1885" WIDTH="38" HEIGHT="0" />
            <String ID="Word_49347" HPOS="1197" VPOS="1886" WIDTH="44" HEIGHT="40" CONTENT="of" />
            <SP ID="SP_44448" HPOS="1241" VPOS="1886" WIDTH="42" HEIGHT="0" />
            <String ID="Word_49348" HPOS="1283" VPOS="1886" WIDTH="165" HEIGHT="41" CONTENT="Speech" />
            <SP ID="SP_44449" HPOS="1448" VPOS="1886" WIDTH="37" HEIGHT="0" />
            <String ID="Word_49349" HPOS="1485" VPOS="1900" WIDTH="69" HEIGHT="27" CONTENT="are" />
            <SP ID="SP_44450" HPOS="1554" VPOS="1900" WIDTH="38" HEIGHT="0" />
            <String ID="Word_49350" HPOS="1592" VPOS="1900" WIDTH="44" HEIGHT="27" CONTENT="so" />
            <SP ID="SP_44451" HPOS="1636" VPOS="1886" WIDTH="37" HEIGHT="0" />
            <String ID="Word_49351" HPOS="1673" VPOS="1886" WIDTH="259" HEIGHT="43" CONTENT="interwoven" />
          </TextLine>
          <TextLine ID="TextLine_4905" HPOS="316" VPOS="1955" WIDTH="1615" HEIGHT="57">
            <String ID="Word_49352" HPOS="316" VPOS="1958" WIDTH="105" HEIGHT="41" CONTENT="with" />
            <SP ID="SP_44452" HPOS="421" VPOS="1958" WIDTH="24" HEIGHT="0" />
            <String ID="Word_49353" HPOS="445" VPOS="1958" WIDTH="73" HEIGHT="41" CONTENT="the" />
            <SP ID="SP_44453" HPOS="518" VPOS="1957" WIDTH="24" HEIGHT="0" />
            <String ID="Word_49354" HPOS="542" VPOS="1957" WIDTH="136" HEIGHT="41" CONTENT="whole" />
            <SP ID="SP_44454" HPOS="678" VPOS="1957" WIDTH="22" HEIGHT="0" />
            <String ID="Word_49355" HPOS="700" VPOS="1970" WIDTH="169" HEIGHT="42" CONTENT="process" />
            <SP ID="SP_44455" HPOS="869" VPOS="1957" WIDTH="23" HEIGHT="0" />
            <String ID="Word_49356" HPOS="892" VPOS="1957" WIDTH="47" HEIGHT="40" CONTENT="of" />
            <SP ID="SP_44456" HPOS="939" VPOS="1956" WIDTH="19" HEIGHT="0" />
            <String ID="Word_49357" HPOS="958" VPOS="1956" WIDTH="162" HEIGHT="42" CONTENT="mental" />
            <SP ID="SP_44457" HPOS="1120" VPOS="1955" WIDTH="23" HEIGHT="0" />
            <String ID="Word_49358" HPOS="1143" VPOS="1955" WIDTH="314" HEIGHT="54" CONTENT="development," />
            <SP ID="SP_44458" HPOS="1457" VPOS="1955" WIDTH="19" HEIGHT="0" />
            <String ID="Word_49359" HPOS="1476" VPOS="1955" WIDTH="83" HEIGHT="41" CONTENT="and" />
            <SP ID="SP_44459" HPOS="1559" VPOS="1955" WIDTH="23" HEIGHT="0" />
            <String ID="Word_49360" HPOS="1582" VPOS="1970" WIDTH="46" HEIGHT="27" CONTENT="so" />
            <SP ID="SP_44460" HPOS="1628" VPOS="1970" WIDTH="19" HEIGHT="0" />
            <String ID="Word_49361" HPOS="1647" VPOS="1970" WIDTH="220" HEIGHT="28" CONTENT="necessary" />
            <SP ID="SP_44461" HPOS="1867" VPOS="1962" WIDTH="22" HEIGHT="0" />
            <String ID="Word_49362" HPOS="1889" VPOS="1962" WIDTH="42" HEIGHT="36" CONTENT="to" />
          </TextLine>
          <TextLine ID="TextLine_4906" HPOS="317" VPOS="2026" WIDTH="1618" HEIGHT="51">
            <String ID="Word_49363" HPOS="317" VPOS="2044" WIDTH="227" HEIGHT="26" CONTENT="education" />
            <SP ID="SP_44462" HPOS="544" VPOS="2027" WIDTH="24" HEIGHT="0" />
            <String ID="Word_49364" HPOS="568" VPOS="2027" WIDTH="85" HEIGHT="42" CONTENT="and" />
            <SP ID="SP_44463" HPOS="653" VPOS="2026" WIDTH="31" HEIGHT="0" />
            <String ID="Word_49365" HPOS="684" VPOS="2026" WIDTH="269" HEIGHT="43" CONTENT="intellectual" />
            <SP ID="SP_44464" HPOS="953" VPOS="2026" WIDTH="32" HEIGHT="0" />
            <String ID="Word_49366" HPOS="985" VPOS="2026" WIDTH="324" HEIGHT="42" CONTENT="advancement," />
            <SP ID="SP_44465" HPOS="1309" VPOS="2026" WIDTH="23" HEIGHT="0" />
            <String ID="Word_49367" HPOS="1332" VPOS="2026" WIDTH="95" HEIGHT="41" CONTENT="that" />
            <SP ID="SP_44466" HPOS="1427" VPOS="2026" WIDTH="31" HEIGHT="0" />
            <String ID="Word_49368" HPOS="1458" VPOS="2026" WIDTH="73" HEIGHT="41" CONTENT="the" />
            <SP ID="SP_44467" HPOS="1531" VPOS="2026" WIDTH="32" HEIGHT="0" />
            <String ID="Word_49369" HPOS="1563" VPOS="2026" WIDTH="296" HEIGHT="42" CONTENT="classification" />
            <SP ID="SP_44468" HPOS="1859" VPOS="2026" WIDTH="34" HEIGHT="0" />
            <String ID="Word_49370" HPOS="1893" VPOS="2029" WIDTH="42" HEIGHT="39" CONTENT="of" />
          </TextLine>
          <TextLine ID="TextLine_4907" HPOS="317" VPOS="2096" WIDTH="1614" HEIGHT="56">
            <String ID="Word_49371" HPOS="317" VPOS="2099" WIDTH="130" HEIGHT="41" CONTENT="idiots" />
            <SP ID="SP_44469" HPOS="447" VPOS="2098" WIDTH="37" HEIGHT="0" />
            <String ID="Word_49372" HPOS="484" VPOS="2098" WIDTH="227" HEIGHT="42" CONTENT="according" />
            <SP ID="SP_44470" HPOS="711" VPOS="2098" WIDTH="36" HEIGHT="0" />
            <String ID="Word_49373" HPOS="747" VPOS="2102" WIDTH="44" HEIGHT="36" CONTENT="to" />
            <SP ID="SP_44471" HPOS="791" VPOS="2097" WIDTH="37" HEIGHT="0" />
            <String ID="Word_49374" HPOS="828" VPOS="2097" WIDTH="112" HEIGHT="41" CONTENT="their" />
            <SP ID="SP_44472" HPOS="940" VPOS="2096" WIDTH="38" HEIGHT="0" />
            <String ID="Word_49375" HPOS="978" VPOS="2096" WIDTH="234" HEIGHT="55" CONTENT="capability" />
            <SP ID="SP_44473" HPOS="1212" VPOS="2096" WIDTH="38" HEIGHT="0" />
            <String ID="Word_49376" HPOS="1250" VPOS="2096" WIDTH="43" HEIGHT="41" CONTENT="of" />
            <SP ID="SP_44474" HPOS="1293" VPOS="2096" WIDTH="37" HEIGHT="0" />
            <String ID="Word_49377" HPOS="1330" VPOS="2096" WIDTH="207" HEIGHT="55" CONTENT="speaking" />
            <SP ID="SP_44475" HPOS="1537" VPOS="2096" WIDTH="36" HEIGHT="0" />
            <String ID="Word_49378" HPOS="1573" VPOS="2097" WIDTH="236" HEIGHT="54" CONTENT="(generally" />
            <SP ID="SP_44476" HPOS="1809" VPOS="2097" WIDTH="35" HEIGHT="0" />
            <String ID="Word_49379" HPOS="1844" VPOS="2097" WIDTH="87" HEIGHT="41" CONTENT="into" />
          </TextLine>
          <TextLine ID="TextLine_4908" HPOS="318" VPOS="2165" WIDTH="1614" HEIGHT="58">
            <String ID="Word_49380" HPOS="318" VPOS="2170" WIDTH="119" HEIGHT="41" CONTENT="three" />
            <SP ID="SP_44477" HPOS="437" VPOS="2168" WIDTH="17" HEIGHT="0" />
            <String ID="Word_49381" HPOS="454" VPOS="2168" WIDTH="205" HEIGHT="55" CONTENT="degrees)," />
            <SP ID="SP_44478" HPOS="659" VPOS="2168" WIDTH="15" HEIGHT="0" />
            <String ID="Word_49382" HPOS="674" VPOS="2168" WIDTH="35" HEIGHT="41" CONTENT="is" />
            <SP ID="SP_44479" HPOS="709" VPOS="2168" WIDTH="18" HEIGHT="0" />
            <String ID="Word_49383" HPOS="727" VPOS="2181" WIDTH="79" HEIGHT="27" CONTENT="one" />
            <SP ID="SP_44480" HPOS="806" VPOS="2167" WIDTH="19" HEIGHT="0" />
            <String ID="Word_49384" HPOS="825" VPOS="2167" WIDTH="44" HEIGHT="41" CONTENT="of" />
            <SP ID="SP_44481" HPOS="869" VPOS="2166" WIDTH="17" HEIGHT="0" />
            <String ID="Word_49385" HPOS="886" VPOS="2166" WIDTH="73" HEIGHT="42" CONTENT="the" />
            <SP ID="SP_44482" HPOS="959" VPOS="2166" WIDTH="14" HEIGHT="0" />
            <String ID="Word_49386" HPOS="973" VPOS="2166" WIDTH="95" HEIGHT="42" CONTENT="best" />
            <SP ID="SP_44483" HPOS="1068" VPOS="2166" WIDTH="18" HEIGHT="0" />
            <String ID="Word_49387" HPOS="1086" VPOS="2166" WIDTH="96" HEIGHT="41" CONTENT="that" />
            <SP ID="SP_44484" HPOS="1182" VPOS="2166" WIDTH="16" HEIGHT="0" />
            <String ID="Word_49388" HPOS="1198" VPOS="2180" WIDTH="79" HEIGHT="27" CONTENT="can" />
            <SP ID="SP_44485" HPOS="1277" VPOS="2166" WIDTH="18" HEIGHT="0" />
            <String ID="Word_49389" HPOS="1295" VPOS="2166" WIDTH="51" HEIGHT="41" CONTENT="be" />
            <SP ID="SP_44486" HPOS="1346" VPOS="2165" WIDTH="19" HEIGHT="0" />
            <String ID="Word_49390" HPOS="1365" VPOS="2165" WIDTH="297" HEIGHT="42" CONTENT="established.&quot;" />
            <SP ID="SP_44487" HPOS="1662" VPOS="2165" WIDTH="49" HEIGHT="0" />
            <String ID="Word_49391" HPOS="1711" VPOS="2166" WIDTH="221" HEIGHT="42" CONTENT="Esquirol3" />
          </TextLine>
          <TextLine ID="TextLine_4909" HPOS="318" VPOS="2235" WIDTH="1612" HEIGHT="51">
            <String ID="Word_49392" HPOS="318" VPOS="2240" WIDTH="75" HEIGHT="40" CONTENT="has" />
            <SP ID="SP_44488" HPOS="393" VPOS="2238" WIDTH="37" HEIGHT="0" />
            <String ID="Word_49393" HPOS="430" VPOS="2238" WIDTH="175" HEIGHT="42" CONTENT="divided" />
            <SP ID="SP_44489" HPOS="605" VPOS="2237" WIDTH="36" HEIGHT="0" />
            <String ID="Word_49394" HPOS="641" VPOS="2237" WIDTH="129" HEIGHT="42" CONTENT="idiots" />
            <SP ID="SP_44490" HPOS="770" VPOS="2236" WIDTH="32" HEIGHT="0" />
            <String ID="Word_49395" HPOS="802" VPOS="2236" WIDTH="84" HEIGHT="42" CONTENT="and" />
            <SP ID="SP_44491" HPOS="886" VPOS="2235" WIDTH="32" HEIGHT="0" />
            <String ID="Word_49396" HPOS="918" VPOS="2235" WIDTH="219" HEIGHT="42" CONTENT="imbeciles" />
            <SP ID="SP_44492" HPOS="1137" VPOS="2235" WIDTH="32" HEIGHT="0" />
            <String ID="Word_49397" HPOS="1169" VPOS="2236" WIDTH="92" HEIGHT="41" CONTENT="into" />
            <SP ID="SP_44493" HPOS="1261" VPOS="2236" WIDTH="32" HEIGHT="0" />
            <String ID="Word_49398" HPOS="1293" VPOS="2236" WIDTH="82" HEIGHT="41" CONTENT="five" />
            <SP ID="SP_44494" HPOS="1375" VPOS="2235" WIDTH="32" HEIGHT="0" />
            <String ID="Word_49399" HPOS="1407" VPOS="2235" WIDTH="166" HEIGHT="42" CONTENT="classes," />
            <SP ID="SP_44495" HPOS="1573" VPOS="2235" WIDTH="32" HEIGHT="0" />
            <String ID="Word_49400" HPOS="1605" VPOS="2236" WIDTH="43" HEIGHT="41" CONTENT="of" />
            <SP ID="SP_44496" HPOS="1648" VPOS="2236" WIDTH="36" HEIGHT="0" />
            <String ID="Word_49401" HPOS="1684" VPOS="2236" WIDTH="140" HEIGHT="41" CONTENT="which" />
            <SP ID="SP_44497" HPOS="1824" VPOS="2236" WIDTH="37" HEIGHT="0" />
            <String ID="Word_49402" HPOS="1861" VPOS="2236" WIDTH="69" HEIGHT="41" CONTENT="the" />
          </TextLine>
          <TextLine ID="TextLine_4910" HPOS="316" VPOS="2305" WIDTH="1617" HEIGHT="56">
            <String ID="Word_49403" HPOS="316" VPOS="2311" WIDTH="151" HEIGHT="41" CONTENT="lowest" />
            <SP ID="SP_44498" HPOS="467" VPOS="2309" WIDTH="29" HEIGHT="0" />
            <String ID="Word_49404" HPOS="496" VPOS="2309" WIDTH="37" HEIGHT="41" CONTENT="is" />
            <SP ID="SP_44499" HPOS="533" VPOS="2307" WIDTH="32" HEIGHT="0" />
            <String ID="Word_49405" HPOS="565" VPOS="2307" WIDTH="163" HEIGHT="42" CONTENT="utterly" />
            <SP ID="SP_44500" HPOS="728" VPOS="2306" WIDTH="26" HEIGHT="0" />
            <String ID="Word_49406" HPOS="754" VPOS="2306" WIDTH="206" HEIGHT="42" CONTENT="mindless" />
            <SP ID="SP_44501" HPOS="960" VPOS="2306" WIDTH="31" HEIGHT="0" />
            <String ID="Word_49407" HPOS="991" VPOS="2306" WIDTH="85" HEIGHT="41" CONTENT="and" />
            <SP ID="SP_44502" HPOS="1076" VPOS="2305" WIDTH="33" HEIGHT="0" />
            <String ID="Word_49408" HPOS="1109" VPOS="2305" WIDTH="252" HEIGHT="55" CONTENT="speechless," />
            <SP ID="SP_44503" HPOS="1361" VPOS="2305" WIDTH="24" HEIGHT="0" />
            <String ID="Word_49409" HPOS="1385" VPOS="2305" WIDTH="84" HEIGHT="42" CONTENT="and" />
            <SP ID="SP_44504" HPOS="1469" VPOS="2305" WIDTH="31" HEIGHT="0" />
            <String ID="Word_49410" HPOS="1500" VPOS="2306" WIDTH="71" HEIGHT="41" CONTENT="the" />
            <SP ID="SP_44505" HPOS="1571" VPOS="2305" WIDTH="32" HEIGHT="0" />
            <String ID="Word_49411" HPOS="1603" VPOS="2305" WIDTH="169" HEIGHT="55" CONTENT="highest" />
            <SP ID="SP_44506" HPOS="1772" VPOS="2305" WIDTH="33" HEIGHT="0" />
            <String ID="Word_49412" HPOS="1805" VPOS="2306" WIDTH="73" HEIGHT="41" CONTENT="lias" />
            <SP ID="SP_44507" HPOS="1878" VPOS="2306" WIDTH="31" HEIGHT="0" />
            <String ID="Word_49413" HPOS="1909" VPOS="2320" WIDTH="24" HEIGHT="27" CONTENT="a" />
          </TextLine>
          <TextLine ID="TextLine_4911" HPOS="318" VPOS="2375" WIDTH="1608" HEIGHT="57">
            <String ID="Word_49414" HPOS="318" VPOS="2383" WIDTH="87" HEIGHT="39" CONTENT="free" />
            <SP ID="SP_44508" HPOS="405" VPOS="2378" WIDTH="22" HEIGHT="0" />
            <String ID="Word_49415" HPOS="427" VPOS="2378" WIDTH="84" HEIGHT="42" CONTENT="and" />
            <SP ID="SP_44509" HPOS="511" VPOS="2378" WIDTH="24" HEIGHT="0" />
            <String ID="Word_49416" HPOS="535" VPOS="2391" WIDTH="100" HEIGHT="41" CONTENT="easy" />
            <SP ID="SP_44510" HPOS="635" VPOS="2382" WIDTH="23" HEIGHT="0" />
            <String ID="Word_49417" HPOS="658" VPOS="2383" WIDTH="234" HEIGHT="43" CONTENT="utterance," />
            <SP ID="SP_44511" HPOS="892" VPOS="2376" WIDTH="22" HEIGHT="0" />
            <String ID="Word_49418" HPOS="914" VPOS="2376" WIDTH="163" HEIGHT="41" CONTENT="though" />
            <SP ID="SP_44512" HPOS="1077" VPOS="2376" WIDTH="24" HEIGHT="0" />
            <String ID="Word_49419" HPOS="1101" VPOS="2390" WIDTH="24" HEIGHT="27" CONTENT="a" />
            <SP ID="SP_44513" HPOS="1125" VPOS="2375" WIDTH="22" HEIGHT="0" />
            <String ID="Word_49420" HPOS="1147" VPOS="2375" WIDTH="212" HEIGHT="42" CONTENT="defective" />
            <SP ID="SP_44514" HPOS="1359" VPOS="2375" WIDTH="23" HEIGHT="0" />
            <String ID="Word_49421" HPOS="1382" VPOS="2389" WIDTH="141" HEIGHT="41" CONTENT="power" />
            <SP ID="SP_44515" HPOS="1523" VPOS="2376" WIDTH="21" HEIGHT="0" />
            <String ID="Word_49422" HPOS="1544" VPOS="2376" WIDTH="46" HEIGHT="40" CONTENT="of" />
            <SP ID="SP_44516" HPOS="1590" VPOS="2376" WIDTH="22" HEIGHT="0" />
            <String ID="Word_49423" HPOS="1612" VPOS="2376" WIDTH="234" HEIGHT="41" CONTENT="reasoning." />
            <SP ID="SP_44517" HPOS="1846" VPOS="2376" WIDTH="61" HEIGHT="0" />
            <String ID="Word_49424" HPOS="1907" VPOS="2376" WIDTH="19" HEIGHT="40" CONTENT="I" />
          </TextLine>
          <TextLine ID="TextLine_4912" HPOS="316" VPOS="2445" WIDTH="1610" HEIGHT="61">
            <String ID="Word_49425" HPOS="316" VPOS="2463" WIDTH="180" HEIGHT="43" CONTENT="propose" />
            <SP ID="SP_44518" HPOS="496" VPOS="2453" WIDTH="30" HEIGHT="0" />
            <String ID="Word_49426" HPOS="526" VPOS="2453" WIDTH="43" HEIGHT="37" CONTENT="to" />
            <SP ID="SP_44519" HPOS="569" VPOS="2447" WIDTH="31" HEIGHT="0" />
            <String ID="Word_49427" HPOS="600" VPOS="2461" WIDTH="97" HEIGHT="41" CONTENT="give" />
            <SP ID="SP_44520" HPOS="697" VPOS="2446" WIDTH="32" HEIGHT="0" />
            <String ID="Word_49428" HPOS="729" VPOS="2446" WIDTH="221" HEIGHT="55" CONTENT="presently" />
            <SP ID="SP_44521" HPOS="950" VPOS="2446" WIDTH="22" HEIGHT="0" />
            <String ID="Word_49429" HPOS="972" VPOS="2446" WIDTH="118" HEIGHT="41" CONTENT="short" />
            <SP ID="SP_44522" HPOS="1090" VPOS="2446" WIDTH="33" HEIGHT="0" />
            <String ID="Word_49430" HPOS="1123" VPOS="2459" WIDTH="122" HEIGHT="28" CONTENT="notes" />
            <SP ID="SP_44523" HPOS="1245" VPOS="2446" WIDTH="31" HEIGHT="0" />
            <String ID="Word_49431" HPOS="1276" VPOS="2446" WIDTH="45" HEIGHT="41" CONTENT="of" />
            <SP ID="SP_44524" HPOS="1321" VPOS="2446" WIDTH="30" HEIGHT="0" />
            <String ID="Word_49432" HPOS="1351" VPOS="2459" WIDTH="25" HEIGHT="28" CONTENT="a" />
            <SP ID="SP_44525" HPOS="1376" VPOS="2445" WIDTH="32" HEIGHT="0" />
            <String ID="Word_49433" HPOS="1408" VPOS="2445" WIDTH="128" HEIGHT="42" CONTENT="series" />
            <SP ID="SP_44526" HPOS="1536" VPOS="2445" WIDTH="32" HEIGHT="0" />
            <String ID="Word_49434" HPOS="1568" VPOS="2445" WIDTH="44" HEIGHT="42" CONTENT="of" />
            <SP ID="SP_44527" HPOS="1612" VPOS="2445" WIDTH="31" HEIGHT="0" />
            <String ID="Word_49435" HPOS="1643" VPOS="2459" WIDTH="115" HEIGHT="28" CONTENT="cases" />
            <SP ID="SP_44528" HPOS="1758" VPOS="2445" WIDTH="33" HEIGHT="0" />
            <String ID="Word_49436" HPOS="1791" VPOS="2445" WIDTH="135" HEIGHT="41" CONTENT="which" />
          </TextLine>
          <TextLine ID="TextLine_4913" HPOS="316" VPOS="2515" WIDTH="1611" HEIGHT="60">
            <String ID="Word_49437" HPOS="316" VPOS="2523" WIDTH="221" HEIGHT="40" CONTENT="represent" />
            <SP ID="SP_44529" HPOS="537" VPOS="2518" WIDTH="21" HEIGHT="0" />
            <String ID="Word_49438" HPOS="558" VPOS="2518" WIDTH="106" HEIGHT="42" CONTENT="such" />
            <SP ID="SP_44530" HPOS="664" VPOS="2518" WIDTH="22" HEIGHT="0" />
            <String ID="Word_49439" HPOS="686" VPOS="2531" WIDTH="24" HEIGHT="27" CONTENT="a" />
            <SP ID="SP_44531" HPOS="710" VPOS="2516" WIDTH="21" HEIGHT="0" />
            <String ID="Word_49440" HPOS="731" VPOS="2516" WIDTH="223" HEIGHT="54" CONTENT="gradation" />
            <SP ID="SP_44532" HPOS="954" VPOS="2516" WIDTH="34" HEIGHT="0" />
            <String ID="Word_49441" HPOS="988" VPOS="2516" WIDTH="46" HEIGHT="41" CONTENT="of" />
            <SP ID="SP_44533" HPOS="1034" VPOS="2515" WIDTH="27" HEIGHT="0" />
            <String ID="Word_49442" HPOS="1061" VPOS="2515" WIDTH="197" HEIGHT="42" CONTENT="intellect" />
            <SP ID="SP_44534" HPOS="1258" VPOS="2515" WIDTH="21" HEIGHT="0" />
            <String ID="Word_49443" HPOS="1279" VPOS="2516" WIDTH="85" HEIGHT="41" CONTENT="and" />
            <SP ID="SP_44535" HPOS="1364" VPOS="2516" WIDTH="23" HEIGHT="0" />
            <String ID="Word_49444" HPOS="1387" VPOS="2516" WIDTH="43" HEIGHT="41" CONTENT="of" />
            <SP ID="SP_44536" HPOS="1430" VPOS="2515" WIDTH="32" HEIGHT="0" />
            <String ID="Word_49445" HPOS="1462" VPOS="2515" WIDTH="326" HEIGHT="55" CONTENT="Speech-power" />
            <SP ID="SP_44537" HPOS="1788" VPOS="2515" WIDTH="31" HEIGHT="0" />
            <String ID="Word_49446" HPOS="1819" VPOS="2530" WIDTH="43" HEIGHT="27" CONTENT="as" />
            <SP ID="SP_44538" HPOS="1862" VPOS="2516" WIDTH="32" HEIGHT="0" />
            <String ID="Word_49447" HPOS="1894" VPOS="2516" WIDTH="33" HEIGHT="40" CONTENT="is" />
          </TextLine>
          <TextLine ID="TextLine_4914" HPOS="315" VPOS="2585" WIDTH="1612" HEIGHT="57">
            <String ID="Word_49448" HPOS="315" VPOS="2589" WIDTH="219" HEIGHT="44" CONTENT="indicated" />
            <SP ID="SP_44539" HPOS="534" VPOS="2589" WIDTH="21" HEIGHT="0" />
            <String ID="Word_49449" HPOS="555" VPOS="2589" WIDTH="57" HEIGHT="53" CONTENT="by" />
            <SP ID="SP_44540" HPOS="612" VPOS="2586" WIDTH="22" HEIGHT="0" />
            <String ID="Word_49450" HPOS="634" VPOS="2586" WIDTH="224" HEIGHT="56" CONTENT="Esquirol;" />
            <SP ID="SP_44541" HPOS="858" VPOS="2586" WIDTH="31" HEIGHT="0" />
            <String ID="Word_49451" HPOS="889" VPOS="2586" WIDTH="85" HEIGHT="41" CONTENT="and" />
            <SP ID="SP_44542" HPOS="974" VPOS="2586" WIDTH="23" HEIGHT="0" />
            <String ID="Word_49452" HPOS="997" VPOS="2586" WIDTH="21" HEIGHT="40" CONTENT="I" />
            <SP ID="SP_44543" HPOS="1018" VPOS="2586" WIDTH="24" HEIGHT="0" />
            <String ID="Word_49453" HPOS="1042" VPOS="2586" WIDTH="109" HEIGHT="41" CONTENT="hope" />
            <SP ID="SP_44544" HPOS="1151" VPOS="2585" WIDTH="24" HEIGHT="0" />
            <String ID="Word_49454" HPOS="1175" VPOS="2585" WIDTH="94" HEIGHT="41" CONTENT="that" />
            <SP ID="SP_44545" HPOS="1269" VPOS="2585" WIDTH="22" HEIGHT="0" />
            <String ID="Word_49455" HPOS="1291" VPOS="2585" WIDTH="120" HEIGHT="42" CONTENT="these" />
            <SP ID="SP_44546" HPOS="1411" VPOS="2585" WIDTH="22" HEIGHT="0" />
            <String ID="Word_49456" HPOS="1433" VPOS="2599" WIDTH="116" HEIGHT="28" CONTENT="cases" />
            <SP ID="SP_44547" HPOS="1549" VPOS="2586" WIDTH="26" HEIGHT="0" />
            <String ID="Word_49457" HPOS="1575" VPOS="2586" WIDTH="87" HEIGHT="40" CONTENT="will" />
            <SP ID="SP_44548" HPOS="1662" VPOS="2586" WIDTH="22" HEIGHT="0" />
            <String ID="Word_49458" HPOS="1684" VPOS="2586" WIDTH="124" HEIGHT="55" CONTENT="bring" />
            <SP ID="SP_44549" HPOS="1808" VPOS="2586" WIDTH="22" HEIGHT="0" />
            <String ID="Word_49459" HPOS="1830" VPOS="2599" WIDTH="97" HEIGHT="40" CONTENT="very" />
          </TextLine>
          <TextLine ID="TextLine_4915" HPOS="316" VPOS="2655" WIDTH="1611" HEIGHT="63">
            <String ID="Word_49460" HPOS="316" VPOS="2659" WIDTH="291" HEIGHT="59" CONTENT="prominently" />
            <SP ID="SP_44550" HPOS="607" VPOS="2659" WIDTH="25" HEIGHT="0" />
            <String ID="Word_49461" HPOS="632" VPOS="2659" WIDTH="142" HEIGHT="40" CONTENT="before" />
            <SP ID="SP_44551" HPOS="774" VPOS="2657" WIDTH="24" HEIGHT="0" />
            <String ID="Word_49462" HPOS="798" VPOS="2657" WIDTH="71" HEIGHT="41" CONTENT="the" />
            <SP ID="SP_44552" HPOS="869" VPOS="2655" WIDTH="22" HEIGHT="0" />
            <String ID="Word_49463" HPOS="891" VPOS="2655" WIDTH="180" HEIGHT="43" CONTENT="reader's" />
            <SP ID="SP_44553" HPOS="1071" VPOS="2655" WIDTH="23" HEIGHT="0" />
            <String ID="Word_49464" HPOS="1094" VPOS="2656" WIDTH="120" HEIGHT="41" CONTENT="mind" />
            <SP ID="SP_44554" HPOS="1214" VPOS="2655" WIDTH="23" HEIGHT="0" />
            <String ID="Word_49465" HPOS="1237" VPOS="2655" WIDTH="74" HEIGHT="42" CONTENT="the" />
            <SP ID="SP_44555" HPOS="1311" VPOS="2655" WIDTH="23" HEIGHT="0" />
            <String ID="Word_49466" HPOS="1334" VPOS="2661" WIDTH="254" HEIGHT="49" CONTENT="permanent" />
            <SP ID="SP_44556" HPOS="1588" VPOS="2656" WIDTH="20" HEIGHT="0" />
            <String ID="Word_49467" HPOS="1608" VPOS="2656" WIDTH="187" HEIGHT="54" CONTENT="infancy," />
            <SP ID="SP_44557" HPOS="1795" VPOS="2656" WIDTH="23" HEIGHT="0" />
            <String ID="Word_49468" HPOS="1818" VPOS="2656" WIDTH="109" HEIGHT="41" CONTENT="alike" />
          </TextLine>
          <TextLine ID="TextLine_4916" HPOS="318" VPOS="2725" WIDTH="1609" HEIGHT="56">
            <String ID="Word_49469" HPOS="318" VPOS="2733" WIDTH="47" HEIGHT="42" CONTENT="of" />
            <SP ID="SP_44558" HPOS="365" VPOS="2732" WIDTH="18" HEIGHT="0" />
            <String ID="Word_49470" HPOS="383" VPOS="2732" WIDTH="73" HEIGHT="42" CONTENT="the" />
            <SP ID="SP_44559" HPOS="456" VPOS="2728" WIDTH="26" HEIGHT="0" />
            <String ID="Word_49471" HPOS="482" VPOS="2728" WIDTH="198" HEIGHT="44" CONTENT="imbecile" />
            <SP ID="SP_44560" HPOS="680" VPOS="2726" WIDTH="32" HEIGHT="0" />
            <String ID="Word_49472" HPOS="712" VPOS="2726" WIDTH="196" HEIGHT="42" CONTENT="intellect" />
            <SP ID="SP_44561" HPOS="908" VPOS="2725" WIDTH="32" HEIGHT="0" />
            <String ID="Word_49473" HPOS="940" VPOS="2725" WIDTH="85" HEIGHT="42" CONTENT="and" />
            <SP ID="SP_44562" HPOS="1025" VPOS="2725" WIDTH="32" HEIGHT="0" />
            <String ID="Word_49474" HPOS="1057" VPOS="2725" WIDTH="44" HEIGHT="42" CONTENT="of" />
            <SP ID="SP_44563" HPOS="1101" VPOS="2725" WIDTH="36" HEIGHT="0" />
            <String ID="Word_49475" HPOS="1137" VPOS="2725" WIDTH="73" HEIGHT="42" CONTENT="the" />
            <SP ID="SP_44564" HPOS="1210" VPOS="2725" WIDTH="37" HEIGHT="0" />
            <String ID="Word_49476" HPOS="1247" VPOS="2725" WIDTH="197" HEIGHT="42" CONTENT="imbecile" />
            <SP ID="SP_44565" HPOS="1444" VPOS="2725" WIDTH="34" HEIGHT="0" />
            <String ID="Word_49477" HPOS="1478" VPOS="2726" WIDTH="165" HEIGHT="55" CONTENT="speech." />
            <SP ID="SP_44566" HPOS="1643" VPOS="2726" WIDTH="20" HEIGHT="0" />
            <String ID="Word_49478" HPOS="1705" VPOS="2726" WIDTH="81" HEIGHT="42" CONTENT="We" />
            <SP ID="SP_44567" HPOS="1786" VPOS="2725" WIDTH="37" HEIGHT="0" />
            <String ID="Word_49479" HPOS="1823" VPOS="2725" WIDTH="104" HEIGHT="42" CONTENT="shall" />
          </TextLine>
          <TextLine ID="TextLine_4917" HPOS="367" VPOS="2823" WIDTH="1468" HEIGHT="51">
            <String ID="Word_49480" HPOS="367" VPOS="2832" WIDTH="10" HEIGHT="23" CONTENT="1" />
            <SP ID="SP_44568" HPOS="377" VPOS="2831" WIDTH="30" HEIGHT="0" />
            <String ID="Word_49481" HPOS="407" VPOS="2831" WIDTH="55" HEIGHT="36" CONTENT="On" />
            <SP ID="SP_44569" HPOS="462" VPOS="2829" WIDTH="17" HEIGHT="0" />
            <String ID="Word_49482" HPOS="479" VPOS="2829" WIDTH="121" HEIGHT="36" CONTENT="Idiocy" />
            <SP ID="SP_44570" HPOS="600" VPOS="2827" WIDTH="17" HEIGHT="0" />
            <String ID="Word_49483" HPOS="617" VPOS="2827" WIDTH="72" HEIGHT="36" CONTENT="and" />
            <SP ID="SP_44571" HPOS="689" VPOS="2826" WIDTH="18" HEIGHT="0" />
            <String ID="Word_49484" HPOS="707" VPOS="2826" WIDTH="208" HEIGHT="47" CONTENT="Imbecility," />
            <SP ID="SP_44572" HPOS="915" VPOS="2825" WIDTH="18" HEIGHT="0" />
            <String ID="Word_49485" HPOS="933" VPOS="2825" WIDTH="51" HEIGHT="36" CONTENT="by" />
            <SP ID="SP_44573" HPOS="984" VPOS="2825" WIDTH="19" HEIGHT="0" />
            <String ID="Word_49486" HPOS="1003" VPOS="2825" WIDTH="168" HEIGHT="36" CONTENT="William" />
            <SP ID="SP_44574" HPOS="1171" VPOS="2824" WIDTH="17" HEIGHT="0" />
            <String ID="Word_49487" HPOS="1188" VPOS="2824" WIDTH="56" HEIGHT="36" CONTENT="W." />
            <SP ID="SP_44575" HPOS="1244" VPOS="2823" WIDTH="23" HEIGHT="0" />
            <String ID="Word_49488" HPOS="1267" VPOS="2823" WIDTH="161" HEIGHT="45" CONTENT="Ireland," />
            <SP ID="SP_44576" HPOS="1428" VPOS="2823" WIDTH="20" HEIGHT="0" />
            <String ID="Word_49489" HPOS="1448" VPOS="2825" WIDTH="113" HEIGHT="44" CONTENT="M.D.," />
            <SP ID="SP_44577" HPOS="1561" VPOS="2825" WIDTH="23" HEIGHT="0" />
            <String ID="Word_49490" HPOS="1584" VPOS="2825" WIDTH="100" HEIGHT="43" CONTENT="1877," />
            <SP ID="SP_44578" HPOS="1684" VPOS="2825" WIDTH="20" HEIGHT="0" />
            <String ID="Word_49491" HPOS="1704" VPOS="2836" WIDTH="32" HEIGHT="37" CONTENT="p." />
            <SP ID="SP_44579" HPOS="1736" VPOS="2828" WIDTH="23" HEIGHT="0" />
            <String ID="Word_49492" HPOS="1759" VPOS="2828" WIDTH="76" HEIGHT="32" CONTENT="264." />
          </TextLine>
          <TextLine ID="TextLine_4918" HPOS="362" VPOS="2884" WIDTH="1553" HEIGHT="52">
            <String ID="Word_49493" HPOS="362" VPOS="2895" WIDTH="15" HEIGHT="24" CONTENT="2" />
            <SP ID="SP_44580" HPOS="377" VPOS="2893" WIDTH="26" HEIGHT="0" />
            <String ID="Word_49494" HPOS="403" VPOS="2893" WIDTH="143" HEIGHT="36" CONTENT="Mental" />
            <SP ID="SP_44581" HPOS="546" VPOS="2890" WIDTH="19" HEIGHT="0" />
            <String ID="Word_49495" HPOS="565" VPOS="2890" WIDTH="194" HEIGHT="46" CONTENT="Pathology" />
            <SP ID="SP_44582" HPOS="759" VPOS="2889" WIDTH="17" HEIGHT="0" />
            <String ID="Word_49496" HPOS="776" VPOS="2889" WIDTH="73" HEIGHT="36" CONTENT="and" />
            <SP ID="SP_44583" HPOS="849" VPOS="2886" WIDTH="21" HEIGHT="0" />
            <String ID="Word_49497" HPOS="870" VPOS="2886" WIDTH="256" HEIGHT="48" CONTENT="Therapeutics," />
            <SP ID="SP_44584" HPOS="1126" VPOS="2886" WIDTH="19" HEIGHT="0" />
            <String ID="Word_49498" HPOS="1145" VPOS="2886" WIDTH="90" HEIGHT="36" CONTENT="New" />
            <SP ID="SP_44585" HPOS="1235" VPOS="2885" WIDTH="20" HEIGHT="0" />
            <String ID="Word_49499" HPOS="1255" VPOS="2885" WIDTH="212" HEIGHT="48" CONTENT="Sydenham" />
            <SP ID="SP_44586" HPOS="1467" VPOS="2885" WIDTH="19" HEIGHT="0" />
            <String ID="Word_49500" HPOS="1486" VPOS="2885" WIDTH="158" HEIGHT="47" CONTENT="Society," />
            <SP ID="SP_44587" HPOS="1644" VPOS="2885" WIDTH="22" HEIGHT="0" />
            <String ID="Word_49501" HPOS="1666" VPOS="2885" WIDTH="101" HEIGHT="43" CONTENT="1867," />
            <SP ID="SP_44588" HPOS="1767" VPOS="2885" WIDTH="18" HEIGHT="0" />
            <String ID="Word_49502" HPOS="1785" VPOS="2895" WIDTH="33" HEIGHT="37" CONTENT="p." />
            <SP ID="SP_44589" HPOS="1818" VPOS="2884" WIDTH="22" HEIGHT="0" />
            <String ID="Word_49503" HPOS="1840" VPOS="2884" WIDTH="75" HEIGHT="36" CONTENT="370." />
          </TextLine>
          <TextLine ID="TextLine_4919" HPOS="364" VPOS="2947" WIDTH="773" HEIGHT="47">
            <String ID="Word_49504" HPOS="364" VPOS="2955" WIDTH="14" HEIGHT="23" CONTENT="3" />
            <SP ID="SP_44590" HPOS="378" VPOS="2952" WIDTH="26" HEIGHT="0" />
            <String ID="Word_49505" HPOS="404" VPOS="2952" WIDTH="119" HEIGHT="37" CONTENT="Traite" />
            <SP ID="SP_44591" HPOS="523" VPOS="2952" WIDTH="18" HEIGHT="0" />
            <String ID="Word_49506" HPOS="541" VPOS="2952" WIDTH="55" HEIGHT="35" CONTENT="des" />
            <SP ID="SP_44592" HPOS="596" VPOS="2949" WIDTH="17" HEIGHT="0" />
            <String ID="Word_49507" HPOS="613" VPOS="2949" WIDTH="133" HEIGHT="37" CONTENT="malad." />
            <SP ID="SP_44593" HPOS="746" VPOS="2949" WIDTH="21" HEIGHT="0" />
            <String ID="Word_49508" HPOS="767" VPOS="2951" WIDTH="116" HEIGHT="43" CONTENT="ment," />
            <SP ID="SP_44594" HPOS="883" VPOS="2951" WIDTH="20" HEIGHT="0" />
            <String ID="Word_49509" HPOS="903" VPOS="2951" WIDTH="24" HEIGHT="32" CONTENT="t." />
            <SP ID="SP_44595" HPOS="927" VPOS="2947" WIDTH="19" HEIGHT="0" />
            <String ID="Word_49510" HPOS="946" VPOS="2947" WIDTH="36" HEIGHT="35" CONTENT="ii." />
            <SP ID="SP_44596" HPOS="982" VPOS="2947" WIDTH="20" HEIGHT="0" />
            <String ID="Word_49511" HPOS="1002" VPOS="2958" WIDTH="35" HEIGHT="36" CONTENT="p." />
            <SP ID="SP_44597" HPOS="1037" VPOS="2947" WIDTH="20" HEIGHT="0" />
            <String ID="Word_49512" HPOS="1057" VPOS="2947" WIDTH="80" HEIGHT="35" CONTENT="288." />
          </TextLine>
        </TextBlock>
      </PrintSpace>
    </Page>
  </Layout>
</alto>
