1817 3171
553 248 91 31 THE
669 248 217 31 MANDRIL
910 248 59 32 OR
992 247 218 32 RIB-NOSE
1235 246 192 33 BABOON.

314 232 89 49 l6o

310 378 167 58 sorting
494 374 36 46 it
548 373 48 47 in
612 374 70 46 his
699 374 174 45 mouth.
943 374 45 45 It
1004 389 93 30 was
1112 373 110 46 then
1236 372 260 46 introduced
1513 387 161 31 almost

312 466 61 45 up
408 458 46 39 to
486 451 78 46 the
594 453 133 52 bowl,
759 453 83 44 but
874 450 114 46 with
1010 457 103 39 that
1140 457 101 55 part
1267 450 227 62 generally
1518 450 156 45 down-

311 543 160 40 wards,
518 528 91 46 and
653 527 37 46 it
735 544 93 29 was
872 527 204 46 retained
1120 527 195 45 without
1356 542 91 45 any
1487 542 186 45 appear-

308 620 108 30 ance
441 604 50 46 of
516 605 154 45 smoke
702 604 66 46 for
797 620 121 30 some
947 604 214 55 minutes,
1193 605 162 60 during
1385 604 147 44 which
1563 603 110 46 time

306 689 80 39 the
425 682 170 45 animal
630 688 268 55 completely
932 681 123 46 filled
1087 682 71 45 his
1194 681 355 46 cheek-pouches
1584 682 90 45 and

308 774 233 45 capacious
570 765 176 48 mouth,
779 759 90 45 and
903 759 151 45 would
1083 765 111 39 then
1221 758 161 46 exhale
1416 774 27 29 a
1475 758 195 54 volume,

306 834 143 62 filling
470 835 71 46 his
564 851 104 30 cage
690 834 111 46 from
823 841 175 48 mouth,
1022 851 121 39 nose,
1169 836 89 45 and
1281 842 255 39 sometimes
1560 851 111 30 even

308 918 77 39 the
409 927 109 30 ears.
587 912 75 46 He
690 912 229 61 generally
942 911 193 47 finished
1167 912 112 45 with
1303 912 75 62 gin
1400 913 90 45 and
1513 920 155 46 water,

308 988 149 46 which
480 1004 94 30 was
596 989 181 45 handed
798 995 46 39 to
867 988 96 45 him
979 988 47 45 in
1049 1003 27 30 a
1098 990 175 60 goblet;
1298 990 91 45 this
1410 990 57 45 he
1485 991 185 60 grasped

307 1065 47 45 in
379 1081 84 30 one
485 1065 138 54 hand,
649 1066 90 45 and
761 1081 94 31 was
878 1071 79 40 not
979 1066 104 60 long
1105 1065 48 46 in
1176 1066 257 61 discussing.

372 1142 76 46 He
463 1159 93 29 was
574 1143 227 62 possessed
824 1143 50 45 of
889 1158 234 30 enormous
1148 1144 215 60 strength.
1432 1144 111 45 Two
1567 1159 104 30 men

307 1220 130 45 could
461 1220 111 45 with
605 1220 224 61 difficulty
853 1219 240 46 withdraw
1122 1227 78 38 the
1232 1221 87 44 end
1350 1219 50 47 of
1425 1236 26 29 a
1480 1236 103 30 rope
1614 1222 56 44 he

307 1312 82 30 one
412 1297 91 61 day
527 1297 162 55 seized,
713 1297 172 46 though
907 1302 113 55 they
1044 1313 117 29 were
1191 1298 187 45 assisted
1407 1299 63 60 by
1492 1304 78 39 the
1600 1314 70 29 re-

307 1372 192 47 sistance
523 1373 49 47 of
586 1374 119 45 their
728 1373 87 47 feet
839 1390 119 46 upon
981 1375 79 45 the
1082 1375 106 46 base
1213 1374 49 46 of
1276 1376 70 44 his
1370 1390 116 46 cage.

372 1451 73 44 He
487 1466 92 30 was
619 1450 72 47 fed
731 1452 164 62 chiefly
930 1468 56 30 on
1020 1453 270 61 vegetables,
1326 1452 90 45 and
1450 1452 218 61 preferred

305 1534 127 38 them
462 1528 196 54 cooked;
694 1530 83 44 but
805 1529 133 46 when
971 1530 58 45 he
1062 1530 164 45 visited
1255 1530 230 53 Windsor,
1521 1529 147 45 where

304 1604 58 45 he
394 1619 93 30 was
517 1605 231 46 exhibited
780 1612 47 40 to
860 1607 70 44 his
960 1607 92 45 late
1083 1607 216 61 Majesty,
1332 1607 56 44 he
1422 1606 36 45 is
1494 1606 95 45 said
1622 1613 46 38 to

305 1680 116 46 have
457 1681 135 46 dined
630 1697 120 46 upon
784 1683 173 46 hashed
994 1699 186 31 venison
1221 1683 113 45 with
1368 1699 56 30 no
1459 1683 208 61 ordinary

306 1758 155 45 degree
480 1757 49 46 of
543 1759 190 61 avidity.

371 1835 98 44 The
493 1850 106 46 only
615 1842 126 39 other
758 1836 170 46 animal
944 1837 236 62 belonging
1196 1843 46 40 to
1257 1837 91 46 this
1363 1852 136 46 group
1519 1838 147 44 which

306 1927 69 29 we
399 1911 115 46 shall
536 1912 217 55 mention,
783 1913 37 46 is
852 1930 82 30 one
959 1914 148 46 which
1130 1930 94 30 was
1252 1915 105 61 long
1383 1913 209 47 involved
1621 1915 46 44 in

307 1989 241 61 obscurity,
597 1990 90 45 and
734 2006 150 30 whose
926 2007 153 46 young
1123 1998 117 39 state
1279 2007 94 30 was
1411 1990 256 62 frequently

306 2063 277 49 confounded
607 2066 114 47 with
744 2074 102 40 that
870 2084 69 30 we
961 2069 116 46 have
1100 2084 104 31 now
1227 2069 255 54 described;
1509 2068 36 46 it
1568 2067 52 54 is.
