2113 3404
803 298 86 35 I'llK
925 303 238 32 DISOUDHUS
1196 304 52 31 OF
1279 302 173 34 Sl'KkCll.

306 281 82 49 134

298 417 137 57 cility,
458 418 73 43 the
555 419 220 42 weakness
800 435 96 41 may
914 422 113 42 exist
1043 426 154 38 almost
1220 421 265 43 exclusively
1509 421 43 41 in
1576 421 73 42 the
1666 427 244 49 productive

300 489 210 51 faculties,
532 491 84 41 and
640 491 73 42 the
736 491 330 43 backwardness
1089 493 44 41 of
1155 491 441 55 Speech-production
1619 506 99 41 may
1740 492 51 42 be
1814 494 96 44 thus

298 560 236 43 accounted
560 561 73 42 for.
696 562 137 41 There
856 576 98 28 may
973 563 51 41 be
1047 577 23 27 a
1087 567 116 36 want
1224 562 45 41 of
1291 561 72 42 the
1382 561 139 43 active
1543 576 159 41 energy
1719 567 189 38 required

295 630 65 42 for
382 630 72 43 the
478 631 189 42 training
689 631 44 42 of
767 631 73 42 the
863 631 367 56 Speech-centres,
1253 630 142 42 winch
1427 631 37 41 is
1495 631 46 41 in
1572 632 59 41 all
1663 632 192 43 children
1885 650 24 28 a

299 715 115 28 more
451 715 47 28 or
532 701 86 42 less
654 701 217 42 laborious
905 715 180 41 process.
1149 702 61 41 At
1248 701 73 42 the
1357 715 116 29 same
1508 703 115 42 time,
1660 703 35 42 it
1731 717 95 43 may
1861 706 50 44 be

296 771 211 42 admitted
540 772 94 41 that
668 772 119 41 there
820 785 100 41 may
951 772 52 41 be
1035 785 117 28 cases
1184 771 45 40 in
1263 771 153 50 which,
1448 771 127 56 along
1605 773 106 42 with
1749 787 24 28 a
1808 776 103 53 good

294 842 173 54 general
504 842 304 41 development
844 842 44 40 of
926 842 105 40 both
1073 841 122 42 brain
1238 841 85 41 and
1365 842 132 52 mind,
1535 842 117 43 there
1684 844 36 41 is
1751 857 25 28 a
1805 844 105 43 local

296 912 144 42 defect
474 913 47 41 in
554 912 73 42 the
663 917 254 50 productive
955 911 344 55 Speech-centre,
1336 911 83 43 due
1455 912 138 42 either
1629 918 42 36 to
1705 919 135 37 arrest
1871 917 42 41 of

297 983 304 41 development
624 982 44 41 in
692 986 122 37 utero
837 996 47 27 or
919 987 42 36 to
992 982 148 41 injury
1161 986 45 37 at
1237 995 47 28 or
1315 982 110 42 after
1457 983 129 41 birth.
1647 983 42 41 A
1711 998 102 41 very
1836 988 76 39 few

295 1052 47 41 of
371 1052 74 42 the
480 1052 203 42 recorded
705 1067 117 28 cases
845 1067 70 27 are
949 1053 245 56 suggestive
1225 1053 46 42 of
1301 1054 87 42 this
1410 1054 302 55 explanation;
1745 1057 77 42 but
1842 1059 70 43 the

294 1126 121 50 great
438 1122 203 55 majority
663 1126 128 47 must,
814 1123 22 40 I
861 1122 139 52 think,
1023 1123 51 42 be
1108 1123 187 42 referred
1327 1127 45 38 to
1403 1137 56 28 an
1489 1124 180 56 original
1700 1125 139 43 defect
1871 1128 41 42 of

296 1191 74 42 the
392 1192 166 41 mental
580 1191 209 43 faculties.

365 1262 198 43 Another
599 1262 142 43 lesson
779 1263 154 52 which,
972 1264 21 40 I
1027 1263 139 52 think,
1202 1278 62 27 we
1298 1278 99 41 may
1427 1264 151 55 gather
1613 1265 108 41 from
1756 1279 25 27 a
1815 1280 95 28 con-

294 1334 234 42 sideration
563 1334 46 41 of
643 1333 73 42 the
753 1333 222 56 foregoing
1006 1347 130 29 cases,
1167 1333 37 42 is
1242 1334 95 42 that
1367 1334 74 42 the
1473 1349 153 41 proper
1665 1335 173 43 method
1872 1337 44 41 of

295 1409 234 37 treatment
560 1404 37 42 is
629 1409 44 37 to
706 1404 120 55 place
856 1405 120 41 them
999 1404 137 42 under
1168 1404 74 42 the
1274 1418 95 28 care
1406 1405 44 41 of
1481 1419 24 27 a
1526 1405 171 42 teacher
1719 1406 94 41 who
1836 1421 74 27 can

295 1476 187 41 instruct
515 1475 120 41 them
668 1475 46 41 in
747 1475 274 41 articulation
1055 1475 57 41 by
1144 1474 74 42 the
1252 1474 103 42 Oral
1386 1475 183 42 Method
1599 1490 97 28 now
1719 1476 102 42 used
1852 1478 60 40 for

295 1545 74 43 the
400 1545 201 42 teaching
632 1545 44 42 of
708 1545 271 42 deaf-mutes.
1059 1545 67 41 Dr
1165 1544 222 43 Hadden's
1429 1559 117 29 cases
1587 1546 213 42 illustrate
1841 1547 71 42 the

296 1617 127 41 value
456 1617 43 41 of
531 1616 87 42 this
649 1616 202 42 method;
882 1616 85 41 and
998 1616 36 41 it
1065 1615 36 43 is
1133 1616 91 41 still
1257 1630 113 28 more
1396 1616 178 54 forcibly
1597 1617 314 42 demonstrated

297 1688 56 54 by
386 1687 74 42 the
492 1701 94 28 case
629 1687 46 41 of
713 1686 140 42 which
884 1687 73 40 Mr
988 1686 273 54 Illingworth
1291 1686 77 42 has
1397 1687 223 42 furnished
1651 1687 75 42 the
1759 1688 152 41 record.

297 1758 216 42 Probably
535 1757 74 43 the
643 1758 95 42 best
771 1771 195 28 measure
999 1760 44 38 to
1077 1757 100 41 take
1211 1757 36 41 is
1281 1760 43 38 to
1347 1757 120 54 place
1490 1757 72 42 the
1595 1757 167 55 patient
1791 1758 47 41 in
1859 1772 51 27 an

293 1828 254 41 institution
578 1828 65 41 for
675 1827 72 41 the
779 1827 101 41 deaf
907 1826 86 41 and
1025 1825 143 43 dumb.
1230 1825 111 42 That
1371 1825 37 43 is
1446 1826 116 42 what
1593 1826 23 41 I
1651 1840 178 41 propose
1870 1832 41 36 to

295 1897 273 42 recommend
591 1897 63 42 for
677 1897 106 42 Case
806 1897 47 51 I.,
876 1896 73 42 the
971 1896 114 42 little
1106 1895 83 56 girl
1211 1899 45 38 at
1276 1900 174 51 present
1470 1896 46 41 in
1539 1896 73 43 the
1635 1897 239 43 Infirmary.

559 2051 211 42 Inability
792 2055 38 38 to
851 2049 242 43 Articulate
1113 2064 105 28 some
1239 2050 143 42 Single
1407 2050 244 42 Consonant.

357 2170 18 41 I
401 2169 53 42 do
477 2175 76 36 not
576 2169 127 41 think
735 2169 36 41 it
805 2168 141 42 would
969 2168 51 42 be
1043 2168 238 42 stretching
1304 2169 72 41 the
1409 2167 201 43 meaning
1632 2168 46 41 of
1706 2167 73 42 the
1807 2172 100 37 term

298 2245 69 36 too
390 2240 129 42 much
542 2245 43 36 to
602 2240 174 41 include
800 2239 72 41 the
894 2239 133 41 faults
1046 2239 43 41 of
1111 2238 277 42 articulation
1410 2253 95 26 now
1525 2243 42 36 to
1590 2239 51 41 be
1664 2237 244 43 mentioned

297 2310 137 42 under
463 2310 73 42 the
559 2310 171 47 general
763 2314 110 37 term
894 2309 46 41 of
961 2307 186 50 Lalling,
1180 2308 86 42 and
1292 2314 42 36 to
1367 2308 190 42 describe
1581 2308 119 41 them
1731 2321 45 27 as
1799 2320 112 28 cases

297 2382 47 41 of
371 2380 175 57 Lalling
577 2395 117 27 upon
725 2393 117 29 some
873 2379 138 43 single
1041 2383 250 38 consonant.
1356 2378 53 42 In
1442 2383 111 37 most
1574 2391 128 36 cases,
1724 2378 104 42 such
1858 2390 53 28 an

297 2451 182 42 isolated
521 2451 214 42 difficulty
773 2449 104 41 with
920 2463 24 27 a
981 2449 137 55 single
1155 2454 240 37 consonant
1432 2462 135 29 seems
1605 2453 43 36 to
1689 2448 51 41 be
1781 2448 78 40 but
1887 2460 23 27 a

298 2522 213 46 lingering
534 2526 115 36 trace
693 2521 45 41 of
757 2520 122 41 those
913 2519 172 41 natural
1120 2519 248 42 difficulties
1392 2519 139 42 which
1564 2519 73 40 the
1670 2516 239 42 individual

299 2591 282 43 experienced
616 2591 45 40 in
696 2589 232 42 childhood
965 2589 103 41 with
1104 2603 130 41 many
1273 2604 47 27 or
1356 2589 57 43 all
1451 2589 46 41 of
1536 2589 72 41 the
1645 2598 261 32 consonants;

297 2662 126 42 With
455 2662 60 42 all
546 2661 73 42 the
641 2661 155 41 others,
820 2659 73 42 the
927 2659 215 56 difficulty
1165 2659 75 42 has
1273 2674 151 27 sooner
1450 2673 46 28 or
1526 2659 109 42 later
1656 2659 106 41 been
1794 2671 114 29 over-

297 2747 133 29 come,
451 2732 80 42 but
553 2737 104 36 with
676 2730 87 42 this
783 2728 235 57 particular
1039 2742 81 29 one
1154 2729 38 42 it
1221 2729 91 43 still
1335 2729 185 42 remains
1543 2743 45 28 as
1611 2743 23 27 a
1659 2727 251 56 peculiarity

296 2804 48 42 of
356 2802 288 43 articulation.
707 2798 239 44 Kussmaul
963 2798 76 42 has
1059 2799 128 55 given
1209 2813 25 27 a
1255 2799 82 41 full
1358 2803 184 38 account
1563 2799 44 42 of
1629 2798 119 42 these
1769 2797 138 43 condi-

296 2875 127 42 tions,
455 2873 85 43 and
570 2873 36 41 it
638 2871 90 42 will
749 2875 88 38 not,
859 2870 47 41 in
928 2869 87 42 this
1037 2883 144 41 paper,
1203 2869 52 42 be
1281 2883 226 41 necessary
1529 2873 44 38 to
1595 2869 54 42 do
1670 2883 115 28 more
1807 2868 99 41 than

295 2949 249 40 enumerate
566 2957 116 29 some
704 2942 45 42 of
767 2941 74 42 the
862 2954 116 28 more
1000 2953 196 28 common
1219 2939 84 42 and
1324 2939 237 55 important
1581 2939 44 42 of
1647 2939 126 42 them.

354 3016 79 56 (1.)
465 3013 45 44 R
530 3014 37 42 is
591 3014 73 42 the
696 3014 237 41 consonant
955 3009 140 43 which
1118 3009 45 42 in
1187 3013 111 39 most
1319 3010 46 41 of
1383 3008 120 43 these
1526 3023 116 28 cases
1663 3022 151 42 proves
1836 3007 69 42 the

293 3084 399 46 stumbling-block.
762 3080 258 47 Sometimes
1054 3079 74 43 the
1150 3079 170 43 Uvular
1342 3077 44 44 R
1406 3079 37 42 is
1469 3078 263 43 substituted
1754 3079 63 41 for
1838 3076 68 42 the
