2240 3972
1088 174 65 54 13

139 308 127 56 have
306 309 236 55 afforded.
620 309 66 55 In
727 309 175 70 reality
930 309 220 72 insanity
1182 310 253 53 furnishes
1476 309 134 55 what
1644 310 48 53 in
1742 311 127 53 such
1911 315 184 50 matter

139 385 164 52 ought
341 390 54 47 to
439 385 126 52 have
608 384 130 53 been
784 384 165 53 seized
993 384 122 52 with
1159 391 87 47 the
1285 391 194 47 utmost
1523 385 417 53 eagerness—for
1975 386 120 70 they

140 464 186 47 cannot
366 459 63 52 be
473 458 431 71 made—namely,
934 458 166 53 actual
1152 459 333 52 experiments
1536 460 111 52 well
1697 459 165 53 suited
1911 465 55 47 to
2007 459 89 52 the

140 532 382 53 establishment
558 533 54 52 of
653 537 87 48 the
777 532 268 71 principles
1082 532 55 53 of
1175 552 27 33 a
1232 533 138 70 truly
1403 533 259 53 inductive
1702 533 209 53 science.
1987 533 109 52 The

141 606 118 52 laws
286 607 55 51 of
377 606 188 53 mental
592 612 167 47 action
788 625 80 34 are
893 611 92 47 not
1012 606 356 71 miraculously
1395 606 230 53 changed
1658 626 94 33 nor
1786 606 228 53 reversed
2039 607 56 51 in

141 680 248 65 madness,
417 680 201 53 though
643 685 86 47 the
757 680 285 53 conditions
1070 681 55 52 of
1152 680 129 53 their
1309 686 260 47 operation
1596 700 81 33 are
1706 680 259 64 different;
1997 679 100 53 and

142 760 180 46 nature
349 754 117 52 does
494 761 90 45 not
605 754 257 52 recognise
886 760 88 47 the
995 754 227 53 artificial
1242 754 97 53 and
1366 754 275 53 ill-starred
1664 754 241 54 divisions
1932 753 166 53 which

142 847 131 45 men,
296 828 77 52 for
397 834 87 47 the
501 828 119 52 sake
639 829 55 51 of
717 847 348 47 convenience,
1086 828 98 53 and
1200 834 92 47 not
1314 828 355 71 unfrequently
1689 828 53 53 in
1757 828 89 53 the
1862 827 234 54 interests

145 902 56 52 of
222 903 289 70 ignorance,
530 921 163 34 make.

217 979 51 50 2.
309 976 392 53 Consciousness
729 995 137 51 gives
901 995 66 33 no
1004 980 214 48 account
1253 975 56 54 of
1344 981 88 47 the
1457 974 234 54 essential
1721 975 225 55 material
1981 993 116 34 con-

145 1048 188 54 ditions
377 1050 162 52 which
581 1050 232 52 underlie
853 1069 143 52 every
1023 1050 190 52 mental
1255 1050 394 65 manifestation,
1679 1050 99 52 and
1824 1049 275 55 determine

143 1129 87 47 the
257 1124 251 53 character
535 1125 56 52 of
627 1124 74 53 it:
741 1124 71 52 let
837 1123 86 54 the
949 1124 230 53 function
1206 1124 54 53 of
1291 1143 64 33 an
1379 1123 326 53 individual's
1733 1128 136 67 optic
1897 1124 203 71 ganglia

144 1197 62 53 be
232 1198 261 53 abolished
518 1197 66 72 by
612 1198 188 52 disease
827 1217 56 34 or
909 1198 277 65 otherwise,
1216 1197 98 54 and
1346 1198 64 52 he
1436 1197 168 53 would
1630 1202 91 48 not
1748 1198 63 53 be
1838 1216 261 36 conscious

144 1272 111 52 that
285 1272 63 52 he
382 1292 98 33 wras
518 1271 144 54 blind
702 1272 130 52 until
866 1272 289 71 experience
1185 1272 101 52 had
1328 1272 276 52 convinced
1642 1272 107 52 him
1788 1272 54 53 of
1878 1274 59 51 it.
2015 1271 86 53 On

147 1365 225 51 grounds
400 1346 164 52 which
599 1346 103 52 will
738 1351 91 47 not
856 1346 151 71 easily
1037 1345 63 53 be
1127 1346 192 52 shaken
1344 1346 42 51 it
1411 1346 42 53 is
1484 1365 112 33 now
1631 1345 178 53 indeed
1835 1344 263 67 admitted,

145 1426 111 46 that
301 1421 121 51 with
467 1439 145 52 every
657 1419 193 72 display
896 1420 55 52 of
993 1419 189 54 mental
1225 1420 204 70 activity
1469 1420 141 53 there
1649 1419 43 53 is
1735 1440 29 32 a
1808 1419 292 54 correlative

147 1513 192 52 change
366 1514 56 33 or
448 1514 150 33 waste
626 1494 55 53 of
720 1513 216 34 nervous
977 1494 243 65 element;
1262 1494 101 52 and
1401 1513 67 33 on
1506 1500 86 47 the
1627 1494 262 53 condition
1921 1494 54 53 of
2011 1493 90 53 the

147 1568 225 53 material
410 1568 316 53 substratum
752 1573 135 47 must
925 1568 194 71 depend
1156 1568 89 53 the
1277 1568 180 70 degree
1494 1568 98 53 and
1626 1568 254 53 character
1919 1568 55 53 of
2013 1567 89 53 the

148 1642 295 53 manifested
469 1661 185 52 energy
681 1661 56 34 or
774 1649 87 46 the
899 1642 189 53 mental
1126 1642 370 71 phenomenon.
1575 1642 134 53 Now
1746 1647 89 48 the
1872 1640 230 55 received

148 1735 187 51 system
363 1717 53 52 of
450 1717 308 71 psychology
786 1716 136 71 gives
947 1735 67 34 no
1042 1716 247 53 attention
1314 1721 54 48 to
1394 1722 140 46 these
1559 1716 245 53 manifold
1828 1723 273 46 variations

148 1790 56 52 of
225 1791 184 71 feeling
434 1791 53 52 in
512 1797 86 46 the
625 1810 134 33 same
784 1790 277 53 individual
1085 1790 163 52 which
1277 1809 80 34 are
1386 1790 98 53 due
1509 1795 54 48 to
1595 1796 285 65 temporary
1905 1791 196 51 modifi-

149 1870 191 47 cations
369 1865 54 53 of
458 1865 87 53 the
572 1864 172 72 bodily
771 1870 146 60 state,
945 1864 100 53 and
1070 1864 68 71 by
1164 1864 163 52 which
1359 1864 86 53 the
1483 1865 135 52 ideas
1658 1865 55 52 of
1750 1873 86 44 the
1862 1870 239 47 relations

150 1939 54 52 of
228 1939 189 52 objects
443 1944 53 47 to
525 1939 96 52 self
645 1938 97 53 and
766 1944 55 47 to
851 1958 94 34 one
973 1944 209 48 another
1208 1958 83 33 are
1318 1958 53 33 so
1399 1938 195 71 greatly
1616 1938 301 53 influenced.
1993 1938 110 53 The

151 2013 191 70 quality
370 2013 54 53 of
463 2013 89 52 the
577 2012 137 53 ideas
740 2013 163 52 which
929 2013 127 52 arise
1081 2013 53 52 in
1171 2018 88 47 the
1289 2012 140 53 mind
1464 2032 163 33 under
1666 2017 188 48 certain
1889 2011 212 54 circum-

151 2093 210 59 stances,
390 2093 87 46 the
504 2087 160 52 whole
690 2086 268 66 character,
994 2086 195 65 indeed,
1231 2087 56 52 of
1328 2106 93 33 our
1455 2087 194 70 insight
1687 2093 51 47 at
1776 2092 87 47 the
1892 2087 140 64 time,
2059 2086 42 52 is

149 2160 206 71 notably
383 2160 310 53 determined
732 2161 54 52 in
830 2166 140 65 great
1013 2166 116 65 part
1173 2160 67 71 by
1283 2160 88 53 the
1410 2160 186 71 feeling
1635 2160 164 53 which
1837 2180 115 51 may
1978 2160 125 52 then

150 2234 126 53 have
315 2254 161 51 sway;
519 2234 99 53 and
655 2235 113 52 that
811 2235 186 70 feeling
1033 2235 41 52 is
1115 2240 91 47 not
1234 2254 181 33 always
1452 2234 300 72 objectively
1779 2234 200 66 caused,
2007 2234 95 52 but

150 2326 114 53 may
290 2308 64 53 be
398 2308 208 71 entirely
635 2308 97 53 due
768 2313 55 48 to
863 2329 28 33 a
925 2309 273 71 particular
1234 2307 172 72 bodily
1435 2308 276 66 condition,
1745 2328 53 33 as
1836 2308 87 53 the
1969 2308 130 70 daily

151 2400 286 53 experience
463 2383 54 52 of
539 2402 144 51 every
711 2401 93 34 one
829 2402 114 51 may
972 2383 238 52 convince
1236 2382 122 65 him,
1388 2382 99 54 and
1513 2402 53 34 as
1593 2388 86 48 the
1705 2382 173 54 earlier
1903 2401 197 52 pheno-

152 2474 147 34 mena
324 2457 55 52 of
400 2457 222 70 insanity
649 2476 55 33 so
732 2456 268 71 strikingly
1027 2457 264 52 illustrate.

224 2531 182 70 Again,
425 2531 174 52 Bacon
624 2530 123 70 long
778 2550 94 33 ago
904 2538 77 45 set
1021 2530 147 53 down
1207 2531 292 52 individual
1533 2531 291 70 'psychology
1850 2550 52 32 as
1942 2533 159 50 want-

151 2601 89 72 ing
260 2625 12 42 ;
316 2604 98 53 and
452 2603 210 53 insisted
704 2623 65 33 on
808 2624 29 33 a
874 2604 241 53 scientific
1151 2604 98 52 and
1284 2609 230 47 accurate
1550 2604 269 53 dissection
1855 2603 54 54 of
1935 2602 168 54 minds

154 2677 97 52 and
291 2678 293 63 characters,
632 2677 100 53 and
776 2684 87 46 the
908 2683 155 47 secret
1108 2678 325 70 dispositions
1475 2678 57 52 of
1553 2679 293 68 particular
1878 2696 131 46 men,
2047 2696 56 35 so

156 2755 34 23 “
208 2751 109 52 that
347 2752 130 52 from
511 2752 87 52 the
627 2751 296 53 knowledge
957 2752 198 53 thereof
1187 2752 164 53 better
1384 2770 134 34 rules
1553 2771 113 51 may
1694 2751 63 54 be
1790 2751 192 53 framed
2024 2751 80 53 for

154 2828 86 48 the
263 2830 267 48 treatment
556 2825 54 53 of
647 2825 193 53 mind."
917 2826 74 52 As
1017 2826 76 52 far
1119 2845 53 33 as
1206 2831 86 47 the
1330 2830 202 66 present
1557 2825 311 71 psychology
1893 2825 44 53 is
1982 2844 123 33 con-

157 2900 192 63 cerned,
377 2900 87 51 the
489 2899 277 52 individual
792 2899 165 52 might
984 2900 125 52 have
1134 2918 66 34 no
1233 2899 248 53 existence
1514 2899 55 52 in
1599 2904 211 61 nature;
1857 2899 64 53 he
1957 2899 42 53 is
2040 2917 66 35 an

156 2970 384 56 inconvenience
564 2979 55 46 to
647 2992 28 34 a
701 2992 187 33 system
914 2973 181 65 which,
1122 2973 54 52 in
1214 2972 293 71 neglecting
1540 2972 88 54 the
1663 2972 281 54 individual
1982 2991 122 35 con-

160 3045 233 54 stitution
419 3066 56 33 or
509 3051 380 67 temperament,
925 3047 201 70 ignores
1159 3047 211 53 another
1395 3046 140 53 large
1571 3046 267 54 collection
1873 3046 56 53 of
1964 3065 141 34 valu-

159 3117 107 53 able
290 3120 265 53 instances.
633 3123 72 49 As
732 3121 76 52 far
835 3140 51 33 as
915 3121 143 52 truth
1077 3121 42 52 is
1140 3120 296 66 concerned,
1454 3121 243 65 however,
1714 3120 87 53 the
1824 3119 283 54 individual

158 3190 42 53 is
227 3192 53 52 of
317 3212 136 34 some
490 3213 238 45 moment,
758 3194 170 70 seeing
960 3195 115 52 that
1108 3195 65 53 he
1207 3194 141 53 often
1384 3193 268 72 positively
1679 3194 304 54 contradicts
2018 3194 89 52 the

159 3265 264 69 principles
450 3268 280 71 arbitrarily
755 3268 102 52 laid
884 3269 147 51 down
1057 3268 66 71 by
1150 3288 28 33 a
1203 3267 291 54 theoretical
1530 3287 205 34 system.

231 3338 172 54 When
445 3346 88 47 the
577 3342 293 68 theologist,
906 3361 112 33 who
1058 3342 230 53 occupies
1322 3342 203 52 himself
1559 3342 121 52 with
1713 3348 88 45 the
1843 3359 263 52 supersen-

162 3429 166 47 suous,
356 3413 89 53 has
472 3414 106 53 said
604 3415 68 52 all
697 3415 114 52 that
847 3415 64 52 he
940 3415 88 53 has
1054 3420 54 48 to
1137 3436 84 50 say
1247 3416 130 52 from
1405 3416 77 51 his
1507 3416 146 69 point
1681 3415 55 52 of
1768 3433 154 45 view;
1963 3413 146 53 when

159 3483 86 53 the
281 3486 164 69 jurist,
476 3507 109 33 who
630 3495 281 64 represents
957 3495 144 46 those
1140 3489 273 70 principles
1458 3489 164 52 which
1665 3493 88 47 the
1795 3488 211 51 wisdom
2057 3487 55 53 of

162 3558 183 71 society
371 3560 88 53 has
488 3561 320 65 established,
853 3562 88 52 has
982 3562 54 52 in
1079 3568 122 47 turn
1242 3562 344 70 exhaustively
1631 3560 189 53 argued
1854 3560 128 52 from
2027 3561 79 52 his

162 3630 141 70 point
328 3634 56 52 of
416 3635 156 65 view;
612 3636 122 53 then
771 3640 87 49 the
897 3635 231 54 ultimate
1154 3635 176 72 appeal
1355 3636 56 52 in
1436 3655 28 33 a
1490 3639 229 49 concrete
1746 3653 110 35 case
1881 3639 136 48 must
2043 3633 64 54 be
