<?xml version="1.0" encoding="UTF-8"?>
<alto xmlns="http://www.loc.gov/standards/alto/ns-v2#" xmlns:xsi="http://www.w3.org/2001/XMLSchema-instance" xsi:schemaLocation="http://www.loc.gov/standards/alto/ns-v2# http://www.loc.gov/standards/alto/alto.xsd">
  <Description>
    <MeasurementUnit>pixel</MeasurementUnit>
    <sourceImageInformation>
      <fileName>b21273911_abbyy.xml</fileName>
    </sourceImageInformation>
    <OCRProcessing ID="OCR_1">
      <preProcessingStep>
        <processingDateTime>2014-10-24T02:15:27</processingDateTime>
        <processingAgency>intranda GmbH, www.intranda.com</processingAgency>
        <processingSoftware>
          <softwareCreator>intranda GmbH, Germany</softwareCreator>
          <softwareName>intranda OCR Module for TaskManager</softwareName>
          <softwareVersion>1.0r42</softwareVersion>
        </processingSoftware>
      </preProcessingStep>
      <ocrProcessingStep>
        <processingSoftware>
          <softwareCreator>ABBYY (BIT Software), Russia</softwareCreator>
          <softwareName>FineReader Engine</softwareName>
          <softwareVersion>10</softwareVersion>
        </processingSoftware>
      </ocrProcessingStep>
    </OCRProcessing>
  </Description>
  <Layout>
    <Page PHYSICAL_IMG_NR="280" ID="PAGE_280" WIDTH="2113" HEIGHT="3404">
      <TopMargin ID="TopMargin_1" HPOS="402" VPOS="259" WIDTH="1148" HEIGHT="51">
        <TextBlock ID="TextBlock_866" HPOS="402" VPOS="259" WIDTH="1148" HEIGHT="51">
          <TextLine ID="TextLine_10568" HPOS="402" VPOS="259" WIDTH="84" HEIGHT="40">
            <String ID="Word_107244" HPOS="402" VPOS="259" WIDTH="84" HEIGHT="40" CONTENT="264" />
          </TextLine>
          <TextLine ID="TextLine_10569" HPOS="901" VPOS="275" WIDTH="649" HEIGHT="35">
            <String ID="Word_107245" HPOS="901" VPOS="275" WIDTH="87" HEIGHT="29" CONTENT="THE" />
            <SP ID="SP_96682" HPOS="988" VPOS="275" WIDTH="32" HEIGHT="0" />
            <String ID="Word_107246" HPOS="1020" VPOS="276" WIDTH="241" HEIGHT="32" CONTENT="DISORDERS" />
            <SP ID="SP_96683" HPOS="1261" VPOS="276" WIDTH="33" HEIGHT="0" />
            <String ID="Word_107247" HPOS="1294" VPOS="279" WIDTH="52" HEIGHT="30" CONTENT="OF" />
            <SP ID="SP_96684" HPOS="1346" VPOS="278" WIDTH="33" HEIGHT="0" />
            <String ID="Word_107248" HPOS="1379" VPOS="278" WIDTH="171" HEIGHT="32" CONTENT="SPEECH." />
          </TextLine>
        </TextBlock>
      </TopMargin>
      <PrintSpace ID="PrintSpace_281" HPOS="397" VPOS="385" WIDTH="1632" HEIGHT="2747">
        <TextBlock ID="TextBlock_865" HPOS="397" VPOS="385" WIDTH="1632" HEIGHT="2747">
          <TextLine ID="TextLine_10570" HPOS="403" VPOS="391" WIDTH="1610" HEIGHT="61">
            <String ID="Word_107249" HPOS="403" VPOS="394" WIDTH="155" HEIGHT="39" CONTENT="centre." />
            <SP ID="SP_96685" HPOS="558" VPOS="391" WIDTH="62" HEIGHT="0" />
            <String ID="Word_107250" HPOS="620" VPOS="391" WIDTH="90" HEIGHT="43" CONTENT="The" />
            <SP ID="SP_96686" HPOS="710" VPOS="391" WIDTH="24" HEIGHT="0" />
            <String ID="Word_107251" HPOS="734" VPOS="406" WIDTH="114" HEIGHT="29" CONTENT="more" />
            <SP ID="SP_96687" HPOS="848" VPOS="406" WIDTH="23" HEIGHT="0" />
            <String ID="Word_107252" HPOS="871" VPOS="407" WIDTH="196" HEIGHT="29" CONTENT="common" />
            <SP ID="SP_96688" HPOS="1067" VPOS="395" WIDTH="24" HEIGHT="0" />
            <String ID="Word_107253" HPOS="1091" VPOS="395" WIDTH="178" HEIGHT="55" CONTENT="opinion" />
            <SP ID="SP_96689" HPOS="1269" VPOS="395" WIDTH="22" HEIGHT="0" />
            <String ID="Word_107254" HPOS="1291" VPOS="396" WIDTH="208" HEIGHT="55" CONTENT="certninly" />
            <SP ID="SP_96690" HPOS="1499" VPOS="396" WIDTH="25" HEIGHT="0" />
            <String ID="Word_107255" HPOS="1524" VPOS="397" WIDTH="172" HEIGHT="42" CONTENT="favours" />
            <SP ID="SP_96691" HPOS="1696" VPOS="397" WIDTH="23" HEIGHT="0" />
            <String ID="Word_107256" HPOS="1719" VPOS="398" WIDTH="72" HEIGHT="42" CONTENT="the" />
            <SP ID="SP_96692" HPOS="1791" VPOS="398" WIDTH="22" HEIGHT="0" />
            <String ID="Word_107257" HPOS="1813" VPOS="398" WIDTH="200" HEIGHT="54" CONTENT="explana-" />
          </TextLine>
          <TextLine ID="TextLine_10571" HPOS="404" VPOS="460" WIDTH="1611" HEIGHT="61">
            <String ID="Word_107258" HPOS="404" VPOS="460" WIDTH="91" HEIGHT="41" CONTENT="tion" />
            <SP ID="SP_96693" HPOS="495" VPOS="460" WIDTH="23" HEIGHT="0" />
            <String ID="Word_107259" HPOS="518" VPOS="460" WIDTH="96" HEIGHT="44" CONTENT="that" />
            <SP ID="SP_96694" HPOS="614" VPOS="460" WIDTH="28" HEIGHT="0" />
            <String ID="Word_107260" HPOS="642" VPOS="462" WIDTH="122" HEIGHT="42" CONTENT="these" />
            <SP ID="SP_96695" HPOS="764" VPOS="462" WIDTH="32" HEIGHT="0" />
            <String ID="Word_107261" HPOS="796" VPOS="464" WIDTH="132" HEIGHT="42" CONTENT="forms" />
            <SP ID="SP_96696" HPOS="928" VPOS="464" WIDTH="32" HEIGHT="0" />
            <String ID="Word_107262" HPOS="960" VPOS="466" WIDTH="47" HEIGHT="39" CONTENT="of" />
            <SP ID="SP_96697" HPOS="1007" VPOS="466" WIDTH="29" HEIGHT="0" />
            <String ID="Word_107263" HPOS="1036" VPOS="467" WIDTH="247" HEIGHT="53" CONTENT="expression" />
            <SP ID="SP_96698" HPOS="1283" VPOS="467" WIDTH="33" HEIGHT="0" />
            <String ID="Word_107264" HPOS="1316" VPOS="467" WIDTH="108" HEIGHT="41" CONTENT="have" />
            <SP ID="SP_96699" HPOS="1424" VPOS="466" WIDTH="32" HEIGHT="0" />
            <String ID="Word_107265" HPOS="1456" VPOS="466" WIDTH="107" HEIGHT="42" CONTENT="been" />
            <SP ID="SP_96700" HPOS="1563" VPOS="466" WIDTH="34" HEIGHT="0" />
            <String ID="Word_107266" HPOS="1597" VPOS="467" WIDTH="233" HEIGHT="54" CONTENT="imprinted" />
            <SP ID="SP_96701" HPOS="1830" VPOS="467" WIDTH="35" HEIGHT="0" />
            <String ID="Word_107267" HPOS="1865" VPOS="468" WIDTH="44" HEIGHT="40" CONTENT="in" />
            <SP ID="SP_96702" HPOS="1909" VPOS="467" WIDTH="34" HEIGHT="0" />
            <String ID="Word_107268" HPOS="1943" VPOS="467" WIDTH="72" HEIGHT="42" CONTENT="the" />
          </TextLine>
          <TextLine ID="TextLine_10572" HPOS="404" VPOS="531" WIDTH="1612" HEIGHT="60">
            <String ID="Word_107269" HPOS="404" VPOS="531" WIDTH="209" HEIGHT="43" CONTENT="educated" />
            <SP ID="SP_96703" HPOS="613" VPOS="531" WIDTH="22" HEIGHT="0" />
            <String ID="Word_107270" HPOS="635" VPOS="539" WIDTH="147" HEIGHT="37" CONTENT="centre" />
            <SP ID="SP_96704" HPOS="782" VPOS="539" WIDTH="23" HEIGHT="0" />
            <String ID="Word_107271" HPOS="805" VPOS="548" WIDTH="115" HEIGHT="28" CONTENT="more" />
            <SP ID="SP_96705" HPOS="920" VPOS="535" WIDTH="23" HEIGHT="0" />
            <String ID="Word_107272" HPOS="943" VPOS="535" WIDTH="154" HEIGHT="55" CONTENT="deeply" />
            <SP ID="SP_96706" HPOS="1097" VPOS="535" WIDTH="23" HEIGHT="0" />
            <String ID="Word_107273" HPOS="1120" VPOS="536" WIDTH="106" HEIGHT="41" CONTENT="than" />
            <SP ID="SP_96707" HPOS="1226" VPOS="536" WIDTH="30" HEIGHT="0" />
            <String ID="Word_107274" HPOS="1256" VPOS="550" WIDTH="84" HEIGHT="41" CONTENT="any" />
            <SP ID="SP_96708" HPOS="1340" VPOS="536" WIDTH="23" HEIGHT="0" />
            <String ID="Word_107275" HPOS="1363" VPOS="536" WIDTH="169" HEIGHT="42" CONTENT="others;" />
            <SP ID="SP_96709" HPOS="1532" VPOS="537" WIDTH="31" HEIGHT="0" />
            <String ID="Word_107276" HPOS="1563" VPOS="537" WIDTH="83" HEIGHT="41" CONTENT="and" />
            <SP ID="SP_96710" HPOS="1646" VPOS="537" WIDTH="33" HEIGHT="0" />
            <String ID="Word_107277" HPOS="1679" VPOS="537" WIDTH="95" HEIGHT="41" CONTENT="that" />
            <SP ID="SP_96711" HPOS="1774" VPOS="537" WIDTH="32" HEIGHT="0" />
            <String ID="Word_107278" HPOS="1806" VPOS="538" WIDTH="106" HEIGHT="41" CONTENT="from" />
            <SP ID="SP_96712" HPOS="1912" VPOS="537" WIDTH="32" HEIGHT="0" />
            <String ID="Word_107279" HPOS="1944" VPOS="537" WIDTH="72" HEIGHT="42" CONTENT="the" />
          </TextLine>
          <TextLine ID="TextLine_10573" HPOS="403" VPOS="603" WIDTH="1614" HEIGHT="57">
            <String ID="Word_107280" HPOS="403" VPOS="616" WIDTH="104" HEIGHT="41" CONTENT="very" />
            <SP ID="SP_96713" HPOS="507" VPOS="603" WIDTH="25" HEIGHT="0" />
            <String ID="Word_107281" HPOS="532" VPOS="603" WIDTH="381" HEIGHT="55" CONTENT="superabundance" />
            <SP ID="SP_96714" HPOS="913" VPOS="603" WIDTH="22" HEIGHT="0" />
            <String ID="Word_107282" HPOS="935" VPOS="605" WIDTH="46" HEIGHT="41" CONTENT="of" />
            <SP ID="SP_96715" HPOS="981" VPOS="605" WIDTH="18" HEIGHT="0" />
            <String ID="Word_107283" HPOS="999" VPOS="605" WIDTH="113" HEIGHT="42" CONTENT="their" />
            <SP ID="SP_96716" HPOS="1112" VPOS="605" WIDTH="19" HEIGHT="0" />
            <String ID="Word_107284" HPOS="1131" VPOS="606" WIDTH="353" HEIGHT="54" CONTENT="representation," />
            <SP ID="SP_96717" HPOS="1484" VPOS="606" WIDTH="16" HEIGHT="0" />
            <String ID="Word_107285" HPOS="1500" VPOS="607" WIDTH="121" HEIGHT="41" CONTENT="there" />
            <SP ID="SP_96718" HPOS="1621" VPOS="606" WIDTH="17" HEIGHT="0" />
            <String ID="Word_107286" HPOS="1638" VPOS="606" WIDTH="76" HEIGHT="43" CONTENT="has" />
            <SP ID="SP_96719" HPOS="1714" VPOS="606" WIDTH="22" HEIGHT="0" />
            <String ID="Word_107287" HPOS="1736" VPOS="607" WIDTH="107" HEIGHT="42" CONTENT="been" />
            <SP ID="SP_96720" HPOS="1843" VPOS="607" WIDTH="21" HEIGHT="0" />
            <String ID="Word_107288" HPOS="1864" VPOS="610" WIDTH="21" HEIGHT="19" CONTENT="&quot;" />
            <SP ID="SP_96721" HPOS="1885" VPOS="610" WIDTH="15" HEIGHT="0" />
            <String ID="Word_107289" HPOS="1900" VPOS="621" WIDTH="117" HEIGHT="28" CONTENT="over-" />
          </TextLine>
          <TextLine ID="TextLine_10574" HPOS="405" VPOS="672" WIDTH="1613" HEIGHT="58">
            <String ID="Word_107290" HPOS="405" VPOS="672" WIDTH="96" HEIGHT="42" CONTENT="flow" />
            <SP ID="SP_96722" HPOS="501" VPOS="672" WIDTH="15" HEIGHT="0" />
            <String ID="Word_107291" HPOS="516" VPOS="673" WIDTH="20" HEIGHT="15" CONTENT="&quot;" />
            <SP ID="SP_96723" HPOS="536" VPOS="673" WIDTH="33" HEIGHT="0" />
            <String ID="Word_107292" HPOS="569" VPOS="673" WIDTH="92" HEIGHT="41" CONTENT="into" />
            <SP ID="SP_96724" HPOS="661" VPOS="673" WIDTH="23" HEIGHT="0" />
            <String ID="Word_107293" HPOS="684" VPOS="673" WIDTH="73" HEIGHT="42" CONTENT="the" />
            <SP ID="SP_96725" HPOS="757" VPOS="673" WIDTH="33" HEIGHT="0" />
            <String ID="Word_107294" HPOS="790" VPOS="679" WIDTH="144" HEIGHT="37" CONTENT="centre" />
            <SP ID="SP_96726" HPOS="934" VPOS="675" WIDTH="33" HEIGHT="0" />
            <String ID="Word_107295" HPOS="967" VPOS="675" WIDTH="43" HEIGHT="41" CONTENT="of" />
            <SP ID="SP_96727" HPOS="1010" VPOS="675" WIDTH="32" HEIGHT="0" />
            <String ID="Word_107296" HPOS="1042" VPOS="675" WIDTH="72" HEIGHT="42" CONTENT="the" />
            <SP ID="SP_96728" HPOS="1114" VPOS="675" WIDTH="33" HEIGHT="0" />
            <String ID="Word_107297" HPOS="1147" VPOS="676" WIDTH="194" HEIGHT="54" CONTENT="opposite" />
            <SP ID="SP_96729" HPOS="1341" VPOS="676" WIDTH="32" HEIGHT="0" />
            <String ID="Word_107298" HPOS="1373" VPOS="676" WIDTH="101" HEIGHT="42" CONTENT="side." />
            <SP ID="SP_96730" HPOS="1474" VPOS="676" WIDTH="62" HEIGHT="0" />
            <String ID="Word_107299" HPOS="1536" VPOS="677" WIDTH="53" HEIGHT="41" CONTENT="In" />
            <SP ID="SP_96731" HPOS="1589" VPOS="677" WIDTH="33" HEIGHT="0" />
            <String ID="Word_107300" HPOS="1622" VPOS="677" WIDTH="122" HEIGHT="42" CONTENT="other" />
            <SP ID="SP_96732" HPOS="1744" VPOS="677" WIDTH="33" HEIGHT="0" />
            <String ID="Word_107301" HPOS="1777" VPOS="677" WIDTH="146" HEIGHT="51" CONTENT="words," />
            <SP ID="SP_96733" HPOS="1923" VPOS="677" WIDTH="22" HEIGHT="0" />
            <String ID="Word_107302" HPOS="1945" VPOS="677" WIDTH="73" HEIGHT="42" CONTENT="the" />
          </TextLine>
          <TextLine ID="TextLine_10575" HPOS="405" VPOS="743" WIDTH="1613" HEIGHT="46">
            <String ID="Word_107303" HPOS="405" VPOS="743" WIDTH="83" HEIGHT="41" CONTENT="law" />
            <SP ID="SP_96734" HPOS="488" VPOS="743" WIDTH="44" HEIGHT="0" />
            <String ID="Word_107304" HPOS="532" VPOS="743" WIDTH="141" HEIGHT="41" CONTENT="which" />
            <SP ID="SP_96735" HPOS="673" VPOS="743" WIDTH="53" HEIGHT="0" />
            <String ID="Word_107305" HPOS="726" VPOS="744" WIDTH="261" HEIGHT="42" CONTENT="determines" />
            <SP ID="SP_96736" HPOS="987" VPOS="744" WIDTH="46" HEIGHT="0" />
            <String ID="Word_107306" HPOS="1033" VPOS="745" WIDTH="74" HEIGHT="41" CONTENT="the" />
            <SP ID="SP_96737" HPOS="1107" VPOS="745" WIDTH="42" HEIGHT="0" />
            <String ID="Word_107307" HPOS="1149" VPOS="759" WIDTH="252" HEIGHT="29" CONTENT="occurrence" />
            <SP ID="SP_96738" HPOS="1401" VPOS="747" WIDTH="42" HEIGHT="0" />
            <String ID="Word_107308" HPOS="1443" VPOS="747" WIDTH="45" HEIGHT="41" CONTENT="of" />
            <SP ID="SP_96739" HPOS="1488" VPOS="747" WIDTH="49" HEIGHT="0" />
            <String ID="Word_107309" HPOS="1537" VPOS="747" WIDTH="195" HEIGHT="41" CONTENT="overflow" />
            <SP ID="SP_96740" HPOS="1732" VPOS="747" WIDTH="43" HEIGHT="0" />
            <String ID="Word_107310" HPOS="1775" VPOS="747" WIDTH="45" HEIGHT="41" CONTENT="of" />
            <SP ID="SP_96741" HPOS="1820" VPOS="747" WIDTH="46" HEIGHT="0" />
            <String ID="Word_107311" HPOS="1866" VPOS="747" WIDTH="152" HEIGHT="42" CONTENT="educa-" />
          </TextLine>
          <TextLine ID="TextLine_10576" HPOS="406" VPOS="813" WIDTH="1613" HEIGHT="56">
            <String ID="Word_107312" HPOS="406" VPOS="814" WIDTH="91" HEIGHT="41" CONTENT="tion" />
            <SP ID="SP_96742" HPOS="497" VPOS="813" WIDTH="43" HEIGHT="0" />
            <String ID="Word_107313" HPOS="540" VPOS="813" WIDTH="91" HEIGHT="41" CONTENT="into" />
            <SP ID="SP_96743" HPOS="631" VPOS="813" WIDTH="39" HEIGHT="0" />
            <String ID="Word_107314" HPOS="670" VPOS="814" WIDTH="74" HEIGHT="41" CONTENT="the" />
            <SP ID="SP_96744" HPOS="744" VPOS="814" WIDTH="38" HEIGHT="0" />
            <String ID="Word_107315" HPOS="782" VPOS="814" WIDTH="196" HEIGHT="54" CONTENT="opposite" />
            <SP ID="SP_96745" HPOS="978" VPOS="814" WIDTH="35" HEIGHT="0" />
            <String ID="Word_107316" HPOS="1013" VPOS="814" WIDTH="272" HEIGHT="55" CONTENT="hemisphere" />
            <SP ID="SP_96746" HPOS="1285" VPOS="814" WIDTH="38" HEIGHT="0" />
            <String ID="Word_107317" HPOS="1323" VPOS="829" WIDTH="137" HEIGHT="28" CONTENT="seems" />
            <SP ID="SP_96747" HPOS="1460" VPOS="822" WIDTH="36" HEIGHT="0" />
            <String ID="Word_107318" HPOS="1496" VPOS="822" WIDTH="42" HEIGHT="35" CONTENT="to" />
            <SP ID="SP_96748" HPOS="1538" VPOS="817" WIDTH="40" HEIGHT="0" />
            <String ID="Word_107319" HPOS="1578" VPOS="817" WIDTH="49" HEIGHT="41" CONTENT="be" />
            <SP ID="SP_96749" HPOS="1627" VPOS="816" WIDTH="37" HEIGHT="0" />
            <String ID="Word_107320" HPOS="1664" VPOS="816" WIDTH="72" HEIGHT="42" CONTENT="the" />
            <SP ID="SP_96750" HPOS="1736" VPOS="816" WIDTH="37" HEIGHT="0" />
            <String ID="Word_107321" HPOS="1773" VPOS="830" WIDTH="115" HEIGHT="28" CONTENT="same" />
            <SP ID="SP_96751" HPOS="1888" VPOS="817" WIDTH="36" HEIGHT="0" />
            <String ID="Word_107322" HPOS="1924" VPOS="817" WIDTH="95" HEIGHT="42" CONTENT="that" />
          </TextLine>
          <TextLine ID="TextLine_10577" HPOS="405" VPOS="884" WIDTH="1614" HEIGHT="55">
            <String ID="Word_107323" HPOS="405" VPOS="884" WIDTH="263" HEIGHT="42" CONTENT="determines" />
            <SP ID="SP_96752" HPOS="668" VPOS="884" WIDTH="22" HEIGHT="0" />
            <String ID="Word_107324" HPOS="690" VPOS="884" WIDTH="74" HEIGHT="41" CONTENT="the" />
            <SP ID="SP_96753" HPOS="764" VPOS="884" WIDTH="33" HEIGHT="0" />
            <String ID="Word_107325" HPOS="797" VPOS="884" WIDTH="132" HEIGHT="54" CONTENT="depth" />
            <SP ID="SP_96754" HPOS="929" VPOS="884" WIDTH="33" HEIGHT="0" />
            <String ID="Word_107326" HPOS="962" VPOS="884" WIDTH="46" HEIGHT="41" CONTENT="of" />
            <SP ID="SP_96755" HPOS="1008" VPOS="884" WIDTH="29" HEIGHT="0" />
            <String ID="Word_107327" HPOS="1037" VPOS="885" WIDTH="299" HEIGHT="54" CONTENT="irnprintation" />
            <SP ID="SP_96756" HPOS="1336" VPOS="885" WIDTH="35" HEIGHT="0" />
            <String ID="Word_107328" HPOS="1371" VPOS="899" WIDTH="53" HEIGHT="27" CONTENT="on" />
            <SP ID="SP_96757" HPOS="1424" VPOS="886" WIDTH="35" HEIGHT="0" />
            <String ID="Word_107329" HPOS="1459" VPOS="886" WIDTH="72" HEIGHT="42" CONTENT="the" />
            <SP ID="SP_96758" HPOS="1531" VPOS="886" WIDTH="32" HEIGHT="0" />
            <String ID="Word_107330" HPOS="1563" VPOS="886" WIDTH="207" HEIGHT="43" CONTENT="educated" />
            <SP ID="SP_96759" HPOS="1770" VPOS="886" WIDTH="32" HEIGHT="0" />
            <String ID="Word_107331" HPOS="1802" VPOS="887" WIDTH="113" HEIGHT="42" CONTENT="side;" />
            <SP ID="SP_96760" HPOS="1915" VPOS="886" WIDTH="31" HEIGHT="0" />
            <String ID="Word_107332" HPOS="1946" VPOS="886" WIDTH="73" HEIGHT="43" CONTENT="the" />
          </TextLine>
          <TextLine ID="TextLine_10578" HPOS="405" VPOS="954" WIDTH="1614" HEIGHT="58">
            <String ID="Word_107333" HPOS="405" VPOS="960" WIDTH="85" HEIGHT="37" CONTENT="two" />
            <SP ID="SP_96761" HPOS="490" VPOS="955" WIDTH="24" HEIGHT="0" />
            <String ID="Word_107334" HPOS="514" VPOS="955" WIDTH="156" HEIGHT="41" CONTENT="factors" />
            <SP ID="SP_96762" HPOS="670" VPOS="954" WIDTH="24" HEIGHT="0" />
            <String ID="Word_107335" HPOS="694" VPOS="954" WIDTH="94" HEIGHT="41" CONTENT="that" />
            <SP ID="SP_96763" HPOS="788" VPOS="954" WIDTH="21" HEIGHT="0" />
            <String ID="Word_107336" HPOS="809" VPOS="968" WIDTH="71" HEIGHT="27" CONTENT="are" />
            <SP ID="SP_96764" HPOS="880" VPOS="955" WIDTH="22" HEIGHT="0" />
            <String ID="Word_107337" HPOS="902" VPOS="955" WIDTH="238" HEIGHT="54" CONTENT="important" />
            <SP ID="SP_96765" HPOS="1140" VPOS="955" WIDTH="18" HEIGHT="0" />
            <String ID="Word_107338" HPOS="1158" VPOS="955" WIDTH="63" HEIGHT="41" CONTENT="for" />
            <SP ID="SP_96766" HPOS="1221" VPOS="955" WIDTH="22" HEIGHT="0" />
            <String ID="Word_107339" HPOS="1243" VPOS="955" WIDTH="104" HEIGHT="42" CONTENT="both" />
            <SP ID="SP_96767" HPOS="1347" VPOS="955" WIDTH="24" HEIGHT="0" />
            <String ID="Word_107340" HPOS="1371" VPOS="956" WIDTH="127" HEIGHT="55" CONTENT="being" />
            <SP ID="SP_96768" HPOS="1498" VPOS="956" WIDTH="16" HEIGHT="0" />
            <String ID="Word_107341" HPOS="1514" VPOS="957" WIDTH="251" HEIGHT="54" CONTENT="Frequency" />
            <SP ID="SP_96769" HPOS="1765" VPOS="957" WIDTH="17" HEIGHT="0" />
            <String ID="Word_107342" HPOS="1782" VPOS="957" WIDTH="43" HEIGHT="41" CONTENT="of" />
            <SP ID="SP_96770" HPOS="1825" VPOS="957" WIDTH="22" HEIGHT="0" />
            <String ID="Word_107343" HPOS="1847" VPOS="957" WIDTH="172" HEIGHT="55" CONTENT="Repeti-" />
          </TextLine>
          <TextLine ID="TextLine_10579" HPOS="405" VPOS="1024" WIDTH="814" HEIGHT="55">
            <String ID="Word_107344" HPOS="405" VPOS="1025" WIDTH="93" HEIGHT="41" CONTENT="tion" />
            <SP ID="SP_96771" HPOS="498" VPOS="1024" WIDTH="24" HEIGHT="0" />
            <String ID="Word_107345" HPOS="522" VPOS="1024" WIDTH="85" HEIGHT="41" CONTENT="and" />
            <SP ID="SP_96772" HPOS="607" VPOS="1024" WIDTH="22" HEIGHT="0" />
            <String ID="Word_107346" HPOS="629" VPOS="1024" WIDTH="230" HEIGHT="54" CONTENT="Emphasis" />
            <SP ID="SP_96773" HPOS="859" VPOS="1024" WIDTH="23" HEIGHT="0" />
            <String ID="Word_107347" HPOS="882" VPOS="1024" WIDTH="46" HEIGHT="41" CONTENT="of" />
            <SP ID="SP_96774" HPOS="928" VPOS="1024" WIDTH="18" HEIGHT="0" />
            <String ID="Word_107348" HPOS="946" VPOS="1024" WIDTH="273" HEIGHT="42" CONTENT="Expression." />
          </TextLine>
          <TextLine ID="TextLine_10580" HPOS="464" VPOS="1094" WIDTH="1556" HEIGHT="57">
            <String ID="Word_107349" HPOS="464" VPOS="1096" WIDTH="43" HEIGHT="41" CONTENT="A" />
            <SP ID="SP_96775" HPOS="507" VPOS="1095" WIDTH="21" HEIGHT="0" />
            <String ID="Word_107350" HPOS="528" VPOS="1095" WIDTH="164" HEIGHT="41" CONTENT="certain" />
            <SP ID="SP_96776" HPOS="692" VPOS="1094" WIDTH="22" HEIGHT="0" />
            <String ID="Word_107351" HPOS="714" VPOS="1094" WIDTH="134" HEIGHT="42" CONTENT="slight" />
            <SP ID="SP_96777" HPOS="848" VPOS="1094" WIDTH="22" HEIGHT="0" />
            <String ID="Word_107352" HPOS="870" VPOS="1094" WIDTH="201" HEIGHT="42" CONTENT="overflow" />
            <SP ID="SP_96778" HPOS="1071" VPOS="1094" WIDTH="26" HEIGHT="0" />
            <String ID="Word_107353" HPOS="1097" VPOS="1095" WIDTH="44" HEIGHT="41" CONTENT="of" />
            <SP ID="SP_96779" HPOS="1141" VPOS="1095" WIDTH="29" HEIGHT="0" />
            <String ID="Word_107354" HPOS="1170" VPOS="1095" WIDTH="229" HEIGHT="42" CONTENT="education" />
            <SP ID="SP_96780" HPOS="1399" VPOS="1095" WIDTH="31" HEIGHT="0" />
            <String ID="Word_107355" HPOS="1430" VPOS="1096" WIDTH="91" HEIGHT="42" CONTENT="into" />
            <SP ID="SP_96781" HPOS="1521" VPOS="1096" WIDTH="31" HEIGHT="0" />
            <String ID="Word_107356" HPOS="1552" VPOS="1096" WIDTH="74" HEIGHT="42" CONTENT="the" />
            <SP ID="SP_96782" HPOS="1626" VPOS="1096" WIDTH="32" HEIGHT="0" />
            <String ID="Word_107357" HPOS="1658" VPOS="1096" WIDTH="194" HEIGHT="55" CONTENT="opposite" />
            <SP ID="SP_96783" HPOS="1852" VPOS="1096" WIDTH="31" HEIGHT="0" />
            <String ID="Word_107358" HPOS="1883" VPOS="1096" WIDTH="137" HEIGHT="42" CONTENT="hemi-" />
          </TextLine>
          <TextLine ID="TextLine_10581" HPOS="405" VPOS="1164" WIDTH="1613" HEIGHT="57">
            <String ID="Word_107359" HPOS="405" VPOS="1179" WIDTH="154" HEIGHT="42" CONTENT="sphere" />
            <SP ID="SP_96784" HPOS="559" VPOS="1165" WIDTH="22" HEIGHT="0" />
            <String ID="Word_107360" HPOS="581" VPOS="1165" WIDTH="130" HEIGHT="55" CONTENT="being" />
            <SP ID="SP_96785" HPOS="711" VPOS="1164" WIDTH="22" HEIGHT="0" />
            <String ID="Word_107361" HPOS="733" VPOS="1164" WIDTH="101" HEIGHT="42" CONTENT="thus" />
            <SP ID="SP_96786" HPOS="834" VPOS="1164" WIDTH="23" HEIGHT="0" />
            <String ID="Word_107362" HPOS="857" VPOS="1165" WIDTH="250" HEIGHT="41" CONTENT="observable" />
            <SP ID="SP_96787" HPOS="1107" VPOS="1165" WIDTH="22" HEIGHT="0" />
            <String ID="Word_107363" HPOS="1129" VPOS="1165" WIDTH="45" HEIGHT="41" CONTENT="in" />
            <SP ID="SP_96788" HPOS="1174" VPOS="1165" WIDTH="24" HEIGHT="0" />
            <String ID="Word_107364" HPOS="1198" VPOS="1179" WIDTH="131" HEIGHT="41" CONTENT="many" />
            <SP ID="SP_96789" HPOS="1329" VPOS="1179" WIDTH="22" HEIGHT="0" />
            <String ID="Word_107365" HPOS="1351" VPOS="1179" WIDTH="116" HEIGHT="28" CONTENT="cases" />
            <SP ID="SP_96790" HPOS="1467" VPOS="1165" WIDTH="22" HEIGHT="0" />
            <String ID="Word_107366" HPOS="1489" VPOS="1165" WIDTH="46" HEIGHT="43" CONTENT="in" />
            <SP ID="SP_96791" HPOS="1535" VPOS="1165" WIDTH="23" HEIGHT="0" />
            <String ID="Word_107367" HPOS="1558" VPOS="1167" WIDTH="239" HEIGHT="41" CONTENT="connexion" />
            <SP ID="SP_96792" HPOS="1797" VPOS="1166" WIDTH="24" HEIGHT="0" />
            <String ID="Word_107368" HPOS="1821" VPOS="1166" WIDTH="103" HEIGHT="41" CONTENT="with" />
            <SP ID="SP_96793" HPOS="1924" VPOS="1166" WIDTH="23" HEIGHT="0" />
            <String ID="Word_107369" HPOS="1947" VPOS="1166" WIDTH="71" HEIGHT="42" CONTENT="the" />
          </TextLine>
          <TextLine ID="TextLine_10582" HPOS="405" VPOS="1235" WIDTH="1615" HEIGHT="55">
            <String ID="Word_107370" HPOS="405" VPOS="1250" WIDTH="140" HEIGHT="28" CONTENT="motor" />
            <SP ID="SP_96794" HPOS="545" VPOS="1240" WIDTH="22" HEIGHT="0" />
            <String ID="Word_107371" HPOS="567" VPOS="1249" WIDTH="145" HEIGHT="28" CONTENT="centre" />
            <SP ID="SP_96795" HPOS="712" VPOS="1236" WIDTH="23" HEIGHT="0" />
            <String ID="Word_107372" HPOS="735" VPOS="1236" WIDTH="65" HEIGHT="40" CONTENT="for" />
            <SP ID="SP_96796" HPOS="800" VPOS="1235" WIDTH="21" HEIGHT="0" />
            <String ID="Word_107373" HPOS="821" VPOS="1235" WIDTH="89" HEIGHT="41" CONTENT="oral" />
            <SP ID="SP_96797" HPOS="910" VPOS="1235" WIDTH="22" HEIGHT="0" />
            <String ID="Word_107374" HPOS="932" VPOS="1235" WIDTH="226" HEIGHT="42" CONTENT="articulate" />
            <SP ID="SP_96798" HPOS="1158" VPOS="1235" WIDTH="22" HEIGHT="0" />
            <String ID="Word_107375" HPOS="1180" VPOS="1237" WIDTH="168" HEIGHT="53" CONTENT="speech," />
            <SP ID="SP_96799" HPOS="1348" VPOS="1236" WIDTH="13" HEIGHT="0" />
            <String ID="Word_107376" HPOS="1361" VPOS="1236" WIDTH="35" HEIGHT="41" CONTENT="it" />
            <SP ID="SP_96800" HPOS="1396" VPOS="1236" WIDTH="18" HEIGHT="0" />
            <String ID="Word_107377" HPOS="1414" VPOS="1236" WIDTH="154" HEIGHT="41" CONTENT="should" />
            <SP ID="SP_96801" HPOS="1568" VPOS="1236" WIDTH="19" HEIGHT="0" />
            <String ID="Word_107378" HPOS="1587" VPOS="1237" WIDTH="50" HEIGHT="41" CONTENT="be" />
            <SP ID="SP_96802" HPOS="1637" VPOS="1237" WIDTH="17" HEIGHT="0" />
            <String ID="Word_107379" HPOS="1654" VPOS="1237" WIDTH="100" HEIGHT="41" CONTENT="here" />
            <SP ID="SP_96803" HPOS="1754" VPOS="1237" WIDTH="22" HEIGHT="0" />
            <String ID="Word_107380" HPOS="1776" VPOS="1237" WIDTH="128" HEIGHT="41" CONTENT="noted" />
            <SP ID="SP_96804" HPOS="1904" VPOS="1237" WIDTH="22" HEIGHT="0" />
            <String ID="Word_107381" HPOS="1926" VPOS="1237" WIDTH="94" HEIGHT="41" CONTENT="that" />
          </TextLine>
          <TextLine ID="TextLine_10583" HPOS="406" VPOS="1305" WIDTH="1615" HEIGHT="55">
            <String ID="Word_107382" HPOS="406" VPOS="1308" WIDTH="75" HEIGHT="41" CONTENT="the" />
            <SP ID="SP_96805" HPOS="481" VPOS="1308" WIDTH="37" HEIGHT="0" />
            <String ID="Word_107383" HPOS="518" VPOS="1321" WIDTH="117" HEIGHT="27" CONTENT="same" />
            <SP ID="SP_96806" HPOS="635" VPOS="1306" WIDTH="33" HEIGHT="0" />
            <String ID="Word_107384" HPOS="668" VPOS="1306" WIDTH="304" HEIGHT="54" CONTENT="phenomenon" />
            <SP ID="SP_96807" HPOS="972" VPOS="1306" WIDTH="33" HEIGHT="0" />
            <String ID="Word_107385" HPOS="1005" VPOS="1306" WIDTH="36" HEIGHT="41" CONTENT="is" />
            <SP ID="SP_96808" HPOS="1041" VPOS="1305" WIDTH="34" HEIGHT="0" />
            <String ID="Word_107386" HPOS="1075" VPOS="1305" WIDTH="90" HEIGHT="42" CONTENT="also" />
            <SP ID="SP_96809" HPOS="1165" VPOS="1305" WIDTH="35" HEIGHT="0" />
            <String ID="Word_107387" HPOS="1200" VPOS="1306" WIDTH="221" HEIGHT="41" CONTENT="exhibited" />
            <SP ID="SP_96810" HPOS="1421" VPOS="1306" WIDTH="35" HEIGHT="0" />
            <String ID="Word_107388" HPOS="1456" VPOS="1307" WIDTH="45" HEIGHT="40" CONTENT="in" />
            <SP ID="SP_96811" HPOS="1501" VPOS="1307" WIDTH="34" HEIGHT="0" />
            <String ID="Word_107389" HPOS="1535" VPOS="1307" WIDTH="238" HEIGHT="41" CONTENT="connexion" />
            <SP ID="SP_96812" HPOS="1773" VPOS="1307" WIDTH="34" HEIGHT="0" />
            <String ID="Word_107390" HPOS="1807" VPOS="1307" WIDTH="104" HEIGHT="41" CONTENT="with" />
            <SP ID="SP_96813" HPOS="1911" VPOS="1307" WIDTH="39" HEIGHT="0" />
            <String ID="Word_107391" HPOS="1950" VPOS="1307" WIDTH="71" HEIGHT="43" CONTENT="the" />
          </TextLine>
          <TextLine ID="TextLine_10584" HPOS="408" VPOS="1376" WIDTH="1614" HEIGHT="56">
            <String ID="Word_107392" HPOS="408" VPOS="1378" WIDTH="216" HEIGHT="43" CONTENT="receptive" />
            <SP ID="SP_96814" HPOS="624" VPOS="1378" WIDTH="23" HEIGHT="0" />
            <String ID="Word_107393" HPOS="647" VPOS="1391" WIDTH="46" HEIGHT="27" CONTENT="or" />
            <SP ID="SP_96815" HPOS="693" VPOS="1377" WIDTH="22" HEIGHT="0" />
            <String ID="Word_107394" HPOS="715" VPOS="1377" WIDTH="199" HEIGHT="41" CONTENT="auditory" />
            <SP ID="SP_96816" HPOS="914" VPOS="1377" WIDTH="23" HEIGHT="0" />
            <String ID="Word_107395" HPOS="937" VPOS="1381" WIDTH="145" HEIGHT="37" CONTENT="centre" />
            <SP ID="SP_96817" HPOS="1082" VPOS="1376" WIDTH="21" HEIGHT="0" />
            <String ID="Word_107396" HPOS="1103" VPOS="1376" WIDTH="66" HEIGHT="42" CONTENT="for" />
            <SP ID="SP_96818" HPOS="1169" VPOS="1376" WIDTH="20" HEIGHT="0" />
            <String ID="Word_107397" HPOS="1189" VPOS="1377" WIDTH="219" HEIGHT="54" CONTENT="incoming" />
            <SP ID="SP_96819" HPOS="1408" VPOS="1377" WIDTH="26" HEIGHT="0" />
            <String ID="Word_107398" HPOS="1434" VPOS="1377" WIDTH="164" HEIGHT="41" CONTENT="speech." />
            <SP ID="SP_96820" HPOS="1598" VPOS="1377" WIDTH="64" HEIGHT="0" />
            <String ID="Word_107399" HPOS="1662" VPOS="1377" WIDTH="53" HEIGHT="41" CONTENT="In" />
            <SP ID="SP_96821" HPOS="1715" VPOS="1377" WIDTH="32" HEIGHT="0" />
            <String ID="Word_107400" HPOS="1747" VPOS="1390" WIDTH="116" HEIGHT="29" CONTENT="some" />
            <SP ID="SP_96822" HPOS="1863" VPOS="1390" WIDTH="32" HEIGHT="0" />
            <String ID="Word_107401" HPOS="1895" VPOS="1390" WIDTH="127" HEIGHT="37" CONTENT="cases," />
          </TextLine>
          <TextLine ID="TextLine_10585" HPOS="409" VPOS="1446" WIDTH="1613" HEIGHT="56">
            <String ID="Word_107402" HPOS="409" VPOS="1463" WIDTH="126" HEIGHT="28" CONTENT="when" />
            <SP ID="SP_96823" HPOS="535" VPOS="1449" WIDTH="23" HEIGHT="0" />
            <String ID="Word_107403" HPOS="558" VPOS="1449" WIDTH="88" HEIGHT="40" CONTENT="this" />
            <SP ID="SP_96824" HPOS="646" VPOS="1447" WIDTH="22" HEIGHT="0" />
            <String ID="Word_107404" HPOS="668" VPOS="1447" WIDTH="130" HEIGHT="41" CONTENT="latter" />
            <SP ID="SP_96825" HPOS="798" VPOS="1447" WIDTH="21" HEIGHT="0" />
            <String ID="Word_107405" HPOS="819" VPOS="1452" WIDTH="145" HEIGHT="37" CONTENT="centre" />
            <SP ID="SP_96826" HPOS="964" VPOS="1447" WIDTH="22" HEIGHT="0" />
            <String ID="Word_107406" HPOS="986" VPOS="1447" WIDTH="37" HEIGHT="41" CONTENT="is" />
            <SP ID="SP_96827" HPOS="1023" VPOS="1446" WIDTH="32" HEIGHT="0" />
            <String ID="Word_107407" HPOS="1055" VPOS="1446" WIDTH="155" HEIGHT="55" CONTENT="totally" />
            <SP ID="SP_96828" HPOS="1210" VPOS="1446" WIDTH="23" HEIGHT="0" />
            <String ID="Word_107408" HPOS="1233" VPOS="1446" WIDTH="226" HEIGHT="42" CONTENT="destroyed" />
            <SP ID="SP_96829" HPOS="1459" VPOS="1446" WIDTH="33" HEIGHT="0" />
            <String ID="Word_107409" HPOS="1492" VPOS="1461" WIDTH="55" HEIGHT="27" CONTENT="on" />
            <SP ID="SP_96830" HPOS="1547" VPOS="1447" WIDTH="31" HEIGHT="0" />
            <String ID="Word_107410" HPOS="1578" VPOS="1447" WIDTH="73" HEIGHT="41" CONTENT="the" />
            <SP ID="SP_96831" HPOS="1651" VPOS="1446" WIDTH="33" HEIGHT="0" />
            <String ID="Word_107411" HPOS="1684" VPOS="1446" WIDTH="207" HEIGHT="42" CONTENT="educated" />
            <SP ID="SP_96832" HPOS="1891" VPOS="1446" WIDTH="30" HEIGHT="0" />
            <String ID="Word_107412" HPOS="1921" VPOS="1446" WIDTH="101" HEIGHT="50" CONTENT="side," />
          </TextLine>
          <TextLine ID="TextLine_10586" HPOS="408" VPOS="1516" WIDTH="1613" HEIGHT="56">
            <String ID="Word_107413" HPOS="408" VPOS="1534" WIDTH="112" HEIGHT="28" CONTENT="none" />
            <SP ID="SP_96833" HPOS="520" VPOS="1520" WIDTH="23" HEIGHT="0" />
            <String ID="Word_107414" HPOS="543" VPOS="1520" WIDTH="45" HEIGHT="41" CONTENT="of" />
            <SP ID="SP_96834" HPOS="588" VPOS="1519" WIDTH="21" HEIGHT="0" />
            <String ID="Word_107415" HPOS="609" VPOS="1519" WIDTH="72" HEIGHT="41" CONTENT="the" />
            <SP ID="SP_96835" HPOS="681" VPOS="1518" WIDTH="23" HEIGHT="0" />
            <String ID="Word_107416" HPOS="704" VPOS="1518" WIDTH="150" HEIGHT="50" CONTENT="words," />
            <SP ID="SP_96836" HPOS="854" VPOS="1517" WIDTH="25" HEIGHT="0" />
            <String ID="Word_107417" HPOS="879" VPOS="1517" WIDTH="164" HEIGHT="55" CONTENT="though" />
            <SP ID="SP_96837" HPOS="1043" VPOS="1517" WIDTH="22" HEIGHT="0" />
            <String ID="Word_107418" HPOS="1065" VPOS="1517" WIDTH="131" HEIGHT="41" CONTENT="heard" />
            <SP ID="SP_96838" HPOS="1196" VPOS="1517" WIDTH="22" HEIGHT="0" />
            <String ID="Word_107419" HPOS="1218" VPOS="1530" WIDTH="46" HEIGHT="28" CONTENT="as" />
            <SP ID="SP_96839" HPOS="1264" VPOS="1517" WIDTH="32" HEIGHT="0" />
            <String ID="Word_107420" HPOS="1296" VPOS="1517" WIDTH="173" HEIGHT="42" CONTENT="sounds," />
            <SP ID="SP_96840" HPOS="1469" VPOS="1517" WIDTH="21" HEIGHT="0" />
            <String ID="Word_107421" HPOS="1490" VPOS="1531" WIDTH="80" HEIGHT="28" CONTENT="can" />
            <SP ID="SP_96841" HPOS="1570" VPOS="1517" WIDTH="33" HEIGHT="0" />
            <String ID="Word_107422" HPOS="1603" VPOS="1517" WIDTH="51" HEIGHT="42" CONTENT="be" />
            <SP ID="SP_96842" HPOS="1654" VPOS="1516" WIDTH="31" HEIGHT="0" />
            <String ID="Word_107423" HPOS="1685" VPOS="1516" WIDTH="262" HEIGHT="55" CONTENT="interpreted" />
            <SP ID="SP_96843" HPOS="1947" VPOS="1516" WIDTH="30" HEIGHT="0" />
            <String ID="Word_107424" HPOS="1977" VPOS="1530" WIDTH="44" HEIGHT="27" CONTENT="as" />
          </TextLine>
          <TextLine ID="TextLine_10587" HPOS="410" VPOS="1587" WIDTH="1611" HEIGHT="56">
            <String ID="Word_107425" HPOS="410" VPOS="1591" WIDTH="148" HEIGHT="41" CONTENT="words." />
            <SP ID="SP_96844" HPOS="558" VPOS="1590" WIDTH="64" HEIGHT="0" />
            <String ID="Word_107426" HPOS="622" VPOS="1590" WIDTH="54" HEIGHT="40" CONTENT="In" />
            <SP ID="SP_96845" HPOS="676" VPOS="1590" WIDTH="21" HEIGHT="0" />
            <String ID="Word_107427" HPOS="697" VPOS="1603" WIDTH="131" HEIGHT="40" CONTENT="many" />
            <SP ID="SP_96846" HPOS="828" VPOS="1602" WIDTH="24" HEIGHT="0" />
            <String ID="Word_107428" HPOS="852" VPOS="1602" WIDTH="127" HEIGHT="37" CONTENT="cases," />
            <SP ID="SP_96847" HPOS="979" VPOS="1588" WIDTH="18" HEIGHT="0" />
            <String ID="Word_107429" HPOS="997" VPOS="1588" WIDTH="208" HEIGHT="50" CONTENT="however," />
            <SP ID="SP_96848" HPOS="1205" VPOS="1588" WIDTH="18" HEIGHT="0" />
            <String ID="Word_107430" HPOS="1223" VPOS="1600" WIDTH="24" HEIGHT="28" CONTENT="a" />
            <SP ID="SP_96849" HPOS="1247" VPOS="1587" WIDTH="22" HEIGHT="0" />
            <String ID="Word_107431" HPOS="1269" VPOS="1587" WIDTH="160" HEIGHT="42" CONTENT="certain" />
            <SP ID="SP_96850" HPOS="1429" VPOS="1587" WIDTH="24" HEIGHT="0" />
            <String ID="Word_107432" HPOS="1453" VPOS="1588" WIDTH="242" HEIGHT="54" CONTENT="proportion" />
            <SP ID="SP_96851" HPOS="1695" VPOS="1587" WIDTH="26" HEIGHT="0" />
            <String ID="Word_107433" HPOS="1721" VPOS="1587" WIDTH="45" HEIGHT="41" CONTENT="of" />
            <SP ID="SP_96852" HPOS="1766" VPOS="1587" WIDTH="21" HEIGHT="0" />
            <String ID="Word_107434" HPOS="1787" VPOS="1587" WIDTH="137" HEIGHT="41" CONTENT="words" />
            <SP ID="SP_96853" HPOS="1924" VPOS="1587" WIDTH="22" HEIGHT="0" />
            <String ID="Word_107435" HPOS="1946" VPOS="1600" WIDTH="75" HEIGHT="28" CONTENT="can" />
          </TextLine>
          <TextLine ID="TextLine_10588" HPOS="409" VPOS="1657" WIDTH="1613" HEIGHT="57">
            <String ID="Word_107436" HPOS="409" VPOS="1661" WIDTH="92" HEIGHT="43" CONTENT="still" />
            <SP ID="SP_96854" HPOS="501" VPOS="1661" WIDTH="23" HEIGHT="0" />
            <String ID="Word_107437" HPOS="524" VPOS="1661" WIDTH="51" HEIGHT="41" CONTENT="be" />
            <SP ID="SP_96855" HPOS="575" VPOS="1658" WIDTH="23" HEIGHT="0" />
            <String ID="Word_107438" HPOS="598" VPOS="1658" WIDTH="278" HEIGHT="56" CONTENT="interpreted," />
            <SP ID="SP_96856" HPOS="876" VPOS="1657" WIDTH="21" HEIGHT="0" />
            <String ID="Word_107439" HPOS="897" VPOS="1657" WIDTH="208" HEIGHT="55" CONTENT="probably" />
            <SP ID="SP_96857" HPOS="1105" VPOS="1657" WIDTH="25" HEIGHT="0" />
            <String ID="Word_107440" HPOS="1130" VPOS="1657" WIDTH="180" HEIGHT="42" CONTENT="because" />
            <SP ID="SP_96858" HPOS="1310" VPOS="1657" WIDTH="31" HEIGHT="0" />
            <String ID="Word_107441" HPOS="1341" VPOS="1657" WIDTH="45" HEIGHT="41" CONTENT="of" />
            <SP ID="SP_96859" HPOS="1386" VPOS="1657" WIDTH="28" HEIGHT="0" />
            <String ID="Word_107442" HPOS="1414" VPOS="1657" WIDTH="73" HEIGHT="42" CONTENT="the" />
            <SP ID="SP_96860" HPOS="1487" VPOS="1657" WIDTH="33" HEIGHT="0" />
            <String ID="Word_107443" HPOS="1520" VPOS="1658" WIDTH="198" HEIGHT="54" CONTENT="previous" />
            <SP ID="SP_96861" HPOS="1718" VPOS="1657" WIDTH="32" HEIGHT="0" />
            <String ID="Word_107444" HPOS="1750" VPOS="1657" WIDTH="198" HEIGHT="42" CONTENT="overflow" />
            <SP ID="SP_96862" HPOS="1948" VPOS="1657" WIDTH="32" HEIGHT="0" />
            <String ID="Word_107445" HPOS="1980" VPOS="1657" WIDTH="42" HEIGHT="41" CONTENT="of" />
          </TextLine>
          <TextLine ID="TextLine_10589" HPOS="408" VPOS="1726" WIDTH="1613" HEIGHT="56">
            <String ID="Word_107446" HPOS="408" VPOS="1744" WIDTH="230" HEIGHT="30" CONTENT="education" />
            <SP ID="SP_96863" HPOS="638" VPOS="1729" WIDTH="16" HEIGHT="0" />
            <String ID="Word_107447" HPOS="654" VPOS="1729" WIDTH="93" HEIGHT="41" CONTENT="into" />
            <SP ID="SP_96864" HPOS="747" VPOS="1728" WIDTH="19" HEIGHT="0" />
            <String ID="Word_107448" HPOS="766" VPOS="1728" WIDTH="72" HEIGHT="41" CONTENT="the" />
            <SP ID="SP_96865" HPOS="838" VPOS="1727" WIDTH="18" HEIGHT="0" />
            <String ID="Word_107449" HPOS="856" VPOS="1727" WIDTH="194" HEIGHT="55" CONTENT="opposite" />
            <SP ID="SP_96866" HPOS="1050" VPOS="1727" WIDTH="19" HEIGHT="0" />
            <String ID="Word_107450" HPOS="1069" VPOS="1727" WIDTH="269" HEIGHT="54" CONTENT="hemisphere" />
            <SP ID="SP_96867" HPOS="1338" VPOS="1727" WIDTH="16" HEIGHT="0" />
            <String ID="Word_107451" HPOS="1354" VPOS="1743" WIDTH="9" HEIGHT="35" CONTENT=";" />
            <SP ID="SP_96868" HPOS="1363" VPOS="1727" WIDTH="22" HEIGHT="0" />
            <String ID="Word_107452" HPOS="1385" VPOS="1727" WIDTH="84" HEIGHT="41" CONTENT="and" />
            <SP ID="SP_96869" HPOS="1469" VPOS="1727" WIDTH="19" HEIGHT="0" />
            <String ID="Word_107453" HPOS="1488" VPOS="1727" WIDTH="72" HEIGHT="41" CONTENT="the" />
            <SP ID="SP_96870" HPOS="1560" VPOS="1727" WIDTH="17" HEIGHT="0" />
            <String ID="Word_107454" HPOS="1577" VPOS="1727" WIDTH="248" HEIGHT="54" CONTENT="proportion" />
            <SP ID="SP_96871" HPOS="1825" VPOS="1727" WIDTH="19" HEIGHT="0" />
            <String ID="Word_107455" HPOS="1844" VPOS="1727" WIDTH="43" HEIGHT="40" CONTENT="of" />
            <SP ID="SP_96872" HPOS="1887" VPOS="1726" WIDTH="17" HEIGHT="0" />
            <String ID="Word_107456" HPOS="1904" VPOS="1726" WIDTH="117" HEIGHT="41" CONTENT="these" />
          </TextLine>
          <TextLine ID="TextLine_10590" HPOS="409" VPOS="1797" WIDTH="1613" HEIGHT="55">
            <String ID="Word_107457" HPOS="409" VPOS="1816" WIDTH="150" HEIGHT="29" CONTENT="seems," />
            <SP ID="SP_96873" HPOS="559" VPOS="1812" WIDTH="22" HEIGHT="0" />
            <String ID="Word_107458" HPOS="581" VPOS="1815" WIDTH="53" HEIGHT="27" CONTENT="on" />
            <SP ID="SP_96874" HPOS="634" VPOS="1800" WIDTH="25" HEIGHT="0" />
            <String ID="Word_107459" HPOS="659" VPOS="1800" WIDTH="73" HEIGHT="41" CONTENT="the" />
            <SP ID="SP_96875" HPOS="732" VPOS="1798" WIDTH="23" HEIGHT="0" />
            <String ID="Word_107460" HPOS="755" VPOS="1798" WIDTH="149" HEIGHT="42" CONTENT="whole," />
            <SP ID="SP_96876" HPOS="904" VPOS="1798" WIDTH="32" HEIGHT="0" />
            <String ID="Word_107461" HPOS="936" VPOS="1802" WIDTH="45" HEIGHT="37" CONTENT="to" />
            <SP ID="SP_96877" HPOS="981" VPOS="1798" WIDTH="23" HEIGHT="0" />
            <String ID="Word_107462" HPOS="1004" VPOS="1798" WIDTH="51" HEIGHT="42" CONTENT="be" />
            <SP ID="SP_96878" HPOS="1055" VPOS="1798" WIDTH="22" HEIGHT="0" />
            <String ID="Word_107463" HPOS="1077" VPOS="1801" WIDTH="166" HEIGHT="51" CONTENT="greater" />
            <SP ID="SP_96879" HPOS="1243" VPOS="1797" WIDTH="21" HEIGHT="0" />
            <String ID="Word_107464" HPOS="1264" VPOS="1797" WIDTH="106" HEIGHT="42" CONTENT="than" />
            <SP ID="SP_96880" HPOS="1370" VPOS="1797" WIDTH="25" HEIGHT="0" />
            <String ID="Word_107465" HPOS="1395" VPOS="1797" WIDTH="94" HEIGHT="41" CONTENT="that" />
            <SP ID="SP_96881" HPOS="1489" VPOS="1797" WIDTH="22" HEIGHT="0" />
            <String ID="Word_107466" HPOS="1511" VPOS="1797" WIDTH="46" HEIGHT="41" CONTENT="of" />
            <SP ID="SP_96882" HPOS="1557" VPOS="1797" WIDTH="18" HEIGHT="0" />
            <String ID="Word_107467" HPOS="1575" VPOS="1797" WIDTH="73" HEIGHT="41" CONTENT="the" />
            <SP ID="SP_96883" HPOS="1648" VPOS="1797" WIDTH="35" HEIGHT="0" />
            <String ID="Word_107468" HPOS="1683" VPOS="1797" WIDTH="135" HEIGHT="42" CONTENT="words" />
            <SP ID="SP_96884" HPOS="1818" VPOS="1797" WIDTH="31" HEIGHT="0" />
            <String ID="Word_107469" HPOS="1849" VPOS="1797" WIDTH="173" HEIGHT="55" CONTENT="capable" />
          </TextLine>
          <TextLine ID="TextLine_10591" HPOS="408" VPOS="1867" WIDTH="1614" HEIGHT="60">
            <String ID="Word_107470" HPOS="408" VPOS="1875" WIDTH="44" HEIGHT="40" CONTENT="of" />
            <SP ID="SP_96885" HPOS="452" VPOS="1873" WIDTH="37" HEIGHT="0" />
            <String ID="Word_107471" HPOS="489" VPOS="1873" WIDTH="128" HEIGHT="54" CONTENT="being" />
            <SP ID="SP_96886" HPOS="617" VPOS="1870" WIDTH="37" HEIGHT="0" />
            <String ID="Word_107472" HPOS="654" VPOS="1870" WIDTH="228" HEIGHT="56" CONTENT="produced," />
            <SP ID="SP_96887" HPOS="882" VPOS="1870" WIDTH="32" HEIGHT="0" />
            <String ID="Word_107473" HPOS="914" VPOS="1870" WIDTH="44" HEIGHT="40" CONTENT="in" />
            <SP ID="SP_96888" HPOS="958" VPOS="1870" WIDTH="37" HEIGHT="0" />
            <String ID="Word_107474" HPOS="995" VPOS="1875" WIDTH="139" HEIGHT="35" CONTENT="motor" />
            <SP ID="SP_96889" HPOS="1134" VPOS="1868" WIDTH="33" HEIGHT="0" />
            <String ID="Word_107475" HPOS="1167" VPOS="1868" WIDTH="187" HEIGHT="54" CONTENT="aphasia," />
            <SP ID="SP_96890" HPOS="1354" VPOS="1868" WIDTH="32" HEIGHT="0" />
            <String ID="Word_107476" HPOS="1386" VPOS="1868" WIDTH="57" HEIGHT="54" CONTENT="by" />
            <SP ID="SP_96891" HPOS="1443" VPOS="1868" WIDTH="34" HEIGHT="0" />
            <String ID="Word_107477" HPOS="1477" VPOS="1869" WIDTH="73" HEIGHT="41" CONTENT="the" />
            <SP ID="SP_96892" HPOS="1550" VPOS="1867" WIDTH="35" HEIGHT="0" />
            <String ID="Word_107478" HPOS="1585" VPOS="1867" WIDTH="269" HEIGHT="43" CONTENT="uneducated" />
            <SP ID="SP_96893" HPOS="1854" VPOS="1867" WIDTH="33" HEIGHT="0" />
            <String ID="Word_107479" HPOS="1887" VPOS="1872" WIDTH="135" HEIGHT="36" CONTENT="motor" />
          </TextLine>
          <TextLine ID="TextLine_10592" HPOS="407" VPOS="1938" WIDTH="1614" HEIGHT="56">
            <String ID="Word_107480" HPOS="407" VPOS="1958" WIDTH="156" HEIGHT="29" CONTENT="centre." />
            <SP ID="SP_96894" HPOS="563" VPOS="1943" WIDTH="64" HEIGHT="0" />
            <String ID="Word_107481" HPOS="627" VPOS="1943" WIDTH="45" HEIGHT="41" CONTENT="It" />
            <SP ID="SP_96895" HPOS="672" VPOS="1942" WIDTH="21" HEIGHT="0" />
            <String ID="Word_107482" HPOS="693" VPOS="1942" WIDTH="36" HEIGHT="41" CONTENT="is" />
            <SP ID="SP_96896" HPOS="729" VPOS="1942" WIDTH="25" HEIGHT="0" />
            <String ID="Word_107483" HPOS="754" VPOS="1949" WIDTH="74" HEIGHT="33" CONTENT="not" />
            <SP ID="SP_96897" HPOS="828" VPOS="1939" WIDTH="23" HEIGHT="0" />
            <String ID="Word_107484" HPOS="851" VPOS="1953" WIDTH="240" HEIGHT="41" CONTENT="surprising" />
            <SP ID="SP_96898" HPOS="1091" VPOS="1938" WIDTH="23" HEIGHT="0" />
            <String ID="Word_107485" HPOS="1114" VPOS="1938" WIDTH="94" HEIGHT="42" CONTENT="that" />
            <SP ID="SP_96899" HPOS="1208" VPOS="1938" WIDTH="22" HEIGHT="0" />
            <String ID="Word_107486" HPOS="1230" VPOS="1939" WIDTH="34" HEIGHT="40" CONTENT="it" />
            <SP ID="SP_96900" HPOS="1264" VPOS="1938" WIDTH="33" HEIGHT="0" />
            <String ID="Word_107487" HPOS="1297" VPOS="1938" WIDTH="154" HEIGHT="41" CONTENT="should" />
            <SP ID="SP_96901" HPOS="1451" VPOS="1938" WIDTH="32" HEIGHT="0" />
            <String ID="Word_107488" HPOS="1483" VPOS="1939" WIDTH="52" HEIGHT="41" CONTENT="be" />
            <SP ID="SP_96902" HPOS="1535" VPOS="1939" WIDTH="32" HEIGHT="0" />
            <String ID="Word_107489" HPOS="1567" VPOS="1952" WIDTH="59" HEIGHT="37" CONTENT="so," />
            <SP ID="SP_96903" HPOS="1626" VPOS="1938" WIDTH="21" HEIGHT="0" />
            <String ID="Word_107490" HPOS="1647" VPOS="1938" WIDTH="146" HEIGHT="55" CONTENT="seeing" />
            <SP ID="SP_96904" HPOS="1793" VPOS="1938" WIDTH="30" HEIGHT="0" />
            <String ID="Word_107491" HPOS="1823" VPOS="1938" WIDTH="96" HEIGHT="41" CONTENT="that" />
            <SP ID="SP_96905" HPOS="1919" VPOS="1938" WIDTH="32" HEIGHT="0" />
            <String ID="Word_107492" HPOS="1951" VPOS="1938" WIDTH="70" HEIGHT="41" CONTENT="the" />
          </TextLine>
          <TextLine ID="TextLine_10593" HPOS="408" VPOS="2008" WIDTH="1612" HEIGHT="56">
            <String ID="Word_107493" HPOS="408" VPOS="2028" WIDTH="230" HEIGHT="30" CONTENT="education" />
            <SP ID="SP_96906" HPOS="638" VPOS="2013" WIDTH="23" HEIGHT="0" />
            <String ID="Word_107494" HPOS="661" VPOS="2013" WIDTH="43" HEIGHT="41" CONTENT="of" />
            <SP ID="SP_96907" HPOS="704" VPOS="2012" WIDTH="23" HEIGHT="0" />
            <String ID="Word_107495" HPOS="727" VPOS="2012" WIDTH="72" HEIGHT="41" CONTENT="the" />
            <SP ID="SP_96908" HPOS="799" VPOS="2011" WIDTH="23" HEIGHT="0" />
            <String ID="Word_107496" HPOS="822" VPOS="2011" WIDTH="200" HEIGHT="42" CONTENT="auditory" />
            <SP ID="SP_96909" HPOS="1022" VPOS="2011" WIDTH="23" HEIGHT="0" />
            <String ID="Word_107497" HPOS="1045" VPOS="2014" WIDTH="145" HEIGHT="37" CONTENT="centre" />
            <SP ID="SP_96910" HPOS="1190" VPOS="2009" WIDTH="22" HEIGHT="0" />
            <String ID="Word_107498" HPOS="1212" VPOS="2009" WIDTH="149" HEIGHT="55" CONTENT="begins" />
            <SP ID="SP_96911" HPOS="1361" VPOS="2008" WIDTH="28" HEIGHT="0" />
            <String ID="Word_107499" HPOS="1389" VPOS="2008" WIDTH="141" HEIGHT="42" CONTENT="before" />
            <SP ID="SP_96912" HPOS="1530" VPOS="2008" WIDTH="32" HEIGHT="0" />
            <String ID="Word_107500" HPOS="1562" VPOS="2008" WIDTH="95" HEIGHT="42" CONTENT="that" />
            <SP ID="SP_96913" HPOS="1657" VPOS="2008" WIDTH="32" HEIGHT="0" />
            <String ID="Word_107501" HPOS="1689" VPOS="2008" WIDTH="45" HEIGHT="41" CONTENT="of" />
            <SP ID="SP_96914" HPOS="1734" VPOS="2008" WIDTH="29" HEIGHT="0" />
            <String ID="Word_107502" HPOS="1763" VPOS="2008" WIDTH="72" HEIGHT="42" CONTENT="the" />
            <SP ID="SP_96915" HPOS="1835" VPOS="2008" WIDTH="33" HEIGHT="0" />
            <String ID="Word_107503" HPOS="1868" VPOS="2008" WIDTH="152" HEIGHT="49" CONTENT="others," />
          </TextLine>
          <TextLine ID="TextLine_10594" HPOS="410" VPOS="2079" WIDTH="803" HEIGHT="58">
            <String ID="Word_107504" HPOS="410" VPOS="2085" WIDTH="97" HEIGHT="50" CONTENT="and," />
            <SP ID="SP_96916" HPOS="507" VPOS="2082" WIDTH="23" HEIGHT="0" />
            <String ID="Word_107505" HPOS="530" VPOS="2082" WIDTH="276" HEIGHT="55" CONTENT="throughout," />
            <SP ID="SP_96917" HPOS="806" VPOS="2080" WIDTH="22" HEIGHT="0" />
            <String ID="Word_107506" HPOS="828" VPOS="2080" WIDTH="161" HEIGHT="42" CONTENT="retains" />
            <SP ID="SP_96918" HPOS="989" VPOS="2079" WIDTH="23" HEIGHT="0" />
            <String ID="Word_107507" HPOS="1012" VPOS="2079" WIDTH="72" HEIGHT="41" CONTENT="the" />
            <SP ID="SP_96919" HPOS="1084" VPOS="2079" WIDTH="22" HEIGHT="0" />
            <String ID="Word_107508" HPOS="1106" VPOS="2079" WIDTH="107" HEIGHT="41" CONTENT="lead." />
          </TextLine>
          <TextLine ID="TextLine_10595" HPOS="467" VPOS="2146" WIDTH="1553" HEIGHT="62">
            <String ID="Word_107509" HPOS="467" VPOS="2155" WIDTH="104" HEIGHT="41" CONTENT="This" />
            <SP ID="SP_96920" HPOS="571" VPOS="2151" WIDTH="24" HEIGHT="0" />
            <String ID="Word_107510" HPOS="595" VPOS="2151" WIDTH="245" HEIGHT="57" CONTENT="possibility" />
            <SP ID="SP_96921" HPOS="840" VPOS="2151" WIDTH="23" HEIGHT="0" />
            <String ID="Word_107511" HPOS="863" VPOS="2151" WIDTH="44" HEIGHT="41" CONTENT="of" />
            <SP ID="SP_96922" HPOS="907" VPOS="2149" WIDTH="22" HEIGHT="0" />
            <String ID="Word_107512" HPOS="929" VPOS="2149" WIDTH="198" HEIGHT="41" CONTENT="overflow" />
            <SP ID="SP_96923" HPOS="1127" VPOS="2149" WIDTH="23" HEIGHT="0" />
            <String ID="Word_107513" HPOS="1150" VPOS="2149" WIDTH="43" HEIGHT="41" CONTENT="of" />
            <SP ID="SP_96924" HPOS="1193" VPOS="2148" WIDTH="22" HEIGHT="0" />
            <String ID="Word_107514" HPOS="1215" VPOS="2148" WIDTH="228" HEIGHT="42" CONTENT="education" />
            <SP ID="SP_96925" HPOS="1443" VPOS="2148" WIDTH="22" HEIGHT="0" />
            <String ID="Word_107515" HPOS="1465" VPOS="2148" WIDTH="92" HEIGHT="40" CONTENT="into" />
            <SP ID="SP_96926" HPOS="1557" VPOS="2147" WIDTH="22" HEIGHT="0" />
            <String ID="Word_107516" HPOS="1579" VPOS="2147" WIDTH="72" HEIGHT="41" CONTENT="the" />
            <SP ID="SP_96927" HPOS="1651" VPOS="2147" WIDTH="24" HEIGHT="0" />
            <String ID="Word_107517" HPOS="1675" VPOS="2151" WIDTH="190" HEIGHT="50" CONTENT="opposite" />
            <SP ID="SP_96928" HPOS="1865" VPOS="2146" WIDTH="23" HEIGHT="0" />
            <String ID="Word_107518" HPOS="1888" VPOS="2146" WIDTH="132" HEIGHT="42" CONTENT="hemi-" />
          </TextLine>
          <TextLine ID="TextLine_10596" HPOS="407" VPOS="2217" WIDTH="1609" HEIGHT="64">
            <String ID="Word_107519" HPOS="407" VPOS="2239" WIDTH="164" HEIGHT="42" CONTENT="sphere," />
            <SP ID="SP_96929" HPOS="571" VPOS="2222" WIDTH="23" HEIGHT="0" />
            <String ID="Word_107520" HPOS="594" VPOS="2222" WIDTH="85" HEIGHT="42" CONTENT="and" />
            <SP ID="SP_96930" HPOS="679" VPOS="2222" WIDTH="22" HEIGHT="0" />
            <String ID="Word_107521" HPOS="701" VPOS="2222" WIDTH="75" HEIGHT="41" CONTENT="the" />
            <SP ID="SP_96931" HPOS="776" VPOS="2220" WIDTH="24" HEIGHT="0" />
            <String ID="Word_107522" HPOS="800" VPOS="2220" WIDTH="182" HEIGHT="55" CONTENT="varying" />
            <SP ID="SP_96932" HPOS="982" VPOS="2219" WIDTH="31" HEIGHT="0" />
            <String ID="Word_107523" HPOS="1013" VPOS="2219" WIDTH="151" HEIGHT="41" CONTENT="degree" />
            <SP ID="SP_96933" HPOS="1164" VPOS="2219" WIDTH="21" HEIGHT="0" />
            <String ID="Word_107524" HPOS="1185" VPOS="2219" WIDTH="46" HEIGHT="40" CONTENT="in" />
            <SP ID="SP_96934" HPOS="1231" VPOS="2217" WIDTH="22" HEIGHT="0" />
            <String ID="Word_107525" HPOS="1253" VPOS="2217" WIDTH="143" HEIGHT="42" CONTENT="which" />
            <SP ID="SP_96935" HPOS="1396" VPOS="2217" WIDTH="22" HEIGHT="0" />
            <String ID="Word_107526" HPOS="1418" VPOS="2218" WIDTH="35" HEIGHT="41" CONTENT="it" />
            <SP ID="SP_96936" HPOS="1453" VPOS="2218" WIDTH="21" HEIGHT="0" />
            <String ID="Word_107527" HPOS="1474" VPOS="2231" WIDTH="101" HEIGHT="41" CONTENT="may" />
            <SP ID="SP_96937" HPOS="1575" VPOS="2231" WIDTH="21" HEIGHT="0" />
            <String ID="Word_107528" HPOS="1596" VPOS="2231" WIDTH="126" HEIGHT="27" CONTENT="occur" />
            <SP ID="SP_96938" HPOS="1722" VPOS="2217" WIDTH="31" HEIGHT="0" />
            <String ID="Word_107529" HPOS="1753" VPOS="2217" WIDTH="44" HEIGHT="41" CONTENT="in" />
            <SP ID="SP_96939" HPOS="1797" VPOS="2217" WIDTH="24" HEIGHT="0" />
            <String ID="Word_107530" HPOS="1821" VPOS="2217" WIDTH="195" HEIGHT="41" CONTENT="different" />
          </TextLine>
          <TextLine ID="TextLine_10597" HPOS="407" VPOS="2286" WIDTH="1610" HEIGHT="59">
            <String ID="Word_107531" HPOS="407" VPOS="2293" WIDTH="280" HEIGHT="44" CONTENT="individuals," />
            <SP ID="SP_96940" HPOS="687" VPOS="2293" WIDTH="22" HEIGHT="0" />
            <String ID="Word_107532" HPOS="709" VPOS="2293" WIDTH="36" HEIGHT="40" CONTENT="is" />
            <SP ID="SP_96941" HPOS="745" VPOS="2293" WIDTH="22" HEIGHT="0" />
            <String ID="Word_107533" HPOS="767" VPOS="2307" WIDTH="25" HEIGHT="26" CONTENT="a" />
            <SP ID="SP_96942" HPOS="792" VPOS="2290" WIDTH="22" HEIGHT="0" />
            <String ID="Word_107534" HPOS="814" VPOS="2303" WIDTH="227" HEIGHT="30" CONTENT="confusing" />
            <SP ID="SP_96943" HPOS="1041" VPOS="2289" WIDTH="22" HEIGHT="0" />
            <String ID="Word_107535" HPOS="1063" VPOS="2289" WIDTH="187" HEIGHT="42" CONTENT="element" />
            <SP ID="SP_96944" HPOS="1250" VPOS="2289" WIDTH="21" HEIGHT="0" />
            <String ID="Word_107536" HPOS="1271" VPOS="2289" WIDTH="46" HEIGHT="40" CONTENT="in" />
            <SP ID="SP_96945" HPOS="1317" VPOS="2289" WIDTH="23" HEIGHT="0" />
            <String ID="Word_107537" HPOS="1340" VPOS="2289" WIDTH="73" HEIGHT="41" CONTENT="the" />
            <SP ID="SP_96946" HPOS="1413" VPOS="2288" WIDTH="22" HEIGHT="0" />
            <String ID="Word_107538" HPOS="1435" VPOS="2288" WIDTH="131" HEIGHT="55" CONTENT="study" />
            <SP ID="SP_96947" HPOS="1566" VPOS="2287" WIDTH="21" HEIGHT="0" />
            <String ID="Word_107539" HPOS="1587" VPOS="2287" WIDTH="44" HEIGHT="42" CONTENT="of" />
            <SP ID="SP_96948" HPOS="1631" VPOS="2287" WIDTH="30" HEIGHT="0" />
            <String ID="Word_107540" HPOS="1661" VPOS="2287" WIDTH="184" HEIGHT="54" CONTENT="aphasia." />
            <SP ID="SP_96949" HPOS="1845" VPOS="2287" WIDTH="64" HEIGHT="0" />
            <String ID="Word_107541" HPOS="1909" VPOS="2287" WIDTH="53" HEIGHT="41" CONTENT="So" />
            <SP ID="SP_96950" HPOS="1962" VPOS="2286" WIDTH="21" HEIGHT="0" />
            <String ID="Word_107542" HPOS="1983" VPOS="2286" WIDTH="34" HEIGHT="42" CONTENT="is" />
          </TextLine>
          <TextLine ID="TextLine_10598" HPOS="409" VPOS="2356" WIDTH="1609" HEIGHT="63">
            <String ID="Word_107543" HPOS="409" VPOS="2380" WIDTH="90" HEIGHT="29" CONTENT="also" />
            <SP ID="SP_96951" HPOS="499" VPOS="2365" WIDTH="23" HEIGHT="0" />
            <String ID="Word_107544" HPOS="522" VPOS="2365" WIDTH="74" HEIGHT="41" CONTENT="the" />
            <SP ID="SP_96952" HPOS="596" VPOS="2362" WIDTH="26" HEIGHT="0" />
            <String ID="Word_107545" HPOS="622" VPOS="2362" WIDTH="189" HEIGHT="57" CONTENT="possible" />
            <SP ID="SP_96953" HPOS="811" VPOS="2362" WIDTH="32" HEIGHT="0" />
            <String ID="Word_107546" HPOS="843" VPOS="2374" WIDTH="196" HEIGHT="42" CONTENT="progress" />
            <SP ID="SP_96954" HPOS="1039" VPOS="2360" WIDTH="33" HEIGHT="0" />
            <String ID="Word_107547" HPOS="1072" VPOS="2360" WIDTH="43" HEIGHT="40" CONTENT="of" />
            <SP ID="SP_96955" HPOS="1115" VPOS="2359" WIDTH="30" HEIGHT="0" />
            <String ID="Word_107548" HPOS="1145" VPOS="2359" WIDTH="185" HEIGHT="41" CONTENT="Further" />
            <SP ID="SP_96956" HPOS="1330" VPOS="2358" WIDTH="31" HEIGHT="0" />
            <String ID="Word_107549" HPOS="1361" VPOS="2358" WIDTH="242" HEIGHT="42" CONTENT="Education" />
            <SP ID="SP_96957" HPOS="1603" VPOS="2358" WIDTH="32" HEIGHT="0" />
            <String ID="Word_107550" HPOS="1635" VPOS="2358" WIDTH="45" HEIGHT="40" CONTENT="in" />
            <SP ID="SP_96958" HPOS="1680" VPOS="2357" WIDTH="33" HEIGHT="0" />
            <String ID="Word_107551" HPOS="1713" VPOS="2357" WIDTH="115" HEIGHT="41" CONTENT="what" />
            <SP ID="SP_96959" HPOS="1828" VPOS="2357" WIDTH="30" HEIGHT="0" />
            <String ID="Word_107552" HPOS="1858" VPOS="2357" WIDTH="23" HEIGHT="41" CONTENT="I" />
            <SP ID="SP_96960" HPOS="1881" VPOS="2356" WIDTH="32" HEIGHT="0" />
            <String ID="Word_107553" HPOS="1913" VPOS="2356" WIDTH="105" HEIGHT="41" CONTENT="have" />
          </TextLine>
          <TextLine ID="TextLine_10599" HPOS="411" VPOS="2426" WIDTH="1608" HEIGHT="55">
            <String ID="Word_107554" HPOS="411" VPOS="2434" WIDTH="164" HEIGHT="44" CONTENT="termed" />
            <SP ID="SP_96961" HPOS="575" VPOS="2434" WIDTH="39" HEIGHT="0" />
            <String ID="Word_107555" HPOS="614" VPOS="2434" WIDTH="70" HEIGHT="40" CONTENT="the" />
            <SP ID="SP_96962" HPOS="684" VPOS="2430" WIDTH="40" HEIGHT="0" />
            <String ID="Word_107556" HPOS="724" VPOS="2430" WIDTH="270" HEIGHT="43" CONTENT="uneducated" />
            <SP ID="SP_96963" HPOS="994" VPOS="2430" WIDTH="38" HEIGHT="0" />
            <String ID="Word_107557" HPOS="1032" VPOS="2433" WIDTH="154" HEIGHT="38" CONTENT="centre," />
            <SP ID="SP_96964" HPOS="1186" VPOS="2428" WIDTH="38" HEIGHT="0" />
            <String ID="Word_107558" HPOS="1224" VPOS="2428" WIDTH="111" HEIGHT="41" CONTENT="after" />
            <SP ID="SP_96965" HPOS="1335" VPOS="2428" WIDTH="42" HEIGHT="0" />
            <String ID="Word_107559" HPOS="1377" VPOS="2428" WIDTH="162" HEIGHT="41" CONTENT="disease" />
            <SP ID="SP_96966" HPOS="1539" VPOS="2427" WIDTH="36" HEIGHT="0" />
            <String ID="Word_107560" HPOS="1575" VPOS="2427" WIDTH="76" HEIGHT="41" CONTENT="has" />
            <SP ID="SP_96967" HPOS="1651" VPOS="2426" WIDTH="38" HEIGHT="0" />
            <String ID="Word_107561" HPOS="1689" VPOS="2426" WIDTH="224" HEIGHT="55" CONTENT="destroyed" />
            <SP ID="SP_96968" HPOS="1913" VPOS="2426" WIDTH="37" HEIGHT="0" />
            <String ID="Word_107562" HPOS="1950" VPOS="2426" WIDTH="69" HEIGHT="41" CONTENT="the" />
          </TextLine>
          <TextLine ID="TextLine_10600" HPOS="410" VPOS="2497" WIDTH="1609" HEIGHT="57">
            <String ID="Word_107563" HPOS="410" VPOS="2504" WIDTH="211" HEIGHT="45" CONTENT="educated" />
            <SP ID="SP_96969" HPOS="621" VPOS="2504" WIDTH="37" HEIGHT="0" />
            <String ID="Word_107564" HPOS="658" VPOS="2516" WIDTH="90" HEIGHT="28" CONTENT="one." />
            <SP ID="SP_96970" HPOS="748" VPOS="2502" WIDTH="64" HEIGHT="0" />
            <String ID="Word_107565" HPOS="812" VPOS="2502" WIDTH="54" HEIGHT="40" CONTENT="In" />
            <SP ID="SP_96971" HPOS="866" VPOS="2502" WIDTH="37" HEIGHT="0" />
            <String ID="Word_107566" HPOS="903" VPOS="2513" WIDTH="146" HEIGHT="41" CONTENT="young" />
            <SP ID="SP_96972" HPOS="1049" VPOS="2498" WIDTH="36" HEIGHT="0" />
            <String ID="Word_107567" HPOS="1085" VPOS="2498" WIDTH="163" HEIGHT="56" CONTENT="people," />
            <SP ID="SP_96973" HPOS="1248" VPOS="2498" WIDTH="39" HEIGHT="0" />
            <String ID="Word_107568" HPOS="1287" VPOS="2498" WIDTH="87" HEIGHT="41" CONTENT="this" />
            <SP ID="SP_96974" HPOS="1374" VPOS="2497" WIDTH="43" HEIGHT="0" />
            <String ID="Word_107569" HPOS="1417" VPOS="2497" WIDTH="186" HEIGHT="42" CONTENT="Further" />
            <SP ID="SP_96975" HPOS="1603" VPOS="2497" WIDTH="41" HEIGHT="0" />
            <String ID="Word_107570" HPOS="1644" VPOS="2497" WIDTH="238" HEIGHT="41" CONTENT="Education" />
            <SP ID="SP_96976" HPOS="1882" VPOS="2497" WIDTH="43" HEIGHT="0" />
            <String ID="Word_107571" HPOS="1925" VPOS="2509" WIDTH="94" HEIGHT="41" CONTENT="may" />
          </TextLine>
          <TextLine ID="TextLine_10601" HPOS="409" VPOS="2566" WIDTH="1609" HEIGHT="67">
            <String ID="Word_107572" HPOS="409" VPOS="2576" WIDTH="195" HEIGHT="57" CONTENT="speedily" />
            <SP ID="SP_96977" HPOS="604" VPOS="2575" WIDTH="35" HEIGHT="0" />
            <String ID="Word_107573" HPOS="639" VPOS="2575" WIDTH="124" HEIGHT="41" CONTENT="bring" />
            <SP ID="SP_96978" HPOS="763" VPOS="2573" WIDTH="36" HEIGHT="0" />
            <String ID="Word_107574" HPOS="799" VPOS="2573" WIDTH="132" HEIGHT="41" CONTENT="about" />
            <SP ID="SP_96979" HPOS="931" VPOS="2573" WIDTH="33" HEIGHT="0" />
            <String ID="Word_107575" HPOS="964" VPOS="2586" WIDTH="53" HEIGHT="27" CONTENT="an" />
            <SP ID="SP_96980" HPOS="1017" VPOS="2570" WIDTH="33" HEIGHT="0" />
            <String ID="Word_107576" HPOS="1050" VPOS="2570" WIDTH="137" HEIGHT="42" CONTENT="entire" />
            <SP ID="SP_96981" HPOS="1187" VPOS="2569" WIDTH="31" HEIGHT="0" />
            <String ID="Word_107577" HPOS="1218" VPOS="2569" WIDTH="253" HEIGHT="41" CONTENT="restoration" />
            <SP ID="SP_96982" HPOS="1471" VPOS="2569" WIDTH="34" HEIGHT="0" />
            <String ID="Word_107578" HPOS="1505" VPOS="2569" WIDTH="46" HEIGHT="40" CONTENT="of" />
            <SP ID="SP_96983" HPOS="1551" VPOS="2567" WIDTH="28" HEIGHT="0" />
            <String ID="Word_107579" HPOS="1579" VPOS="2567" WIDTH="178" HEIGHT="55" CONTENT="speech;" />
            <SP ID="SP_96984" HPOS="1757" VPOS="2567" WIDTH="31" HEIGHT="0" />
            <String ID="Word_107580" HPOS="1788" VPOS="2567" WIDTH="78" HEIGHT="42" CONTENT="but" />
            <SP ID="SP_96985" HPOS="1866" VPOS="2566" WIDTH="33" HEIGHT="0" />
            <String ID="Word_107581" HPOS="1899" VPOS="2580" WIDTH="119" HEIGHT="27" CONTENT="when" />
          </TextLine>
          <TextLine ID="TextLine_10602" HPOS="408" VPOS="2635" WIDTH="1609" HEIGHT="69">
            <String ID="Word_107582" HPOS="408" VPOS="2661" WIDTH="178" HEIGHT="30" CONTENT="aphasia" />
            <SP ID="SP_96986" HPOS="586" VPOS="2646" WIDTH="41" HEIGHT="0" />
            <String ID="Word_107583" HPOS="627" VPOS="2646" WIDTH="77" HEIGHT="41" CONTENT="has" />
            <SP ID="SP_96987" HPOS="704" VPOS="2642" WIDTH="42" HEIGHT="0" />
            <String ID="Word_107584" HPOS="746" VPOS="2642" WIDTH="204" HEIGHT="43" CONTENT="occurred" />
            <SP ID="SP_96988" HPOS="950" VPOS="2641" WIDTH="42" HEIGHT="0" />
            <String ID="Word_107585" HPOS="992" VPOS="2646" WIDTH="111" HEIGHT="36" CONTENT="after" />
            <SP ID="SP_96989" HPOS="1103" VPOS="2639" WIDTH="42" HEIGHT="0" />
            <String ID="Word_107586" HPOS="1145" VPOS="2643" WIDTH="261" HEIGHT="38" CONTENT="completion" />
            <SP ID="SP_96990" HPOS="1406" VPOS="2638" WIDTH="43" HEIGHT="0" />
            <String ID="Word_107587" HPOS="1449" VPOS="2638" WIDTH="43" HEIGHT="42" CONTENT="of" />
            <SP ID="SP_96991" HPOS="1492" VPOS="2638" WIDTH="53" HEIGHT="0" />
            <String ID="Word_107588" HPOS="1545" VPOS="2638" WIDTH="145" HEIGHT="54" CONTENT="bodily" />
            <SP ID="SP_96992" HPOS="1690" VPOS="2637" WIDTH="41" HEIGHT="0" />
            <String ID="Word_107589" HPOS="1731" VPOS="2637" WIDTH="165" HEIGHT="56" CONTENT="growth" />
            <SP ID="SP_96993" HPOS="1896" VPOS="2635" WIDTH="42" HEIGHT="0" />
            <String ID="Word_107590" HPOS="1938" VPOS="2635" WIDTH="79" HEIGHT="43" CONTENT="and" />
          </TextLine>
          <TextLine ID="TextLine_10603" HPOS="409" VPOS="2707" WIDTH="1609" HEIGHT="65">
            <String ID="Word_107591" HPOS="409" VPOS="2718" WIDTH="316" HEIGHT="54" CONTENT="development," />
            <SP ID="SP_96994" HPOS="725" VPOS="2714" WIDTH="22" HEIGHT="0" />
            <String ID="Word_107592" HPOS="747" VPOS="2714" WIDTH="87" HEIGHT="42" CONTENT="this" />
            <SP ID="SP_96995" HPOS="834" VPOS="2711" WIDTH="22" HEIGHT="0" />
            <String ID="Word_107593" HPOS="856" VPOS="2711" WIDTH="228" HEIGHT="44" CONTENT="education" />
            <SP ID="SP_96996" HPOS="1084" VPOS="2711" WIDTH="23" HEIGHT="0" />
            <String ID="Word_107594" HPOS="1107" VPOS="2711" WIDTH="45" HEIGHT="40" CONTENT="of" />
            <SP ID="SP_96997" HPOS="1152" VPOS="2709" WIDTH="18" HEIGHT="0" />
            <String ID="Word_107595" HPOS="1170" VPOS="2709" WIDTH="74" HEIGHT="41" CONTENT="the" />
            <SP ID="SP_96998" HPOS="1244" VPOS="2708" WIDTH="22" HEIGHT="0" />
            <String ID="Word_107596" HPOS="1266" VPOS="2708" WIDTH="270" HEIGHT="42" CONTENT="uneducated" />
            <SP ID="SP_96999" HPOS="1536" VPOS="2708" WIDTH="23" HEIGHT="0" />
            <String ID="Word_107597" HPOS="1559" VPOS="2708" WIDTH="91" HEIGHT="42" CONTENT="side" />
            <SP ID="SP_97000" HPOS="1650" VPOS="2708" WIDTH="21" HEIGHT="0" />
            <String ID="Word_107598" HPOS="1671" VPOS="2708" WIDTH="36" HEIGHT="41" CONTENT="is" />
            <SP ID="SP_97001" HPOS="1707" VPOS="2707" WIDTH="25" HEIGHT="0" />
            <String ID="Word_107599" HPOS="1732" VPOS="2707" WIDTH="167" HEIGHT="54" CONTENT="usually" />
            <SP ID="SP_97002" HPOS="1899" VPOS="2707" WIDTH="25" HEIGHT="0" />
            <String ID="Word_107600" HPOS="1924" VPOS="2719" WIDTH="94" HEIGHT="41" CONTENT="very" />
          </TextLine>
          <TextLine ID="TextLine_10604" HPOS="409" VPOS="2780" WIDTH="789" HEIGHT="59">
            <String ID="Word_107601" HPOS="409" VPOS="2787" WIDTH="196" HEIGHT="45" CONTENT="difficult," />
            <SP ID="SP_97003" HPOS="605" VPOS="2785" WIDTH="22" HEIGHT="0" />
            <String ID="Word_107602" HPOS="627" VPOS="2785" WIDTH="87" HEIGHT="43" CONTENT="and" />
            <SP ID="SP_97004" HPOS="714" VPOS="2784" WIDTH="20" HEIGHT="0" />
            <String ID="Word_107603" HPOS="734" VPOS="2784" WIDTH="38" HEIGHT="42" CONTENT="is" />
            <SP ID="SP_97005" HPOS="772" VPOS="2784" WIDTH="22" HEIGHT="0" />
            <String ID="Word_107604" HPOS="794" VPOS="2789" WIDTH="118" HEIGHT="36" CONTENT="often" />
            <SP ID="SP_97006" HPOS="912" VPOS="2780" WIDTH="25" HEIGHT="0" />
            <String ID="Word_107605" HPOS="937" VPOS="2780" WIDTH="261" HEIGHT="56" CONTENT="impossible." />
          </TextLine>
          <TextLine ID="TextLine_10605" HPOS="465" VPOS="2916" WIDTH="1549" HEIGHT="57">
            <String ID="Word_107606" HPOS="465" VPOS="2931" WIDTH="267" HEIGHT="42" CONTENT="Recurring" />
            <SP ID="SP_97007" HPOS="732" VPOS="2925" WIDTH="18" HEIGHT="0" />
            <String ID="Word_107607" HPOS="750" VPOS="2920" WIDTH="451" HEIGHT="48" CONTENT="Utterances.We" />
            <SP ID="SP_97008" HPOS="1201" VPOS="2919" WIDTH="17" HEIGHT="0" />
            <String ID="Word_107608" HPOS="1218" VPOS="2919" WIDTH="110" HEIGHT="42" CONTENT="have" />
            <SP ID="SP_97009" HPOS="1328" VPOS="2919" WIDTH="17" HEIGHT="0" />
            <String ID="Word_107609" HPOS="1345" VPOS="2919" WIDTH="109" HEIGHT="41" CONTENT="been" />
            <SP ID="SP_97010" HPOS="1454" VPOS="2918" WIDTH="14" HEIGHT="0" />
            <String ID="Word_107610" HPOS="1468" VPOS="2918" WIDTH="242" HEIGHT="55" CONTENT="discussing" />
            <SP ID="SP_97011" HPOS="1710" VPOS="2917" WIDTH="16" HEIGHT="0" />
            <String ID="Word_107611" HPOS="1726" VPOS="2917" WIDTH="72" HEIGHT="43" CONTENT="the" />
            <SP ID="SP_97012" HPOS="1798" VPOS="2917" WIDTH="16" HEIGHT="0" />
            <String ID="Word_107612" HPOS="1814" VPOS="2917" WIDTH="84" HEIGHT="42" CONTENT="fact" />
            <SP ID="SP_97013" HPOS="1898" VPOS="2916" WIDTH="17" HEIGHT="0" />
            <String ID="Word_107613" HPOS="1915" VPOS="2918" WIDTH="99" HEIGHT="46" CONTENT="that," />
          </TextLine>
          <TextLine ID="TextLine_10606" HPOS="407" VPOS="2983" WIDTH="1605" HEIGHT="62">
            <String ID="Word_107614" HPOS="407" VPOS="3015" WIDTH="107" HEIGHT="30" CONTENT="even" />
            <SP ID="SP_97014" HPOS="514" VPOS="3000" WIDTH="23" HEIGHT="0" />
            <String ID="Word_107615" HPOS="537" VPOS="3000" WIDTH="46" HEIGHT="41" CONTENT="in" />
            <SP ID="SP_97015" HPOS="583" VPOS="3000" WIDTH="23" HEIGHT="0" />
            <String ID="Word_107616" HPOS="606" VPOS="3011" WIDTH="116" HEIGHT="29" CONTENT="cases" />
            <SP ID="SP_97016" HPOS="722" VPOS="2996" WIDTH="18" HEIGHT="0" />
            <String ID="Word_107617" HPOS="740" VPOS="2996" WIDTH="45" HEIGHT="41" CONTENT="in" />
            <SP ID="SP_97017" HPOS="785" VPOS="2993" WIDTH="22" HEIGHT="0" />
            <String ID="Word_107618" HPOS="807" VPOS="2993" WIDTH="139" HEIGHT="42" CONTENT="which" />
            <SP ID="SP_97018" HPOS="946" VPOS="2992" WIDTH="19" HEIGHT="0" />
            <String ID="Word_107619" HPOS="965" VPOS="2992" WIDTH="72" HEIGHT="42" CONTENT="the" />
            <SP ID="SP_97019" HPOS="1037" VPOS="2988" WIDTH="19" HEIGHT="0" />
            <String ID="Word_107620" HPOS="1056" VPOS="2988" WIDTH="209" HEIGHT="45" CONTENT="educated" />
            <SP ID="SP_97020" HPOS="1265" VPOS="2988" WIDTH="21" HEIGHT="0" />
            <String ID="Word_107621" HPOS="1286" VPOS="2995" WIDTH="134" HEIGHT="35" CONTENT="motor" />
            <SP ID="SP_97021" HPOS="1420" VPOS="2992" WIDTH="21" HEIGHT="0" />
            <String ID="Word_107622" HPOS="1441" VPOS="2992" WIDTH="145" HEIGHT="38" CONTENT="centre" />
            <SP ID="SP_97022" HPOS="1586" VPOS="2987" WIDTH="23" HEIGHT="0" />
            <String ID="Word_107623" HPOS="1609" VPOS="2987" WIDTH="75" HEIGHT="42" CONTENT="has" />
            <SP ID="SP_97023" HPOS="1684" VPOS="2987" WIDTH="25" HEIGHT="0" />
            <String ID="Word_107624" HPOS="1709" VPOS="2987" WIDTH="104" HEIGHT="41" CONTENT="been" />
            <SP ID="SP_97024" HPOS="1813" VPOS="2983" WIDTH="23" HEIGHT="0" />
            <String ID="Word_107625" HPOS="1836" VPOS="2983" WIDTH="176" HEIGHT="55" CONTENT="entirely" />
          </TextLine>
          <TextLine ID="TextLine_10607" HPOS="403" VPOS="3053" WIDTH="1611" HEIGHT="73">
            <String ID="Word_107626" HPOS="403" VPOS="3069" WIDTH="242" HEIGHT="57" CONTENT="destroyed," />
            <SP ID="SP_97025" HPOS="645" VPOS="3068" WIDTH="21" HEIGHT="0" />
            <String ID="Word_107627" HPOS="666" VPOS="3068" WIDTH="74" HEIGHT="42" CONTENT="the" />
            <SP ID="SP_97026" HPOS="740" VPOS="3064" WIDTH="34" HEIGHT="0" />
            <String ID="Word_107628" HPOS="774" VPOS="3068" WIDTH="177" HEIGHT="53" CONTENT="patient," />
            <SP ID="SP_97027" HPOS="951" VPOS="3063" WIDTH="25" HEIGHT="0" />
            <String ID="Word_107629" HPOS="976" VPOS="3063" WIDTH="44" HEIGHT="40" CONTENT="in" />
            <SP ID="SP_97028" HPOS="1020" VPOS="3062" WIDTH="25" HEIGHT="0" />
            <String ID="Word_107630" HPOS="1045" VPOS="3066" WIDTH="138" HEIGHT="36" CONTENT="virtue" />
            <SP ID="SP_97029" HPOS="1183" VPOS="3059" WIDTH="23" HEIGHT="0" />
            <String ID="Word_107631" HPOS="1206" VPOS="3059" WIDTH="46" HEIGHT="43" CONTENT="of" />
            <SP ID="SP_97030" HPOS="1252" VPOS="3058" WIDTH="29" HEIGHT="0" />
            <String ID="Word_107632" HPOS="1281" VPOS="3058" WIDTH="198" HEIGHT="42" CONTENT="overflow" />
            <SP ID="SP_97031" HPOS="1479" VPOS="3058" WIDTH="23" HEIGHT="0" />
            <String ID="Word_107633" HPOS="1502" VPOS="3058" WIDTH="43" HEIGHT="41" CONTENT="of" />
            <SP ID="SP_97032" HPOS="1545" VPOS="3057" WIDTH="32" HEIGHT="0" />
            <String ID="Word_107634" HPOS="1577" VPOS="3071" WIDTH="225" HEIGHT="29" CONTENT="education" />
            <SP ID="SP_97033" HPOS="1802" VPOS="3056" WIDTH="33" HEIGHT="0" />
            <String ID="Word_107635" HPOS="1835" VPOS="3056" WIDTH="90" HEIGHT="41" CONTENT="into" />
            <SP ID="SP_97034" HPOS="1925" VPOS="3053" WIDTH="22" HEIGHT="0" />
            <String ID="Word_107636" HPOS="1947" VPOS="3053" WIDTH="67" HEIGHT="42" CONTENT="the" />
          </TextLine>
        </TextBlock>
      </PrintSpace>
    </Page>
  </Layout>
</alto>
