2107 3450
543 318 363 35 CLASSIFICATION
939 316 55 32 OF
1026 316 283 33 LANGUAGES.

1671 301 84 47 167

95 444 112 44 have
243 449 43 39 to
324 458 88 42 say,
436 442 144 44 which
603 441 146 43 would
782 437 338 59 imperceptibly
1143 436 118 57 glide
1293 436 109 51 into,
1435 436 24 42 I
1495 434 116 44 shall
1640 433 115 57 say."

96 518 92 42 The
222 518 143 41 future
392 512 255 57 j'aimerai
679 512 50 52 is,
757 510 196 57 literally
977 508 255 52 translated,
1259 508 23 42 I
1318 507 112 43 have
1453 510 45 39 to
1521 506 111 43 love.
1697 505 57 43 In

97 588 197 57 English,
317 587 73 42 the
418 585 149 43 effects
599 584 48 42 of
675 597 208 43 phonetic
915 582 138 43 decay
1076 595 72 29 are
1181 595 47 29 as
1261 579 240 57 strikingly
1526 577 230 44 exhibited

96 675 47 28 as
161 661 45 42 in
225 658 181 44 French,
424 657 85 42 and
528 656 203 43 dialectic
749 654 301 44 regeneration
1069 653 79 43 has
1166 653 47 43 in
1232 652 188 57 English
1438 652 112 42 been
1564 650 194 56 brought

97 734 133 41 about
253 736 43 37 to
319 745 55 28 an
398 733 154 39 extent
573 742 189 43 perhaps
785 732 190 37 without
996 726 186 56 parallel
1204 726 46 42 in
1274 740 87 42 any
1380 724 126 43 other
1528 723 227 56 language.

97 805 55 41 In
176 804 72 41 the
271 806 177 39 ancient
469 801 238 57 languages
730 801 47 41 of
795 799 214 44 Teutonic
1033 808 106 48 type
1163 799 113 42 from
1301 797 145 43 which
1469 795 188 58 English
1679 795 79 43 has

97 875 254 43 descended,
373 875 37 41 it
433 888 85 28 was
542 878 44 38 at
618 887 82 28 one
734 873 106 42 time
872 872 76 43 the
980 872 193 56 practice
1208 877 45 38 to
1287 885 124 43 place
1448 870 76 43 the
1555 883 203 43 pronoun

97 953 110 37 after
238 947 76 43 the
349 946 119 43 verb,
499 945 77 43 the
610 945 118 43 word
760 955 103 33 am,
885 944 68 43 for
985 944 217 57 example,
1229 944 144 56 being,
1396 957 48 29 as
1477 941 181 56 already
1690 941 68 42 in-

98 1019 183 53 dicated,
316 1022 217 40 complete
571 1017 46 44 in
655 1017 132 43 itself,
823 1016 110 44 with
978 1017 76 43 the
1100 1017 208 43 meaning
1343 1017 48 42 of
1430 1019 21 18 "
1472 1015 23 42 I
1530 1012 108 55 am,"
1682 1013 77 43 the

97 1093 206 43 terminal
335 1105 54 31 m
418 1091 166 56 having
606 1089 233 58 originally
858 1089 75 44 the
956 1089 297 43 signification
1275 1090 47 42 of
1341 1094 22 17 "
1381 1087 60 45 I."
1505 1087 69 52 So,
1596 1085 48 44 in
1666 1086 92 43 like

98 1177 197 28 manner,
328 1162 86 43 art
448 1177 87 28 was
568 1161 235 58 originally
836 1162 217 56 complete
1085 1162 48 42 in
1164 1162 134 42 itself,
1331 1161 76 43 the
1439 1160 107 42 final
1567 1158 25 44 t
1612 1173 145 43 repre-

98 1236 178 56 senting
292 1235 75 43 the
385 1235 158 43 second
559 1235 203 56 personal
776 1249 211 42 pronoun.
1053 1235 55 42 In
1124 1235 129 42 Latin
1272 1234 86 42 and
1377 1233 157 44 Greek,
1550 1232 60 43 all
1627 1232 130 43 verbs

98 1309 173 41 exhibit
294 1307 122 43 these
438 1307 201 56 personal
661 1307 319 43 terminations,
1003 1307 81 42 but
1105 1307 47 42 in
1175 1306 187 43 English
1387 1305 75 44 the
1486 1306 104 43 verb
1613 1304 58 44 to
1692 1303 67 44 be

97 1382 38 41 is
159 1395 81 28 one
262 1381 45 42 of
329 1380 75 42 the
427 1380 84 42 few
534 1384 97 38 that
654 1379 93 43 still
770 1381 163 41 retains
956 1394 119 28 some
1099 1380 47 42 of
1174 1380 133 42 them.
1372 1379 124 56 Long
1517 1392 94 42 ago,
1632 1377 125 43 these

98 1453 308 42 terminations
430 1452 176 42 became
629 1466 46 28 so
699 1451 191 43 decayed
913 1465 47 29 as
983 1466 56 28 no
1061 1451 154 57 longer
1237 1451 233 43 distinctly
1493 1455 46 38 to
1562 1450 195 42 indicate

96 1524 204 57 personal
331 1538 235 42 pronouns,
588 1524 99 50 and,
719 1523 59 56 by
811 1537 173 42 process
1018 1524 46 41 of
1093 1523 205 43 dialectic
1320 1523 317 57 regeneration,
1659 1535 99 29 new

98 1596 201 56 personal
320 1610 224 42 pronouns
570 1610 110 28 were
703 1595 154 56 placed
887 1595 147 44 before
1066 1595 75 44 the
1165 1596 115 43 verb.
1347 1596 55 42 In
1426 1595 123 44 these
1572 1609 185 29 circum-

96 1682 183 29 stances,
302 1667 74 43 the
398 1667 155 57 genius
577 1667 44 41 of
648 1666 76 43 the
746 1667 187 57 English
956 1667 215 57 language
1194 1667 100 43 had,
1316 1668 48 42 in
1386 1671 116 39 most
1525 1681 131 29 cases,
1680 1666 77 44 the

95 1741 110 56 good
237 1754 126 29 sense
395 1745 44 37 to
462 1739 109 43 drop
605 1739 74 43 the
712 1739 165 43 useless
910 1741 310 42 terminations
1254 1740 258 57 altogether,
1535 1740 225 56 retaining

94 1813 122 42 them
239 1811 172 44 neither
433 1812 45 42 in
503 1811 75 43 the
601 1810 191 58 spelling
813 1826 81 28 nor
916 1812 46 42 in
981 1812 75 43 the
1079 1813 355 56 pronunciation.
1499 1813 92 43 The
1614 1827 142 43 gram-

97 1900 94 27 mar
212 1885 45 42 of
278 1884 186 43 English
487 1884 78 43 has
588 1884 104 43 thus
714 1884 110 43 been
847 1884 191 43 reduced
1061 1890 45 37 to
1129 1884 75 44 the
1222 1890 193 51 greatest
1434 1885 259 57 simplicity,
1710 1899 47 28 so

95 1957 133 43 much
250 1971 58 38 so,
331 1956 170 43 indeed,
524 1957 98 42 that
653 1970 119 29 some
806 1956 262 43 authorities
1092 1957 91 42 will
1216 1958 114 42 have
1361 1958 38 42 it
1432 1957 98 44 that
1556 1957 202 51 English,

94 2029 90 43 like
218 2029 200 43 Chinese,
450 2029 78 42 has
567 2042 55 28 no
656 2042 220 43 grammar
912 2032 46 38 at
992 2028 218 54 all;—for
1242 2035 20 16 "
1279 2030 140 43 What
1440 2030 39 42 is
1501 2028 256 58 grammar,"

93 2116 100 42 says
218 2100 298 45 MaxMuller,
539 2104 21 18 "
578 2101 80 42 but
677 2101 280 55 conjugation
982 2101 86 42 and
1092 2101 253 45 declension
1363 2103 51 43 ?"
1437 2103 88 43 and
1548 2117 207 43 conjuga-

93 2171 96 41 tion
211 2170 87 42 and
320 2169 252 44 declension
594 2169 113 43 have
728 2169 47 42 in
798 2169 185 56 English
1006 2170 112 43 been
1150 2171 190 43 reduced
1373 2177 45 37 to
1451 2187 25 28 a
1509 2172 245 56 simplicity

91 2243 98 42 that
212 2256 214 29 contrasts
448 2241 281 56 remarkably
754 2241 107 42 with
896 2241 114 43 their
1043 2242 227 44 condition
1303 2244 48 42 in
1387 2244 74 43 the
1497 2244 127 44 other
1657 2244 95 42 lan-

90 2329 162 42 guages
275 2315 47 42 of
342 2314 74 43 the
438 2328 118 29 same
578 2327 149 43 group.

151 2387 177 57 Among
359 2401 25 29 a
415 2386 156 58 people
603 2385 215 57 speaking
850 2385 76 44 the
958 2400 120 30 same
1110 2387 228 59 language,
1361 2388 76 45 the
1460 2404 224 43 processes
1708 2392 46 42 of

92 2458 207 57 phonetic
322 2458 134 57 decay
479 2457 87 44 and
588 2457 249 44 dialectical
858 2459 304 56 regeneration
1184 2460 165 58 always
1373 2462 129 57 bring
1519 2463 135 43 about
1676 2464 77 44 the

92 2530 309 56 development
418 2530 44 42 of
479 2530 203 43 different
701 2529 183 44 dialects
902 2531 45 42 in
967 2531 205 44 different
1187 2533 197 45 districts
1400 2535 47 42 of
1461 2535 75 43 the
1552 2541 199 53 country.

91 2603 92 43 The
217 2608 152 38 accent
406 2603 147 43 differs
589 2603 46 42 in
671 2602 204 44 different
912 2603 225 56 districts;
1169 2607 167 42 certain
1369 2607 142 44 words
1547 2622 71 30 are
1653 2623 99 44 pro-

91 2675 201 43 nounced
314 2675 275 57 differently;
622 2675 140 44 words
796 2676 86 43 and
915 2678 279 56 expressions
1226 2693 72 30 are
1332 2681 198 44 retained
1562 2682 46 42 in
1632 2697 120 29 some

90 2747 207 52 districts,
321 2748 166 57 though
520 2749 105 56 they
649 2748 111 44 have
793 2749 178 44 become
1004 2750 195 45 obsolete
1232 2753 47 42 in
1313 2753 148 44 others
1481 2769 9 40 ;
1522 2755 89 43 and
1640 2770 112 29 even

90 2820 76 43 the
189 2820 335 56 pronunciation
546 2821 47 42 of
612 2821 166 43 certain
799 2821 154 45 letters
977 2837 101 43 may
1101 2824 54 44 be
1187 2825 110 43 such
1329 2840 48 30 as
1409 2830 46 40 to
1488 2827 55 43 be
1576 2827 176 45 charac-

91 2890 169 43 teristic
282 2891 44 42 of
348 2890 75 44 the
446 2891 295 55 district,—as
764 2893 38 43 is
825 2893 75 44 the
929 2909 78 29 use
1042 2896 44 42 of
1119 2897 75 43 the
1228 2898 183 43 burring
1443 2899 41 42 E
1514 2899 48 43 in
1585 2900 169 43 North-

91 2961 272 54 umberland,
395 2963 86 43 and
517 2964 74 43 the
628 2966 292 43 substitution
959 2968 45 42 of
1038 2968 33 42 Z
1110 2969 66 43 for
1215 2970 28 42 S
1281 2970 45 42 in
1364 2970 232 45 Somerset.
1661 2973 92 43 The

92 3033 208 42 different
321 3032 181 45 dialects
525 3036 193 57 struggle
742 3037 107 43 with
873 3037 106 44 each
1003 3039 127 44 other
1161 3040 66 43 for
1259 3041 353 56 predominance,
1635 3044 118 42 until

92 3113 47 34 at
161 3103 86 44 last
268 3103 75 44 the
366 3111 169 38 contest
556 3107 37 43 is
616 3108 182 44 decided
831 3109 57 57 by
912 3124 80 30 one
1027 3111 163 44 dialect
1216 3113 232 43 becoming
1470 3113 76 43 the
1569 3114 184 57 literary

93 3175 163 44 dialect
278 3176 44 43 of
345 3177 73 42 the
442 3184 197 52 country,
657 3180 86 43 and
766 3180 75 44 the
859 3183 167 56 spoken
1046 3183 162 44 dialect
1226 3185 44 42 of
1287 3185 56 43 all
1365 3184 214 44 educated
1597 3185 156 57 people
