1949 3178
459 279 90 40 130

889 286 387 40 CERCOPITHECUS,
1302 272 78 46 &C.

455 416 190 47 division
673 417 51 46 of
748 417 78 45 the
860 423 101 39 true
998 416 230 54 Guenons,
1262 414 264 64 comprising
1553 422 78 41 the
1658 434 163 46 genera

460 494 331 60 Cercopithecus
805 494 90 46 and
923 494 263 46 Cercocebus
1210 492 49 46 of
1273 492 228 62 Geoffroy.
1570 495 96 46 The
1689 511 131 32 man-

453 587 100 29 ners
584 587 74 30 are
686 588 111 45 very
828 587 158 45 nearly
1019 570 199 54 similar;
1255 571 83 44 but
1372 577 79 38 the
1483 572 264 59 graduation
1777 573 51 46 of

453 648 79 45 the
553 648 131 47 facial
707 649 143 61 angle,
883 649 79 45 the
991 648 121 45 large
1143 648 371 60 cheek-pouches,
1540 649 89 44 and
1652 656 169 40 shorter

453 725 83 45 tail
552 724 51 46 of
616 726 78 45 the
710 726 150 54 latter,
881 741 120 30 seem
1018 731 47 39 to
1083 724 102 46 lead
1201 725 239 60 gradually
1456 730 46 41 to
1518 725 77 45 the
1612 727 206 45 baboons.

455 803 96 44 The
575 818 170 45 system
769 803 50 45 of
834 802 221 46 dentition
1078 817 92 29 also
1194 801 126 45 allies
1342 801 127 45 them
1493 803 61 59 by
1572 802 78 46 the
1667 804 152 60 length

453 878 51 46 of
515 885 79 39 the
616 879 157 46 canine
795 885 154 47 teeth;
976 878 89 46 and
1086 884 78 39 the
1188 878 207 46 annexed
1413 885 75 39 cut
1506 895 109 45 may
1629 881 54 44 be
1701 896 119 30 com-

451 955 138 61 pared
607 955 114 46 with
739 956 127 45 those
884 955 277 61 illustrating
1177 960 78 40 the
1271 956 237 61 preceding
1522 971 141 46 genus
1683 957 134 45 Sem^

452 1039 275 38 nopithecus.

520 2268 90 48 We
634 2282 114 30 shall
776 2265 95 46 first
902 2264 144 46 notice
1075 2261 469 49 Cercopithecus.—In
1574 2258 110 46 form
1712 2258 37 48 it
1780 2257 37 49 is

462 2360 105 46 very
586 2343 164 61 closely
769 2342 134 46 allied
926 2347 46 40 to
995 2341 76 45 the
1093 2341 121 52 last;
1238 2340 83 44 but
1345 2337 148 46 differs
1516 2335 111 47 from
1650 2334 108 46 both
1781 2334 37 47 it

459 2422 89 46 and
562 2421 77 45 the
662 2419 223 61 following
907 2420 61 60 by
992 2418 78 45 the
1091 2418 119 44 large
1233 2414 129 46 facial
1385 2414 128 45 angle
1536 2411 50 47 of
1598 2412 113 45 from
1735 2415 82 42 50®

460 2506 45 40 to
536 2503 98 49 55°,
663 2496 200 48 rounded
894 2495 153 54 heads,
1079 2494 81 46 flat
1189 2507 142 39 noses,
1366 2490 89 47 and
1483 2489 103 61 long
1606 2487 212 62 posterior

460 2574 291 48 extremities.
825 2574 97 46 The
951 2586 209 32 manners
1189 2585 73 32 are
1284 2568 92 47 also
1400 2565 199 55 similar;
1634 2566 84 45 but
1739 2564 78 46 the
