1933 3302
721 80 197 31 Mortalität.
965 81 279 31 Folgezustände.

173 79 51 37 62

856 217 258 40 Mortalität.

306 322 74 38 Die
410 322 275 52 Betrachtung
724 325 68 37 der
821 325 415 39 Mortalitätsstatistik
1276 329 153 49 ergiebt
1465 329 98 38 nach
1594 331 85 38 Zeit
1708 335 78 37 und

173 376 249 40 Umständen
471 391 136 37 grosse
655 378 402 39 Verschiedenheiten
1115 381 79 37 und
1243 380 347 53 Schwankungen,
1641 387 145 37 welche

174 430 123 39 durch
334 423 185 57 specielle
559 431 272 39 Verhältnisse
868 432 104 38 wohl
1009 433 84 37 ihre
1129 433 226 53 Erklärung
1392 436 142 38 finden.
1595 438 80 38 Aus
1713 440 72 38 den

173 485 203 38 schweren
420 486 237 50 Epidemien
697 487 53 37 im
781 486 184 51 Anfange
1011 487 66 38 des
1108 487 288 41 Jahrhunderts
1436 490 101 38 habe
1574 491 63 38 ich
1674 494 111 37 stati-

172 539 144 38 stische
347 540 197 50 Angaben
573 540 110 38 nicht
712 540 200 38 auffinden
950 541 169 38 können.
1181 543 102 38 1850
1318 543 110 39 hatte
1466 558 33 24 v.
1531 544 141 40 Pitha
1703 548 84 38 eine

172 593 224 38 Mortalität
436 608 76 24 von
554 595 50 37 28
624 594 40 50 >
716 594 66 50 (82
814 594 130 46 Fälle,
988 596 50 36 23
1079 595 163 50 Todte),
1284 598 208 37 1850—51
1535 598 108 39 hatte
1681 600 105 38 Prof.

174 647 126 38 Groh
333 648 85 38 eine
449 647 284 39 Sterblichkeit
762 662 76 24 von
872 649 89 46 11,8
978 648 41 51 "/q
1056 649 39 49 (7
1120 649 124 39 Todte
1266 651 70 37 auf
1354 652 48 38 57
1425 652 254 50 Erkrankte).
1729 653 57 39 Im

173 702 255 51 Krimkriege
460 703 229 37 schwankte
719 703 40 37 in
795 703 74 37 den
905 702 246 39 Lazarethen
1190 717 74 25 von
1301 704 335 52 Constantinopel,
1672 707 114 46 Pera,

172 756 256 50 Montpellier
459 757 61 38 die
541 756 222 38 Mortalität
792 769 77 25 von
888 757 161 37 40—60
1066 757 58 49 "/o.
1164 757 83 39 Aus
1278 759 74 37 den
1371 760 267 39 italienischen
1661 761 126 39 Laza-

171 811 140 38 rethen
341 811 55 37 im
424 811 538 38 italienisch-französischen
990 811 147 38 Kriege
1161 812 103 37 1863
1293 813 130 38 macht
1452 814 189 39 Demme
1670 817 117 37 theils

170 865 103 38 nach
303 865 167 50 eigenen
499 865 357 50 Beobachtungen,
887 865 116 37 theils
1033 866 101 37 nach
1170 866 305 52 Mittheilungen
1514 882 69 24 aus
1618 870 170 37 anderen

171 919 273 38 italienischen
475 918 165 39 Städten
670 919 240 38 statistische
932 919 207 50 Angaben.
1197 920 73 38 Die
1300 920 219 39 Mortalität
1548 922 128 38 stellte
1706 923 82 38 sich

172 974 54 37 im
255 973 284 38 Durchschnitt
569 974 69 37 auf
664 975 49 36 25
734 973 40 50 >
812 973 68 49 (50
912 973 126 39 Todte
1069 974 70 37 auf
1170 975 78 37 200
1283 975 256 50 Erkrankte).
1598 975 45 39 In
1682 977 106 38 einer

172 1028 249 38 Abtheilung
451 1029 68 37 des
552 1027 93 39 Osp.
679 1027 78 39 San
786 1027 218 39 Francesco
1034 1028 39 37 in
1103 1028 190 38 Mailand,
1331 1029 38 37 in
1407 1029 165 39 welches
1601 1031 187 50 übrigens

172 1082 468 38 Hospitalbrandkranke
686 1096 69 24 aus
797 1095 170 25 anderen
1007 1081 203 39 Stationen
1248 1083 154 50 verlegt
1439 1085 176 37 wurden,
1655 1085 132 37 wurde

173 1137 68 38 das
262 1136 429 39 Maximalverhältniss
722 1150 75 24 von
828 1136 107 43 80^/0
962 1137 245 38 beobachtet.
1256 1135 46 39 In
1331 1136 224 39 Fischer's
1585 1138 203 38 Epidemie

173 1205 81 24 war
285 1191 61 38 die
377 1190 283 39 Sterblichkeit
694 1192 88 45 17,8
801 1190 40 50 ",0
878 1189 69 52 (10
979 1204 76 25 von
1086 1191 78 37 56).
1223 1189 45 39 In
1298 1191 68 37 der
1396 1194 130 35 ersten
1557 1205 73 24 von
1661 1192 127 38 Zeiss

172 1246 289 38 beobachteten
476 1245 206 38 Epidemie
703 1246 211 37 1864—65
936 1259 81 23 war
1038 1245 67 38 das
1126 1245 476 39 Mortalitätsverhältniss
1623 1247 87 45 38,1
1730 1245 58 34 "/o,

172 1301 41 37 in
257 1301 68 37 der
369 1300 167 38 zweiten
570 1300 102 37 1866
688 1323 39 3 —
741 1300 49 37 67
830 1299 286 38 beobachteten
1158 1300 89 45 19,3
1264 1298 58 49 *^/o.
1393 1298 46 39 In
1479 1300 72 37 den
1589 1299 201 39 schweren

172 1355 237 38 Epidemien
449 1355 40 37 in
531 1354 246 38 Heidelberg
821 1354 79 38 und
938 1353 243 51 Umgebung
1220 1354 102 37 1865
1334 1375 50 4 —
1393 1354 50 37 68
1489 1354 157 37 starben
1691 1354 100 38 nach

173 1409 187 39 Heine's
391 1409 168 51 Angabe
590 1409 108 49 25^/0
736 1409 68 45 (20
838 1422 73 25 von
942 1408 81 38 80).
1073 1407 45 38 In
1140 1409 74 37 den
1235 1407 178 38 Berliner
1435 1407 203 39 Baracken
1660 1421 131 25 waren

172 1464 103 38 nach
306 1463 256 39 Heiberg's
592 1463 78 38 und
707 1462 243 38 Klinger's
981 1462 167 38 Angabe
1185 1463 61 37 die
1278 1460 280 39 Sterblichkeit
1593 1475 73 24 nur
1704 1464 23 35 6
1744 1462 40 37 "/o

173 1518 41 50 (7
247 1532 76 25 von
355 1516 108 50 116).

306 1573 73 37 Die
412 1571 223 39 Todesfälle
667 1571 127 38 dieser
825 1570 235 39 Statistiken
1086 1569 138 39 stehen
1252 1584 79 23 nun
1356 1583 93 24 aber
1471 1569 192 39 durchaus
1682 1583 108 24 nicht

173 1627 226 39 sämmtlich
427 1627 72 37 mit
530 1627 89 37 dem
639 1625 312 39 Hospitalbrand
980 1639 57 24 als
1067 1623 170 39 solchem
1267 1624 40 37 in
1329 1624 186 37 directem
1535 1623 253 39 Zusammen-

172 1682 119 38 hang.
351 1682 81 37 Der
464 1680 85 38 Tod
579 1681 122 37 durch
733 1681 74 37 den
838 1679 308 38 Hospitalbrand
1178 1678 56 38 als
1264 1677 151 38 solcher
1446 1678 165 50 erfolgte
1641 1692 74 23 nur
1750 1678 40 37 in

174 1737 199 42 seltenen,
419 1749 101 37 ganz
551 1735 202 38 schweren
783 1734 137 38 Fällen
950 1748 48 23 an
1029 1734 75 37 den
1141 1731 219 51 septischen
1391 1731 398 39 Allgemeinerschei-

174 1804 161 25 nungen
356 1793 127 35 selten
504 1789 100 38 auch
634 1803 50 24 an
713 1789 196 50 Blutung,
941 1788 63 38 für
1034 1786 245 52 gewöhnlich
1309 1800 48 24 an
1387 1785 275 50 Erschöpfung
1691 1786 99 37 nach

172 1846 188 38 längerer
390 1844 88 39 Zeit
507 1844 79 37 und
617 1846 181 35 weiterer
828 1842 273 38 Ausbreitung
1122 1842 68 36 der
1210 1839 233 39 Krankheit.
1502 1839 90 39 Viel
1610 1840 179 50 häufiger

173 1901 96 37 aber
313 1899 51 38 ist
405 1899 68 37 das
517 1898 264 38 Hinzutreten
826 1910 167 25 anderer
1047 1894 624 39 Wundinfectionskrankheiten,
1716 1894 73 37 wie

174 1955 208 49 Eiterung,
405 1953 177 50 Pyämie,
605 1952 143 50 Sepsis,
771 1951 186 50 Erysipel
977 1953 71 35 etc.
1068 1950 60 37 die
1151 1948 294 39 Todesursache
1466 1961 192 37 gewesen.
1690 1947 98 38 Eine

174 2023 136 36 grosse
341 2007 156 39 Anzahl
527 2021 76 24 von
633 1994 253 50 Todesfällen
916 2005 92 37 kam
1029 2004 70 38 auf
1115 2003 217 38 Rechnung
1353 2015 74 24 von
1448 2001 110 38 mehr
1578 2006 210 45 zufälligen

174 2063 351 51 Complicationen,
563 2075 76 24 von
676 2061 125 38 denen
837 2058 285 46 Tuberculose,
1156 2057 254 46 Pneumonie,
1443 2055 162 51 Typhus
1636 2055 151 38 abdom.

173 2119 80 38 und
282 2116 250 52 petechialis,
563 2115 185 47 Cholera,
779 2114 128 38 Ruhr,
939 2111 236 40 Herzfehler
1205 2113 72 36 etc.
1309 2113 71 35 etc.
1412 2112 174 48 genannt
1619 2110 168 36 werden.

305 2171 190 40 Einzelne
524 2169 180 39 Autoren
733 2169 130 51 geben
900 2180 173 38 genauer
1112 2180 66 24 an,
1219 2178 72 24 wie
1327 2164 82 38 sich
1444 2163 83 39 ihre
1565 2163 223 39 Todesfälle

174 2228 252 38 vertheilten.
488 2225 130 39 Groh
648 2224 130 40 verlor
810 2237 75 24 von
915 2222 50 38 59
996 2221 191 38 Kranken
1218 2220 35 46 7,
1284 2219 78 37 und
1392 2232 102 24 zwar
1524 2218 25 38 4
1578 2231 49 25 an
1657 2216 131 50 Sepsis

174 2283 81 38 und
283 2281 165 39 Pyämie
479 2280 79 38 und
589 2280 23 37 3
634 2293 50 24 an
705 2278 215 50 zufälligen
942 2275 345 40 Complicationen.
1337 2272 198 38 Fischer
1566 2271 127 39 verlor
1715 2284 74 24 von

175 2337 51 39 56
257 2336 192 38 Kranken
472 2335 61 37 10,
565 2334 80 38 und
676 2347 104 24 zwar
810 2333 22 37 5
864 2346 49 24 an
942 2329 291 50 Erschöpfung,
1265 2329 22 36 3
1318 2341 49 23 an
1389 2326 160 51 Pyämie
1580 2325 76 38 und
1687 2326 22 36 2
1740 2339 49 23 an

174 2395 216 47 zufälligen
411 2389 346 39 Complicationen.
808 2386 151 38 Heine
990 2384 129 39 verlor
1142 2396 74 25 von
1238 2383 49 37 80
1309 2381 84 39 Pat.
1429 2382 60 45 15,
1520 2380 76 38 und
1632 2392 102 24 zwar
1764 2379 23 37 5

174 2461 50 24 an
261 2445 153 50 Sepsis,
455 2444 22 37 4
513 2457 47 24 an
598 2441 336 51 Septicopyämie,
974 2440 24 37 3
1034 2452 49 24 an
1119 2436 163 40 Pyämie
1316 2435 79 38 und
1432 2435 23 37 3
1491 2448 48 24 an
1577 2437 211 46 zufälhgen

174 2499 350 51 Complicationen.

307 2553 219 39 Heiberg
556 2551 77 39 und
664 2550 201 37 Klinger
895 2547 181 39 verloren
1107 2560 75 24 von
1206 2545 75 37 116
1302 2543 187 39 Kranken
1514 2542 34 46 7,
1579 2541 77 38 und
1686 2552 102 26 zwar

176 2613 22 36 5
230 2625 49 24 an
310 2607 178 53 Pyämie,
520 2607 23 37 2
574 2619 50 25 an
654 2603 252 39 Verblutung
935 2604 72 36 mit
1036 2601 175 50 Pyämie.

479 2741 349 45 Folgezustände
859 2740 88 39 und
977 2738 218 41 dauernde
1223 2733 268 42 Nachtheile.

308 2847 57 38 Ist
409 2847 68 37 der
517 2840 309 42 Hospitalbrand
871 2838 141 38 einmal
1057 2833 264 42 überwunden
1361 2845 41 25 so
1438 2831 123 50 pflegt
1596 2842 40 25 er
1671 2827 114 38 keine

176 2901 230 51 speciellen,
442 2899 81 38 ihm
563 2892 357 56 eigenthümlichen
958 2891 253 39 Grundlagen
1251 2901 46 23 zu
1330 2885 195 39 fernerem
1560 2881 225 41 Siechthum
