1933 3302
1613 134 50 37 47

573 140 158 30 Recidive
758 140 87 29 beim
870 137 278 40 Hospitalbrand.

64 253 143 38 welche
236 263 82 25 sicli
346 247 253 52 regelmässig
619 246 101 38 beim
740 244 183 39 Wechsel
944 244 64 37 des
1027 243 224 38 Verbandes
1273 241 270 44 wiederholen,
1575 253 87 24 ver-

67 308 147 36 setzten
245 303 60 38 die
325 302 183 38 Kranken
530 300 38 37 in
590 300 110 38 einen
722 299 126 38 hohen
870 297 100 39 Grad
992 309 182 25 nervöser
1194 295 313 52 Aufgeregtheit.
1557 293 108 38 Dazu

68 360 90 37 kam
189 358 66 37 das
281 356 148 44 Fieber,
461 353 204 49 Kopfweh,
698 353 60 37 die
787 351 243 51 gastrischen
1060 349 237 50 Symptome,
1331 350 60 38 die
1421 347 244 40 cousecutive

67 412 180 39 Anämie,
281 411 66 37 der
377 407 217 39 Schrecken
624 407 77 37 und
731 406 99 38 Ekel
861 418 67 24 vor
957 404 67 38 der
1051 403 234 44 Krankheit;
1326 403 79 38 dies
1435 402 109 39 Alles
1573 404 92 46 trug

68 467 95 38 dazu
193 464 74 39 bei,
298 464 73 37 den
391 461 183 38 Kranken
605 460 95 37 aller
728 459 190 51 geistigen
939 457 169 39 Energie
1137 470 46 25 zu
1212 456 207 38 berauben.
1467 454 198 52 Jegliches

66 520 239 47 Vermögen,
336 515 178 38 Schmerz
543 527 45 23 zu
618 516 197 46 ertragen,
847 512 96 50 ging
972 511 187 38 verloren,
1218 523 34 25 v.
1283 509 146 38 Pitha
1458 510 109 50 giebt
1596 522 66 23 an:

73 573 93 46 „Die
203 571 100 38 hohe
342 582 158 25 nervöse
530 566 246 38 Reizbarkeit
814 566 196 37 ülierstieg
1047 567 57 35 oft
1139 564 72 37 alle
1241 563 317 51 Vorstellungen;
1604 562 60 37 die

69 638 197 38 geringste
302 622 327 47 Erschütterung,
670 619 226 51 Bewegung
934 619 91 37 oder
1054 617 234 39 Berührung
1326 617 66 37 des
1430 616 235 38 erkrankten

68 679 169 44 Theiles,
273 678 42 48 ja
353 674 183 39 zuweilen
571 673 60 38 die
665 673 128 37 blosse
823 672 88 38 Idee
941 673 66 37 der
1035 671 233 50 Berührung
1303 671 91 37 oder
1429 671 65 37 des
1523 671 139 37 bevor-

68 744 207 26 stehenden
296 728 224 38 Verbandes
551 729 149 35 erregte
721 726 117 38 schon
856 726 60 38 ein
930 726 322 38 convulsivisches
1269 724 148 37 Zittern
1434 724 65 37 des
1515 736 148 38 ganzen

67 786 184 47 Körpers,
282 781 326 51 Angstschweiss,
654 780 263 38 Herzklopfen
958 782 70 35 etc.
1090 778 116 38 Diese
1246 777 247 38 Reizbarkeit
1531 789 131 25 wurde

67 840 135 36 immer
236 841 130 45 ärger,
397 836 40 48 je
472 834 136 50 länger
644 834 59 37 die
733 834 191 37 Affection
962 833 169 37 dauerte.
1190 831 133 39 Gegen
1353 831 131 37 diesen
1513 830 150 38 localen

67 892 76 37 und
165 889 255 39 allgemeinen
439 888 244 37 Erethismus
700 887 243 38 contrastirte
965 886 59 38 die
1044 886 92 37 tiefe
1157 885 234 50 Depression
1413 885 65 37 des
1500 883 162 39 Geistes.

69 944 195 50 Operirte,
304 942 144 37 welche
485 955 68 24 vor
593 941 83 37 dem
711 940 205 38 Ausbruch
963 940 65 38 des
1065 939 346 38 Hospitalbrandes
1455 938 95 37 über
1591 937 72 37 den

67 1001 183 34 weiteren
288 995 190 51 Ausgang
519 995 104 37 einer
662 994 195 50 glücklich
894 996 309 35 überstandenen
1240 991 208 51 Operation
1493 991 88 38 sehr
1622 991 40 37 in

67 1051 211 50 Spannung
288 1063 139 23 waren,
440 1049 243 37 kümmerten
695 1047 91 38 sich,
805 1047 186 37 nachdem
1004 1047 53 37 sie
1068 1047 287 49 hospitalbrand
1361 1046 40 50 ig
1413 1045 248 45 erkrankten,

68 1104 107 39 nicht
203 1104 127 37 ferner
359 1116 64 23 um
452 1102 61 37 ihr
533 1101 216 38 Schicksal;
780 1102 66 36 der
867 1100 178 38 Schmerz
1067 1100 114 37 allein
1203 1099 213 38 absorbirte
1437 1099 83 37 ihre
1541 1111 120 38 ganze

67 1156 368 40 Aufmerksamkeit.
486 1155 194 37 Soldaten,
711 1154 144 38 welche
886 1154 166 45 vordem,
1086 1154 98 38 ohne
1215 1154 109 37 einen
1345 1153 102 37 Laut
1475 1166 75 24 von
1580 1151 81 38 sich

67 1226 45 23 zu
141 1224 141 37 geben,
322 1210 59 37 die
410 1208 254 50 Amputation
693 1220 179 37 ertragen
900 1207 150 38 hatten,
1087 1210 238 35 wimmerten
1361 1207 170 37 nachher
1559 1206 102 37 beim

67 1265 193 37 Waschen
291 1264 66 37 der
385 1262 383 50 hospitalbrandigen
797 1261 193 46 Wunden,
1029 1261 265 38 schauderten,
1324 1274 111 24 wenn
1465 1260 56 38 sie
1551 1273 109 24 einen

69 1319 149 37 Todten
248 1317 118 38 sahen
395 1317 91 37 oder
505 1329 73 24 von
600 1328 124 24 einem
744 1314 196 38 Todesfall
958 1315 150 37 hörten,
1133 1337 47 4 —
1209 1328 54 24 sie
1284 1314 118 38 sahen
1422 1314 83 38 ihre
1527 1326 134 38 eigene

69 1372 227 38 Auflösung
324 1383 68 25 vor
421 1369 155 50 Augen,
613 1369 54 37 sie
696 1369 180 37 verfielen
905 1368 121 38 völlig
1061 1369 67 36 der
1156 1368 325 38 Verzweiflung."
1543 1367 118 37 Diese

71 1425 224 50 Symptome
315 1437 75 24 von
410 1423 234 38 Depression
671 1423 79 36 und
778 1421 248 50 psychischer
1051 1422 243 37 Erlahmung
1323 1422 85 37 sind
1427 1422 40 36 in
1488 1424 174 46 späterer

70 1478 99 38 Zeit,
214 1478 62 37 bei
318 1476 359 50 zweckmässigerer
713 1475 259 37 Behandlung
1010 1476 78 36 und
1128 1475 224 37 leichterem
1388 1474 166 38 Verlauf
1594 1475 67 36 der

68 1531 226 38 Krankheit,
326 1544 71 23 nur
425 1530 39 37 in
493 1529 180 37 milderer
697 1528 115 38 Form
840 1529 78 37 und
946 1528 318 38 vorübergehend
1294 1542 66 24 zur
1379 1528 283 49 Beobachtung

67 1597 241 38 gekommen.
365 1583 207 49 Heiberg
600 1582 189 37 berichtet
818 1582 183 38 darüber:

201 1637 93 45 „Die
314 1636 163 50 geistige
496 1636 302 49 Verstimmung,
830 1649 74 23 von
925 1636 67 36 der
1012 1635 74 37 alle
1106 1635 202 38 Verfasser
1329 1635 199 50 sprechen,
1558 1635 101 37 habe

68 1691 61 37 ich
156 1689 164 39 vielfach
344 1689 252 50 Gelegenheit
614 1689 146 50 gehabt
788 1702 46 24 zu
864 1689 242 37 constatiren.
1156 1689 89 37 Wie
1266 1689 108 37 Viele
1393 1690 142 36 kamen
1553 1702 108 24 nicht

67 1744 173 37 weinend
259 1743 39 37 in
320 1743 59 37 die
399 1743 186 37 Baracke,
610 1742 72 38 wie
697 1742 109 38 Viele
825 1742 72 37 mit
917 1743 251 37 ernsthaften,
1199 1743 207 37 betrübten
1434 1742 222 38 Gesichtern

68 1798 78 37 und
174 1797 99 38 noch
301 1796 154 38 Andere
485 1796 105 38 steif,
634 1795 79 38 fast
741 1795 266 47 reactionslos,
1047 1796 71 37 wie
1152 1810 86 23 zum
1269 1796 105 38 Tode
1408 1796 251 38 verurtheilte

69 1850 253 38 Verbrecher;
354 1850 90 37 aber
473 1851 117 36 daran
617 1863 128 23 waren
775 1849 59 38 die
854 1849 140 38 Aerzte
1022 1850 79 37 und
1131 1850 59 37 die
1218 1850 265 37 betreffenden
1512 1850 149 37 Damen

71 1918 84 23 zum
185 1904 111 37 Theil
325 1903 153 38 Schuld.
535 1903 101 37 Kein
665 1902 95 38 Arzt
787 1903 78 37 und
894 1903 112 37 keine
1035 1903 123 38 Dame
1188 1904 130 37 schied
1347 1917 96 36 gern
1473 1917 71 24 von
1577 1904 85 37 dem

70 1957 331 50 liebgewordenen
430 1955 192 39 Soldaten.
678 1956 129 38 Wenn
835 1970 80 24 nun
945 1957 66 37 der
1039 1957 132 37 Brand
1209 1957 268 38 diagnosticirt
1505 1970 157 25 worden

70 2024 79 23 war
182 2011 76 36 und
297 2010 59 37 die
386 2010 121 37 Leute
541 2009 99 38 nach
677 2010 65 37 der
771 2010 298 38 Brandbaracke
1106 2011 150 37 dirigirt
1286 2012 151 36 werden
1476 2024 183 32 mussten,

71 2066 185 35 trösteten
285 2064 54 37 sie
369 2064 59 37 die
447 2063 203 38 Patienten
681 2077 40 23 so
743 2063 114 38 eifrig
884 2065 79 36 und
982 2065 257 48 versprachen
1257 2065 117 37 ihnen
1395 2079 41 23 so
1457 2065 86 45 viel,
1575 2065 87 37 dass

73 2117 101 36 diese
210 2117 50 36 im
299 2117 187 37 höchsten
522 2116 124 38 Grade
685 2117 192 49 ängstlich
911 2119 158 36 wurden
1105 2118 79 37 und
1221 2118 81 38 sich
1331 2117 72 38 wie
1441 2131 85 24 zum
1556 2118 105 37 Tode

73 2169 226 37 verurtheilt
326 2170 163 37 fühlten.
545 2170 201 37 Nachdem
775 2171 92 37 aber
896 2171 59 37 die
985 2170 203 38 Patienten
1223 2171 80 37 sich
1333 2185 48 23 an
1412 2171 60 37 die
1501 2171 158 37 freund-

74 2222 99 37 liche
192 2221 173 39 Baracke
394 2224 78 36 und
492 2223 59 37 die
571 2236 123 24 neuen
714 2223 355 38 Bekanntschaften
1092 2224 182 50 gewöhnt
1292 2225 147 37 hatten,
1468 2225 193 37 befanden

74 2288 54 24 sie
158 2275 81 37 sich
267 2275 71 37 wie
369 2277 137 36 andere
535 2276 274 38 Verwundete,
840 2277 184 37 rauchten
1055 2278 81 36 ihre
1169 2277 173 50 Cigarre,
1377 2278 107 38 lasen
1513 2278 146 38 täglich

73 2328 84 37 ihre
186 2328 214 50 Zeitungen
429 2329 76 37 und
534 2331 185 35 warteten
749 2329 184 51 geduldig
960 2330 83 38 ihre
1073 2330 172 51 Heilung
1274 2332 84 37 ab."

364 2490 54 38 H.
455 2489 386 48 Recidivfähigkeit
870 2490 71 39 des
970 2491 392 39 Hospitalbrandes.

206 2596 79 37 Von
323 2596 264 38 sämmtlichen
616 2596 171 38 Autoren
826 2598 94 36 wird
956 2599 103 37 beim
1094 2599 303 38 Hospitalbrand
1437 2599 59 37 die
1526 2612 134 37 grosse

71 2649 183 50 Neigung
287 2663 44 24 zu
368 2649 204 38 Recidiven
609 2650 332 49 hervorgehoben,
979 2652 144 38 welche
1159 2652 235 38 namentlich
1432 2653 98 36 dann
1569 2666 89 24 vor-

72 2702 150 45 kamen,
253 2715 109 24 wenn
393 2702 59 38 die
479 2703 182 37 Kranken
691 2716 233 36 gezwungen
953 2718 144 25 waren,
1137 2706 39 37 in
1214 2706 220 38 demselben
1470 2705 189 39 Lazareth

73 2769 44 23 zu
152 2755 238 44 verbleiben;
430 2769 38 24 es
506 2755 148 38 scheint
683 2756 99 38 also,
824 2757 84 37 dass
946 2758 65 37 das
1050 2759 202 38 einmalige
1290 2758 265 39 Ueberstehen
1593 2760 65 37 des

73 2808 343 49 Hospitalbrandes
446 2809 186 37 durchaus
669 2809 112 37 keine
815 2809 224 40 Immunität
1073 2812 62 37 für
1172 2811 246 39 wiederholte
1455 2812 201 47 Infection,

75 2861 95 37 auch
198 2861 107 38 nicht
332 2861 63 37 für
424 2861 58 38 die
511 2862 175 38 kürzeste
715 2862 94 45 Zeit,
840 2863 246 40 hinterlasse;
1116 2866 51 37 im
1203 2865 228 38 Gegentheil
1460 2865 94 37 wird
1584 2879 74 25 von

74 2914 185 38 manchen
283 2914 170 38 Autoren
482 2915 221 50 behauptet,
735 2916 85 37 dass
851 2917 65 38 das
946 2918 80 38 ein-
1048 2919 90 38 oder
1158 2918 250 50 mehrmalige
1428 2918 230 40 Erkranken
