2113 3404
759 295 86 32 THE
877 298 243 34 DISOUDEKS
1152 301 53 32 OF
1237 303 466 36 SPEECH.—APPENDIX.

421 276 86 42 460

420 403 484 56 particulars,—premising
929 413 140 48 merely
1093 414 92 47 that,
1203 415 94 38 after
1320 416 47 37 ho
1394 418 66 36 left
1484 419 63 37 the
1574 420 207 48 Infirmary,
1805 421 46 36 he
1881 435 72 23 was
1982 423 56 35 for

420 469 105 35 years
543 472 85 25 seen
647 468 37 31 at
702 465 40 43 it,
762 466 94 37 from
875 470 89 36 time
982 475 38 32 to
1037 471 101 37 time,
1157 485 39 23 as
1213 486 46 23 an
1287 475 233 47 out-patient,
1539 477 72 35 and
1633 477 91 44 that,
1743 478 139 46 finally,
1900 478 47 36 he
1964 491 72 24 was

418 515 238 39 re-admitted
671 532 38 24 as
723 534 46 23 an
784 522 202 49 in-patient
1000 538 100 26 some
1116 529 151 35 months
1284 530 123 36 before
1425 531 58 35 his
1500 532 120 36 death.
1675 534 16 34 I
1711 533 94 35 shall
1825 535 76 35 first
1918 535 81 46 give
2016 547 20 23 a

420 569 73 38 few
511 579 156 31 extracts
686 576 93 38 from
799 579 62 37 the
880 586 104 32 notes
1002 583 113 37 taken
1131 584 112 37 while
1260 585 48 37 he
1325 598 73 24 was
1413 599 47 24 an
1475 590 235 46 out-patient,
1723 590 72 35 and
1813 590 84 35 then
1912 604 21 22 a
1946 591 97 35 brief

421 636 157 30 account
612 633 39 35 of
681 634 59 36 his
771 637 188 37 condition
989 639 110 36 when
1128 640 47 36 he
1205 653 85 33 was,
1320 642 57 36 for
1406 643 62 35 the
1499 644 132 36 second
1660 645 74 35 and
1762 646 71 35 last
1861 647 101 35 time,
1991 659 48 23 an

421 684 212 37 in-patient.

471 742 133 38 Under
620 745 64 37 the
702 747 83 36 date
805 749 158 37 October
981 751 100 45 26th,
1102 753 103 35 1885,
1225 753 31 35 it
1272 755 31 34 is
1320 755 110 35 noted
1451 755 81 36 that
1550 756 39 35 of
1610 755 74 37 late
1704 757 46 35 he
1768 757 64 36 has
1855 758 120 47 begun
2001 762 38 31 to

421 800 215 45 experience
653 814 21 23 a
691 804 92 46 good
803 805 82 35 deal
904 806 40 35 of
958 807 191 36 confusion
1169 809 39 35 of
1222 810 106 35 mind
1353 822 108 35 every
1479 813 171 45 morning
1675 825 48 23 on
1747 814 170 46 awaking
1933 827 9 29 ;
1966 814 74 35 and

421 854 76 35 also
517 855 81 36 that
616 857 58 36 his
692 860 98 46 sight
808 861 31 35 is
857 861 193 49 becoming
1070 864 189 36 impaired.

472 910 47 35 In
553 912 110 47 June,
701 917 103 49 1886,
839 917 31 35 it
904 918 30 35 is
969 919 112 35 noted
1115 920 81 35 that
1229 921 63 35 the
1323 921 182 47 difficulty
1539 923 39 35 of
1608 924 163 48 walking
1803 924 64 36 has
1899 925 140 47 greatly

421 965 200 39 increased.
675 971 48 35 So
743 973 153 34 marked
922 987 73 23 was
1021 987 84 23 now
1132 976 63 35 the
1220 977 308 46 incoordination,
1547 979 82 35 that
1654 980 45 35 he
1726 980 108 36 could
1859 986 65 30 not
1949 993 90 24 even

422 1023 109 35 stand
558 1025 158 37 without
741 1027 98 48 help.
893 1030 59 35 He
977 1043 95 32 now,
1091 1031 86 46 also,
1204 1044 73 24 was
1301 1033 172 36 troubled
1499 1033 90 38 with
1615 1036 147 47 ringing
1791 1037 40 35 in
1860 1037 62 35 the
1953 1050 87 32 ears,

422 1080 204 37 occasional
644 1083 212 43 headaches,
876 1087 203 35 occasional
1095 1087 217 48 shiverings,
1329 1089 73 35 and
1420 1090 146 36 various
1587 1091 250 37 disturbances
1862 1093 39 35 of
1923 1106 117 23 sensa-

420 1135 91 46 tion,
531 1137 92 36 such
641 1151 38 23 as
697 1140 176 37 itchiness
892 1142 39 35 of
953 1143 63 35 the
1042 1156 98 33 nose,
1160 1148 66 32 etc.
1278 1145 60 35 He
1364 1145 73 36 had
1462 1147 165 47 recently
1651 1147 92 37 been
1767 1148 119 48 living
1911 1149 40 37 in
1979 1150 62 36 the

421 1193 219 36 workhouse
659 1195 56 35 for
733 1208 99 25 some
850 1199 134 36 weeks.

470 1249 101 48 July,
603 1253 266 36 1886.—From
896 1255 75 35 this
996 1255 96 45 date,
1119 1256 63 35 the
1208 1257 142 46 patient
1374 1258 107 36 made
1507 1271 20 23 a
1551 1259 119 48 living
1695 1259 51 47 by
1771 1260 132 48 selling
1930 1261 112 46 cheap

419 1304 116 37 books
561 1307 40 35 in
627 1308 64 36 the
717 1313 128 33 streets
862 1323 8 30 ;
897 1323 100 24 some
1025 1312 201 36 charitable
1251 1325 149 35 persons
1427 1314 139 48 having
1592 1316 178 46 provided
1797 1317 79 34 him
1904 1317 89 36 with
2022 1330 19 22 a

421 1363 138 45 supply
577 1364 39 34 of
630 1364 126 46 books,
776 1367 73 34 and
867 1367 92 35 with
977 1380 20 23 a
1015 1368 90 35 bath
1123 1369 102 35 chair
1242 1373 37 31 to
1298 1370 47 34 sit
1363 1371 36 33 in
1421 1371 107 34 when
1547 1371 132 46 selling
1696 1372 116 36 them.

472 1419 147 46 October,
641 1423 193 34 1887.—It
851 1423 31 35 is
899 1436 84 23 now
1001 1424 57 35 for
1075 1425 63 35 the
1158 1426 77 34 first
1253 1426 91 35 time
1362 1427 109 34 noted
1492 1427 80 35 that
1591 1427 63 35 the
1679 1439 117 35 upper
1821 1430 222 34 extremities

420 1486 61 24 are
499 1476 194 49 becoming
710 1479 157 36 affected
884 1480 41 34 in
943 1492 20 23 a
980 1492 156 24 manner
1154 1481 268 36 characteristic
1442 1482 39 35 of
1504 1482 174 48 Multiple,
1706 1484 182 36 Sclerosis.
1940 1485 102 48 They

421 1534 194 43 presented
650 1547 120 23 coarse
805 1536 202 48 trembling
1037 1537 72 35 and
1135 1538 184 46 jactatory
1343 1543 222 41 movement,
1595 1539 192 36 whenever
1815 1540 62 35 the
1902 1541 142 46 patient

421 1590 205 46 attempted
645 1595 37 31 to
708 1591 161 47 perform
896 1605 72 34 any
986 1593 201 47 voluntary
1205 1598 58 31 act
1289 1594 92 36 with
1407 1595 112 35 them.
1572 1595 132 45 "When,
1725 1595 57 36 for
1807 1596 176 48 example,
1997 1597 47 35 he

423 1646 205 46 attempted
653 1651 38 31 to
719 1660 103 34 carry
849 1661 20 22 a
895 1649 164 35 tumbler
1085 1649 71 36 full
1182 1650 39 35 of
1248 1655 112 30 water
1390 1654 38 32 to
1457 1651 59 35 his
1545 1651 143 45 mouth,
1714 1651 62 36 the
1805 1652 238 47 involuntary

417 1700 149 47 jerking
584 1703 40 35 of
638 1704 58 35 his
713 1716 79 23 arm
811 1705 132 35 caused
968 1705 79 35 him
1072 1709 38 32 to
1136 1705 119 36 throw
1280 1706 64 36 the
1369 1711 112 31 water
1506 1707 112 35 about
1642 1708 41 34 in
1712 1719 21 23 a
1762 1719 154 24 manner
1943 1713 96 31 most

424 1763 281 32 characteristic.

471 1815 142 45 March,
635 1817 338 47 1889.—Inability
990 1821 38 31 to
1046 1817 99 36 walk
1164 1830 40 23 or
1225 1819 108 35 stand
1359 1819 158 35 without
1541 1819 98 46 help,
1659 1819 72 35 and
1756 1819 63 35 the
1844 1820 200 47 trembling

424 1871 73 35 and
511 1873 184 46 jactatory
712 1878 230 31 movements
961 1874 39 35 of
1015 1874 63 34 the
1095 1886 97 23 arms
1209 1875 157 46 persist;
1391 1875 74 35 and
1482 1876 30 34 it
1529 1876 31 34 is
1578 1875 112 35 noted
1715 1875 81 35 that
1820 1875 64 35 the
1904 1881 140 41 patient

423 1927 66 35 has
504 1928 149 37 become
667 1929 117 36 sillier
797 1930 39 35 in
853 1929 58 36 his
922 1942 164 24 manner.
1139 1931 149 35 Several
1302 1943 82 23 new
1398 1936 202 42 symptoms
1614 1944 60 22 are
1691 1943 82 23 now
1791 1933 251 42 noted,—viz.,

424 1983 55 47 (1)
510 1984 63 36 the
603 1990 157 31 staccato
791 1985 132 36 speech
953 1998 38 23 so
1021 1986 214 47 frequently
1259 1986 117 36 found
1405 1987 41 35 in
1478 1987 176 47 Multiple
1685 1987 184 36 Sclerosis,
1895 1987 72 36 and
1992 1988 54 46 (2)

423 2041 155 35 marked
593 2042 192 47 divergent
799 2042 217 35 strabismus
1031 2043 38 34 of
1084 2043 91 35 both
1189 2055 94 23 eyes.
1328 2043 79 35 The
1421 2044 227 46 Nystagmus
1661 2043 173 36 formerly
1849 2043 109 36 noted
1973 2043 73 35 had

423 2109 86 24 now
527 2099 249 47 disappeared.

471 2155 102 47 July,
591 2156 213 35 1891.—He
821 2156 30 35 is
865 2155 169 47 reported
1053 2159 36 32 to
1104 2156 45 35 be
1163 2168 113 23 worse
1291 2156 38 35 in
1345 2168 108 35 every
1468 2160 150 43 respect.
1655 2157 54 34 As
1722 2168 20 23 a
1755 2167 80 24 new
1850 2160 195 42 symptom,

425 2211 102 36 there
544 2212 31 35 is
593 2224 83 23 now
694 2213 112 34 noted
825 2212 154 35 marked
998 2212 132 36 failure
1149 2212 39 35 of
1202 2213 177 35 vision,—
1388 2212 61 35 the
1466 2216 155 43 patient,
1640 2211 142 36 though
1800 2212 77 35 still
1902 2212 81 35 able
2008 2217 38 30 to

425 2272 113 31 count
556 2269 143 46 fingers,
718 2268 111 47 being
848 2268 136 36 unable
1003 2272 36 32 to
1058 2268 164 36 describe
1240 2268 62 36 the
1319 2269 161 46 pictures
1494 2281 47 22 on
1555 2267 62 37 the
1632 2268 114 35 walls.
1786 2268 259 35 Examination

425 2324 40 36 of
479 2324 64 36 the
561 2337 83 23 eyes
663 2325 148 35 showed
829 2325 64 35 the
912 2325 119 35 visual
1049 2325 127 35 acuity
1194 2329 36 31 to
1248 2325 46 35 be
1312 2324 253 36 one-fifteenth
1586 2324 38 36 of
1639 2324 62 35 the
1719 2324 153 35 normal.
1926 2325 45 33 In
1989 2324 57 35 his

426 2381 153 47 Speech,
598 2381 103 35 there
719 2381 31 35 is
768 2381 123 35 noted,
911 2381 143 35 besides
1071 2381 64 35 the
1154 2381 256 35 well-marked
1437 2381 165 35 Staccato
1629 2380 169 36 element,
1817 2392 47 23 an
1890 2385 157 31 element

426 2437 40 36 of
481 2437 180 47 Slurring,
676 2437 76 36 also
771 2450 89 34 very
879 2438 161 35 distinct.
1083 2437 38 35 It
1139 2449 73 24 was
1230 2437 180 47 typically
1425 2437 186 35 exhibited
1627 2437 39 34 in
1684 2436 63 36 the
1764 2436 280 47 pronunciation

426 2493 39 35 of
479 2493 64 36 the
561 2493 208 36 test-words
788 2496 19 17 "
822 2493 141 35 British
983 2493 286 36 Constitution,"
1288 2497 66 31 etc.
1407 2494 36 33 It
1461 2492 28 36 is
1508 2493 74 34 also
1601 2493 109 34 noted
1728 2492 82 35 that
1826 2492 62 35 the
1906 2492 138 46 patient

426 2548 66 36 has
508 2549 124 35 begun
650 2554 37 30 to
706 2550 112 46 speak
836 2550 39 34 in
894 2561 21 23 a
932 2549 166 35 bleating
1118 2553 210 31 monotone.

473 2606 124 47 April,
620 2607 207 35 1893.—At
845 2605 75 35 this
939 2606 93 34 date,
1054 2605 18 35 I
1091 2605 118 35 found
1226 2605 63 35 the
1307 2605 153 47 patient,
1480 2616 67 24 one
1573 2605 80 46 day,
1673 2608 37 31 at
1734 2604 58 35 his
1817 2605 228 34 accustomed

425 2661 105 48 place
547 2662 40 35 in
606 2662 63 36 the
687 2666 120 39 street,
829 2662 130 35 sitting
978 2662 39 34 in
1036 2661 58 35 his
1120 2661 87 35 bath
1227 2661 101 35 chair
1345 2661 91 35 with
1454 2661 114 35 books
1586 2670 96 26 upon
1703 2660 56 35 his
1777 2660 93 36 knee
1888 2660 56 35 for
1961 2660 82 36 sale.

428 2719 60 35 He
506 2731 73 23 was
598 2718 158 36 scarcely
775 2718 82 35 able
875 2722 37 31 to
931 2717 158 47 respond
1107 2721 36 31 to
1162 2729 63 35 my
1243 2717 174 47 greeting,
1437 2717 57 34 his
1518 2716 127 47 speech
1673 2716 109 36 being
1807 2728 83 23 now
1915 2722 132 29 almost

427 2774 136 47 totally
581 2774 247 44 inarticulate,
849 2773 142 36 though
1010 2774 63 34 the
1091 2774 102 35 voice
1211 2785 73 23 was
1301 2773 84 35 well
1404 2773 204 47 preserved.
1650 2773 57 35 He
1725 2785 73 23 was
1815 2784 81 23 now
1915 2776 131 31 almost

426 2831 105 47 quite
544 2831 124 35 blind;
686 2831 69 35 but
768 2830 46 36 he
830 2830 211 47 recognised
1059 2842 62 34 my
1140 2830 102 35 voice
1260 2833 37 31 at
1316 2841 98 23 once,
1434 2829 70 35 and
1525 2829 92 35 tried
1636 2833 36 31 to
1691 2829 112 35 shake
1820 2828 118 35 hands
1955 2833 90 29 with

426 2899 71 35 me,
515 2887 144 48 though
677 2886 159 36 scarcely
854 2886 82 36 able
954 2890 37 31 to
1011 2885 45 37 do
1083 2897 49 24 so,
1151 2897 37 23 as
1214 2885 58 35 his
1298 2894 116 40 upper
1439 2885 224 35 extremities
1689 2898 92 23 were
1807 2897 82 23 now
1914 2896 132 23 almost

427 2949 223 44 completely
667 2943 204 48 paralyzed.
926 2943 70 35 His
1022 2942 96 44 wife,
1136 2941 94 45 who,
1249 2945 38 32 at
1312 2952 64 38 my
1398 2946 157 43 request,
1573 2953 100 24 came
1699 2946 37 31 to
1761 2941 63 36 the
1850 2941 195 45 Infirmary

425 3006 91 31 next
534 3002 71 35 day
625 3005 37 31 to
680 3004 123 32 report
821 3012 38 23 as
877 3003 37 32 to
934 2999 57 35 his
1010 2998 198 36 condition,
1228 2998 118 35 stated
1364 2997 82 36 that
1463 2998 39 35 of
1524 2997 73 36 late
1622 2997 47 36 he
1695 2997 70 35 had
1789 2997 90 35 been
1906 2996 140 47 getting

425 3058 114 36 much
556 3070 124 25 worse.
733 3058 105 35 Even
857 3056 64 36 she
940 3055 109 36 could
1068 3067 83 24 now
1169 3054 158 37 scarcely
1345 3055 108 35 make
1471 3059 65 31 out
1554 3059 99 31 what
1671 3053 46 36 he
1743 3052 139 37 wished
1907 3057 38 31 to
1971 3063 72 35 say.
