2439 3392
939 320 241 56 OTTO
1216 319 340 54 ZIERER

313 456 324 82 BILD
695 453 294 85 DER
1034 448 1150 83 JAHRHUNDERTE

311 614 134 38 EINE
475 607 531 43 WELTGESCHICHTE
1038 607 60 37 IN
1134 607 48 36 19
1214 607 231 37 EINZEL-
1485 606 126 37 UND
1654 606 42 36 11
1730 605 459 39 DOPPELBÄNDEN

66 1196 63 42 N)

66 1255 62 42 N)

65 1314 63 42 СЛ

65 1373 63 41 О

65 1489 63 41 cd

66 1544 80 44 ■ib.:

66 1606 80 45 ■4i

65 1662 81 42 I4D:

64 1713 82 50 cd!

1199 929 14 10 ^
1228 929 5 7 •

1162 1046 80 88 1--
1288 1090 8 8 .
1312 1068 8 44 ;

460 1416 1084 104 NSICHTBARE
1628 1412 568 104 KRONE

462 1562 29 34 st
515 1561 76 36 der
610 1561 113 37 Titel
746 1561 77 37 des
854 1560 173 37 soeben
1059 1558 327 38 erschienenen
1416 1558 180 38 siebten
1625 1558 178 37 Bandes
1836 1558 77 37 der
1942 1555 260 49 neuartigen

525 1623 382 48 Weltgeschichte.
943 1623 158 36 Dieser
1130 1622 124 37 Band
1285 1621 250 37 behandelt
1568 1622 79 36 das
1673 1621 32 37 1.
1731 1621 69 37 Jh.
1827 1631 41 26 v,
1895 1620 98 39 Chr.

526 1829 80 36 Die
630 1830 123 37 Form
776 1830 77 36 der
865 1829 332 47 Stadtrepublik
1218 1832 57 35 ist
1297 1830 67 37 für
1386 1830 79 37 das
1479 1829 240 47 Imperium
1741 1838 54 26 zu
1818 1838 87 37 eng
1926 1837 73 38 ge¬

527 1882 195 39 worden.
749 1883 48 36 In
817 1882 367 37 revolutionären
1203 1882 227 48 Kämpfen
1451 1886 116 33 setzt
1587 1882 90 36 sich
1700 1881 302 47 dieTyrannis

529 1935 76 36 der
626 1936 168 47 großen
811 1936 193 36 Männer
1026 1936 141 38 durch.
1184 1936 91 37 Auf
1297 1938 89 35 den
1406 1934 383 50 plutokratischen
1801 1933 203 37 Diktator

528 1987 119 37 Sulla
670 1989 112 48 folgt
803 1989 181 44 Caesar,
1012 1991 77 35 der
1109 1990 143 37 Mann
1273 1991 79 36 der
1370 1989 304 48 Volkspartei.
1698 1987 124 39 Noch
1845 1987 158 48 größer

532 2042 108 36 wird
663 2044 79 35 das
767 2043 259 48 Imperium:
1050 2044 46 36 in
1118 2044 181 37 Gallien
1321 2043 91 37 und
1432 2043 277 41 Britannien,
1727 2042 47 36 in
1788 2039 214 49 Ägypten

529 2095 88 36 und
638 2095 158 47 Syrien
814 2096 123 36 klirrt
959 2098 77 35 der
1055 2097 269 37 Marschtritt
1346 2097 78 36 der
1444 2097 262 48 Legionäre.
1731 2094 89 37 Der
1839 2094 164 46 Träger

530 2147 76 36 der
625 2147 344 45 „Unsichtbaren
984 2151 188 42 Krone",
1194 2150 183 44 Caesar,
1398 2149 99 37 fällt
1520 2149 65 37 als
1599 2149 143 47 Opfer
1759 2148 126 36 einer
1895 2146 110 37 Ver¬

528 2199 271 51 schwörung.
823 2203 124 37 Aber
967 2205 129 35 unter
1115 2205 176 35 seinem
1318 2202 274 49 Nachfolger
1611 2202 232 48 Augustus
1875 2198 125 37 blüht

758 2255 224 49 großartig
1001 2257 87 35 wie
1111 2257 73 35 nie
1208 2266 138 26 zuvor
1368 2257 72 35 die
1464 2256 152 36 Glorie
1639 2255 145 36 Roms.

323 2458 121 37 Auch
469 2459 146 37 dieser
634 2461 122 36 Band
778 2462 57 35 ist
855 2462 46 35 in
921 2463 89 36 sich
1031 2462 307 38 vollkommen
1356 2462 353 48 abgeschlossen
1741 2460 89 37 und
1855 2457 173 38 enthält
2048 2455 166 38 wieder

326 2512 372 47 ausgezeichnete
731 2514 423 38 Kunstdrucktafeln
1189 2517 90 36 und
1314 2514 312 49 zuverlässige
1662 2513 261 37 historische
1957 2511 179 37 Karten.
2164 2509 50 36 Er

324 2563 148 38 kostet
491 2566 46 35 in
559 2566 76 37 der
664 2566 202 48 gleichen
896 2569 286 47 gediegenen
1202 2570 302 47 Ausstattung
1524 2569 88 36 wie
1634 2568 126 38 Band
1789 2566 97 37 1—5
1906 2566 47 36 in
1975 2565 78 36 der
2070 2564 142 36 karto¬

326 2617 175 38 nierten
537 2619 214 48 Ausgabe
789 2622 78 35 mit
915 2622 348 48 zweifarbigem,
1317 2622 259 38 lackiertem
1615 2622 208 47 Überzug
1869 2618 89 38 DM
1996 2617 92 38 2.95
2127 2614 88 39 und

326 2669 45 37 in
401 2670 77 37 der
506 2671 244 39 herrlichen
784 2674 487 49 Ganzleinenausgabe
1303 2676 79 36 mit
1415 2676 101 36 Rot-
1550 2676 90 37 und
1670 2674 323 47 Goldprägung
2013 2671 89 38 und
2132 2670 82 37 far¬

326 2721 148 50 bigem
486 2723 382 52 Schutzumschlag
883 2727 87 37 DM
991 2728 106 36 3.60.
1116 2728 191 37 Frühere
1319 2729 154 37 Bände
1493 2729 187 36 können
1699 2724 300 41 nachbestellt
2018 2724 193 39 werden.

979 2833 212 48 Prospekt
1210 2834 235 38 kostenlos
1464 2846 104 26 vom

332 2928 320 60 VERLAG
678 2934 424 58 SEBASTIAN
1130 2938 160 56 LUX
1338 2968 12 12 •
1384 2926 828 72 MURNAU/MÜNCHEN

848 3042 223 39 Beachten
1092 3044 72 37 Sie
1187 3045 111 37 bitte
1322 3046 72 37 die
1416 3044 138 39 letzte
1576 3045 123 37 Seite
