2113 3404
834 297 85 34 THE
951 298 241 34 DISOKDERS
1224 300 54 32 OF
1310 298 173 33 SrEECII.

338 285 82 42 130

336 415 55 43 he
432 416 205 43 rendered
671 417 74 42 the
776 417 138 43 words
957 421 20 19 "
994 418 90 43 Our
1120 418 159 42 Father
1323 417 140 42 which
1495 420 66 39 art
1592 416 46 42 in
1669 416 164 43 heaven
1850 417 20 17 "
1900 433 43 32 as

339 485 176 44 Ouctrda
547 488 203 42 Fararda
786 489 49 41 id
871 488 109 42 arda
1016 504 27 26 a
1079 489 175 42 hcudda.
1318 488 55 41 In
1401 488 292 55 commenting
1729 501 114 41 upon
1875 490 69 44 the

338 570 107 37 case,
485 558 66 42 Dr
591 558 157 56 Taylor
788 572 98 28 says
928 558 97 42 that
1066 559 87 41 this
1195 557 258 56 peculiarity
1488 556 191 43 reminds
1716 556 90 42 him
1843 558 44 41 of
1922 573 24 29 a

338 627 186 43 childish
567 629 114 41 trick
722 629 248 41 sometimes
1011 627 216 56 practised
1269 627 57 55 by
1364 626 282 56 school-boys.
1713 627 231 44 Kussmaul

339 698 57 54 (p.
443 698 120 56 814),
611 699 208 42 referring
864 702 44 37 to
956 699 89 41 this
1091 696 203 57 youthful
1340 697 202 54 practice,
1589 702 131 37 states
1766 697 96 42 that
1904 699 42 43 in

340 768 219 43 Germany
581 769 36 42 it
639 769 37 42 is
699 769 222 42 exhibited
953 782 157 28 among
1141 767 194 42 children
1358 767 45 41 in
1426 767 117 42 what
1564 767 37 42 is
1622 767 158 41 known
1803 781 45 28 as
1879 768 67 44 the

338 841 18 19 "
373 839 166 42 Erbsen
570 839 157 42 speech
742 839 20 15 "
793 852 136 41 game,
959 838 45 41 in
1027 837 180 56 playing
1238 837 142 41 which
1411 839 75 40 the
1518 837 116 42 child
1666 837 190 42 attaches
1878 838 68 44 the

338 909 268 55 superfluous
624 909 203 42 syllables
845 907 210 43 "erbsen"
1072 912 43 37 to
1134 907 57 42 all
1210 907 309 55 monosyllabic
1537 907 146 42 words.
1736 907 70 42 He
1823 908 124 43 refers

337 982 45 38 to
416 983 84 38 two
535 979 175 55 aphasic
744 993 118 28 cases
895 979 96 42 who
1025 979 47 41 in
1103 978 90 42 like
1224 993 182 27 manner
1436 979 200 42 attached
1668 979 278 43 meaningless

339 1048 205 55 syllables
566 1055 44 36 to
633 1049 112 42 their
767 1050 149 41 words.
980 1049 54 42 So
1057 1049 64 42 far
1138 1063 46 29 as
1206 1049 23 41 I
1251 1049 141 42 know,
1415 1049 64 42 Dr
1500 1049 186 56 Taylor's
1709 1050 35 41 is
1761 1049 73 43 the
1851 1051 95 55 only

336 1132 98 29 case
455 1119 47 41 in
523 1119 143 42 which
691 1119 86 42 this
801 1119 171 43 curious
1000 1119 166 42 feature
1187 1119 78 42 has
1296 1119 109 43 been
1426 1120 202 42 recorded
1650 1134 45 28 as
1728 1125 89 37 met
1849 1131 99 31 with

338 1189 46 41 in
407 1189 257 42 association
686 1189 107 42 with
818 1189 179 55 Lalling.

398 1260 22 40 I
442 1259 111 43 have
574 1260 159 55 myself
755 1264 99 38 met,
875 1260 46 41 in
943 1260 189 42 hospital
1163 1259 85 43 and
1280 1260 166 55 private
1477 1260 199 55 practice,
1699 1259 102 43 with
1824 1266 125 37 about

339 1333 73 38 ten
435 1343 117 29 cases
574 1332 46 40 of
639 1331 193 42 children
856 1331 141 42 whose
1019 1330 155 56 speech
1198 1345 85 28 was
1305 1345 103 42 very
1430 1331 221 42 defective,
1669 1331 84 41 and
1771 1331 93 41 who
1881 1337 69 49 yet

338 1400 73 41 did
435 1404 75 38 not
531 1408 172 48 present
725 1415 84 40 any
832 1416 103 41 very
957 1401 276 55 pronounced
1254 1402 186 41 features
1457 1402 45 41 of
1516 1402 249 54 imbecility.
1827 1402 122 41 From

338 1484 156 43 among
515 1471 120 43 these
658 1472 23 41 I
703 1472 132 42 select
858 1472 131 42 three,
1011 1472 132 42 about
1166 1472 141 42 which
1341 1473 21 41 I
1395 1473 99 42 here
1525 1473 136 41 insert
1691 1486 24 28 a
1746 1472 78 42 few
1850 1472 104 41 brief

340 1546 132 38 notes.

401 1681 117 42 Case
564 1681 356 43 I.—Intelligence
960 1687 70 37 not
1070 1696 96 44 very
1207 1685 206 53 obviously
1453 1683 195 56 defective.
1729 1684 224 41 Dumbness

340 1766 149 28 almost
525 1752 188 44 absolute.
775 1753 171 43 Sudden
981 1754 206 41 swearing
1208 1754 134 41 under
1377 1753 312 43 Emotion.—A
1723 1753 93 56 girl,
1852 1753 100 43 aged

339 1838 142 28 seven,
503 1823 328 42 recommended
862 1828 44 37 to
938 1837 69 29 me
1039 1824 57 55 by
1119 1838 73 41 my
1215 1825 141 41 friend
1388 1825 64 41 Dr
1483 1825 117 41 John
1623 1825 226 41 Thomson,
1872 1825 79 40 and

341 1899 45 37 at
407 1897 175 52 present
607 1894 137 41 under
769 1897 234 38 treatment
1028 1894 47 40 in
1099 1895 72 41 the
1193 1893 141 57 Royal
1357 1895 240 41 Infirmary.
1659 1894 102 42 This
1792 1895 162 54 patient

341 1979 86 27 was
450 1964 80 42 shy
553 1964 85 41 and
660 1964 255 55 apparently
939 1964 150 42 stupid
1110 1979 55 27 on
1198 1965 246 42 admission,
1466 1965 80 42 but
1577 1979 102 28 soon
1710 1969 73 51 got
1814 1979 139 28 accus-

341 2035 145 42 tomed
510 2039 42 37 to
575 2034 220 42 residence
827 2033 46 43 in
897 2034 73 42 the
992 2035 218 54 Hospital,
1232 2035 83 41 and
1348 2035 174 42 became
1544 2049 102 41 very
1669 2035 143 55 lively.
1874 2035 80 41 She

339 2105 38 42 is
413 2119 98 27 now
547 2104 147 42 bright
730 2104 85 42 and
853 2119 153 40 merry,
1039 2104 166 56 though
1235 2105 145 42 rather
1410 2105 297 42 mischievous.
1769 2104 87 42 The
1888 2120 65 25 ex-

341 2176 193 56 pression
557 2174 44 42 of
619 2176 74 40 the
716 2189 100 41 eyes
847 2175 37 41 is
916 2175 146 55 bright
1092 2176 85 41 and
1211 2176 285 42 affectionate,
1517 2175 85 42 and
1633 2175 101 41 only
1759 2189 93 27 now
1875 2175 79 40 and

341 2247 123 41 again
488 2245 139 42 shows
650 2259 25 27 a
695 2245 115 42 little
828 2245 46 41 of
889 2245 72 42 the
979 2245 172 42 restless
1171 2260 188 28 vacancy
1377 2260 44 28 so
1445 2260 195 28 common
1662 2245 46 42 in
1729 2245 226 42 imbeciles.

340 2317 94 41 Her
456 2329 211 36 manners,
689 2315 211 42 however,
923 2329 69 28 are
1015 2329 25 27 a
1060 2315 116 43 little
1197 2316 201 55 peculiar.
1460 2316 144 42 When
1622 2320 43 37 at
1681 2315 125 42 home
1823 2315 43 41 in
1885 2315 68 41 the

342 2390 194 51 country,
553 2385 75 42 she
646 2399 86 28 was
755 2384 46 43 in
824 2385 73 41 the
919 2385 123 42 habit
1064 2386 44 41 of
1129 2386 176 55 playing
1328 2401 104 27 very
1452 2387 127 41 much
1597 2385 106 42 with
1725 2385 127 55 dogs;
1873 2384 79 42 and

342 2470 109 27 now,
473 2469 56 28 on
549 2455 181 55 rushing
751 2469 59 41 up
833 2458 44 38 to
895 2455 117 42 clasp
1031 2455 113 42 one's
1163 2455 126 54 hand,
1307 2457 75 42 she
1399 2471 131 28 opens
1547 2457 77 41 her
1641 2456 162 41 mouth,
1817 2454 136 42 which

341 2528 38 40 is
401 2525 224 55 decidedly
648 2525 127 55 large,
797 2539 45 28 as
864 2524 35 41 if
920 2524 76 42 she
1019 2525 141 42 would
1183 2526 88 42 like
1294 2533 44 36 to
1359 2527 90 42 bite
1471 2526 213 56 playfully
1702 2526 45 41 in
1769 2524 184 56 dog-like

342 2595 180 42 fashion.
585 2593 302 43 Understands
911 2593 143 42 orders
1076 2595 121 54 quite
1219 2596 109 50 well,
1351 2596 200 55 bringing
1571 2610 84 28 any
1673 2594 146 42 article
1834 2607 119 28 when

342 2665 229 43 requested
594 2669 42 37 to
659 2664 53 42 do
735 2677 56 29 so.
855 2663 84 43 She
960 2663 36 42 is
1014 2663 156 44 almost
1203 2666 153 56 totally
1380 2666 144 42 dumb.
1586 2667 88 41 The
1700 2665 101 42 only
1824 2676 129 30 words

343 2736 74 42 she
439 2736 37 41 is
498 2736 161 40 known
681 2738 43 38 to
746 2734 110 42 have
887 2735 275 53 pronounced
1191 2736 144 43 before
1369 2737 233 42 admission
1633 2751 70 27 are
1726 2734 108 43 Bob
1867 2735 86 53 (the

342 2821 128 28 name
492 2806 43 42 of
556 2819 25 28 a
601 2805 192 42 brother)
816 2805 84 41 and
922 2802 131 43 Jean
1076 2806 92 53 (the
1205 2821 126 28 name
1359 2808 46 41 of
1439 2822 24 27 a
1498 2812 153 38 sister).
1713 2805 74 43 Ba
1818 2807 35 40 is
1885 2805 69 40 her

342 2891 97 28 own
472 2889 127 29 name
633 2875 64 42 for
725 2875 169 42 herself.
958 2875 84 42 She
1075 2875 38 42 is
1145 2876 132 42 much
1307 2876 47 42 in
1386 2877 73 42 the
1490 2877 123 42 habit
1643 2877 46 42 of
1715 2877 140 42 biting
1883 2874 71 41 her

341 2948 132 43 lower
493 2947 88 55 lip;
612 2945 85 43 and
719 2945 125 42 when
866 2945 133 42 asked
1021 2949 43 38 to
1086 2958 247 42 pronounce
1355 2946 105 42 such
1483 2959 23 31 a
1528 2946 182 56 syllable
1739 2960 44 28 as
1814 2955 67 43 pa
1910 2955 44 29 or

341 3028 98 40 ma,
458 3018 76 42 she
556 3017 111 42 bites
689 3015 77 43 her
785 3015 63 42 lip
870 3016 45 41 in
938 3015 87 42 this
1043 3015 181 52 fashion,
1242 3015 96 53 and,
1356 3016 186 42 opening
1561 3017 71 41 the
1655 3015 162 43 mouth,
1834 3018 119 38 emits

342 3089 74 45 the
438 3086 137 45 vowel
600 3090 184 40 without
806 3084 73 45 the
912 3088 246 40 consonant.
1221 3085 88 45 The
1342 3085 248 44 staff-nurse
1622 3085 76 42 has
1730 3079 223 49 succeeded
