1933 3217
855 268 85 49 191

697 838 109 37 THE
836 836 259 40 CACAJAO.

478 930 182 39 Pithecia
679 930 647 48 melanocephala,—Desmarest.

741 1022 134 36 Plate
895 1021 160 37 XXVI.

227 1117 55 36 Le
314 1115 164 50 Cacajao,
511 1114 114 38 Simla
655 1114 309 48 melanocephala,
993 1113 218 36 Humboldt
1246 1113 83 36 and
1361 1113 230 45 Bonpland,

213 1211 14 6 >
279 1181 277 38 Observations
575 1180 46 36 de
641 1179 193 47 Zoologie^
864 1181 24 34 i.
919 1192 57 35 pp,
1006 1179 90 46 317,
1123 1179 73 37 359
1216 1192 12 31 ;
1265 1178 189 48 Geoffroy
1472 1179 120 36 Saint

276 1247 177 45 Hilaire,
470 1246 183 36 Annales
682 1245 54 36 du
765 1245 206 44 Museum,
999 1257 76 23 xix.
1106 1257 34 35 p.
1178 1244 71 36 117
1325 1244 88 38 Saki
1437 1246 154 44 cacajao,

278 1312 260 36 Desmarest's
556 1311 297 46 Mammalogie,
872 1323 33 34 p.
923 1309 61 36 91.

292 1403 117 44 This
433 1417 109 45 very
567 1401 176 45 curious
779 1401 89 45 and
899 1400 270 46 diminutive
1193 1415 164 45 species
1382 1416 94 29 was
1499 1400 92 45 also

228 1478 253 46 discovered
514 1480 62 59 by
601 1478 256 45 Humboldt
892 1478 90 44 and
1014 1477 250 61 Bonpland,
1301 1477 90 45 and
1414 1477 37 45 it
1484 1477 38 45 is
1546 1483 46 39 to

228 1555 118 45 their
370 1554 265 46 description
658 1555 90 44 and
765 1555 121 60 plate
904 1560 102 39 that
1025 1569 68 30 we
1111 1569 74 30 are
1208 1554 214 45 indebted
1444 1552 65 46 for
1532 1554 61 44 all

228 1639 102 38 that
353 1632 37 45 is
414 1633 168 44 known
615 1631 232 61 regarding
881 1631 50 45 it.
999 1632 73 60 By
1094 1631 79 45 the
1207 1631 207 45 different
1438 1630 155 46 native

229 1709 135 45 tribes
383 1709 35 44 it
437 1708 36 45 is
492 1708 142 45 called
648 1723 48 30 as
712 1709 154 53 above,
883 1708 91 45 and
988 1708 91 45 also
1100 1707 208 54 Caruiri,
1329 1707 143 46 Mono
1492 1708 100 58 feo,

234 1785 208 54 Chacuto,
468 1800 47 30 or
538 1785 143 45 Mono
703 1784 147 45 robon.
919 1785 44 44 It
982 1784 37 45 is
1038 1800 109 45 very
1165 1800 111 38 rare,
1302 1784 91 45 and
1410 1799 27 30 a
1455 1784 139 61 single

229 1861 252 45 individual
505 1876 93 30 was
633 1876 106 45 only
762 1867 94 38 met
889 1860 115 45 with
1037 1862 62 59 by
1122 1867 126 39 those
1282 1861 231 44 travellers
1547 1862 47 43 in

231 1953 58 29 an
313 1937 165 45 Indian
500 1937 86 44 hut
610 1943 48 38 at
682 1937 91 45 San
792 1937 234 45 Francisco
1044 1937 174 46 Solano.
1277 1938 44 43 It
1344 1936 38 46 is
1401 1937 194 60 scarcely

231 2029 122 29 more
376 2019 112 39 than
512 2028 27 30 a
561 2012 89 46 foot
683 2012 48 45 in
754 2013 169 61 length,
960 2014 90 44 and
1082 2019 79 39 the
1194 2013 79 45 tail
1296 2013 36 46 is
1355 2020 79 39 not
1456 2014 139 45 much

233 2105 120 30 more
369 2097 111 37 than
503 2105 27 29 a
549 2089 152 54 sixth;
728 2090 89 44 and
840 2089 58 46 its
917 2090 219 45 describer
1153 2106 103 46 says
1283 2096 30 20 “
1331 2091 35 45 it
1382 2091 37 45 is
1434 2106 162 45 among

233 2166 78 45 the
329 2167 236 53 Siamiris,
591 2166 78 45 the
695 2166 123 54 Sais,
845 2167 89 44 and
962 2166 222 54 Ouistitis,
1202 2168 124 44 what
1340 2168 79 44 the
1438 2167 159 61 Mayot

236 2242 49 45 of
301 2244 199 59 Barbary
524 2243 37 45 is
585 2259 160 45 among
767 2244 79 44 the
868 2244 266 60 long-tailed
1155 2244 296 60 Macaques”

302 2320 97 44 The
421 2320 117 45 head
561 2319 49 46 of
624 2320 78 45 the
731 2320 193 46 Cacajao
948 2320 36 45 is
1008 2337 109 45 very
1135 2336 157 39 round,
1316 2321 164 53 naked,
1506 2322 91 44 and

237 2395 50 46 of
302 2411 26 30 a
352 2396 95 44 dull
470 2397 144 52 black,
652 2397 48 44 in
730 2396 59 46 its
819 2397 328 61 physiognomy
1170 2398 136 44 much
1329 2398 269 61 resembling

238 2479 102 38 that
364 2471 50 47 of
429 2488 57 30 an
510 2473 72 45 old
605 2488 131 45 negro
752 2489 14 37 j
800 2474 77 44 the
900 2475 99 44 hair
1022 2490 55 30 on
1100 2475 78 44 the
1201 2475 117 44 head
1341 2474 36 46 is
1402 2474 194 46 directed

239 2547 242 56 forwards;
517 2556 77 38 the
629 2565 105 45 eyes
769 2565 72 31 are
864 2551 118 45 large
1007 2551 88 45 and
1120 2567 130 38 sunk,
1277 2552 86 44 and
1387 2557 78 40 the
1489 2567 107 29 eye-

1332 2633 28 41 2
1386 2644 28 29 A
