2107 3450
134 329 87 31 THE
254 330 181 31 NATURE
468 331 52 30 OF
552 330 88 31 THE
674 330 173 31 SOUNDS
880 331 119 30 THAT
1032 329 276 31 CONSTITUTE
1342 329 181 31 SPEECH.
1576 317 85 45 257

1 447 103 57 the}r
136 463 70 29 are
230 463 56 39 so,
310 449 220 44 electrical
553 450 278 43 stimulation
855 451 47 42 of
932 450 74 43 the
1039 464 82 28 one
1155 463 253 29 sub-centre
1431 448 159 51 would,
1613 462 47 29 as

1 519 42 41 in
82 521 197 52 animals,
319 536 127 28 cause
485 522 238 42 adduction
762 522 48 42 of
844 522 75 43 the
958 521 126 44 vocal
1117 521 136 42 cords,
1299 520 88 42 and
1424 519 75 42 the
1538 533 120 29 same

1 591 268 44 stimulation
302 594 177 56 applied
514 600 43 36 to
591 594 74 43 the
698 593 127 44 other
857 593 146 43 would
1037 607 128 29 cause
1200 605 274 29 movements
1505 591 45 42 of
1581 590 77 44 the

0 662 77 56 hps
115 665 85 41 and
240 670 186 51 tongue;
458 666 75 42 the
573 670 273 39 movements
884 665 46 43 in
971 666 106 41 botli
1116 679 119 28 cases
1274 664 131 56 being
1442 663 214 52 bilateral,

1 734 159 57 though
213 737 73 42 the
337 738 207 43 stimulus
596 738 52 43 be
695 738 177 56 applied
920 738 105 55 only
1069 752 119 42 upon
1232 751 81 28 one
1357 736 93 43 side
1493 736 46 43 of
1579 736 77 42 the

1 805 125 45 brain.

50 879 89 42 The
157 881 391 55 accomplishment
565 882 47 42 of
626 882 230 43 articulate
881 882 158 43 speech
1056 882 37 43 is
1112 881 207 57 acquired
1343 882 57 55 by
1418 893 237 43 educating

1 951 61 43 ;he
96 956 84 39 two
214 954 277 43 sub-centres
514 959 45 38 to
582 960 71 38 act
686 956 211 56 together,
927 956 46 42 in
1009 970 165 42 perfect
1207 954 304 45 coordination
1544 957 109 38 with

1 1036 67 30 me
111 1025 193 43 another.
390 1027 67 56 By
500 1027 120 43 what
662 1042 189 29 nervous
889 1033 340 52 arrangements,
1273 1028 47 42 in
1363 1027 76 43 the
1482 1040 172 28 minute

1 1099 204 41 structure
239 1099 46 41 of
315 1099 74 43 the
422 1104 160 38 cortex,
607 1100 75 42 the
714 1105 87 38 two
835 1101 277 42 sub-centres
1146 1114 71 28 are
1250 1100 104 42 thus
1389 1098 191 43 brought
1605 1101 46 39 to

1 1173 56 38 ict
94 1170 45 41 in
174 1171 312 43 coordination,
510 1186 63 28 we
607 1187 71 28 are
711 1187 46 28 as
789 1177 87 51 yet,
901 1173 22 42 I
956 1173 102 42 take
1090 1173 48 42 it,
1161 1173 47 41 in
1240 1186 161 29 almost
1434 1175 218 52 complete

1 1254 227 44 gnorance.
292 1243 90 43 But
402 1244 36 41 if
462 1258 62 29 we
547 1244 182 56 analyze
752 1244 74 43 the
849 1244 177 43 sounds,
1049 1243 87 43 and
1160 1258 70 28 see
1252 1243 47 42 in
1324 1242 120 43 what
1468 1255 183 29 manner

6 1312 86 57 hey
124 1328 71 29 are
229 1316 229 42 combined
491 1321 45 37 to
569 1317 113 42 form
716 1317 151 41 words,
900 1316 75 42 the
1008 1316 134 43 study
1172 1316 44 41 of
1249 1315 74 42 the
1358 1314 164 43 sounds
1558 1313 92 42 will

1 1385 87 56 lelp
111 1401 50 28 us
186 1391 43 38 to
262 1387 270 43 understand
565 1388 75 42 the
671 1388 145 42 action
849 1388 45 42 of
926 1388 74 41 the
1034 1387 180 43 cortical
1247 1400 180 29 centres.
1492 1386 158 42 Fortu-

1 1456 135 56 lately
159 1457 88 43 this
280 1459 193 55 analysis
499 1473 84 28 was
617 1459 127 42 made
778 1459 66 41 for
868 1473 62 28 us,
956 1465 42 35 to
1022 1473 24 27 a
1067 1462 124 53 great
1215 1461 165 39 extent,
1403 1456 246 43 thousands

1 1527 28 42 ►f
49 1542 125 41 years
198 1544 90 42 ago,
310 1530 59 56 by
391 1530 75 43 the
490 1531 227 42 inventors
742 1531 44 41 of
820 1531 74 42 the
919 1530 220 56 Ordinary
1162 1529 238 43 Alphabet.
1466 1528 56 42 In
1546 1542 104 29 con-

5 1600 195 56 tracting
222 1615 23 27 a
270 1601 324 56 Physiological
625 1601 239 56 Alphabet,
888 1616 64 28 we
973 1601 168 55 merely
1166 1606 72 37 try
1261 1606 44 36 to
1332 1600 100 56 give
1455 1613 25 28 a
1502 1613 146 42 repre-

4 1672 198 41 entation
235 1673 44 41 of
312 1673 74 42 the
422 1673 162 43 sounds
618 1674 96 42 that
745 1674 38 42 is
819 1679 121 37 truer
972 1679 44 37 to
1039 1673 171 43 Nature
1244 1673 109 42 than
1375 1672 100 42 that
1497 1673 48 41 of
1574 1671 76 44 the

1 1740 187 57 irdinary
231 1741 232 56 alphabet;
507 1743 229 42 removing
779 1743 76 42 the
904 1742 276 43 corruptions
1230 1747 98 37 that
1370 1741 113 43 have
1527 1746 123 52 crept

1 1818 73 37 nto
118 1814 74 42 the
234 1813 132 44 latter
397 1815 47 42 in
486 1814 76 43 the
606 1830 150 28 course
790 1816 46 42 of
875 1815 105 56 long
1021 1829 87 29 use,
1153 1815 88 42 and
1286 1814 243 43 correcting
1571 1814 77 43 the

1 1886 189 42 uistakes
224 1886 97 43 that
353 1901 116 28 seem
504 1887 235 43 originally
771 1892 45 38 to
849 1887 112 43 have
995 1887 112 43 been
1137 1887 127 42 made
1287 1887 47 41 in
1357 1886 76 43 the
1456 1886 193 57 framing

1 1957 92 42 .fit.

41 2029 209 57 Turning,
296 2030 120 52 then,
458 2032 130 55 again
641 2032 67 42 for
760 2046 25 28 a
840 2036 197 38 moment
1090 2037 45 37 to
1189 2031 75 43 the
1318 2031 328 58 Physiological

1 2100 217 56 Uphabet,
242 2102 22 42 I
287 2103 132 42 think
443 2118 63 28 we
532 2118 101 41 may
655 2118 79 28 say
757 2107 97 39 that
881 2103 75 43 the
990 2104 164 42 sounds
1187 2104 285 55 represented
1505 2105 60 42 by
1586 2105 59 42 its

1 2174 325 55 etter-symbols
359 2177 240 41 constitute
622 2176 76 42 the
725 2175 167 44 Sound-
908 2175 124 43 Units
1055 2176 47 42 of
1121 2176 159 55 speech
1298 2192 9 37 ;
1340 2177 87 41 and
1451 2177 100 42 that
1583 2178 62 42 all

1 2259 59 28 iur
82 2246 157 55 speech
264 2245 36 44 is
323 2247 281 43 constructed
627 2248 57 55 by
708 2248 76 43 the
806 2253 311 52 arrangement
1140 2248 45 42 of
1207 2248 124 43 these
1355 2251 289 42 sound-units

1 2322 74 37 nto
108 2318 75 42 the
205 2318 219 56 Sequences
446 2320 98 42 that
567 2334 63 29 we
655 2319 83 44 call
761 2320 222 57 syllables,
1008 2321 153 42 words,
1185 2321 87 42 and
1296 2321 190 56 phrases.
1552 2324 92 42 The

1 2388 275 57 dionograph,
300 2391 227 56 faithfully
550 2392 290 57 reproducing
863 2392 171 56 speech,
1057 2392 37 43 is
1118 2392 97 43 able
1241 2398 43 38 to
1308 2393 54 42 do
1386 2408 46 29 so
1456 2394 187 45 because

1 2461 119 43 pords
164 2462 252 57 previously
460 2464 168 55 spoken
671 2464 94 43 into
809 2465 36 42 it
888 2465 112 42 have
1038 2465 127 42 made
1209 2479 57 28 on
1308 2465 60 43 its
1410 2468 232 57 revolving

3 2533 175 56 ylinder
211 2534 283 56 impressions
528 2536 46 41 of
613 2536 76 43 the
733 2537 242 42 vibrations
1018 2537 45 42 of
1105 2536 117 45 their
1257 2537 119 44 units
1410 2552 48 29 or
1488 2539 152 43 letter-

1 2606 149 43 ounds.
214 2607 90 43 The
348 2608 288 56 phonograph
668 2609 262 56 reproduces
964 2609 123 44 these
1130 2610 257 52 vibrations,
1420 2613 222 58 sounding

1 2678 75 41 mit
110 2679 110 42 after
252 2680 109 50 unit,
385 2680 84 42 and
505 2680 202 57 marking
740 2681 76 43 the
848 2681 158 44 breaks
1040 2682 46 43 in
1111 2683 255 57 continuity
1388 2684 98 43 that
1510 2700 131 29 occur

1 2755 173 38 letween
197 2751 219 56 syllables,
439 2752 154 53 words,
617 2752 87 44 and
726 2758 241 39 sentences.
1031 2754 150 43 When
1205 2770 24 27 a
1253 2756 121 43 word
1397 2756 38 44 is
1458 2758 181 44 spoken,

1 2820 53 44 he
77 2822 117 43 units
217 2825 252 56 composing
491 2824 36 43 it
548 2839 73 29 are
644 2830 78 38 not
745 2826 151 43 struck
921 2826 63 43 off
1011 2826 60 43 all
1101 2832 46 37 at
1179 2842 119 38 once,
1321 2829 91 43 like
1446 2845 25 28 a
1504 2832 135 42 chord

1 2892 24 42 if
54 2894 140 42 music
224 2909 55 28 on
311 2895 75 44 the
419 2897 155 55 piano;
613 2897 105 44 they
751 2912 72 29 are
856 2898 158 57 played
1050 2899 64 43 off
1146 2900 47 42 in
1225 2915 231 42 sequence,
1490 2903 90 44 like
1614 2919 25 27 a

1 2965 160 42 nusical
185 2966 167 55 phrase,
375 2973 101 39 note
499 2969 111 43 after
633 2976 113 38 note.

39 3036 88 43 But
150 3038 73 43 the
246 3040 109 52 unit,
378 3055 47 27 or
446 3040 305 53 letter-sound,
775 3042 36 43 is
842 3057 24 28 a
900 3044 240 55 composite
1165 3045 139 56 thing,
1328 3047 239 56 requiring,
1591 3048 47 43 in

1 3107 52 43 he
86 3123 94 29 case
204 3111 43 41 of
281 3111 71 43 the
376 3113 174 53 vowels,
571 3113 87 44 and
681 3114 91 43 also
794 3115 45 41 in
867 3115 96 42 that
985 3115 45 43 of
1063 3115 75 45 the
1167 3123 171 50 greater
1372 3119 188 42 number
1593 3122 45 40 of

1 3177 51 45 lie
75 3188 272 46 consonants,
370 3183 75 42 the
467 3184 321 45 simultaneous
811 3186 144 42 action
981 3188 44 40 of
1060 3186 106 45 both
1195 3188 323 55 mechanisms;
1550 3191 86 42 and

1377 3250 24 40 2
1426 3260 30 30 K
