1933 3302
232 173 263 32 Hospitalbrand
521 174 46 29 im
589 173 229 30 Peritoneum.
866 170 161 33 Gangrän
1052 170 105 30 durch
1185 169 278 41 Hospitulbrand.
1594 168 51 39 43

50 284 202 38 Personen.
302 281 72 38 Die
393 280 192 38 Affecfcion
616 293 97 25 wich
743 279 206 39 denselben
969 278 153 37 Mitteln
1154 278 70 37 wie
1254 278 66 37 der
1341 275 305 52 Hospitalbrand

50 339 36 36 in
117 337 72 36 den
216 336 190 36 Wunden.
454 333 143 38 Heine
627 334 189 38 berichtet
846 346 73 24 von
949 332 89 37 zwei
1069 331 135 37 Fällen
1234 344 74 24 von
1338 329 307 51 Hospitalbrand

48 391 53 37 im
131 389 153 38 Munde.
333 387 154 39 Einmal
517 387 137 50 ergi-iff
679 387 58 38 die
759 386 217 38 Krankheit
1005 385 60 37 die
1098 384 446 44 Tonsillotomiewunde,
1576 383 68 37 das

48 457 139 25 andere
198 443 78 37 Mal
294 445 75 34 trat
388 441 53 37 sie
457 454 46 24 zu
524 440 445 38 derOperationswunde
981 438 103 38 eines
1096 437 395 51 Wangencarcinoms
1512 436 133 39 hinzu.

48 496 170 40 Viermal
247 496 250 37 beobachtete
528 494 124 37 dieser
681 494 125 37 Autor
835 494 72 36 den
937 492 305 38 Hospitalbrand
1272 491 69 37 auf
1367 492 66 37 der
1453 490 191 51 Vaginal-

49 550 265 39 schleimhaut,
336 547 169 39 zweimal
522 547 99 38 nach
640 547 255 38 Amputation
911 547 65 37 der
998 546 128 38 Portio
1149 544 201 51 vaginalis,
1382 545 141 37 einmal
1544 544 100 38 nach

49 603 297 49 Uretroplastik,
379 600 139 38 einmal
547 601 99 37 nach
667 600 210 50 Operation
898 613 103 25 eines
1022 598 508 39 Blasenscheidendefectes.
1571 597 75 38 Die

48 658 235 38 Zerstörung
312 669 78 23 war
418 655 82 36 hier
529 667 41 24 so
600 655 242 37 umfänglich
871 654 77 37 und
978 654 74 36 tief
1079 653 69 37 wie
1183 666 73 24 nur
1291 654 108 35 sonst
1428 652 103 38 beim
1559 651 85 38 Ho-

49 711 248 38 spitalbrand.
363 708 124 37 Einen
524 707 107 45 Fall,
678 708 71 38 den
788 709 67 37 der
890 707 125 38 Autor
1057 706 57 38 als
1158 707 60 36 ein
1255 705 277 38 Fortkriechen
1577 706 66 37 des

48 763 344 38 Hospitalbrandes
422 761 39 37 in
491 761 59 37 die
571 761 127 38 Blase,
729 761 221 38 Harnleiter
979 761 78 37 und
1076 759 146 39 Nieren
1243 759 175 38 auffasst,
1450 759 194 38 berichtet

47 814 244 49 Fischer^).

487 939 38 23 n.
550 930 296 32 Hospitalbraud
869 930 50 32 im
942 929 257 33 Poritoneuiii.

175 1017 145 37 Ferner
355 1017 130 37 finden
518 1017 70 37 wir
626 1017 62 37 bei
721 1031 34 23 v.
787 1017 145 37 Pitha
969 1016 111 38 einen
1114 1015 102 38 Fall,
1258 1015 61 37 bei
1355 1015 183 38 welchem
1577 1015 68 38 der

46 1070 303 39 Hospitalbrand
378 1083 74 25 von
483 1070 103 38 einer
614 1069 393 39 Steinschnittwunde
1037 1083 67 24 aus
1133 1069 40 38 in
1199 1069 67 37 das
1296 1068 247 38 Peritoneum
1571 1082 72 37 ge-

47 1124 109 38 langt
186 1138 77 23 war
290 1124 78 38 imd
399 1124 82 38 eine
511 1123 356 50 hospitalbrandige
896 1123 222 38 Peritonitis
1148 1122 214 39 veranlasst
1390 1122 108 38 hatte

86 1259 34 24 0.
146 1249 258 40 Onngrräuöses
429 1249 208 32 Absterben
662 1258 69 23 von
755 1249 277 32 Extremitiiteu
1057 1249 118 31 durch
1199 1248 70 32 den
1293 1248 312 40 Hospitalbraud.

177 1337 166 38 Indirect
376 1337 104 37 kann
510 1337 66 37 der
604 1336 303 38 Hospitalbrand
936 1337 197 36 wirkliche
1164 1335 181 38 Gangrän
1381 1349 47 24 an
1465 1335 66 37 der
1560 1335 81 37 Ex-

50 1394 171 35 tremität
249 1390 253 38 veranlassen.
561 1390 33 37 D
608 1404 18 23 e
636 1390 13 37 1
659 1404 24 35 p
696 1403 18 24 e
726 1403 19 25 c
756 1389 26 37 h
818 1390 69 37 sah
922 1390 60 37 die
1011 1389 532 50 Hospitalbrandzerstörung
1573 1402 67 24 zu-

49 1445 135 37 weilen
217 1444 77 37 fast
328 1443 238 38 sämmtliche
596 1443 256 38 Weichtheile
887 1457 48 23 an
971 1443 105 38 einer
1105 1442 117 39 Stelle
1256 1443 41 37 in
1326 1443 67 37 der
1421 1442 122 38 Dicke
1575 1443 66 37 des

47 1498 139 38 Beines
217 1497 258 37 durchsetzen.
533 1497 71 37 Die
635 1496 157 38 Gefässe
821 1497 79 37 und
927 1496 156 38 Nerven
1113 1510 129 24 waren
1270 1501 172 40 zerstört,
1475 1496 59 37 die
1556 1495 85 38 Cir-

48 1551 178 37 culation,
258 1551 66 36 der
351 1555 161 32 nervöse
541 1550 166 37 Einfluss
737 1564 79 23 war
845 1550 305 50 abgeschnitten,
1183 1563 91 24 aber
1303 1549 98 37 auch
1431 1549 121 37 durch
1581 1549 61 38 die

46 1604 262 38 Erkrankung
346 1604 65 36 der
440 1603 178 37 Muskeln
647 1604 77 36 und
755 1604 64 37 des
854 1603 260 38 Zellgewebes
1145 1603 59 38 die
1238 1602 256 51 Möglichkeit
1536 1603 107 38 einer

48 1656 444 51 CoUateralversorgung
527 1656 329 38 ausgeschlossen.
914 1656 113 38 Auch
1057 1656 187 38 Gerson
1280 1656 254 38 beobachtete
1574 1657 67 37 das

46 1710 240 38 Eindringen
315 1711 64 36 des
408 1709 344 50 Hospitalbrandes
786 1710 40 37 in
861 1710 59 37 die
951 1709 412 47 Gewebsinterstitien,
1403 1710 239 51 Zerstörung

49 1765 65 36 der
142 1763 180 38 Muskeln
349 1764 78 36 und
456 1768 262 45 gangränöses
738 1762 220 39 Absterben
988 1765 66 36 der
1073 1764 236 37 Extremität
1337 1764 206 38 unterhalb
1574 1764 65 38 des

48 1817 556 49 Hospitalbrandgeschwüres.

176 1870 99 37 Dass
310 1870 96 38 auch
440 1870 63 38 bei
541 1871 72 37 den
642 1870 264 38 schlimmsten
934 1870 167 38 Formen
1135 1884 75 24 von
1238 1870 307 50 Hospitalbraud
1580 1871 60 38 die

47 1923 216 38 Ejrankheit
299 1924 81 37 sich
415 1923 112 38 rasch
562 1925 94 36 über
691 1924 83 37 eine
804 1937 119 37 ganze
952 1924 235 37 Extremität
1215 1924 216 38 verbreiten
1465 1925 80 37 und
1574 1924 70 38 auf

47 1980 111 34 weite
188 1976 186 38 Strecken
403 1977 82 37 sich
512 1977 40 37 in
581 1977 73 37 alle
682 1977 240 38 Interstitien
950 1978 204 37 infiltriren
1189 1978 105 37 kann
1330 1979 77 37 und
1445 1979 86 37 dass
1571 1979 69 36 da-

49 2030 118 38 durch
194 2030 40 37 in
263 2031 66 36 der
348 2030 102 37 That
480 2030 59 38 ein
568 2035 262 45 gangränöses
852 2030 218 39 Absterben
1100 2031 119 38 durch
1241 2032 72 37 den
1332 2031 308 50 Hospitalbrand

48 2083 55 37 als
147 2083 154 38 solchen
328 2083 40 38 in
396 2086 80 35 toto
514 2085 297 49 vorgekommen
853 2084 70 38 ist,
963 2085 120 37 sahen
1123 2085 69 37 wir
1226 2085 119 38 schon
1375 2086 100 37 oben
1504 2085 37 38 S.
1575 2086 63 36 21.

49 2135 69 38 Als
148 2139 168 35 weiteres
336 2137 168 49 Beispiel
532 2150 112 25 möge
675 2138 60 37 ein
768 2151 73 24 von
865 2138 174 37 Marmy
1068 2152 67 23 aus
1166 2139 86 37 dem
1271 2138 247 38 Krimkriege
1547 2141 91 35 mit-

50 2189 202 50 getheilter
280 2189 84 37 Fall
390 2190 84 38 hier
503 2191 224 49 aufgeführt
755 2191 163 38 werden.

177 2273 68 31 Der
266 2273 150 31 Fiiselier
438 2275 126 30 Bouset
593 2275 91 30 liatte
710 2284 121 21 aussen
856 2285 52 20 am
939 2278 137 27 rechten
1100 2275 267 30 Unterschenkel
1397 2277 76 29 eine
1496 2275 140 32 Schuss-

50 2316 127 29 fractur
200 2315 58 30 der
282 2317 134 29 rechten
440 2317 120 30 Fibula
584 2318 161 29 erhalten.
792 2318 61 29 Die
877 2318 133 30 Wunde
1034 2327 70 21 war
1129 2319 63 29 tief
1218 2317 69 30 und
1318 2318 228 40 ausgedehnt,
1581 2319 55 30 die

50 2357 260 31 Muskelbäuche
334 2359 60 30 der
415 2358 142 31 Peronei
582 2360 68 29 und
675 2360 57 30 des
756 2360 143 30 Tibialis
924 2362 130 28 anticus
1079 2370 114 20 waren
1218 2361 174 29 zerrissen.
1438 2361 111 31 Schon
1580 2362 58 30 bei

51 2400 59 30 der
125 2400 193 30 Aufnahme
343 2406 106 35 zeigte
473 2402 70 29 sich
568 2402 53 30 die
640 2403 131 29 Wunde
796 2403 294 40 hospitalbrandig
1113 2404 133 30 inficirt.
1286 2404 42 30 Es
1346 2404 143 30 bestand
1508 2404 129 31 Oedena

51 2442 58 30 der
132 2452 126 30 ganzen
284 2444 211 30 Extremität.
527 2444 156 30 Schmerz
706 2447 34 27 in
766 2445 58 29 der
848 2445 92 29 Plica
963 2446 165 39 inguinal.
1167 2446 63 29 Die
1247 2446 133 29 Wunde
1405 2450 232 27 vergrösserte

50 2485 80 30 sich.
179 2485 37 31 10
240 2486 89 39 Tage
353 2490 111 36 später
488 2487 78 29 Hess
591 2487 54 29 die
668 2487 127 30 Jauche
820 2489 69 28 sich
914 2488 106 30 durch
1043 2488 114 30 Druck
1182 2490 60 28 auf
1264 2488 59 30 das
1348 2489 82 30 Bein
1457 2499 59 21 aus
1542 2490 91 30 allen

50 2527 334 31 Muskelinterstitien
414 2529 219 30 ausdrücken.
680 2529 103 30 Unter
815 2530 171 30 schweren
1019 2530 190 40 septischen
1241 2531 278 41 Erscheinungen
1552 2542 84 31 ging

49 2570 134 30 Patient
206 2579 53 21 am
284 2571 49 31 19.
349 2571 91 41 Tage
463 2572 85 29 nach
573 2572 59 30 der
647 2570 192 32 Aufnahme
863 2582 40 20 zu
926 2571 146 33 Grunde.
1112 2574 59 30 Bei
1195 2574 59 30 der
1271 2573 134 31 Section
1430 2578 107 36 zeigte
1562 2575 73 30 sich

50 2612 54 30 die
127 2621 104 31 ganze
255 2614 201 30 Extremität
479 2614 153 40 brandig,
656 2623 66 21 von
746 2615 185 30 schwarzer
954 2616 117 30 Farbe,
1096 2616 88 30 ohne
1209 2617 64 29 alle
1298 2615 253 33 Demarkation.

182 2747 26 39 1)
234 2749 20 30 1.
278 2758 26 21 c.
328 2749 32 30 S.
384 2750 39 31 27
449 2760 29 21 u.
502 2751 50 32 28.

180 2789 28 40 *)
234 2792 20 30 1.
278 2801 25 20 c.
329 2791 32 31 S.
383 2793 51 30 49.
