2143 3620
1105 319 233 34 CONTENTS.

409 301 74 39 viii

949 507 215 41 PART
1215 508 278 43 THIRD.

424 606 199 38 SPEECH
652 609 57 35 IN
739 610 80 36 ITS
845 611 295 37 RELATIONS
1167 614 65 35 TO
1259 614 247 37 DISEASES
1537 616 64 36 OF
1631 617 105 36 THE
1762 619 245 38 NERVOUS

1115 677 212 37 SYSTEM.

1035 785 209 41 Chapter
1276 786 126 42 VIII.

1945 855 15 19 P
1964 855 38 20 AO
2008 856 17 18 E

404 871 140 48 Speech
564 873 39 35 in
622 874 48 36 its
689 874 189 37 Relations
897 880 36 31 to
953 876 181 45 Insanity,
1238 899 11 12 -
1555 901 11 5 -
1712 903 11 5 -
1868 904 14 6 -
1962 884 62 34 182

1055 984 208 41 Chapter
1306 986 76 40 IX.

405 1062 511 50 Aphasia:—Physiological
935 1066 146 35 Preface
1099 1079 8 30 ;
1132 1066 92 36 with
1243 1067 114 36 Notes
1375 1080 100 35 upon
1500 1069 62 36 the
1590 1070 161 49 Leading
1777 1073 104 36 Feat-

500 1131 84 24 ures
598 1120 39 35 of
651 1120 171 47 Aphasia,
837 1122 74 35 and
925 1133 101 35 upon
1040 1122 63 35 the
1119 1123 154 47 History
1286 1124 73 34 and
1376 1124 203 37 Literature
1593 1126 39 34 of
1641 1126 63 36 the
1718 1127 160 48 Subject,
1954 1131 67 35 227

1075 1231 206 41 Chapter
1316 1232 52 41 X.

404 1312 166 47 Aphasia
583 1313 40 35 in
638 1313 171 36 Relation
827 1318 38 31 to
885 1314 157 46 Organic
1061 1315 166 35 Diseases
1245 1315 39 36 of
1298 1315 62 36 the
1380 1316 110 36 Brain
1504 1318 247 48 :—Prefatory
1769 1321 114 36 Notes

500 1381 38 23 as
556 1374 38 31 to
612 1369 62 36 the
694 1370 326 47 Speech-Centres.
1072 1371 187 47 Auditory
1277 1371 175 48 Aj)hasia,
1552 1396 13 11 -
1711 1398 12 4 -
1870 1398 12 6 -
1955 1379 69 35 276

1055 1481 209 40 Chapter
1305 1480 77 43 XT.

402 1562 166 47 Aphasia
597 1562 41 34 in
666 1561 172 36 Relation
864 1565 37 31 to
929 1561 157 47 Organic
1112 1561 167 36 Diseases
1306 1562 40 36 of
1373 1562 62 36 the
1461 1563 421 39 Brain—continued:—

501 1619 121 35 Motor
638 1617 166 48 Aphasia
821 1617 243 47 (Aphemia);
1091 1618 230 36 Conduction
1341 1619 173 47 Aphasia,
1553 1642 328 8 ...
1955 1625 68 35 299

1043 1727 208 40 Chapter
1288 1727 102 41 XII.

402 1809 166 35 Aphasia
593 1809 41 35 in
661 1808 173 36 Relation
859 1812 39 31 to
925 1808 158 48 Organic
1110 1808 165 36 Diseases
1305 1809 40 35 of
1370 1809 63 35 the
1463 1810 420 38 Brain—continued:—

501 1865 134 35 Visual
652 1864 176 47 Aphasia,
1072 1885 13 5 -
1708 1889 13 5 -
1867 1890 9 5 -
1954 1870 69 35 332

1033 1972 208 42 Chapter
1274 1973 126 40 XIII.

403 2056 164 36 Aphasia
593 2057 40 34 in
660 2056 172 35 Relation
859 2059 37 31 to
924 2055 158 36 Organic
1110 2055 165 36 Diseases
1305 2055 39 35 of
1370 2055 63 35 the
1463 2056 417 36 Brain—continued:—

499 2113 306 48 Graphic-Motor
822 2111 176 48 Aphasia.
1051 2112 198 35 Summary
1263 2111 39 36 of
1317 2111 63 36 the
1399 2111 162 48 Leading
1579 2113 172 35 Features
1769 2114 39 34 of
1821 2113 63 36 the

500 2169 170 36 different
705 2168 133 36 simple
869 2168 129 35 Forms
1032 2167 39 36 of
1102 2167 175 47 Aphasia.
1340 2167 218 36 Additional
1592 2168 130 47 simple
1756 2169 128 36 Forms

497 2225 214 48 recognised
752 2225 51 35 by
840 2224 211 35 Lichtheim
1093 2224 73 35 and
1208 2224 206 35 Wernicke.
1483 2223 219 37 Compound
1745 2225 136 35 Forms.

501 2282 155 35 Method
674 2281 40 36 of
729 2281 249 46 Case-taking,
1391 2302 14 5 -
1868 2302 12 5 -
1927 2288 6 28 "
1955 2282 68 34 354

1039 2388 210 41 Chapter
1280 2388 120 40 XIV.

404 2473 165 36 Aphasia
586 2472 73 36 and
687 2470 105 37 other
818 2470 263 35 Disturbances
1108 2469 39 36 of
1170 2469 141 47 Speech
1335 2470 41 34 in
1402 2469 170 35 Relation
1591 2473 36 31 to
1656 2470 226 36 Evanescent

502 2528 158 37 Organic
674 2527 203 36 Affections
890 2526 74 36 and
978 2525 220 36 Functional
1214 2525 190 35 Disorders
1419 2525 39 35 of
1472 2525 62 36 the
1548 2524 171 37 Cerebral
1737 2526 142 45 Cortex,
1955 2528 68 34 377

1050 2634 208 41 Chapter
1289 2633 93 40 XV.

404 2719 217 38 Dysarthric
663 2718 74 36 and
771 2716 202 36 Anarthric
1008 2715 261 36 Disturbances
1302 2715 40 35 of
1380 2714 141 37 Speech
1554 2715 72 36 due
1660 2719 38 32 to
1732 2715 149 37 Lesions

499 2775 172 37 affecting
688 2774 64 35 the
773 2773 120 35 Motor
910 2772 296 47 Speech-Tracts,
1235 2793 11 5 -
1393 2793 12 6 -
1551 2793 12 5 -
1709 2792 13 6 -
1954 2773 63 33 411

1056 2938 323 42 APPENDIX.

403 3040 45 35 A.
451 3037 166 35 —Notes
634 3046 48 24 on
700 3033 119 36 Three
837 3031 108 38 Cases
963 3030 39 36 of
1017 3029 414 49 Speech-Disturbance,
1869 3050 10 5 -
1953 3030 68 35 449

404 3097 40 36 B.
448 3104 207 26 —Reprint
672 3090 40 37 of
725 3088 230 39 Graduation
973 3087 129 36 Thesis
1120 3098 47 24 on
1186 3086 62 36 the
1268 3085 222 49 Physiology
1509 3089 38 32 of
1563 3087 62 35 the
1645 3087 156 46 Larynx,
1871 3107 8 16 -
1955 3085 68 35 463
