2113 3404
948 267 87 31 THE
1068 269 243 33 DISORDERS
1344 272 52 30 OF
1427 272 173 32 SPEECH.

448 250 87 42 254

449 382 292 42 remembered
782 385 195 43 sounds."
1039 385 52 46 In
1133 387 124 46 1872,
1278 390 64 40 Dr
1373 386 247 48 Broadbent
1651 391 224 55 published
1916 393 43 40 in
1994 393 71 43 the

447 451 455 58 Medico-Chirwrgical
938 457 304 54 Transactions,
1277 459 77 42 vol.
1386 460 66 51 lv.,
1475 474 38 40 p.
1549 460 95 51 144,
1675 474 25 30 a
1732 475 131 41 paper
1899 476 53 27 on
1992 463 72 42 the

450 524 21 19 "
488 521 200 44 Cerebral
710 525 272 43 Mechanism
1006 528 42 40 of
1071 527 163 55 Speech
1264 530 84 41 and
1375 529 233 55 Thought,"
1641 531 43 40 in
1719 531 138 42 which
1880 531 53 43 he
1964 539 101 47 puts

450 606 115 41 upon
589 595 146 41 record
759 609 79 27 one
870 596 46 41 of
935 596 72 42 the
1038 597 93 42 first
1162 598 228 54 published
1413 613 116 28 cases
1551 600 46 41 of
1616 600 114 42 what
1754 614 61 28 we
1837 614 96 28 now
1956 606 107 37 term

449 667 20 17 "
479 664 425 52 Word-Blindness,"
920 681 45 27 as
980 667 97 42 well
1093 681 44 28 as
1159 682 24 27 a
1198 669 179 41 number
1391 670 44 40 of
1449 669 121 42 other
1590 670 194 42 valuable
1802 685 125 28 cases.
1980 675 20 17 "
2011 672 50 41 In

451 733 86 43 this
554 735 329 51 contribution,"
900 736 65 42 Dr
985 737 108 42 Boss
1108 739 202 49 remarks,
1325 743 73 37 "as
1416 739 95 42 well
1524 754 45 27 as
1584 741 45 40 in
1647 740 57 42 all
1721 741 64 41 his
1802 748 263 48 subsequent

451 805 209 55 writings,
684 806 64 40 Dr
777 806 248 42 Broadbent
1056 821 92 28 sees
1181 807 155 56 clearly
1371 809 95 41 that
1498 809 73 42 the
1603 810 211 42 disorders
1847 812 43 40 of
1911 811 152 42 speecli

450 875 142 42 which
623 876 83 41 had
740 876 187 42 hitherto
960 877 107 42 been
1100 878 220 42 described
1352 879 136 42 under
1520 880 72 41 the
1627 894 124 28 name
1785 881 42 41 of
1860 881 204 41 Amnesic

447 945 207 55 Aphasia,
683 959 71 28 are
777 947 154 41 caused
955 947 57 55 by
1034 947 132 42 lesion
1191 949 44 40 in
1260 949 73 42 the
1355 963 97 29 area
1473 951 43 41 of
1540 950 70 42 the
1633 952 207 53 posterior
1860 952 205 42 branches

448 1016 44 41 of
534 1016 75 42 the
641 1016 180 54 Sylvian
854 1020 155 52 artery,
1042 1018 84 41 and
1170 1019 95 41 that
1296 1019 103 55 they
1431 1021 136 41 result
1599 1021 110 42 from
1738 1022 143 55 injury
1914 1023 45 40 of
1994 1022 70 44 the

449 1099 177 42 sensory
656 1086 301 42 mechanism."
976 1087 14 24 1

507 1156 129 53 Thus,
659 1171 106 27 even
796 1157 111 41 from
930 1158 105 41 such
1057 1173 25 27 a
1103 1159 114 42 brief
1245 1174 219 41 summary
1487 1175 46 27 as
1566 1161 71 42 the
1670 1162 227 55 foregoing,
1920 1163 35 40 it
1978 1163 85 40 will

448 1228 52 41 be
522 1241 101 28 seen
655 1227 106 51 that,
785 1228 45 40 in
861 1228 85 41 this
969 1234 193 50 country,
1186 1230 143 42 before
1353 1230 71 42 the
1448 1231 266 54 publication
1737 1231 43 42 of
1800 1232 265 42 Wernicke's

446 1312 143 41 paper,
628 1298 71 42 the
737 1299 171 41 various
943 1299 131 41 forms
1109 1300 46 40 of
1192 1300 205 54 Aphasia,
1435 1314 175 29 sensory
1648 1301 84 41 and
1778 1308 145 35 motor,
1958 1316 106 27 were

445 1369 174 55 already
661 1369 226 55 gradually
930 1370 127 54 being
1098 1370 318 42 differentiated
1448 1371 84 41 and
1565 1372 255 41 recognised.
1888 1372 102 40 And
2032 1373 35 40 it

447 1439 142 42 would
621 1444 77 36 not
731 1439 49 41 be
814 1439 183 42 difficult
1030 1445 42 35 to
1105 1440 117 42 show
1255 1441 96 41 that
1393 1441 165 41 similar
1589 1455 190 41 progress
1817 1456 84 27 was
1941 1442 126 55 being

447 1510 125 41 made
594 1510 45 40 in
669 1510 122 41 other
815 1510 225 41 countries.

504 1580 196 50 Further,
723 1593 61 28 we
807 1584 117 36 must
945 1584 76 36 not
1044 1581 107 41 omit
1174 1585 43 37 to
1235 1585 111 46 note,
1369 1581 105 41 that,
1493 1585 44 37 at
1555 1581 85 41 this
1658 1581 158 55 period,
1839 1596 24 26 a
1886 1596 92 27 new
1997 1596 70 28 era

445 1651 47 41 in
508 1650 200 42 Cerebral
720 1650 262 55 Physiology
999 1664 83 28 was
1099 1651 141 54 begun
1252 1651 56 55 by
1323 1657 289 36 experiments
1624 1651 46 42 in
1684 1652 215 41 electrical
1913 1652 150 41 stimu-

447 1721 137 41 lation
599 1735 117 41 upon
732 1721 72 41 the
819 1721 143 41 brains
978 1721 43 41 of
1035 1721 138 55 living
1187 1722 192 41 animals.
1425 1722 88 42 The
1528 1737 69 27 era
1611 1722 164 54 opened
1792 1723 101 40 with
1909 1723 73 41 the
1997 1738 69 26 ex-

448 1796 236 50 periments
703 1791 43 41 of
762 1791 167 41 Fritsch
947 1791 85 41 and
1053 1790 149 56 Hitzig
1217 1792 45 40 in
1280 1791 125 45 1870,
1417 1792 84 41 and
1517 1792 119 42 those
1651 1793 43 41 of
1708 1793 164 41 Ferrier
1884 1793 43 40 in
1945 1793 121 44 1873.

449 1863 65 54 By
532 1862 85 41 this
632 1876 95 27 new
746 1861 174 42 method
936 1861 46 41 of
993 1862 283 41 observation,
1295 1876 23 27 a
1337 1862 209 54 precision
1567 1877 83 27 was
1670 1877 101 27 soon
1789 1864 126 54 given
1937 1868 43 36 to
1996 1864 71 41 the

450 1933 167 41 science
641 1933 45 41 of
706 1932 197 42 Cerebral
928 1932 264 55 Physiology
1216 1932 94 42 that
1336 1932 33 41 it
1393 1932 85 41 had
1501 1947 128 27 never
1651 1933 143 41 before
1818 1933 229 54 possessed.

507 2001 234 42 Wernicke
768 2002 231 54 published
1031 2001 67 42 his
1130 2002 238 54 important
1400 2001 196 43 treatise2
1617 2002 46 42 in
1687 2003 121 41 1874.
1879 2003 53 40 In
1959 2003 35 41 it
2015 2003 54 41 he

447 2072 170 42 records
639 2072 163 42 several
835 2086 117 28 cases
990 2072 45 41 of
1063 2076 20 17 "
1100 2072 185 55 Sensory
1326 2072 233 55 Aphasia"
1602 2073 94 41 that
1727 2073 226 54 presented
1995 2073 73 41 the

448 2143 320 42 characteristic
790 2148 241 50 symptoms
1054 2156 96 28 now
1173 2143 157 40 known
1354 2157 46 27 as
1425 2143 367 42 Word-Deafness
1815 2144 83 40 and
1915 2143 154 41 Word-

449 2214 242 42 Blindness.
755 2214 69 41 He
857 2213 208 42 carefully
1099 2213 213 41 describes
1344 2213 72 42 the
1458 2213 167 42 morbid
1659 2227 293 41 appearances,
1985 2213 82 41 and

449 2285 72 41 the
545 2284 176 42 locality
745 2284 43 41 of
810 2284 73 42 the
915 2283 149 42 lesion,
1096 2297 45 28 as
1174 2283 224 55 displayed
1438 2283 46 41 in
1517 2297 79 28 one
1628 2283 42 41 of
1702 2283 71 41 the
1806 2297 115 28 cases
1952 2297 115 40 upon

451 2355 141 41 which
629 2369 56 27 an
728 2360 183 49 autopsy
944 2354 85 42 had
1059 2355 106 41 been
1202 2354 134 41 made.
1399 2354 122 41 More
1554 2353 157 42 clearly
1743 2354 84 41 and
1861 2353 208 55 precisely

451 2425 104 41 than
595 2439 85 41 any
718 2424 200 55 previous
954 2430 155 35 writer,
1153 2423 52 42 he
1237 2423 214 42 describes
1484 2423 72 42 the
1590 2423 250 42 differences
1877 2423 191 42 between

451 2494 185 41 Sensory
683 2493 85 41 and
817 2493 146 42 Motor
1010 2494 203 54 Aphasia.
1286 2494 69 41 He
1399 2494 88 41 also
1535 2493 213 42 describes
1790 2493 73 42 the
1905 2498 161 49 variety

448 2561 44 41 of
543 2561 177 41 aphasia
762 2560 95 41 that
900 2561 156 41 results
1101 2561 108 40 from
1251 2561 136 41 lesion
1430 2561 43 41 of
1515 2561 72 41 the
1631 2561 130 42 white
1813 2567 254 48 conducting

449 2631 125 40 fibres
622 2630 257 55 connecting
925 2630 74 42 the
1045 2643 176 29 sensory
1272 2630 104 41 with
1423 2630 73 41 the
1547 2635 139 36 motor
1737 2634 328 38 speech-centre.

449 2701 71 41 He
562 2700 100 42 thus
705 2705 101 49 puts
849 2701 72 41 the
953 2701 167 41 subject
1162 2701 45 40 of
1246 2700 183 55 Sensory
1474 2700 192 54 Aphasia
1710 2715 115 26 upon
1869 2715 23 26 a
1940 2699 125 42 much

451 2771 143 42 firmer
624 2771 114 41 basis
771 2770 104 41 than
919 2771 34 40 it
986 2771 83 40 had
1109 2770 188 42 hitherto
1330 2771 212 41 occupied.
1625 2770 264 42 Wernicke's
1934 2782 132 38 name,

449 2843 223 42 therefore,
706 2841 88 41 will
826 2841 208 55 probably
1058 2841 159 42 always
1240 2841 51 41 be
1318 2841 248 42 associated,
1587 2841 45 41 in
1656 2856 23 26 a
1701 2841 158 55 special
1882 2854 185 34 manner,

449 2913 108 42 with
579 2912 75 42 the
678 2911 262 43 elucidation
964 2911 42 42 of
1029 2911 185 55 Sensory
1234 2910 202 56 Aphasia.

832 3004 12 22 1
872 3004 55 35 Dr
945 3004 91 36 Ross
1057 3006 52 33 On
1128 3003 175 47 Aphasia,
1325 3004 102 44 1887,
1447 3014 35 37 p.
1513 3005 77 34 114.

829 3064 13 22 2
869 3064 72 35 Der
959 3062 217 48 Aphasislie
1195 3062 384 47 Symptomcncomplcx,
1600 3063 98 34 1874.
