1895 3217
686 281 238 34 MONKEYS.

1449 277 53 40 51

144 416 89 44 But
252 428 162 47 among
437 419 77 40 the
544 427 141 46 many
709 409 239 47 anecdotes
971 407 173 46 related
1166 408 52 47 of
1238 415 79 40 the
1339 410 168 47 under-

142 491 208 61 standing
368 490 49 46 of
428 497 76 38 the
523 494 342 57 orang-outang,
876 488 91 45 and
984 493 128 40 other
1128 501 236 47 monkeys,
1385 503 122 30 some

143 583 105 46 may
262 569 55 44 be
333 568 169 45 classed
516 583 48 29 as
582 566 143 46 under
738 566 79 45 the
831 564 221 46 influence
1070 562 50 48 of
1134 579 28 30 a
1182 563 158 62 higher
1356 579 151 46 power

142 644 47 45 of
205 645 353 45 discrimination
576 650 113 39 than
711 658 121 31 mere
849 641 203 55 instinct,
1073 642 91 45 and
1182 641 150 46 where
1355 657 28 30 a
1405 657 103 46 pro-

141 737 105 37 cess,
263 738 48 29 as
326 722 37 45 it
381 737 132 38 were,
534 720 50 47 of
599 721 246 45 discussion
862 719 161 62 passed
1040 719 48 45 in
1102 725 79 39 the
1196 734 248 31 sensorimn
1463 719 47 46 of

141 806 76 39 the
235 799 182 45 animal.
460 798 68 47 As
547 814 59 30 an
625 797 207 47 example
848 796 50 47 of
907 797 125 46 what
1051 811 70 31 we
1137 811 151 40 mean,
1308 813 70 29 we
1395 812 111 46 may

139 882 202 40 mention
375 891 59 30 an
467 875 214 46 anecdote
705 873 50 47 of
776 882 79 38 the
885 889 152 46 young
1068 873 79 46 red
1179 888 150 46 orang,
1364 873 144 62 lately

140 952 231 46 exhibited
403 952 48 46 in
485 951 264 47 Edinburgh
781 951 64 61 by
869 951 75 45 Mr
968 951 132 61 Cops,
1145 949 90 47 and
1257 949 171 47 figured
1452 966 53 30 on

139 1044 79 30 our
241 1030 161 45 second
422 1044 135 46 plate.

205 1107 74 44 Mr
303 1107 116 46 Cops
465 1121 82 31 one
570 1105 91 62 day
683 1120 112 47 gave
817 1106 97 44 him
937 1105 78 45 the
1043 1103 104 47 half
1167 1103 49 46 of
1242 1120 59 29 an
1329 1120 175 40 orange,

139 1199 27 28 a
205 1182 110 46 fruit
355 1183 49 46 of
447 1182 148 46 which
640 1183 59 45 he
742 1198 94 30 was
897 1181 304 62 passionately
1246 1180 120 55 fond,
1416 1183 91 45 and

139 1260 94 45 laid
263 1267 77 38 the
375 1260 127 45 other
533 1258 104 46 half
662 1259 122 45 aside
817 1274 119 30 upon
970 1265 79 39 the
1081 1273 140 46 upper
1255 1257 121 47 shelf
1408 1258 51 46 of
1481 1274 27 31 a

138 1352 121 44 press
290 1343 77 38 out
407 1336 50 45 of
481 1336 70 44 his
579 1336 130 44 reach
744 1336 90 44 and
867 1335 131 46 sight.
1066 1336 132 45 Some
1230 1341 113 40 time
1377 1343 129 47 after,

139 1412 76 44 Mr
237 1412 115 46 Cops
409 1413 131 60 being
570 1411 215 62 reclining
810 1427 120 30 upon
965 1427 27 30 a
1023 1427 92 30 sofa
1149 1411 114 46 with
1296 1411 70 46 his
1401 1428 106 46 eyes

139 1487 157 55 closed,
337 1495 79 39 the
461 1504 134 46 orang
629 1490 143 44 began
811 1495 46 40 to
893 1489 142 61 prowl
1074 1491 137 43 about
1244 1495 79 39 the
1367 1504 134 40 room,

139 1565 89 45 and
262 1565 180 46 showed
475 1572 117 46 that,
624 1565 409 62 notwithstanding
1070 1565 72 45 his
1182 1572 217 54 apparent
1435 1566 72 45 in-

137 1647 238 48 attention,
417 1649 77 37 the
528 1648 191 54 position
765 1640 50 47 of
850 1641 71 47 his
957 1641 219 47 favourite
1217 1657 161 31 orange
1411 1643 93 45 had

136 1718 111 44 been
282 1733 225 46 narrowly
542 1718 219 45 watched.
831 1718 209 47 Anxious
1062 1724 47 40 to
1134 1734 71 30 see
1234 1724 79 40 the
1345 1725 157 47 result,

136 1794 56 45 he
245 1795 240 45 continued
541 1795 139 60 quiet,
739 1795 90 45 and
886 1794 177 46 feigned
1121 1795 133 46 sleep.
1364 1795 140 46 Jocko

136 1872 253 59 cautiously
434 1872 277 60 approached
760 1879 80 39 the
892 1887 107 37 sofa,
1053 1872 242 45 examined
1346 1887 48 30 as
1438 1871 68 46 far

138 1963 47 29 as
208 1948 57 44 he
290 1949 129 43 could
442 1948 103 44 that
567 1949 71 43 his
661 1949 218 59 guardian
903 1964 93 29 was
1021 1948 158 54 sound,
1205 1948 91 45 and
1318 1954 187 39 mount-

137 2022 76 62 ing
235 2024 175 60 quietly
439 2024 90 44 and
557 2024 345 60 expeditiously,
927 2023 192 46 finished
1141 2030 79 39 the
1251 2024 252 62 remaining

135 2099 104 45 half
253 2099 51 46 of
322 2107 78 38 the
424 2116 174 45 orange,
624 2100 216 62 carefully
867 2100 233 46 concealed
1121 2106 80 40 the
1222 2101 100 61 peel
1344 2100 46 45 in
1423 2101 78 46 the

135 2192 122 45 grate
282 2192 162 46 among
477 2193 121 30 some
625 2193 137 45 paper
792 2192 224 47 shavings,
1050 2178 91 45 and
1166 2177 170 62 having
1369 2178 132 46 again

135 2253 240 45 examined
399 2254 74 45 Mr
505 2254 145 61 Cops,,
693 2255 90 44 and
815 2270 150 46 seeing
991 2255 190 61 nothing
1208 2253 210 47 doubtful
1451 2254 48 47 in

135 2337 77 37 the
235 2331 163 59 reality
422 2330 49 45 of
497 2331 68 45 his
590 2331 133 61 sleep,
748 2331 164 46 retired
935 2330 274 64 confidently
1232 2337 46 40 to
1301 2331 70 46 his
1395 2347 103 31 own

137 2407 148 44 couch.
355 2407 121 45 Here
499 2414 125 39 there
647 2414 124 39 must
793 2408 117 46 have
939 2409 113 45 been
1076 2424 27 30 a
1137 2407 197 47 detailed
1364 2408 133 46 series

136 2482 49 46 of
219 2484 282 60 impressions
545 2485 159 61 during
742 2491 79 39 the
861 2501 197 45 progress
1101 2485 50 45 of
1192 2492 79 39 the
1312 2484 181 55 action;

137 2560 80 45 but
252 2559 45 46 in
333 2576 202 31 common
570 2561 113 46 with
717 2568 78 40 the
830 2568 297 40 construction
1163 2561 49 46 of
1248 2562 78 44 the
1364 2562 132 45 brute
