1895 3217
1490 273 89 47 127

662 282 92 32 THE
779 282 152 32 NEGRO
954 283 216 31 MONKEY.

219 427 139 45 upper
374 412 79 60 lip^
479 410 90 47 and
583 425 56 32 on
661 416 78 41 the
762 427 122 31 more
906 411 255 62 prominent
1177 414 100 57 part
1298 409 51 46 of
1372 416 80 39 the
1474 425 106 31 nose

211 505 56 28 an
300 488 280 45 inten’upted
612 503 131 30 senes
776 488 36 45 is
848 487 225 45 observed.
1142 487 97 44 The
1271 486 134 45 iiides
1428 486 49 45 of
1502 488 80 44 the

210 582 105 28 eyes
338 581 74 29 are
436 565 50 45 of
517 580 26 30 a
573 565 110 45 dark
715 566 154 44 brown
901 564 159 45 colour.
1131 564 97 44 The
1256 579 96 29 ears
1376 579 74 29 are
1474 579 106 30 con-

210 642 149 46 cealed
383 641 113 45 from
521 642 118 44 view
673 643 62 59 by
765 642 77 44 the
876 642 103 60 long
1012 641 120 44 hairs
1166 641 149 45 which
1349 656 129 30 cover
1500 641 82 45 the

209 719 158 45 lateral
402 726 122 54 parts
565 718 51 45 of
646 719 78 45 the
760 719 148 53 head;
950 725 112 54 they
1096 733 75 30 are
1209 717 247 62 margined,
1492 719 90 44 and

209 797 108 44 both
340 796 47 45 in
411 795 111 46 form
547 796 90 45 and
661 795 261 62 disposition
950 794 50 47 of
1025 795 205 45 external
1260 802 123 54 parts
1415 795 167 61 closely

208 875 216 43 resemble
447 880 127 38 these
598 889 156 30 organs
770 873 47 45 in
835 889 123 29 man.
1028 874 96 44 The
1147 874 113 43 neck
1277 872 37 45 is
1334 872 135 53 short,
1490 873 91 45 and

209 950 306 62 considerably
531 951 268 44 contracted.
870 951 98 44 The
986 951 141 44 trunk
1145 950 37 45 is
1201 949 50 46 of
1264 956 125 55 great
1408 950 171 53 length,

209 1028 136 44 broad
368 1028 90 44 and
478 1029 154 44 robust
657 1029 137 44 about
824 1035 81 38 the
934 1028 231 45 shoulders
1196 1028 90 45 and
1313 1028 79 45 the
1415 1029 164 52 breast,

209 1105 90 44 and
322 1105 238 61 gradually
584 1104 50 46 of
651 1105 181 45 smaller
855 1105 272 45 dimensions
1143 1105 195 45 towards
1356 1105 78 45 the
1451 1105 128 45 loins.

212 1182 98 44 The
332 1183 208 43 buttocks
564 1197 74 29 are
661 1182 188 45 marked
883 1182 116 45 with
1030 1198 112 45 very
1174 1183 120 45 large
1324 1182 140 45 rough
1489 1183 93 44 cal-

211 1257 182 46 losities.
485 1259 98 45 The
618 1274 230 39 mammae,
900 1258 47 46 in
993 1266 78 38 the
1115 1260 128 44 adult
1290 1258 176 55 female,
1507 1275 74 29 are

211 1335 269 61 lengthened
494 1335 90 45 and
609 1336 275 44 cylindrical.
977 1337 97 43 The
1091 1335 83 46 tail
1191 1335 37 46 is
1251 1351 48 30 as
1320 1336 103 61 long
1436 1351 48 30 as
1504 1336 78 45 the

211 1413 118 59 body
359 1413 90 45 and
474 1413 117 45 head
622 1414 140 44 taken
794 1413 231 61 together;
1061 1413 48 44 in
1140 1428 121 30 some
1290 1412 289 54 individuals,

212 1489 88 44 and
331 1489 291 62 particularly
656 1490 47 45 in
737 1505 152 46 young
923 1490 209 60 subjects,
1167 1490 37 45 it
1238 1490 185 45 exceeds
1455 1490 127 45 these

211 1572 122 54 parts
363 1566 47 45 in
443 1566 188 62 length;
667 1567 37 45 it
738 1567 37 45 is
809 1567 262 45 cylindrical
1105 1567 161 61 during
1298 1573 79 39 the
1409 1574 173 54 greater

210 1649 99 53 part
345 1642 50 46 of
420 1643 58 45 its
517 1644 187 61 length;
747 1644 78 45 the
865 1646 105 43 base
1009 1644 37 45 is
1082 1644 239 61 gradually
1359 1644 219 60 tapering,

210 1720 90 44 and
330 1726 78 38 the
438 1720 66 61 tip
538 1720 37 45 is
608 1721 256 54 thickened,
898 1722 91 44 and
1017 1721 273 46 terminated
1320 1722 63 60 by
1407 1736 27 30 a
1466 1721 115 45 close

210 1802 92 39 tuft
326 1795 50 46 of
389 1798 102 60 long
513 1798 121 45 hairs
657 1797 50 46 of
723 1814 59 29 an
805 1805 131 38 ovate
959 1797 125 47 form.

316 1875 97 44 The
430 1874 365 46 Semnopithecus
809 1890 194 29 maurus
1020 1875 38 45 is
1074 1874 327 46 distinguished
1419 1890 162 46 among

211 1950 79 44 the
323 1951 224 45 Javanese
578 1953 61 58 by
662 1959 79 37 the
771 1967 134 29 name
939 1951 50 45 of
1013 1952 202 60 Budeng,
1248 1950 113 46 from
1394 1952 188 45 another

214 2042 163 29 species
402 2028 147 44 which
572 2028 82 44 has
676 2035 79 38 the
779 2044 122 29 same
925 2027 111 45 fonn
1061 2028 89 45 and
1173 2028 143 53 habit,
1336 2029 83 43 but
1444 2043 26 29 a
1494 2027 86 46 dif-

212 2102 143 46 ferent
389 2105 204 44 external
627 2104 217 45 covering.
914 2105 97 44 The
1041 2120 133 29 name
1199 2104 50 45 of
1273 2105 78 45 the
1384 2105 136 45 latter
1542 2105 37 45 is

213 2180 185 61 Lutung
414 2197 15 37 j
466 2182 82 44 but
582 2181 79 45 the
690 2182 181 45 Malays
905 2182 90 44 and
1027 2182 259 45 Europeans
1319 2182 139 61 apply
1488 2182 90 45 this

211 2272 133 30 name
376 2265 47 38 to
456 2258 109 45 both
600 2274 179 45 species,
816 2259 90 45 and
939 2258 269 61 distinguish
1241 2258 128 45 them
1403 2259 62 60 by
1501 2258 75 46 the

211 2334 171 60 epithet
406 2333 50 47 of
482 2336 130 44 black
635 2336 91 45 and
748 2336 77 44 red
843 2352 14 37 j
894 2336 78 45 the
1006 2337 189 59 Budeng
1222 2335 131 61 being
1376 2335 199 45 denomi-

211 2411 138 45 nated
368 2410 189 62 Lutung
580 2414 128 51 itam,
734 2412 90 45 and
845 2412 79 45 the
949 2413 185 60 Lutung
1160 2411 50 47 of
1234 2413 78 44 the
1335 2412 239 53 Javanese,

210 2486 191 61 Lutung
423 2503 140 30 mera.
634 2489 55 45 In
712 2489 212 46 Sumatra
942 2496 78 38 the
1043 2504 134 31 name
1200 2488 51 47 of
1266 2495 78 39 the
1369 2495 12 19 ‘
1401 2489 173 45 Maure'

207 2558 37 45 is
271 2563 183 60 Lotong.

1360 2654 27 38 Q
