2107 3450
328 303 208 39 APHASIA,
568 303 105 31 ETC.,
706 304 47 30 IN
788 302 223 32 RELATION
1044 301 55 32 TO
1132 301 288 31 FUNCTIONAL
1452 300 260 32 DISORDERS.
1768 287 85 47 387

194 422 94 45 that
333 430 242 50 temporary
621 423 181 43 aphasia
845 423 77 42 lias
966 426 121 38 often
1132 422 109 42 been
1297 421 256 49 attributed,
1596 419 166 56 rightly
1805 434 48 27 or

192 495 206 56 wrongly,
420 500 45 37 to
488 496 230 55 congestion
740 495 47 42 of
808 495 73 41 the
905 494 134 42 brain.
1104 493 71 42 No
1208 493 138 41 doubt
1380 506 133 41 many
1547 492 47 41 of
1625 491 75 42 the
1730 505 120 29 cases

188 567 109 42 have
322 567 107 42 been
455 567 216 56 produced
696 567 58 42 by
781 567 126 41 other
940 579 164 28 causes,
1127 564 107 42 such
1270 578 46 27 as
1351 563 230 52 toxaemia;
1614 563 80 41 but
1726 562 122 43 there

187 652 139 29 seems
349 654 24 26 a
395 639 109 56 good
528 639 98 42 deal
649 639 45 42 of
714 638 171 57 ground
905 638 67 42 for
997 637 72 42 the
1091 636 135 43 belief
1248 635 99 43 that
1369 634 180 57 aphasic
1567 634 283 42 disturbance

187 711 46 41 of
252 710 156 56 speech
434 725 97 41 may
556 711 137 42 really
718 711 52 42 be
794 710 85 42 due
903 715 44 37 to
971 708 196 44 cerebral
1190 707 267 44 congestion.
1523 707 22 41 I
1580 706 113 43 have
1715 705 87 43 had
1825 720 25 28 a

189 795 93 31 ease
314 781 45 44 in
394 798 73 41 my
500 798 97 27 own
632 783 189 56 practice
856 782 143 42 which
1033 781 127 43 lends
1193 785 185 51 support
1410 785 44 37 to
1487 779 90 43 this
1615 779 123 42 view.
1804 779 46 41 It

187 855 217 43 occurred,
422 869 24 28 a
462 855 111 56 good
594 870 134 41 many
751 869 126 43 years
895 869 91 42 ago,
1005 854 44 43 in
1074 854 75 43 the
1167 867 159 43 person
1344 853 45 42 of
1411 867 56 27 an
1486 851 73 43 old
1581 851 267 57 gentleman,

189 927 45 41 of
269 927 141 43 active
444 928 125 41 mind
602 928 87 41 and
723 927 219 57 energetic
974 926 160 42 habits,
1168 926 97 41 who
1310 926 65 41 for
1417 939 134 41 many
1590 938 127 42 years
1760 923 88 42 had

186 998 109 43 been
318 999 171 56 subject
522 1005 43 37 to
599 1000 245 42 occasional
876 999 173 43 attacks
1082 999 44 41 of
1159 997 272 51 hematuria,
1464 996 239 57 especially
1736 1001 112 37 after

186 1086 212 41 exposure
421 1076 45 39 to
489 1072 108 43 cold.
663 1074 45 42 It
730 1087 88 28 was
852 1087 215 28 exposure
1091 1076 44 38 to
1169 1070 98 43 cold
1302 1069 142 43 which
1470 1069 190 57 brought
1682 1083 56 28 on
1771 1068 77 43 the

187 1144 148 42 attack
369 1145 44 41 of
450 1145 181 56 aphasia
666 1151 44 37 to
749 1145 146 42 which
930 1145 22 42 I
989 1158 98 28 now
1128 1143 109 42 wish
1275 1149 43 35 to
1352 1142 124 42 refer.
1542 1142 71 42 He
1653 1140 87 43 had
1773 1145 75 51 got

186 1216 175 52 chilled,
385 1217 125 43 when
534 1218 206 42 standing
764 1218 45 41 in
831 1217 76 43 the
929 1221 136 39 street
1099 1215 187 42 without
1319 1229 24 27 a
1374 1218 235 53 greatcoat,
1643 1227 203 29 convers-

185 1290 76 41 ing
298 1289 108 42 with
456 1304 24 27 a
529 1290 156 43 friend,
728 1290 130 42 while
901 1304 25 27 a
969 1289 197 56 piercing
1209 1291 94 38 east
1346 1286 120 42 wind
1511 1300 87 28 was
1642 1285 202 56 blowing.

187 1361 181 43 Feeling
406 1362 181 42 himself
620 1363 177 42 become
833 1361 217 55 suddenly
1088 1360 65 57 ill,
1189 1360 55 41 he
1283 1359 87 41 had
1408 1359 135 42 taken
1581 1373 25 27 a
1641 1358 79 42 cab
1759 1357 88 42 and

186 1433 155 43 driven
364 1434 141 42 home,
526 1434 81 42 but
629 1448 57 28 on
708 1434 194 42 arriving
926 1433 53 41 he
1004 1446 87 28 was
1113 1446 48 28 so
1188 1431 123 43 weak
1343 1445 56 28 on
1433 1430 69 42 his
1535 1430 92 56 legs
1660 1429 100 42 that
1791 1429 56 42 he

186 1504 85 42 had
309 1510 44 37 to
392 1506 52 41 be
481 1505 158 42 almost
674 1505 166 43 carried
882 1506 96 41 into
1022 1504 69 42 his
1132 1503 148 43 house.
1366 1503 23 41 I
1432 1516 89 29 saw
1555 1501 93 42 him
1687 1515 162 28 almost

183 1576 329 57 immediately;
549 1577 99 51 and,
684 1577 167 42 though
892 1577 22 41 I
950 1580 162 39 cannot
1151 1589 99 28 now
1284 1574 244 43 remember
1566 1588 86 42 any
1687 1572 161 43 details

183 1648 133 42 about
338 1648 69 42 his
430 1648 171 56 speech,
628 1649 22 41 I
684 1649 244 42 remember
961 1647 109 51 that,
1103 1647 168 42 though
1306 1647 56 42 he
1396 1660 89 29 was
1518 1646 242 43 conscious,
1792 1645 56 43 he

184 1734 86 28 was
293 1719 159 43 almost
473 1720 257 56 speechless.
796 1720 23 42 I
843 1720 86 42 had
952 1720 94 41 him
1079 1718 156 57 placed
1269 1719 147 42 before
1446 1733 26 27 a
1503 1718 112 57 good
1647 1719 91 42 fire,
1760 1718 86 42 had

182 1791 68 43 his
273 1792 89 42 feet
383 1797 82 51 put
486 1792 94 43 into
606 1807 132 28 warm
764 1797 146 38 water,
933 1792 87 43 and
1043 1791 85 43 had
1151 1791 70 43 his
1243 1791 134 43 limbs
1402 1791 100 43 well
1535 1791 194 43 rubbed;
1761 1791 87 42 and

183 1863 45 42 in
251 1878 25 28 a
298 1864 82 43 few
405 1865 193 43 minutes
626 1865 71 43 his
731 1865 159 43 speech
927 1879 87 28 was
1047 1865 204 42 restored.
1318 1865 72 42 He
1423 1879 89 28 was
1545 1864 106 43 then
1687 1868 83 52 put
1804 1871 43 35 to

185 1936 90 51 bed,
298 1936 86 42 and
414 1937 174 56 rapidly
620 1937 243 43 recovered.
930 1938 22 41 I
985 1937 244 43 remember
1262 1937 99 42 that
1394 1936 75 43 the
1502 1938 96 41 first
1631 1951 126 28 urine
1792 1936 55 43 he

182 2008 154 55 passed
366 2008 112 43 after
515 2010 76 43 the
634 2010 150 43 attack
818 2024 88 28 was
950 2009 91 44 like
1083 2013 162 53 porter,
1283 2009 113 42 from
1439 2009 76 43 the
1558 2009 209 56 quantity
1804 2010 48 42 of

182 2079 128 44 blood
347 2080 47 43 in
427 2081 46 44 it.
538 2082 71 43 He
642 2082 120 42 lived
799 2082 67 42 for
900 2097 24 26 a
958 2082 190 42 number
1175 2081 44 43 of
1248 2095 128 42 years
1409 2087 113 37 after
1555 2081 89 44 this
1671 2082 178 53 attack;

182 2153 136 56 dying
339 2154 258 56 eventually
621 2155 47 42 of
693 2154 138 43 aortic
864 2159 330 51 regurgitation,
1229 2153 156 53 which,
1419 2153 215 43 however,
1668 2154 55 42 he
1758 2168 88 28 was

185 2231 73 36 not
291 2226 210 43 suffering
537 2227 112 42 from
688 2235 46 34 at
769 2227 76 42 the
884 2227 106 42 time
1029 2227 48 42 of
1112 2226 74 43 the
1229 2226 162 42 attack.
1456 2226 86 43 His
1586 2227 126 42 urine
1758 2241 89 29 was

182 2297 162 57 always
387 2298 182 52 normal,
605 2303 158 39 except
807 2299 125 42 when
977 2299 56 42 he
1075 2299 88 42 had
1206 2313 82 28 one
1332 2299 47 42 of
1419 2299 123 43 these
1586 2299 174 43 attacks
1803 2300 49 41 of

182 2370 267 45 hsematuria.
513 2371 92 43 The
627 2372 151 42 attack
810 2372 48 42 of
886 2372 182 42 aphasia
1100 2371 88 43 and
1219 2371 252 57 paraplegic
1504 2372 164 55 paresis
1702 2372 143 43 which

183 2443 21 41 I
228 2442 110 43 have
357 2443 95 55 just
475 2443 227 43 described
727 2458 87 29 was
838 2444 214 56 probably
1075 2444 146 42 owing
1243 2447 45 39 to
1311 2444 74 42 the
1410 2442 107 44 chill
1550 2444 165 56 having
1748 2459 97 42 pro-

184 2515 152 43 duced,
361 2531 54 26 on
439 2516 89 43 this
552 2516 212 43 occasion,
787 2521 78 38 not
880 2516 166 56 merely
1069 2516 253 57 congestion
1348 2517 47 41 of
1415 2516 75 43 the
1512 2516 203 57 kidneys,
1734 2531 46 29 as
1799 2517 48 43 in

184 2587 66 43 his
273 2588 126 43 other
421 2588 172 43 attacks
623 2589 46 42 of
701 2588 273 44 hsematuria,
1006 2589 81 42 but
1119 2588 93 43 also
1246 2588 252 43 congestion
1535 2590 47 41 of
1612 2589 76 43 the
1720 2590 127 42 brain

181 2661 84 40 and
290 2661 143 55 spinal
461 2661 112 43 cord.

242 2733 66 42 Dr
330 2733 110 43 Koss
469 2733 130 57 (page
632 2734 78 57 51)
742 2734 255 57 says,"A
1029 2734 219 44 transient
1279 2735 152 43 attack
1465 2736 47 41 of
1541 2735 181 57 aphasia
1746 2750 100 42 may

185 2805 89 42 also
298 2820 127 28 occur
447 2806 113 43 after
584 2820 25 29 a
632 2820 236 43 paroxysm
892 2808 44 41 of
958 2822 114 41 rage,
1095 2821 47 28 or
1165 2807 112 42 after
1299 2820 25 29 a
1346 2821 151 30 severe
1519 2807 148 57 fright,
1697 2822 150 39 shock,

184 2890 47 28 or
263 2876 295 55 sunstroke;"
591 2878 86 42 and
708 2878 54 43 he
804 2878 122 57 gives
968 2879 244 43 references
1250 2883 45 38 to
1329 2893 119 28 cases
1480 2878 276 44 illustrating
1789 2879 59 43 its

186 2962 256 31 occurrence
472 2949 47 42 in
549 2949 105 44 each
689 2950 48 43 of
769 2950 121 44 these
927 2951 261 43 conditions.
1252 2951 45 42 It
1334 2951 37 42 is
1406 2950 192 44 difficult
1630 2955 46 39 to
1714 2951 133 43 know

187 3019 204 54 whether,
414 3021 47 42 in
484 3021 106 43 such
615 3036 131 29 cases,
770 3022 74 43 the
862 3022 182 57 aphasia
1060 3023 38 43 is
1116 3022 86 44 due
1221 3027 44 39 to
1284 3023 253 43 congestion
1556 3023 44 42 of
1620 3022 73 44 the
1709 3023 138 51 brain,

187 3105 46 29 or
254 3097 45 38 to
321 3107 150 30 severe
493 3109 188 29 nervous
704 3094 283 45 disturbance
1006 3111 8 38 ;
1046 3095 190 57 perhaps
1260 3095 107 43 both
1401 3110 101 41 may
1526 3095 252 43 contribute
1801 3099 45 39 to

185 3166 187 53 produce
395 3166 45 43 it.
