2125 3524
343 278 55 42 54

826 293 54 31 Til
890 294 22 30 15
944 294 242 32 DISOIWEUS
1218 296 53 30 OF
1301 296 174 31 SPEKCII.

341 407 87 55 ally
445 423 9 38 ;
486 408 43 41 in
553 409 145 43 others
719 410 76 43 she
816 411 160 58 coughs
995 411 306 59 rhythmically
1320 430 7 35 ;
1361 414 40 43 in
1426 414 142 41 others
1590 414 75 42 she
1687 428 194 39 sneezes;
1912 418 37 41 in

342 477 144 42 others
508 478 75 42 she
606 486 164 47 snorts;
803 482 44 40 in
870 481 144 46 others
1029 482 77 45 she
1129 484 121 41 snifl's
1269 484 105 41 with
1397 483 73 41 the
1494 497 127 27 nose;
1651 484 44 40 in
1719 484 142 42 others
1882 486 70 43 she

342 548 261 56 hiccoughs;
634 551 45 41 in
702 552 144 42 others
869 552 75 42 she
966 567 149 40 yawns
1135 569 9 36 ;
1174 553 85 41 and
1281 553 45 41 in
1349 553 143 41 others
1514 553 75 42 she
1612 567 193 28 screams.

401 619 137 43 These
556 621 170 42 various
758 621 220 55 rhythmic
1010 635 166 41 spasms
1208 622 110 41 have
1351 622 162 41 certain
1544 622 187 42 features
1763 623 94 42 that
1886 638 66 30 are

346 703 197 29 common
565 695 44 37 to
635 691 59 41 all
725 692 44 41 of
801 692 130 41 them.
993 692 119 41 They
1134 706 70 27 are
1227 691 248 55 frequently
1498 693 235 41 associated
1756 693 105 41 with
1883 695 70 43 the

345 759 203 56 ordinary
565 761 203 55 stigmata
790 762 44 40 of
855 761 204 55 hysteria,
1074 762 78 41 but
1173 762 44 40 in
1241 765 76 37 not
1339 775 24 27 a
1382 761 80 40 few
1477 775 117 29 cases
1613 763 101 54 they
1733 777 98 41 may
1846 772 108 36 exist

344 830 57 54 by
416 830 271 43 themselves,
705 845 45 27 as
765 831 73 42 the
853 831 87 42 sole
956 833 344 40 manifestations
1315 831 44 41 of
1374 831 95 42 that
1481 832 230 42 condition.
1754 834 118 55 They
1886 849 68 29 are

343 900 60 41 all
424 900 115 42 alike
560 905 75 50 apt
656 906 44 36 to
718 901 51 41 be
792 901 216 55 produced
1031 902 57 54 by
1106 901 165 41 violent
1292 902 202 50 emotion,
1510 902 230 55 hysterical
1763 904 191 51 seizures,

343 983 187 28 nervous
562 970 167 42 shocks,
752 985 46 26 or
827 970 197 55 physical
1055 971 191 54 injuries.
1308 972 120 54 They
1450 986 100 40 may
1571 972 84 41 last
1685 973 79 41 but
1786 987 23 27 a
1841 981 114 35 short

342 1039 192 42 time—a
554 1040 82 41 few
654 1040 131 42 hours
802 1054 47 28 or
865 1040 117 55 days.
1037 1041 99 51 But,
1158 1041 46 41 in
1223 1042 123 41 other
1367 1056 129 36 cases,
1518 1042 101 54 they
1642 1057 98 40 may
1758 1044 196 42 continue

344 1109 66 41 for
440 1109 188 51 months,
650 1124 46 26 or
717 1124 107 27 even
846 1111 67 41 for
932 1125 134 41 years.
1131 1111 132 42 Often
1286 1111 103 43 they
1411 1126 127 27 occur
1560 1111 105 44 with
1687 1112 205 42 intervals
1915 1116 39 39 of

347 1179 212 55 complete
573 1180 221 42 cessation.
837 1181 116 41 Each
971 1181 162 42 seizure
1147 1195 97 41 may
1258 1181 84 42 last
1356 1182 63 41 for
1430 1195 116 28 some
1558 1181 148 53 hours;
1726 1181 73 43 the
1816 1196 136 28 spasm

344 1250 140 55 being,
507 1250 45 41 in
584 1250 200 42 different
816 1265 128 36 cases,
966 1251 202 42 repeated
1191 1252 105 41 with
1319 1266 101 27 very
1443 1251 199 42 different
1667 1252 287 54 frequency—

346 1320 286 56 occasionally
665 1335 102 27 over
797 1335 24 27 a
851 1321 199 42 hundred
1091 1321 125 43 times
1257 1336 77 41 per
1364 1326 177 37 minute.
1605 1320 268 43 Sometimes,
1901 1335 53 28 on

347 1391 74 41 the
444 1391 124 42 other
582 1391 127 42 hand,
732 1392 35 41 it
783 1405 99 42 may
904 1392 205 42 continue
1132 1396 44 38 to
1195 1392 167 42 trouble
1384 1392 74 42 the
1472 1396 165 50 patient
1661 1391 58 41 all
1741 1392 83 54 day
1846 1391 109 49 long,

345 1461 128 42 while
497 1462 76 41 she
604 1461 186 42 remains
822 1462 174 41 awake;
1027 1462 85 41 and
1143 1476 101 42 may
1266 1476 106 28 even
1395 1463 110 41 keep
1527 1462 76 41 her
1633 1475 147 28 awake
1804 1461 151 55 during

346 1532 74 42 the
442 1532 135 55 night.
640 1532 44 41 It
714 1533 38 41 is
783 1547 24 27 a
838 1533 164 41 feature
1034 1547 196 27 common
1262 1538 44 36 to
1338 1533 57 41 all
1427 1533 73 41 the
1523 1539 211 36 varieties,
1757 1531 94 42 that
1882 1531 72 43 the

344 1616 145 41 spasm
512 1602 183 42 entirely
718 1616 142 28 ceases
882 1602 128 42 when
1032 1603 73 41 the
1128 1603 168 54 patient
1318 1603 98 41 falls
1439 1603 155 43 asleep.

403 1673 64 41 As
490 1673 172 55 already
685 1673 104 42 said,
813 1673 21 41 I
857 1673 53 41 do
932 1677 77 37 not
1029 1673 153 42 intend
1204 1677 44 38 to
1269 1673 99 55 give
1389 1687 85 28 any
1496 1673 190 42 detailed
1708 1676 184 38 account
1913 1672 43 41 of

342 1743 122 42 these
486 1757 176 28 spasms.
708 1744 22 40 I
748 1757 98 40 may
864 1757 75 27 say
957 1743 95 41 that
1074 1743 73 42 the
1168 1743 148 42 reader
1337 1743 90 41 will
1445 1744 87 40 find
1554 1744 120 41 them
1697 1742 257 54 excellently

344 1813 221 42 described
597 1813 85 41 and
713 1827 213 27 classified
961 1812 47 42 in
1039 1814 74 40 the
1145 1818 147 37 recent
1324 1813 120 42 work
1475 1813 45 42 of
1556 1814 221 41 Professor
1807 1813 147 50 Pitres,

345 1884 141 42 which
518 1884 77 42 has
627 1884 175 41 already
823 1884 109 41 been
963 1883 187 42 referred
1182 1889 53 36 to.
1298 1884 23 40 I
1353 1897 70 27 am
1456 1883 207 55 tempted,
1684 1882 209 42 however,
1913 1886 42 36 to

343 1955 127 41 make
491 1954 74 42 the
597 1954 179 42 briefest
798 1953 186 55 possible
1015 1954 216 41 reference
1258 1958 44 37 to
1333 1957 86 38 two
1442 1967 116 28 cases
1591 1953 45 41 of
1663 1953 89 41 this
1773 1953 181 53 descrip-

346 2026 89 41 tion
460 2025 140 41 which
621 2025 109 41 have
753 2024 108 42 been
883 2023 138 43 under
1038 2038 71 41 my
1125 2038 97 27 own
1240 2038 105 28 care.
1400 2024 92 42 One
1510 2024 44 41 of
1576 2023 118 42 these
1713 2037 84 27 was
1819 2037 24 27 a
1865 2036 90 28 case

344 2097 44 41 of
404 2095 250 57 Hysterical
670 2094 202 55 Barking,
888 2094 141 41 which
1045 2108 84 27 was
1145 2093 211 42 admitted
1370 2098 44 37 to
1429 2108 72 40 my
1517 2093 139 42 wards
1670 2093 45 41 iu
1734 2093 72 41 the
1819 2091 135 55 Boyal

343 2168 242 53 Infirmary,
607 2180 55 27 on
693 2165 75 41 the
791 2165 106 41 15th
919 2165 196 41 January
1138 2164 126 42 1889.
1322 2164 85 42 She
1430 2178 86 27 was
1539 2163 184 42 brought
1744 2167 43 37 to
1809 2177 67 27 me
1899 2163 55 53 by

342 2252 75 27 my
450 2237 143 41 friend
629 2237 65 40 Dr
727 2236 195 41 Penman
959 2235 46 41 of
1038 2235 196 41 Hawick.
1297 2234 22 41 I
1353 2235 241 41 remember
1627 2233 98 42 well
1759 2233 72 41 the
1865 2233 90 40 first

340 2308 161 42 arrival
532 2307 44 42 of
607 2306 73 42 the
711 2305 178 55 patient.
951 2305 67 41 Dr
1049 2305 196 40 Penman
1276 2304 84 41 had
1383 2303 249 55 previously
1660 2317 118 27 come
1809 2307 43 37 to
1884 2315 70 41 my

343 2379 246 42 side-room,
603 2375 85 42 and
709 2389 87 28 was
813 2374 242 42 describing
1073 2374 73 42 the
1161 2387 107 29 case,
1284 2374 123 41 when
1425 2374 46 42 of
1489 2387 24 27 a
1535 2373 167 42 sudden
1717 2373 51 41 he
1785 2371 168 56 paused,

343 2449 86 42 and
460 2447 104 43 said,
585 2450 20 18 "
621 2446 161 42 Listen,
805 2444 96 42 that
920 2444 37 41 is
989 2443 74 42 the
1094 2443 204 55 patient."
1359 2443 82 42 We
1472 2443 199 42 listened,
1692 2442 85 41 and
1808 2442 46 41 in
1884 2441 70 41 the

344 2521 205 46 distance,
566 2530 127 28 along
708 2515 75 41 the
806 2514 186 42 corridor
1014 2514 44 40 of
1078 2513 75 42 the
1171 2513 244 56 Infirmary,
1433 2527 63 28 we
1514 2513 130 42 heard
1666 2526 24 28 a
1711 2511 138 43 sound
1869 2511 85 41 like

342 2591 75 41 the
440 2587 131 57 quick
589 2585 182 43 barking
794 2584 43 41 of
858 2597 24 27 a
904 2583 127 41 small
1051 2582 152 42 terrier
1217 2583 80 55 dog
1314 2598 8 35 ;
1355 2584 85 40 and
1464 2583 87 41 this
1580 2582 138 42 sound
1735 2579 219 57 gradually

343 2663 174 40 became
548 2656 161 50 louder,
732 2653 127 42 until,
891 2667 54 27 on
978 2653 73 41 the
1084 2653 204 54 patient's
1325 2653 170 42 arrival,
1527 2653 75 42 she
1634 2651 161 56 proved
1830 2655 44 37 to
1904 2649 50 41 be

341 2729 164 45 herself
544 2727 72 42 the
660 2738 148 29 source
849 2724 46 41 of
932 2723 47 41 it.
1041 2723 44 40 It
1127 2736 87 28 was
1256 2737 24 26 a
1322 2723 141 54 quick,
1500 2721 298 56 high-pitched
1841 2719 111 47 bark-,

342 2798 202 46 repeated
562 2801 44 38 at
622 2796 75 42 the
718 2808 92 28 rate
827 2794 44 41 of
892 2793 132 41 about
1047 2793 83 41 120
1154 2792 127 42 times
1299 2807 75 40 per
1395 2797 180 44 minute,
1593 2791 84 42 and
1695 2786 255 47 maintained

342 2874 67 41 for
439 2867 166 46 several
635 2867 131 40 hours
797 2869 45 37 at
872 2863 104 43 each
1009 2862 174 42 seizure.
1245 2862 136 42 There
1414 2875 98 37 was,
1537 2861 128 56 along
1696 2860 107 42 with
1833 2860 47 50 it,
1900 2870 52 29 no

341 2951 266 48 appearance
630 2936 43 42 of
705 2935 221 56 dyspnoea,
948 2932 83 42 and
1054 2945 56 28 no
1133 2931 273 42 disturbance
1429 2932 44 40 of
1504 2931 285 55 intelligence.
1851 2928 101 43 Like

340 3014 75 42 the
437 3011 107 42 bark
566 3007 46 44 of
640 3021 25 27 a
686 3006 92 55 dog,
802 3004 72 42 the
903 3002 139 44 sound
1063 3015 88 28 was
1172 3001 209 42 destitute
1404 3001 46 41 of
1477 3000 74 42 the
1573 3000 166 42 sudden
1762 2997 190 43 valvular

340 3077 237 56 beginning
609 3075 139 44 which
783 3075 35 41 is
850 3071 320 45 characteristic
1201 3071 43 41 of
1276 3084 24 28 a
1331 3074 96 39 true
1456 3069 149 56 cough.
1667 3069 89 45 The
1789 3069 163 55 patient
