1895 3217
899 250 238 33 MONKEYS.

343 238 58 40 38

340 374 82 44 but
445 373 46 46 in
515 375 255 46 indifferent
794 375 302 56 individuals;
1135 377 90 45 and
1239 383 139 48 these^
1399 393 48 30 as
1466 377 66 47 far
1555 394 47 31 as
1626 395 80 30 our

339 451 261 62 knowledge
624 459 203 49 extends^
857 453 202 45 confined
1082 460 46 38 to
1155 469 27 29 a
1215 469 108 46 very
1347 454 176 46 limited
1547 471 152 30 space:

337 534 101 39 that
463 528 49 46 of
534 530 133 44 India
699 530 199 45 inhabits
932 531 162 44 almost
1128 531 275 60 exclusively
1437 531 78 45 the
1550 532 150 45 Island

337 604 50 45 of
416 606 184 54 Borneo^
627 607 135 45 while
795 608 78 44 the
899 606 183 46 African
1112 607 349 60 representative
1494 607 38 45 is
1568 606 132 46 found

337 695 106 47 only
467 698 56 29 on
547 689 77 39 the
649 699 174 30 eastern
855 699 135 38 coast,
1016 683 90 45 and
1133 683 292 61 particularly
1455 683 47 45 in
1527 683 173 61 Angola

333 759 91 48 and
449 759 162 62 Congo.

401 836 145 45 These
584 852 74 30 are
697 843 78 39 the
814 837 214 61 principal
1059 836 134 46 forais
1227 836 254 62 inhabiting
1515 843 79 39 the
1630 839 72 44 old

333 913 141 45 world
493 929 14 37 ;
543 913 144 47 South
712 914 210 45 America
944 929 217 45 possesses
1186 920 147 38 others
1356 912 51 46 of
1420 920 123 54 great
1567 929 135 45 pecu-

328 988 174 61 liarity,
520 990 89 44 and
633 990 36 44 it
692 990 37 44 is
752 992 293 50 remarkable,
1062 990 101 44 that
1187 1005 115 29 none
1325 989 51 45 of
1391 996 125 39 them
1540 1005 81 30 can
1646 991 55 44 be

324 1064 162 63 placed
510 1065 47 45 in
580 1081 92 45 any
696 1065 49 45 of
770 1066 78 44 the
873 1065 183 45 African
1080 1081 46 29 or
1152 1065 172 45 Asiatic
1346 1081 173 45 gi’oups.
1603 1067 97 44 The

330 1141 181 46 nostrils
546 1157 73 30 are
652 1142 173 45 always
850 1142 180 45 divided
1062 1143 63 59 by
1156 1157 27 29 a
1214 1142 185 44 broader
1432 1143 265 44 separation,

326 1223 84 39 the
434 1234 90 29 size
547 1219 89 44 and
661 1219 202 45 strength
887 1218 36 45 is
946 1218 136 46 much
1105 1218 87 45 less
1213 1234 13 37 ;
1262 1218 48 45 in
1334 1234 137 38 some,
1496 1225 78 38 the
1598 1235 101 44 pro-

330 1301 196 53 portions
551 1311 73 29 are
649 1311 109 45 very
782 1295 285 54 diminutive,
1085 1295 90 45 and
1204 1295 46 44 in
1280 1310 27 29 a
1329 1294 101 53 few,
1451 1296 78 44 the
1547 1296 151 44 habits

330 1371 178 44 become
527 1373 266 60 completely
811 1372 246 45 nocturnal.
1129 1372 97 44 The
1243 1371 280 45 inhabitants
1542 1371 50 46 of
1606 1373 91 44 this

329 1447 164 61 region,
514 1464 91 30 also
619 1449 174 44 exhibit
809 1455 77 38 the
904 1454 115 39 most
1037 1447 165 62 perfect
1218 1448 262 60 adaptation
1495 1447 50 46 of
1553 1455 143 38 stmc-

329 1532 99 38 ture
452 1524 63 47 for
533 1525 210 62 climbing
761 1526 89 44 and
869 1541 26 29 a
913 1525 143 45 silvan
1075 1525 90 53 life,
1186 1524 90 45 and
1299 1525 78 44 the
1395 1523 238 47 fonuation
1652 1524 46 46 of

331 1608 77 39 the
426 1602 82 45 tail
532 1602 46 45 in
595 1609 76 38 the
689 1617 174 46 greater
880 1608 115 54 part,
1016 1601 36 45 is
1078 1617 26 29 a
1121 1607 117 38 most
1264 1601 195 44 efficient
1478 1608 214 38 assistant

329 1677 45 45 in
414 1693 207 46 grasping
659 1678 90 44 and
793 1684 261 55 supporting
1097 1677 272 45 themselves
1415 1692 163 46 among
1613 1678 80 44 the

329 1755 228 54 branches,
591 1756 89 44 and
704 1771 120 29 some
848 1771 82 29 can
954 1770 112 30 even
1089 1754 231 45 introduce
1342 1760 78 39 the
1444 1755 248 61 extremity

327 1831 47 46 in
398 1838 78 40 the
499 1848 174 30 narrow
696 1848 122 46 parts
846 1832 50 46 of
921 1833 78 44 the
1026 1833 125 52 bark,
1189 1831 90 45 and
1310 1831 242 45 withdraw
1576 1831 114 46 from

326 1915 161 41 thence
505 1925 92 47 any
617 1910 130 45 small
765 1909 279 45 substance.*
1081 1908 181 61 Among
1279 1908 78 44 the
1376 1908 223 53 Howlers,
1620 1924 69 29 we

327 2002 71 29 see
439 1987 248 45 somewhat
727 1986 50 46 of
812 1987 78 45 the
935 1985 111 46 form
1085 1985 90 45 and
1214 1999 274 46 appearance
1528 1984 50 45 of
1613 1986 78 43 the

325 2063 209 54 baboons,
562 2064 147 44 which
733 2070 112 53 they
869 2063 92 45 also
984 2062 216 45 resemble
1219 2061 46 45 in
1284 2061 117 45 their
1417 2061 143 45 larger
1583 2062 104 54 size,

325 2139 117 44 their
479 2146 216 53 strength,
734 2140 88 43 and
862 2138 151 44 fiercer
1051 2137 297 59 dispositions,
1396 2137 88 44 and
1525 2137 45 43 in
1612 2138 76 44 the

326 2222 222 38 structure
571 2215 51 45 of
644 2216 77 43 the
751 2214 233 61 laryngeal
1008 2214 140 52 sacks,
1176 2213 148 44 which
1349 2227 73 30 are
1447 2215 241 44 connected

325 2292 112 45 with
453 2298 77 39 the
546 2307 45 30 os
605 2291 200 45 hyoides.
841 2291 91 45 We
949 2290 108 53 find,
1074 2289 47 45 in
1137 2295 77 39 the
1229 2304 138 45 genus
1385 2288 226 60 Hapales,
1629 2305 58 30 an

322 2370 219 60 approach
558 2375 46 39 to
621 2369 77 44 the
716 2368 316 44 insectivorous
1049 2365 289 54 mammalite,
1356 2364 46 45 in
1421 2364 78 46 the
1513 2365 175 47 hooked

378 2488 20 19 •
423 2483 222 45 Humboldt,
684 2481 102 37 Zool.
821 2479 268 46 Observations,
1126 2491 87 36 page
1243 2478 378 48 329.—Description
1650 2481 40 36 of

323 2552 233 39 Marinionda
574 2550 39 35 in
632 2554 142 42 present
793 2559 159 25 volume.
