2107 3450
484 287 266 32 PATHOLOGY
783 287 55 33 OF
870 286 88 33 THE
991 289 153 32 MOTOR
1176 290 366 34 SPEECH-TRACTS.
1756 282 86 43 441

189 408 243 43 functional
456 408 282 42 disturbance
762 408 45 41 in
834 409 72 42 the
938 409 95 42 first
1067 409 171 58 trophic
1272 411 133 43 realm
1444 416 42 38 to
1521 413 191 55 produce
1748 414 98 41 uni-

186 481 153 42 lateral
363 479 215 57 paralysis
601 494 48 28 or
671 479 169 57 paresis
863 479 47 42 in
933 480 77 42 the
1033 480 169 43 larynx.

245 553 90 42 The
369 566 200 28 common
601 550 203 44 bilateral
838 552 165 55 paresis
1036 552 45 42 of
1115 552 75 43 the
1226 553 234 43 adductors
1496 554 46 42 in
1578 554 196 57 hysteria
1807 556 38 43 is

185 624 250 43 commonly
481 623 196 44 believed
711 627 44 39 to
798 623 52 42 be
894 623 85 42 due
1024 627 46 39 to
1114 624 249 43 functional
1406 626 166 54 paresis
1616 627 45 42 of
1704 631 143 39 motor

184 711 157 41 power,
363 710 59 38 or,
444 695 115 44 shall
583 710 63 28 we
670 710 89 41 say,
783 694 75 44 the
883 709 147 42 power
1051 695 48 42 of
1118 695 104 53 will,
1246 697 47 41 in
1316 697 108 43 both
1446 697 333 44 hemispheres.1

243 841 35 43 2.
312 840 171 43 Lesions
513 840 50 42 in
589 840 65 42 the
685 837 157 46 Second
877 838 184 57 Trophic
1092 839 154 43 Realm
1268 841 52 55 of
1345 841 66 42 the
1444 841 139 43 Motor
1618 842 126 42 Tract
1766 843 78 55 for

181 913 65 41 the
270 912 104 43 Oral
394 912 290 43 Articulative
706 911 444 43 Mechanism.—This
1183 912 139 43 realm
1346 913 154 43 begins
1533 913 47 43 in
1604 913 76 44 the
1702 918 142 39 motor

181 985 146 42 nuclei
350 985 45 42 of
429 984 75 43 the
529 983 209 44 medulla,
761 983 87 42 and
870 983 199 43 extends,
1092 983 48 42 in
1164 983 74 43 the
1262 984 111 42 form
1410 985 45 42 of
1489 985 177 43 various
1702 990 142 38 motor

182 1070 165 28 nerves,
366 1061 43 37 to
429 1055 73 42 the
527 1054 188 43 muscles
738 1054 47 43 of
803 1053 93 43 oral
918 1054 297 43 articulation.
1280 1055 91 43 The
1395 1056 148 43 nuclei
1560 1056 112 43 from
1697 1056 146 43 which

180 1127 76 43 the
291 1141 155 29 nerves
481 1126 152 57 spring
667 1140 71 29 are
761 1126 76 43 the
873 1130 142 38 motor
1049 1126 149 43 nuclei
1232 1127 49 42 of
1314 1127 75 44 the
1425 1128 186 43 seventh
1635 1129 107 56 pair,
1765 1128 76 43 the

179 1199 280 57 hypoglossal
503 1198 158 43 nuclei,
699 1198 88 42 and
820 1198 198 56 portions
1066 1198 48 42 of
1158 1198 75 44 the
1282 1199 148 43 nuclei
1479 1200 47 42 of
1571 1200 74 43 the
1695 1199 146 57 spinal

177 1286 235 28 accessory.
477 1271 89 43 The
603 1285 153 29 nerves
791 1285 72 29 are
898 1270 76 43 the
1008 1270 145 57 portio
1188 1271 112 42 dura
1337 1272 45 42 of
1419 1272 76 43 the
1532 1272 198 43 seventh,
1765 1271 75 43 the

177 1343 291 57 hypoglossal,
491 1343 86 43 and
615 1343 76 43 the
729 1357 155 29 nerves
923 1343 114 42 from
1076 1343 75 43 the
1190 1343 145 43 spinal
1354 1371 16 5 -
1388 1359 228 42 accessory
1655 1359 184 29 nucleus

176 1417 146 42 which
364 1417 163 56 supply
568 1416 74 43 the
685 1421 87 38 soft
814 1415 147 57 palate
1004 1416 88 42 and
1136 1416 75 43 the
1255 1416 227 44 muscular
1525 1417 103 42 wall
1671 1417 44 42 of
1764 1416 75 43 the

178 1488 215 56 pharynx.

234 1560 65 43 As
335 1561 23 41 I
381 1560 54 42 do
470 1564 79 39 not
572 1560 132 42 think
727 1560 36 43 it
787 1560 147 43 would
971 1560 53 43 be
1049 1560 47 43 of
1129 1560 132 44 much
1285 1560 248 57 advantage
1570 1565 45 38 to
1651 1566 190 50 attempt

175 1632 103 43 here
300 1646 56 28 an
378 1631 220 44 elaborate
620 1632 271 43 description
915 1632 46 42 of
996 1631 75 43 the
1094 1631 165 43 lesions
1283 1631 45 43 of
1363 1631 76 43 the
1463 1646 133 28 nerve
1619 1630 173 51 trunks,
1816 1630 22 42 I

175 1704 113 42 shall
311 1709 182 38 content
523 1703 165 57 myself
707 1709 108 37 with
839 1703 254 44 reminding
1124 1703 77 43 the
1234 1703 152 43 reader
1419 1703 45 43 of
1497 1718 24 28 a
1545 1703 85 43 few
1662 1701 177 57 leading

174 1777 111 42 facts
308 1781 135 38 about
464 1776 125 43 these
610 1776 175 43 lesions.

232 1849 128 43 First,
383 1853 134 38 about
540 1848 75 44 the
637 1848 145 57 portio
805 1848 109 43 dura
947 1848 48 43 of
1026 1847 76 44 the
1126 1848 209 44 Seventh,
1360 1848 23 42 I
1407 1848 113 43 need
1543 1847 194 56 scarcely
1760 1861 77 42 say

169 1921 98 43 that
291 1921 235 43 unilateral
552 1921 225 55 paralysis,
801 1921 85 42 due
909 1926 45 37 to
978 1921 187 43 neuritis
1189 1921 45 43 of
1263 1921 77 43 the
1363 1935 135 29 nerve
1522 1920 137 43 trunk
1686 1919 151 57 (Bell's

168 1993 248 56 paralysis),
439 1993 38 42 is
500 2006 83 29 one
606 1992 45 42 of
683 1992 77 43 the
783 1997 275 38 commonest
1080 1993 46 42 of
1157 1992 62 43 all
1241 1993 76 42 the
1341 1992 135 43 forms
1500 1992 47 42 of
1575 1991 114 43 local
1711 2004 123 44 para-

167 2065 119 57 lysis.
351 2064 186 43 Though
560 2064 75 43 the
659 2065 156 42 mouth
838 2065 37 43 is
898 2065 153 56 pulled
1074 2065 191 43 towards
1289 2065 75 43 the
1388 2069 200 52 opposite
1618 2064 106 43 side,
1748 2063 88 43 and

169 2138 74 42 the
266 2138 86 55 lips
387 2152 58 28 on
467 2138 76 43 the
566 2138 235 56 paralyzed
836 2137 94 43 side
965 2152 72 29 are
1060 2138 166 43 flaccid,
1250 2138 75 42 the
1362 2138 284 42 articulation
1681 2137 47 42 of
1760 2136 75 43 the

168 2209 158 43 labials
358 2210 88 42 and
480 2209 74 43 the
577 2209 315 43 labio-dentals
925 2209 37 43 is
990 2209 107 56 only
1119 2209 185 58 slightly
1328 2209 242 43 interfered
1595 2208 117 44 with.
1778 2208 56 42 In

167 2297 94 28 rare
283 2296 133 29 cases,
440 2282 105 42 both
570 2296 154 29 nerves
752 2296 72 29 are
847 2281 260 57 paralyzed;
1139 2283 88 42 and
1260 2282 108 43 then
1402 2282 76 42 the
1503 2281 142 43 whole
1669 2282 94 42 face
1796 2282 37 42 is

167 2353 356 57 expressionless,
545 2353 88 43 and
657 2353 76 44 the
756 2354 86 55 lips
865 2368 71 29 are
960 2353 157 43 flaccid
1139 2369 57 28 on
1219 2354 108 43 both
1361 2354 128 43 sides.
1555 2353 278 52 Commonly,

167 2426 123 43 these
314 2440 119 29 cases
456 2440 72 29 are
552 2426 85 43 clue
660 2430 44 38 to
728 2426 75 43 the
825 2440 203 42 pressure
1051 2426 47 42 of
1126 2441 25 28 a
1174 2430 180 39 tumour
1385 2430 45 38 at
1456 2425 76 44 the
1555 2426 103 43 base
1681 2426 48 43 of
1757 2426 75 43 the

168 2498 121 42 brain
311 2512 117 42 upon
446 2498 76 43 the
540 2512 134 29 nerve
691 2503 128 38 roots.
870 2499 102 51 But,
987 2512 120 29 some
1121 2512 127 42 years
1264 2512 91 43 ago,
1374 2498 19 41 I
1411 2498 99 42 had,
1525 2498 45 41 in
1587 2512 76 42 my
1679 2511 154 38 wards,

164 2584 24 28 a
211 2584 95 29 case
329 2571 49 41 in
401 2571 144 42 which
569 2569 90 45 this
682 2570 202 43 bilateral
917 2570 217 57 paralysis
1158 2570 86 43 had
1269 2571 111 42 been
1413 2570 161 43 caused
1596 2570 59 56 by
1679 2570 152 42 injury

165 2643 48 42 of
240 2643 76 43 the
339 2658 133 29 nerve
499 2644 169 43 trunks,
692 2648 45 38 at
760 2658 48 28 or
840 2647 136 39 about
999 2643 115 43 their
1146 2643 93 43 exit
1263 2643 112 43 from
1399 2643 76 43 the
1499 2643 332 57 stylo-mastoid

165 2716 223 43 foramina.
454 2717 54 42 In
545 2716 75 43 the
653 2716 204 44 bilateral
888 2730 135 29 cases,
1057 2716 74 43 the
1166 2716 285 43 enunciation
1487 2716 45 42 of
1566 2716 74 43 the
1673 2715 156 44 labials

213 2853 12 23 1
252 2852 75 37 For
360 2852 115 38 fuller
505 2853 246 37 information
779 2854 200 48 regarding
1006 2853 66 37 the
1101 2853 195 37 Paralyses
1325 2853 40 37 of
1389 2853 65 37 the
1483 2853 164 48 Larynx,
1677 2865 60 24 see
1768 2852 65 37 the

162 2912 156 38 chapter
335 2926 48 24 on
402 2913 65 37 the
485 2914 146 48 subject
647 2914 52 49 by
720 2915 55 36 Dr
793 2915 153 37 Gowers
970 2915 41 37 in
1037 2915 61 37 his
1123 2915 106 37 work
1255 2927 50 24 on
1332 2914 163 37 Diseases
1521 2914 42 36 of
1583 2913 56 37 the
1668 2914 165 36 Nervous

161 2974 146 47 System,
327 2974 73 37 vol.
429 2975 38 36 ii.
488 2987 35 36 p.
543 2978 72 34 256
633 2989 9 30 ;
668 2988 41 24 or
727 2975 65 38 the
818 2976 131 37 article
966 2976 53 36 by
1039 2977 56 35 Dr
1113 2976 140 37 Semon
1272 2975 163 37 referred
1456 2979 39 33 to
1513 2976 41 35 in
1577 2975 66 36 the
1664 2974 168 37 footnote

161 3040 38 32 to
218 3048 34 36 p.
274 3039 72 33 433
364 3049 8 30 ;
399 3048 41 23 or
457 3036 65 36 the
541 3035 155 49 chapter
714 3036 50 48 by
780 3037 56 36 Dr
856 3035 170 39 Af'Bride
1045 3037 41 36 in
1105 3036 59 37 his
1182 3037 106 36 work
1307 3049 49 24 on
1374 3037 164 36 Diseases
1556 3035 41 48 of
1611 3036 55 36 the
1688 3035 142 46 Throat,

160 3095 107 37 Nose,
291 3095 76 37 and
393 3095 92 47 Ear,
511 3095 77 37 and
613 3108 49 24 an
688 3096 131 37 article
845 3096 52 49 by
924 3096 64 38 the
1014 3109 101 25 same
1135 3096 137 38 author
1291 3096 39 36 in
1351 3095 65 37 the
1435 3095 218 37 Edinburgh
1672 3095 161 37 Medical

159 3155 174 48 Journal,
352 3155 95 49 July
469 3157 103 35 1885.

1572 3206 24 42 3
1622 3217 31 32 K
