2107 3450
771 318 292 31 GRADUATION
1095 320 166 32 THESIS.

1754 315 84 42 46f)

184 432 110 36 fibres
313 432 40 37 of
368 431 63 37 the
450 435 125 33 cortex
592 443 61 25 are
672 431 164 37 inserter!
854 433 81 35 into
954 434 41 35 it.
1050 434 239 48 Posteriorly,
1309 436 31 36 it
1358 448 135 25 crosses
1517 437 64 36 the
1599 438 114 47 hyoid
1732 439 106 46 bone,

183 489 74 36 and
276 489 168 37 becomes
462 488 174 38 attached
651 493 38 32 to
704 488 63 36 the
782 489 192 47 epiglottis
992 490 116 36 about
1123 491 47 35 its
1185 491 154 37 middle.
1395 493 37 35 It
1446 493 127 36 stands
1592 499 65 31 out
1674 496 164 46 promin-

184 546 104 48 ently
307 547 40 35 in
366 546 64 37 the
448 545 131 38 mesial
602 545 88 47 line,
711 547 48 35 its
785 546 113 48 sharp
925 547 91 47 edge
1041 547 114 48 being
1182 548 171 36 enclosed
1378 549 41 36 in
1447 549 63 36 the
1536 551 143 36 middle
1704 564 134 35 glosso-

184 604 192 48 epiglottic
405 603 80 37 fold
514 603 40 37 of
580 603 65 36 the
675 615 157 25 mucous
863 604 229 36 membrane.
1146 604 81 36 The
1259 606 226 48 microscope
1515 607 120 36 shows
1666 609 30 35 it
1725 612 38 33 to
1793 609 47 37 be

184 662 136 48 chiefly
345 662 197 36 composed
570 661 41 36 of
633 661 128 36 elastic
788 661 121 46 fibres,
932 661 70 36 but
1028 662 341 49 notwithstanding
1394 663 76 36 this
1496 664 85 36 fact,
1600 665 32 35 it
1657 665 31 35 is
1713 665 51 36 by
1789 678 49 23 no

184 731 127 24 means
329 719 116 37 easily
459 718 187 37 stretched
660 718 112 36 when
789 718 32 36 it
838 718 32 36 is
888 717 168 37 isolated.
1110 718 92 36 This
1219 719 183 48 ligament
1415 721 31 35 is
1460 720 64 36 the
1537 722 300 35 representative,

182 790 40 24 as
241 777 199 49 Magendie
458 776 154 49 pointed
631 780 77 32 out,
728 775 40 36 of
791 775 65 36 the
883 774 165 37 elevator
1073 775 142 36 muscle
1233 775 41 37 of
1287 776 66 36 the
1376 776 189 49 epiglottis
1582 779 40 35 in
1642 778 63 37 the
1722 780 116 35 rumi-

183 836 141 35 nantia,
343 840 39 31 to
402 835 123 36 which
553 835 17 35 I
598 834 96 36 have
721 845 153 25 already
900 832 173 38 referred.
1128 834 18 35 I
1174 833 106 37 have,
1299 835 39 35 in
1366 835 141 36 several
1533 847 109 25 cases,
1662 836 175 36 observed

182 892 191 37 muscular
391 893 109 36 fibres
518 891 205 37 clustering
741 890 145 36 around
905 890 31 36 it
954 902 94 24 even
1066 894 38 32 at
1122 890 65 37 the
1206 891 192 48 epiglottic
1417 892 242 37 attachment.

726 1010 62 27 The
802 1009 167 35 Epiglottis
982 1009 59 27 and
1056 1009 41 28 its
1112 1010 183 27 Ligaments.

308 2380 35 25 A,
364 2378 61 27 The
439 2378 167 34 epiglottis.
645 2377 35 33 B,
701 2377 62 26 The
776 2377 72 27 base
861 2376 34 26 of
906 2375 53 27 the
973 2376 122 25 tongue.
1135 2373 22 26 C
1172 2372 31 27 C,
1224 2371 62 26 The
1300 2375 112 22 cornua
1425 2367 34 28 of
1470 2367 52 27 the
1535 2363 92 37 hyoid
1643 2364 85 27 bone.

445 2421 37 27 D,
503 2421 61 27 The
578 2427 275 28 glosso-epiglottic
866 2419 156 33 ligament.
1062 2418 34 32 B,
1118 2416 62 27 The
1193 2412 234 36 hyo-epiglottic
1440 2410 154 34 ligament.

236 2528 82 36 The
335 2527 137 36 second
489 2527 185 36 ligament
691 2527 32 35 is
736 2525 66 37 the
819 2524 264 47 hyo-epiglottic
1102 2521 77 48 (E),
1196 2531 69 25 one
1280 2517 40 38 of
1336 2515 111 50 equal
1465 2516 241 46 importance.
1758 2510 93 36 This

187 2586 32 36 is
238 2598 20 25 a
277 2585 261 37 well-marked
557 2596 267 25 membranous
842 2593 207 38 expansion
1076 2577 206 39 stretching
1308 2576 95 35 from
1430 2573 65 37 the
1522 2581 158 27 concave
1707 2580 90 35 edge
1815 2565 41 37 of

188 2643 65 37 the
270 2643 118 49 hyoid
406 2643 98 37 bone
521 2642 236 37 downwards
774 2645 39 33 to
832 2640 65 37 the
915 2650 164 26 anterior
1099 2648 144 26 surface
1257 2634 40 36 of
1311 2633 65 36 the
1395 2641 200 39 epiglottis.
1648 2627 54 36 Its
1720 2626 77 35 line
1816 2623 39 37 of

189 2702 122 36 origin
330 2701 156 37 extends
502 2702 42 36 in
561 2713 118 24 many
697 2712 99 25 cases
813 2697 221 38 backwards
1060 2694 138 38 almost
1215 2697 38 32 to
1271 2691 66 37 the
1354 2692 110 47 point
1481 2687 41 38 of
1536 2687 64 36 the
1618 2688 101 45 great
1737 2693 115 26 cornu

190 2771 47 24 on
258 2759 121 37 either
396 2759 90 36 side,
505 2759 71 36 but
596 2763 101 32 often
725 2757 77 37 this
828 2758 236 35 attachment
1081 2753 31 35 is
1139 2754 67 33 not
1230 2761 39 24 so
1288 2758 205 33 extensive,
1511 2744 65 37 the
1594 2742 110 37 fibres
1722 2739 131 44 taking

189 2818 101 37 their
318 2819 73 36 rise
421 2822 137 33 almost
587 2816 233 39 exclusively
850 2814 98 37 from
979 2813 64 36 the
1074 2811 101 37 body
1204 2808 40 36 of
1271 2807 65 36 the
1367 2806 108 36 bone.
1529 2803 55 35 Its
1614 2798 181 38 insertion
1823 2808 32 23 is

191 2875 160 38 beneath
370 2876 84 37 that
472 2876 40 36 of
526 2875 65 38 the
609 2872 335 51 glosso-epiglottic
962 2871 184 46 ligament
1164 2877 102 26 upon
1285 2864 65 36 the
1367 2863 116 36 lower
1499 2856 203 40 thickened
1720 2854 84 37 half
1819 2852 39 36 of

191 2933 65 37 the
274 2934 120 37 valve.
447 2933 82 37 The
555 2933 184 37 direction
758 2931 40 38 of
821 2932 49 36 its
898 2930 110 36 fibres
1026 2938 121 26 varies
1172 2921 199 40 according
1397 2924 39 31 to
1454 2918 65 36 the
1543 2927 107 37 point
1669 2913 39 37 of
1723 2923 132 32 origin,

191 2991 107 37 those
316 2992 140 37 arising
473 3003 91 25 near
582 2990 65 38 the
665 2994 127 45 points
807 2988 40 37 of
861 2987 65 37 the
940 2989 105 46 great
1063 2994 139 26 cornua
1218 2980 115 45 being
1347 2974 164 39 directed
1527 2971 188 44 forwards,
1730 2969 126 35 down-

194 3049 131 37 wards,
344 3049 75 37 and
445 3048 175 37 inwards,
640 3048 130 37 whilst
794 3045 66 37 the
887 3043 141 38 central
1056 3041 110 36 fibres
1192 3038 97 35 from
1316 3034 64 37 the
1406 3032 101 47 body
1526 3029 39 37 of
1589 3028 65 37 the
1674 3027 97 35 bone
1797 3035 60 24 arc

196 3107 165 37 directed
380 3107 142 49 simply
539 3105 237 38 downwards
794 3103 75 38 and
887 3099 230 39 backwards.

248 3165 124 39 When
392 3165 64 37 the
475 3164 136 37 larynx
630 3164 32 36 is
686 3167 39 34 at
742 3166 85 33 rest,
847 3159 74 38 and
948 3158 65 37 the
1039 3155 118 38 hyoid
1183 3153 96 37 bone
1298 3149 31 36 is
1347 3145 192 56 separated
1565 3144 50 48 by
1635 3155 47 24 an
1701 3142 159 35 interval

1663 3212 24 23 o
1712 3202 30 33 N
