2240 3972
1063 185 68 54 19

11 319 24 178 I
124 315 200 73 feeling,
354 336 55 35 or
435 316 85 56 the
545 322 119 50 tone
690 319 54 54 of
779 339 91 34 onr
911 320 317 72 disposition,
1256 328 125 48 than
1419 329 112 49 that
1558 324 162 54 which
1757 326 196 54 follows
1979 326 93 54 im-

123 408 251 53 pressions
418 393 221 52 received
682 395 129 51 from
853 400 87 47 the
984 397 223 52 external
1247 398 185 65 world;
1473 399 144 52 when
1659 399 261 54 disturbed
1957 401 53 52 in
2044 420 30 33 a

12 498 23 18 ■
122 465 196 69 painful
343 484 123 52 way,
493 466 41 52 it
559 466 230 54 becomes
815 473 88 47 the
930 487 230 35 occasion
1187 470 55 52 of
1263 470 112 53 that
1400 471 189 71 feeling
1615 473 55 52 of
1692 493 171 50 gloom
1890 492 56 34 or
1973 473 97 53 dis-

15 528 21 68 I
123 538 213 52 comfort
373 539 164 53 which
579 540 117 53 does
735 546 91 47 not
863 541 141 54 itself
1037 562 115 50 give
1189 543 97 53 rise
1324 549 54 47 to
1418 546 250 70 anything
1692 565 138 35 more
1855 552 125 47 than
2006 566 65 33 an

120 611 256 54 indefinite
402 613 330 70 anticipation
759 615 55 52 of
855 634 203 52 coming
1090 616 256 66 affliction,
1373 617 96 53 but
1494 618 165 53 which
1696 620 200 52 renders
1935 621 135 52 ideas

13 701 27 138 ■
120 689 112 47 that
272 704 125 34 arise
443 706 228 47 obscure,
708 688 331 70 unfaithfully
1082 695 401 65 representative,
1529 691 101 53 and
1675 693 210 69 painful.
1962 694 108 52 The

119 758 218 71 rapidity
364 759 103 53 and
492 779 196 35 success
717 762 55 51 of
794 767 314 65 conception,
1138 763 99 52 and
1273 769 89 48 the
1398 770 225 47 reaction
1651 766 54 52 of
1737 785 96 33 one
1859 785 209 52 concep-

14 840 26 43 1
118 836 108 48 tion
254 852 140 50 upon
420 839 225 60 another,
674 853 81 34 are
781 835 154 53 much
961 836 208 53 affected
1195 837 66 70 by
1287 843 87 47 the
1400 843 129 48 state
1556 838 55 52 of
1647 838 102 53 this
1789 840 160 52 active
1975 839 95 53 but

5 910 36 48 1
118 924 336 35 unconscious
496 907 215 53 cerebral
760 908 117 53 life:
924 914 87 47 the
1055 915 120 65 poet
1215 910 43 52 is
1301 911 279 53 compelled
1617 917 54 47 to
1711 913 118 52 wait
1867 913 78 52 for
1983 913 89 53 the

117 984 224 48 moment
367 981 55 52 of
455 980 331 71 inspiration;
827 982 99 53 and
965 988 88 47 the
1093 984 220 64 thinker,
1354 985 127 52 after
1526 990 140 65 great
1711 984 96 54 but
1844 986 224 53 fruitless

116 1053 161 70 pains,
305 1059 138 48 must
470 1055 137 52 often
626 1060 137 66 tarry
789 1056 133 52 until
961 1076 28 33 a
1026 1076 138 34 more
1202 1057 254 53 favorable
1491 1057 299 72 disposition
1817 1059 55 53 of
1906 1059 160 53 mind.

118 1126 65 53 In
208 1127 238 71 insanity,
472 1128 87 52 the
584 1129 244 53 influence
845 1130 55 52 of
925 1130 99 52 this
1052 1131 204 70 activity
1277 1131 42 52 is
1346 1136 133 48 most
1496 1131 205 54 marked
1721 1154 16 43 ;
1779 1132 78 53 for
1881 1132 40 53 it
1946 1133 123 52 then

116 1200 223 72 happens
364 1207 112 47 that
502 1207 86 47 the
614 1202 197 53 morbid
838 1207 131 49 state
995 1204 57 52 of
1092 1223 137 34 some
1267 1204 217 53 internal
1515 1224 160 33 organ
1712 1204 230 54 becomes
1980 1206 89 53 the

116 1273 132 54 basis
277 1275 55 52 of
354 1295 28 33 a
406 1276 197 70 painful
628 1275 95 54 but
748 1277 228 52 formless
1001 1277 185 69 feeling
1212 1277 55 53 of
1288 1278 251 71 profound
1567 1279 309 70 depression,
1903 1279 166 53 which

116 1347 277 73 ultimately
430 1349 273 54 condenses
746 1350 110 53 into
903 1370 137 33 some
1085 1351 202 53 definite
1326 1351 248 53 delusion.
1653 1351 68 53 In
1760 1352 212 66 dreams,
2000 1353 67 53 its

44 1434 2 40 I
115 1422 242 53 influence
382 1423 43 53 is
452 1442 67 33 no
544 1423 98 53 less
668 1424 268 66 manifest;
976 1425 79 52 for
1090 1424 64 53 he
1190 1425 112 53 who
1327 1425 92 53 has
1458 1444 133 51 gone
1628 1429 55 49 to
1718 1425 134 71 sleep
1891 1426 123 52 with
2040 1447 29 32 a

117 1495 319 55 disturbance
464 1497 54 52 of
555 1516 135 34 some
729 1497 213 53 internal
983 1517 157 34 organ
1178 1518 113 51 may
1331 1498 106 53 find
1474 1504 87 47 the
1599 1498 255 53 character
1896 1499 56 52 of
1988 1500 79 52 his

117 1570 193 52 dreams
337 1570 307 53 determined
669 1571 68 71 by
761 1572 88 53 the
874 1572 187 70 feeling
1087 1572 55 52 of
1176 1578 88 46 the
1303 1591 280 51 repression
1609 1573 55 51 of
1699 1572 97 53 self
1826 1573 55 52 of
1903 1573 163 53 which

114 1649 86 48 the
227 1645 205 70 organic
458 1645 201 52 trouble
696 1646 43 52 is
777 1650 87 48 the
903 1664 183 47 cause;
1124 1645 65 53 he
1214 1645 42 53 is
1281 1645 263 65 thwarted,
1571 1645 66 53 he
1660 1645 44 53 is
1732 1646 233 66 afflicted,
2002 1647 64 53 he

24 1708 26 62 1
114 1717 41 53 is
195 1723 49 47 at
284 1718 174 53 school
492 1738 162 51 again,
683 1738 56 33 or
782 1738 162 34 under
988 1724 233 48 sentence
1260 1719 54 52 of
1362 1719 183 65 death;
1592 1719 55 53 in
1686 1738 138 34 some
1861 1739 110 52 -way
2010 1739 56 35 or

46 1798 4 69 j
116 1791 140 53 other
295 1792 79 52 his
416 1792 308 71 personality
760 1792 43 53 is
841 1792 288 72 oppressed.
1206 1793 145 53 Most
1389 1792 192 72 plainly
1608 1793 56 52 of
1698 1793 82 65 all,
1816 1793 230 54 however

46 1869 5 66 j
116 1865 115 53 does
258 1866 87 52 the
371 1866 249 53 influence
646 1867 54 51 of
735 1871 89 48 the
864 1866 172 53 sexual
1076 1886 183 33 organs
1298 1885 140 34 upon
1476 1871 87 48 the
1601 1866 140 52 mind
1767 1867 203 53 witness
2009 1871 56 49 to

114 1940 100 51 this
242 1945 259 65 operation
521 1962 15 43 ;
578 1939 99 54 and
702 1940 41 52 it
769 1960 97 32 was
893 1959 65 34 no
985 1939 117 53 wild
1128 1940 150 52 flight
1304 1940 54 52 of
1398 1945 14 23 ‘
1430 1944 113 48 that
1580 1939 155 53 noted
1765 1940 92 52 liar
1882 1940 181 71 fancy9

27 2002 26 64 I
114 2012 54 53 in
194 2013 244 71 Schlegel,
466 2013 96 53 but
589 2033 28 34 a
641 2019 137 65 truly
805 2013 263 71 grounded
1093 2019 221 47 creation
1341 2013 55 53 of
1431 2013 87 53 the
1561 2013 351 71 imagination,
1952 2015 113 52 that

114 2086 62 53 he
202 2086 321 71 represented
549 2107 29 33 a
602 2093 250 65 pregnant
876 2106 198 34 woman
1113 2107 54 33 as
1205 2086 153 71 being
1383 2086 179 53 visited
1599 2106 143 51 every
1768 2087 149 71 night
1943 2087 66 71 by
2036 2108 29 32 a

48 2148 7 70 I
113 2159 248 54 beautiful
388 2162 148 64 child,
565 2161 162 52 which
755 2166 174 65 gently
954 2160 166 53 raised
1156 2160 89 53 her
1283 2160 184 53 eyelids
1507 2160 100 52 and
1643 2160 182 53 looked
1865 2161 199 71 silently

114 2239 50 47 at
189 2235 104 65 her,
332 2234 96 53 but
465 2234 166 53 which
669 2234 321 71 disappeared
1029 2234 77 52 for
1151 2253 115 35 ever
1306 2238 126 48 after
1477 2233 233 53 delivery.
1789 2234 276 53 Whatever

44 2296 12 64 I
113 2312 121 49 then
273 2327 115 52 may
432 2307 63 54 be
538 2308 223 53 thought
806 2308 55 52 of
901 2308 88 52 the
1027 2312 178 65 theory
1249 2307 55 53 of
1350 2307 201 64 Bichat,
1591 2307 112 53 who
1746 2307 197 53 located
1975 2307 89 53 the

113 2382 226 69 passions
366 2382 53 52 in
443 2387 86 47 the
556 2401 183 33 organs
768 2382 55 51 of
866 2381 203 53 organic
1094 2381 104 66 life,
1225 2381 41 52 it
1292 2386 138 47 must
1467 2380 63 53 be
1569 2380 245 53 admitted
1850 2381 112 53 that
1999 2382 65 51 he

44 2446 12 61 1
114 2455 193 52 therein
333 2455 205 53 evinced
565 2476 27 32 a
629 2456 108 70 just
761 2455 317 52 recognition
1105 2455 55 51 of
1198 2454 88 53 the
1311 2454 308 71 importance
1647 2454 54 52 of
1730 2458 112 48 that
1867 2473 194 34 uncon-

116 2547 160 34 scious
328 2529 217 53 cerebral
597 2529 205 70 activity
847 2528 165 52 which
1055 2527 43 53 is
1148 2533 87 47 the
1285 2546 291 35 expression
1620 2527 56 53 of
1720 2532 88 48 the
1859 2528 203 53 organic

18 2594 32 84 j|
116 2603 300 70 sympathies
444 2604 55 51 of
519 2602 87 53 the
632 2602 158 53 brain.

187 2676 64 52 In
278 2677 198 69 dealing
500 2676 125 52 with
650 2675 337 54 unconscious
1020 2673 191 54 mental
1249 2674 226 71 activity,
1504 2673 98 53 and
1627 2673 121 53 with
1785 2674 143 53 mind
1953 2674 53 53 in
2033 2695 29 33 a

117 2750 191 52 statical
334 2750 274 65 condition,
636 2749 42 53 it
702 2750 90 52 has
818 2749 128 53 been
973 2769 28 32 a
1025 2748 247 71 necessity
1298 2754 54 46 to
1380 2747 154 53 speak
1562 2748 54 52 of
1637 2747 143 53 brain
1806 2748 99 52 and
1931 2767 130 34 cere-

115 2821 107 54 bral
248 2829 166 47 action
440 2842 162 34 where
629 2823 30 52 I
685 2822 168 53 would
880 2823 258 69 willingly,
1166 2827 55 46 to
1249 2821 148 52 avoid
1424 2821 187 52 offence
1645 2820 112 53 that
1795 2822 166 69 might
2000 2822 61 53 be

115 2900 151 49 taken
290 2897 210 64 thereat,
528 2897 127 52 have
682 2915 211 52 spoken,
915 2895 101 53 had
1041 2897 43 50 it
1109 2895 129 52 been
1257 2893 237 71 possible,
1518 2894 54 52 of
1593 2894 138 52 mind
1750 2894 99 52 and
1874 2896 188 52 mental

117 2970 193 65 action;
351 2970 95 53 but
470 2971 42 52 it
538 2990 98 33 was
662 2969 308 72 impossible,
997 2968 42 53 if
1074 2987 94 34 one
1193 2987 99 33 was
1331 2972 54 48 to
1411 2967 63 53 be
1499 2967 221 53 truthful
1755 2968 99 52 and
1879 2969 181 52 intelli-

117 3042 147 69 gible,
290 3048 53 48 to
387 3044 64 53 do
494 3043 274 53 otherwise.
847 3043 171 52 When
1054 3042 87 52 the
1178 3041 278 52 important
1493 3041 243 52 influence
1773 3060 66 33 on
1870 3042 191 52 mental

116 3114 83 54 life
226 3117 53 52 of
300 3118 86 52 the
412 3117 144 53 brain
583 3136 51 33 as
662 3136 63 33 an
751 3135 159 33 organ
937 3116 55 52 of
1027 3115 204 53 organic
1268 3114 86 52 life
1391 3133 166 33 comes
1582 3119 54 48 to
1662 3114 64 53 be
1751 3115 307 65 considered,

118 3193 135 49 there
293 3210 80 33 are
409 3210 67 33 no
515 3210 162 33 words
720 3188 237 54 available
995 3189 77 52 for
1111 3188 289 70 expressing
1433 3193 88 47 the
1556 3187 315 71 phenomena
1897 3188 52 52 in
1975 3189 87 51 the

117 3259 244 74 language
387 3264 55 52 of
481 3270 86 46 the
606 3263 226 53 received
869 3262 327 71 psychology,
1236 3261 180 65 which,
1443 3260 200 53 though
1681 3260 40 53 it
1760 3261 181 53 admits
1972 3262 88 51 the

117 3332 141 55 brain
281 3342 53 46 to
360 3335 64 54 be
449 3342 87 47 the
563 3355 156 34 organ
746 3336 54 52 of
821 3341 87 47 the
933 3335 158 64 mind,
1121 3342 142 45 takes
1302 3353 66 33 no
1399 3339 166 48 notice
1589 3333 250 53 whatever
1865 3334 54 52 of
1940 3334 42 51 it
2007 3353 53 33 as

120 3424 60 34 an
207 3427 169 51 organ.
452 3410 97 52 Let
574 3429 59 33 us
660 3410 175 70 briefly
863 3409 112 65 add,
1003 3413 139 61 then,
1170 3409 134 51 what
1328 3413 88 47 the
1440 3412 235 48 relations
1703 3407 54 52 of
1792 3406 87 53 the
1916 3406 145 53 brain

121 3497 50 34 as
199 3499 28 33 a
249 3481 170 70 bodily
448 3501 156 51 organ
629 3501 96 34 are.

195 3555 48 50 1.
283 3555 106 53 The
413 3555 144 53 brain
581 3556 107 63 has,
717 3575 52 33 as
796 3555 286 71 previously
1103 3560 75 47 set
1204 3555 154 64 forth,
1388 3573 27 33 a
1439 3553 86 52 life
1551 3553 54 52 of
1626 3552 244 64 relation;
1898 3551 163 53 which

120 3641 111 54 may
276 3626 63 54 be
388 3629 233 70 properly
659 3628 367 54 distinguished
1060 3627 264 69 into—(a)
1369 3646 28 33 a
1427 3625 212 54 relation
1679 3625 120 52 with
1839 3624 222 54 external
