2107 3450
189 307 189 32 MANNER
402 306 45 30 IN
474 304 151 31 WHICH
649 301 246 32 LANGUAGE
918 301 198 32 MILtltOltS
1140 301 244 33 CONDITION
1410 302 55 32 OF
1488 302 128 33 MIND.
1652 292 82 42 185

78 444 25 27 a
119 430 191 42 stadium
342 425 345 44 melanchoiicum
711 437 47 28 as
781 422 74 43 the
878 422 230 55 initiatory
1126 422 151 56 period
1300 423 48 42 of
1367 422 167 42 mental
1557 422 179 42 disease.

81 501 60 42 Of
179 513 160 29 course,
383 497 121 42 there
547 510 70 28 are
661 494 266 43 exceptions.
993 493 119 43 Thus
1156 494 45 41 in
1240 493 140 43 senile
1418 493 236 52 dementia,
1691 493 47 42 in

77 572 192 56 periodic
291 583 157 29 mania,
471 568 47 42 in
552 566 268 56 meningitis,
841 566 46 41 in
921 565 75 43 the
1029 566 170 41 mental
1231 565 192 43 diseases
1456 565 282 42 consecutive

77 650 45 35 to
155 642 163 57 typhus
351 641 130 49 fever,
505 652 279 43 pneumonia,
807 637 185 52 cholera,
1025 638 248 50 sunstroke,
1297 651 92 29 etc.,
1413 637 76 42 the
1522 637 215 42 outbreak

80 717 48 40 of
170 728 148 27 mania
365 713 37 41 is
451 711 225 57 generally
729 709 213 44 observed
994 715 187 37 without
1232 709 130 56 being
1413 708 217 57 preceded
1679 709 59 55 by

75 785 316 44 melancholia;
428 784 82 42 but
546 784 76 41 the
661 797 118 28 cases
817 796 72 28 are
930 782 131 43 much
1100 796 120 29 more
1258 782 207 56 frequent
1502 781 48 43 in
1590 781 147 42 which

75 859 74 40 the
175 857 193 42 stadium
397 870 352 27 melanchoiicum
781 855 104 55 only
909 869 182 42 appears
1124 860 44 37 to
1201 855 54 42 be
1288 854 168 43 absent,
1482 854 188 43 because
1702 854 38 42 it

77 944 86 27 was
184 929 88 43 less
294 929 185 42 intense,
501 927 87 43 and
614 941 86 29 was
723 932 79 38 not
822 927 110 43 then
964 927 255 43 recognised
1243 941 46 28 as
1313 941 25 28 a
1360 940 122 29 stage
1504 925 45 44 of
1571 926 168 43 mental

76 1000 203 43 disease."

137 1072 219 56 Probably
390 1086 134 42 many
557 1086 182 42 persons
777 1072 112 43 have
932 1072 88 42 had
1058 1072 258 43 experience
1355 1073 44 41 of
1438 1072 75 43 the
1544 1073 195 41 stadium

77 1145 487 42 melanchoiicum—the
588 1144 232 43 debatable
842 1144 106 43 land
979 1145 197 42 between
1201 1150 146 37 sanity
1372 1144 86 42 and
1480 1145 260 55 insanity—

79 1214 97 41 who
198 1219 76 51 yet
305 1214 113 42 have
441 1228 134 29 never
598 1213 156 56 passed
787 1228 103 28 over
911 1214 76 42 the
1017 1214 156 42 border
1201 1214 95 42 into
1327 1214 75 43 the
1425 1218 114 38 state
1562 1214 45 41 of
1638 1227 98 42 pro-

76 1285 200 43 nounced
318 1286 211 42 insanity.
594 1285 149 42 When
781 1285 75 42 the
900 1285 242 43 disastrous
1185 1300 182 41 passage
1410 1286 37 42 is
1484 1285 141 42 made,
1665 1284 75 42 the

76 1358 173 55 patient
282 1372 102 41 may
408 1357 154 43 either,
584 1372 57 27 on
668 1357 75 42 the
776 1371 82 28 one
891 1357 130 42 hand,
1045 1358 102 41 sink
1181 1357 109 42 deep
1323 1357 95 42 into
1451 1357 77 42 the
1562 1357 174 55 depres-

75 1429 97 42 sion
216 1429 44 42 of
315 1434 96 37 true
455 1428 312 52 Melancholia,
809 1442 58 28 or,
910 1443 56 27 on
1011 1428 76 42 the
1136 1428 127 42 other
1310 1428 132 51 hand,
1493 1442 101 42 pass
1638 1428 96 41 into

76 1500 75 42 the
189 1500 229 42 condition
451 1500 45 41 of
528 1500 167 50 Mania,
727 1500 88 41 and
848 1500 178 42 become
1057 1499 289 57 unnaturally
1379 1500 177 43 exalted
1589 1500 47 41 in
1670 1500 70 42 his

76 1571 209 43 thoughts
309 1572 86 42 aud
419 1571 226 43 emotions.
711 1572 54 41 In
799 1585 119 29 some
952 1585 132 39 cases,
1106 1572 143 56 again,
1273 1572 123 42 there
1424 1572 37 42 is
1489 1586 25 28 a
1535 1573 206 50 rotation,

75 1645 144 42 which
267 1658 200 42 presents
510 1644 266 43 alternately
814 1644 76 43 the
934 1644 250 43 conditions
1227 1645 48 42 of
1314 1644 295 43 melancholia
1653 1644 87 42 and

74 1717 158 42 mania,
256 1717 74 42 the
352 1717 118 42 Folie
497 1716 250 43 Girculaire.
813 1716 56 42 In
902 1716 147 43 others
1079 1716 76 44 the
1186 1716 123 43 mind
1337 1731 102 40 goes
1464 1730 148 43 wrong
1634 1716 106 56 only

73 1791 46 40 in
152 1804 119 28 some
304 1789 173 42 limited
510 1789 87 42 and
630 1788 160 56 partial
822 1803 121 41 way:
976 1789 124 43 there
1133 1803 101 42 may
1260 1789 51 42 be
1344 1789 146 42 Moral
1522 1789 219 52 Insanity,

74 1863 65 41 for
161 1861 214 56 example,
397 1862 47 41 in
480 1861 145 42 which
658 1860 313 44 deterioration
1001 1861 39 43 is
1073 1861 228 43 exhibited
1335 1861 160 43 chiefly
1519 1876 47 27 or
1599 1861 142 55 solely

74 1935 46 40 in
145 1934 74 43 the
241 1948 126 29 sense
390 1934 47 42 of
464 1933 119 57 right
604 1933 87 42 and
718 1947 172 42 wrong;
922 1947 47 28 or
998 1933 124 43 there
1152 1947 101 42 may
1287 1934 54 42 be
1373 1932 297 44 Monomania,
1693 1934 46 41 in

76 2006 144 42 which
253 2020 25 27 a
299 2005 141 43 single
462 2005 200 43 delusion
695 2020 56 27 on
785 2020 119 28 some
936 2005 241 56 particular
1209 2005 172 56 subject
1413 2005 127 44 alone
1564 2006 176 56 betrays

76 2078 76 42 the
175 2078 206 56 insanity.

134 2222 53 42 A.
225 2221 469 43 Melancholia.—In
733 2226 98 38 true
877 2222 291 42 melancholia
1202 2222 58 41 all
1294 2222 134 43 forms
1462 2223 47 42 of
1538 2223 199 42 outward

77 2293 253 56 expression
363 2293 171 42 exhibit
568 2293 75 42 the
675 2293 219 56 profound
926 2293 169 43 mental
1127 2294 212 42 suffering
1370 2295 45 41 of
1447 2294 75 43 the
1554 2294 186 56 patient.

78 2364 91 42 The
191 2363 226 43 condition
440 2363 79 43 has
542 2364 111 42 been
676 2364 124 56 aptly
823 2364 225 43 described
1071 2379 46 28 as
1149 2379 82 28 one
1254 2365 44 42 of
1322 2365 167 43 mental
1512 2366 119 56 pain,
1653 2366 88 43 and

74 2436 47 40 in
155 2439 128 38 acute
317 2449 118 29 cases
469 2436 75 43 the
578 2436 212 57 suffering
824 2451 101 42 may
948 2437 53 43 be
1034 2442 115 38 most
1181 2438 289 58 pathetically
1493 2441 245 42 expressed.

75 2510 21 16 "
115 2505 91 44 The
243 2506 209 56 patient,"
495 2521 100 42 says
640 2508 265 56 Griesinger,
943 2510 21 22 "
980 2509 180 43 bewails
1199 2509 190 55 himself,
1428 2511 160 44 heaves
1628 2512 113 56 deep

76 2577 132 56 sighs,
240 2578 87 42 and
365 2579 36 42 is
445 2580 191 55 engaged
678 2580 46 42 in
758 2594 180 42 prayers
972 2581 85 43 and
1091 2582 335 56 supplications,
1460 2584 82 42 but
1573 2585 167 43 always

77 2664 55 28 on
156 2650 74 43 the
268 2665 118 29 same
417 2651 238 56 subject."1
721 2653 134 43 Often
890 2653 123 44 there
1045 2654 38 44 is
1116 2655 134 43 much
1284 2661 142 38 motor
1458 2662 282 39 excitement.

78 2725 21 18 "
115 2722 90 43 The
227 2723 229 55 patients,"
479 2739 100 42 says
608 2725 68 42 Dr
709 2725 227 53 Clouston,
959 2727 47 42 in
1040 2727 215 56 speaking
1287 2729 46 42 of
1363 2729 174 43 excited
1559 2730 182 57 (motor)

79 2793 302 54 melancholia,
403 2800 21 16 "
441 2796 104 43 rush
570 2797 146 51 about,
738 2812 72 28 are
833 2798 169 43 violent
1029 2803 45 38 to
1099 2799 125 44 those
1247 2800 135 43 about
1405 2801 134 53 them,
1562 2803 182 43 wander

82 2865 270 57 ceaselessly,
375 2868 193 57 walking
591 2883 59 42 up
677 2870 87 42 and
787 2870 129 43 down
948 2871 91 43 like
1073 2872 133 56 tigers
1229 2873 48 42 in
1300 2887 25 28 a
1348 2888 129 42 cage;
1509 2889 47 27 or
1579 2875 83 42 roll
1686 2890 56 28 on

81 2937 77 42 the
190 2937 119 49 floor,
339 2953 48 27 or
420 2940 137 56 wring
589 2940 117 44 their
738 2941 154 55 hands,
925 2958 47 28 or
1003 2943 134 43 shout
1169 2959 48 28 or
1248 2960 149 42 groan,
1419 2961 48 27 or
1499 2951 93 38 tear
1625 2949 119 42 their

82 3007 180 53 clothes,
296 3023 47 28 or
375 3010 45 42 in
456 3011 113 43 their
602 3013 122 51 cries,
757 3015 227 43 attitudes,
1016 3016 88 42 and
1143 3017 193 43 motions
1375 3032 179 42 express
1589 3019 154 56 loudly

83 3079 115 43 their
240 3082 167 42 mental
444 3084 114 55 pain.
624 3085 56 44 In
719 3086 136 53 short,
894 3086 75 44 the
1013 3089 225 43 muscular
1279 3091 256 55 expression
1580 3092 44 42 of
1668 3092 75 43 the

720 3179 10 22 1
761 3179 61 45 Op.
843 3179 70 47 cit.,
933 3191 35 36 p.
991 3181 82 37 227.

1485 3235 24 40 2
1534 3247 29 30 A
