2113 3404
782 290 87 32 TIIK
901 292 242 34 DISOUDEItS
1176 295 52 31 OF
1260 296 174 32 SPEKCH.

303 275 81 40 128

301 404 233 45 indicative
558 408 43 41 of
622 422 115 30 some
762 411 161 42 mental
946 412 149 43 defect.
1158 414 119 54 They
1299 427 70 28 are
1392 413 130 41 noted
1545 417 42 37 to
1609 412 51 43 be
1684 413 165 44 restless
1864 430 45 29 or

302 474 300 54 mischievous,
636 492 46 28 or
718 484 43 36 to
798 480 168 55 display
1004 482 121 42 other
1162 482 258 42 indications
1457 482 47 41 of
1538 487 115 36 want
1681 482 46 41 of
1753 487 155 40 mental

302 558 152 41 power.
517 547 60 43 To
615 562 72 42 my
725 549 133 52 mind,
895 551 74 42 the
1006 552 169 41 records
1217 553 46 39 of
1290 552 120 41 these
1442 565 117 28 cases
1590 565 70 28 are
1692 552 215 57 distinctly

305 617 243 54 suggestive
590 619 46 41 of
674 619 72 43 the
788 621 218 42 existence
1046 622 48 41 of
1130 636 24 26 a
1196 621 210 42 defective
1448 621 286 56 intelligence,
1770 627 141 50 strong

305 687 170 55 enough
500 692 42 37 to
566 688 108 42 have
707 690 201 54 acquired
932 690 71 42 the
1035 705 144 40 power
1200 691 44 41 of
1273 691 283 55 interpreting
1579 691 146 42 words,
1748 692 77 41 but
1845 698 66 37 too

308 756 120 41 weak
470 762 43 37 to
555 758 113 42 train
710 759 73 41 the
826 765 137 36 motor
999 760 91 42 side
1132 761 47 40 of
1216 760 72 42 the
1331 760 350 55 Speech-centres
1723 767 42 36 to
1807 765 107 39 their

307 832 264 48 production.

365 896 67 41 Dr
454 897 266 42 Broadbent1
744 899 76 41 has
842 898 202 43 recorded
1066 913 53 27 an
1143 899 255 43 interesting
1419 914 94 28 case
1536 900 139 43 which
1697 901 53 42 he
1774 902 142 43 thinks

309 980 99 41 may
431 967 52 41 be
515 967 127 55 fairly
664 969 204 54 regarded
900 983 45 28 as
978 983 80 28 one
1089 970 45 41 of
1165 970 254 55 Congenital
1450 971 202 54 Aphasia.
1713 970 89 42 The
1827 971 90 51 boy,

311 1036 94 41 who
439 1037 85 41 had
558 1042 75 36 not
664 1043 75 49 yet
771 1038 174 42 learned
967 1044 44 36 to
1046 1040 144 54 speak,
1212 1054 98 37 was,
1327 1045 45 37 at
1402 1040 74 42 the
1507 1054 75 28 age
1614 1040 44 41 of
1691 1040 64 42 six
1789 1054 130 41 years,

309 1120 81 27 run
413 1120 111 35 over,
547 1107 84 41 and
664 1107 100 42 hurt
786 1122 56 27 on
874 1108 72 42 the
968 1108 79 42 left
1079 1109 91 42 side
1197 1110 45 41 of
1260 1110 72 42 the
1355 1109 121 43 head.
1538 1110 143 41 When
1704 1109 135 42 under
1859 1110 60 41 Dr

311 1176 137 41 Broad
457 1177 135 41 bent's
609 1191 94 28 care
721 1183 45 36 at
791 1178 70 42 the
883 1193 75 35 age
981 1179 44 41 of
1042 1179 162 42 eleven,
1222 1179 53 42 he
1297 1194 85 28 was
1400 1179 142 43 bright
1564 1180 84 41 and
1670 1179 249 49 intelligent,

309 1245 127 42 could
470 1260 82 27 run
586 1248 187 49 errands,
806 1249 85 41 and
914 1262 85 28 saw
1036 1255 95 36 that
1152 1249 53 42 he
1226 1255 74 49 got
1320 1250 74 42 the
1416 1264 152 40 proper
1589 1250 160 42 change
1772 1249 34 41 if
1835 1250 84 43 told

309 1316 262 42 beforehand
601 1317 97 42 how
732 1318 129 42 much
895 1319 36 41 it
962 1319 155 42 should
1151 1320 61 41 be.
1275 1320 70 41 He
1376 1334 98 37 was,
1506 1320 206 41 however,
1734 1319 186 41 irritable

310 1387 84 41 and
411 1388 243 54 passionate
673 1388 106 42 with
801 1403 191 41 younger
1014 1390 205 42 children.
1272 1390 82 41 For
1371 1389 196 42 "father"
1589 1390 85 40 and
1696 1389 226 51 "mother,"

310 1457 54 42 he
401 1459 91 41 said
529 1457 118 43 fave
678 1459 85 41 and
794 1469 176 32 move;
1011 1460 92 41 said
1140 1471 68 31 no
1245 1460 85 42 and
1371 1471 90 42 yes
1503 1460 297 54 indistinctly;
1841 1460 79 40 and

310 1526 175 45 dunno
505 1530 63 41 for
589 1534 21 16 "
627 1529 118 42 don't
765 1529 166 43 know."
992 1531 137 41 These
1146 1544 107 28 were
1275 1530 58 41 all
1356 1531 72 40 the
1452 1530 137 41 words
1611 1529 95 42 that
1727 1529 125 42 could
1873 1530 48 40 be

309 1606 72 45 got
405 1599 108 41 from
543 1599 91 41 him
668 1603 45 37 at
747 1599 73 41 the
843 1600 93 42 first
970 1600 113 42 visit.
1146 1600 60 41 To
1240 1604 113 37 most
1373 1599 233 54 questions,
1627 1598 54 42 he
1707 1598 214 41 answered

308 1667 404 54 keeger-kruger.
774 1670 71 41 He
869 1675 129 37 wrote
1021 1671 66 41 his
1121 1684 125 28 name
1268 1675 143 49 pretty
1435 1669 109 41 well,
1565 1668 83 42 and
1672 1668 123 42 could
1819 1682 103 40 copy

310 1738 164 42 several
496 1739 149 50 words,
669 1739 78 42 but
768 1740 127 41 could
911 1745 75 37 not
1010 1746 121 36 write
1148 1740 134 56 "yes"
1304 1754 47 27 or
1371 1739 113 42 "no"
1508 1739 124 42 when
1655 1739 129 41 asked
1809 1745 40 35 to
1871 1739 50 41 do

310 1822 56 28 so.
429 1808 62 42 At
527 1823 24 27 a
588 1809 265 55 subsequent
884 1811 115 41 visit,
1031 1811 54 41 he
1117 1810 170 42 showed
1320 1824 116 27 some
1472 1810 322 53 improvement.
1858 1809 63 42 On

310 1878 140 54 being,
473 1879 64 39 for
558 1878 208 55 example,
807 1879 130 42 asked
973 1879 73 43 the
1080 1880 117 40 time,
1219 1878 142 41 which
1384 1892 85 27 was
1500 1878 107 49 2.45,
1628 1877 54 42 he
1704 1878 90 40 said
1824 1875 99 43 free

310 1946 213 43 o'clock;
544 1948 84 41 and
646 1949 123 41 when
784 1948 90 42 told
891 1949 95 42 that
1000 1949 53 42 he
1070 1963 84 27 was
1172 1954 75 36 not
1260 1958 119 45 quite
1395 1948 126 55 right,
1536 1948 91 41 said
1644 1948 279 52 indistinctly,

308 2017 165 42 about
492 2015 252 56 half-past
764 2018 123 43 two.

370 2085 63 40 Dr
456 2085 215 41 Hartman
695 2086 212 44 discusses
929 2087 73 42 the
1025 2086 166 43 subject
1213 2090 44 37 at
1273 2099 117 28 some
1411 2084 147 55 length
1583 2084 45 42 in
1650 2084 66 42 his
1741 2085 112 40 work
1872 2097 48 29 on

310 2155 340 55 Deaf-Mutism.2
701 2157 69 42 He
788 2171 97 42 says
903 2158 97 42 that
1020 2161 122 38 apart
1164 2157 109 40 from
1296 2169 116 28 cases
1426 2160 21 16 "
1461 2156 44 40 in
1524 2155 139 42 which
1681 2155 241 41 Dumbness

311 2225 38 43 is
372 2225 215 55 produced
621 2227 57 55 by
710 2227 243 43 functional
985 2228 288 41 disturbance,
1299 2240 45 27 or
1375 2240 24 27 a
1431 2225 315 41 malformation
1779 2225 43 41 of
1853 2224 69 41 the

314 2311 154 27 organs
490 2297 43 41 of
555 2296 289 53 articulation,
865 2299 54 41 he
941 2298 76 42 has
1035 2296 233 43 succeeded
1291 2296 43 41 in
1360 2295 165 42 finding
1545 2295 44 41 in
1612 2295 73 41 the
1707 2295 216 41 literature

314 2367 46 41 of
379 2366 72 42 the
474 2366 167 55 subject
672 2367 102 55 only
797 2382 80 29 one
910 2382 106 28 case,
1039 2366 221 42 described
1292 2366 56 55 by
1369 2365 324 55 Waldenburg,3
1714 2363 44 43 in
1786 2363 134 43 which

314 2436 234 41 dumbness
571 2450 136 28 seems
730 2442 43 36 to
795 2437 109 43 have
934 2437 178 50 existed,
1135 2436 205 42 although
1363 2436 73 42 the
1459 2436 175 41 hearing
1656 2449 85 27 was
1763 2433 159 42 normal

315 2506 82 41 and
432 2505 74 42 the
539 2506 197 42 intellect
769 2508 118 53 good.
950 2508 103 40 This
1085 2507 132 41 refers
1249 2512 43 35 to
1324 2521 24 27 a
1370 2507 82 41 boy
1476 2505 141 42 whose
1645 2505 166 41 mother
1842 2516 80 30 was

316 2575 193 42 affected,
531 2576 45 40 in
611 2576 73 41 the
721 2576 116 42 third
861 2577 150 41 month
1036 2577 46 41 of
1111 2590 257 41 pregnancy,
1391 2582 103 35 with
1520 2575 106 42 total
1655 2575 207 55 paralysis
1884 2574 43 40 of

316 2646 73 42 the
405 2645 117 55 right
542 2646 102 50 side,
667 2647 84 41 and
785 2647 106 41 with
923 2646 213 42 complete
1157 2646 85 42 loss
1265 2646 45 42 of
1336 2646 164 42 speech.
1562 2646 128 41 From
1707 2644 125 50 birth,
1854 2644 69 41 the

316 2716 117 43 right
456 2715 91 42 half
568 2717 46 40 of
633 2716 72 42 the
729 2716 116 55 boy's
869 2715 110 43 body
1007 2729 84 28 was
1124 2719 76 38 not
1221 2729 45 28 so
1290 2715 97 43 well
1421 2715 233 43 developed
1677 2729 45 27 as
1746 2714 71 42 the
1837 2713 87 48 left,

317 2786 86 42 and
425 2786 54 41 he
500 2785 74 42 did
603 2790 77 38 not
714 2786 119 42 learn
856 2791 44 37 to
922 2786 145 55 speak,
1089 2785 208 42 although
1320 2785 68 42 his
1416 2785 196 43 intellect
1635 2784 155 56 proved
1812 2789 42 37 to
1877 2784 47 40 be

319 2856 96 43 well
459 2856 247 55 developed,
743 2857 85 41 and
868 2857 54 41 he
965 2855 127 43 could
1133 2855 111 42 hear.
1307 2856 121 41 Even
1471 2854 123 44 when
1638 2855 289 51 Waldenburg

365 2958 10 23 1
403 2957 381 46 Medico-Chirurgical
805 2956 258 37 Transactions,
1083 2955 70 36 vol.
1173 2954 113 45 lxxv.,
1307 2957 100 42 1872,
1427 2967 35 35 p.
1486 2959 76 31 155.

363 3017 14 22 2
405 3017 277 46 Deaf-Mutism,,
701 3019 200 33 translated
918 3015 50 36 by
986 3016 55 35 Dr
1058 3013 151 47 Cassels,
1231 3015 102 44 1881,
1360 3026 33 35 p.
1413 3014 46 35 24
1476 3018 30 31 et
1522 3027 63 34 scq.

365 3077 14 22 3
405 3077 66 35 "A
493 3076 89 38 Case
600 3075 40 37 of
654 3074 218 49 Congenital
892 3073 196 49 Aphasia,"
1105 3073 133 36 Berlin.
1262 3073 97 35 Klin.
1386 3073 283 47 Wochenschrift,
1692 3074 100 44 1873,
1810 3082 33 38 p.
1865 3073 30 33 8.
