1933 3302
235 206 161 38 Calorael,
420 205 140 40 Argent.
585 204 123 39 nitric,
732 201 149 41 Cuprum
906 201 89 39 sulf.,
1019 197 233 41 Eisenvitriol,
1276 197 200 32 Bleizucker
1501 198 60 29 etc.
1654 197 48 37 71

105 327 99 37 ganz
225 311 271 40 ausdrücklich
518 311 73 37 den
612 309 156 39 Nutzen
789 307 213 39 desselben.
1041 305 55 38 Er
1117 308 239 47 gebrauchte
1378 303 326 39 Fomentationen

107 381 74 24 von
211 367 90 45 0,06
332 381 47 23 zu
411 366 74 37 150
507 364 57 37 bis
588 364 75 37 180
686 363 160 38 Wasser
875 363 71 36 mit
975 360 159 38 30—60
1165 357 168 51 Spiritus
1364 357 98 49 (also
1486 359 15 36 1
1530 371 47 24 zu
1599 357 104 37 3000

106 421 59 37 bis
195 420 122 38 4000)
361 419 77 38 und
479 418 170 37 schreibt
679 416 225 39 Gerson's
933 415 79 37 und
1042 412 283 38 Werneck's
1354 411 251 51 Misserfolge
1637 411 67 38 der

105 488 48 24 zu
181 487 161 37 grossen
371 484 205 27 reizenden
599 470 301 38 Concentration
923 467 123 51 (3—4
1067 479 70 38 pro
1158 465 122 48 mille)
1312 479 59 24 zu.
1434 464 269 40 Neudörfer

105 527 84 38 hält
209 528 59 37 die
290 527 199 37 Wirkung
511 525 65 37 des
597 523 235 39 Sublimates
862 524 107 36 nicht
997 521 64 39 für
1090 519 222 52 genügend,
1344 519 186 38 während
1550 518 153 40 Nuss-

106 582 138 37 baum
275 580 160 38 Erfolge
465 578 79 38 sah.

236 633 512 40 Calomeleinstreuungen
777 632 153 36 machte
961 628 187 50 Marmy
1179 640 99 25 ohne
1309 625 169 39 Nutzen.

236 686 301 39 Höllenstein
558 687 154 35 wandte
734 684 133 38 Rollo
889 697 67 24 zur
976 682 185 38 Aetzung
1182 682 66 37 des
1268 680 223 38 befallenen
1513 679 189 39 Gewebes

105 743 39 37 in
175 741 208 39 Substanz,
423 738 319 39 Cruikshanks
772 738 40 37 in
841 742 243 33 verdünnten
1115 736 210 48 Lösungen
1356 749 61 25 an.
1477 734 225 50 Delpech

106 796 68 37 sah
203 808 73 24 nur
306 794 63 37 bei
398 792 326 38 oberflächlichen
744 791 136 38 Fällen
910 790 157 39 Nutzen
1097 803 89 24 vom
1208 788 208 39 Gebrauch
1447 789 67 37 des
1535 788 166 50 Argent.

104 851 126 35 nitric.
286 846 266 39 Neudörfer
594 848 163 35 rechnet
787 844 246 38 Höllenstein
1062 857 48 24 zu
1141 844 74 37 den
1242 843 39 37 in
1319 842 218 38 leichteren
1565 841 138 39 Fällen

105 902 233 38 wirksamen
367 899 166 38 Mitteln.
593 900 112 37 Auch
736 898 124 39 Graf
885 899 78 37 und
993 897 266 39 Nussbaum
1289 896 137 38 hatten
1455 909 77 25 von
1562 895 140 39 Lapis-

104 955 166 39 solution
302 955 102 37 1872
435 956 94 48 gute
559 953 173 49 Erfolge.

234 1007 397 40 Schwefelsaures
652 1006 192 38 Kupfer.
876 1005 154 39 Curtis
1053 1004 173 39 empfahl
1246 1017 68 24 zur
1334 1003 280 50 Rückbildung
1636 1003 66 38 des

105 1062 303 39 schwammigen
429 1061 213 37 Productes
662 1061 105 37 beim
788 1059 309 38 Hospitalbrand
1117 1058 117 38 milde
1266 1057 285 39 escharotische
1573 1057 130 38 Mittel

105 1117 78 37 und
212 1115 343 50 Adstringentien,
595 1113 265 39 vornehmlich
888 1113 142 37 blauen
1059 1112 160 47 Vitriol,
1258 1113 41 49 je
1329 1111 100 38 nach
1458 1110 246 40 Umständen

103 1171 41 37 in
183 1170 210 38 Lösungen
437 1182 75 24 von
551 1168 298 37 verschiedener
890 1166 153 38 Stärke.
1102 1166 187 49 Marmy
1332 1165 241 51 gebrauchte
1617 1165 85 38 eine

105 1222 153 52 4°/oige
306 1222 178 50 Lösung,
529 1221 139 51 jedoch
717 1224 71 35 mit
835 1220 89 39 sehr
967 1220 244 38 unsicherem
1255 1219 175 51 Erfolge.
1489 1219 213 38 Demme

106 1279 190 36 erwähnt,
327 1279 70 34 mit
427 1276 144 37 diesem
600 1275 129 38 Mittel
759 1275 182 50 günstige
971 1274 201 38 Resultate
1204 1274 134 37 erzielt
1367 1287 47 24 zu
1443 1273 140 39 haben.

234 1329 311 39 Eisenvitriol
587 1329 151 37 scheint
780 1328 186 38 Demme
1010 1327 197 38 ungefähr
1250 1330 71 35 mit
1361 1327 342 38 schwefelsaurem

105 1385 154 37 Kupfer
290 1384 69 38 auf
384 1383 151 51 gleiche
564 1383 112 37 Linie
707 1396 47 23 zu
783 1382 149 39 stellen.

234 1438 209 37 Lösungen
473 1450 75 24 von
576 1436 278 38 Bleizncker
886 1435 171 50 empfahl
1078 1435 262 49 Thompson
1370 1435 330 50 angelegentlich.

106 1491 231 38 Bleiwasser
367 1493 222 35 verwandte
620 1489 189 38 Gerson
839 1489 98 38 ohne
967 1488 169 39 Nutzen.

233 1544 195 38 Alumen
459 1544 211 38 calcinat.
702 1544 78 36 und
811 1542 217 38 Alumina
1058 1542 229 38 sulfurica
1317 1543 85 37 sind
1431 1542 202 38 mehrfach
1662 1542 39 37 in

106 1597 206 39 Gebrauch
332 1611 243 36 genommen,
598 1597 54 37 sie
675 1597 155 37 werden
852 1610 74 25 von
942 1596 175 38 Bourot
1138 1596 176 38 erwähnt
1333 1597 80 37 und
1432 1609 75 25 von
1524 1595 177 39 Fodere

105 1652 57 38 als
191 1654 93 48 gute
314 1651 130 37 Mittel
472 1650 237 38 bezeichnet.

234 1705 215 37 Alumina
488 1704 177 38 acetica
695 1704 56 37 als
781 1703 281 38 Burow'sche
1089 1703 161 38 Lösung
1278 1703 93 38 fand
1401 1703 160 38 Heine
1591 1705 112 35 nicht

106 1759 226 37 wirksamer
362 1758 55 38 als
447 1771 142 24 andere
618 1757 254 50 Antiseptica.

236 1811 378 39 Tanninpulver
656 1811 94 38 wird
788 1825 75 24 von
894 1811 179 38 Tribes
1115 1813 115 36 unter
1268 1824 172 25 anderen
1476 1810 224 39 schwächer

108 1866 225 37 wirkenden
362 1865 155 37 Mitteln
545 1870 221 45 angeführt.

235 1919 104 37 Kali
369 1919 358 49 hypermangan.
754 1919 68 37 hat
852 1919 85 37 eine
969 1918 220 38 erhebliche
1209 1918 111 38 Rolle
1342 1919 64 37 bei
1427 1919 67 37 der
1515 1919 183 37 Behand-

104 1973 98 37 lung
231 1973 65 37 des
327 1972 347 49 Hospitalbrandes
704 1972 177 51 gespielt.
936 1972 53 38 Es
1020 1986 79 23 war
1129 1972 201 50 dasjenige
1360 1972 140 38 Mittel,
1532 1972 168 38 welches

106 2026 205 38 Fischer
342 2025 344 38 durchschnittlich
708 2028 129 35 zuerst
858 2026 177 49 dagegen
1057 2028 216 35 anwandte.
1315 2025 113 39 Nach
1448 2031 252 45 sorgfältiger

107 2080 222 50 Reinigung
369 2080 130 36 wurde
541 2079 59 37 die
632 2078 155 39 Wunde
825 2079 99 38 nach
958 2081 39 48 je
1038 2080 22 36 2
1100 2080 92 37 oder
1232 2080 98 37 auch
1360 2080 24 37 4
1415 2079 175 39 Stunden
1629 2083 71 34 mit

108 2146 105 24 einer
242 2133 159 37 Lösung
430 2146 74 24 von
540 2133 124 48 ^/2—2
695 2133 222 38 Drachmen
954 2133 70 38 auf
1056 2131 37 52 ^/2
1130 2133 90 38 Kilo
1251 2133 161 38 Wasser
1455 2134 100 37 nach
1597 2133 101 38 allen

108 2186 246 38 Richtungen
383 2186 67 37 hin
479 2187 260 49 ausgespritzt
767 2188 78 36 und
874 2189 71 35 mit
974 2186 164 50 Charpie
1169 2187 232 50 ausgefüllt,
1449 2187 144 37 welche
1625 2200 74 24 von

108 2240 125 37 dieser
263 2239 157 38 Lösung
452 2240 256 37 durchtränkt
737 2254 90 23 war.
872 2240 72 37 Bei
972 2241 153 37 starker
1154 2239 289 51 Absonderung
1472 2240 107 38 legte
1610 2254 89 24 man

108 2293 253 37 Compressen
381 2293 70 36 mit
470 2294 197 36 stärkerer
688 2293 160 38 Lösung
869 2294 178 37 darüber.
1088 2293 136 38 Dieses
1253 2294 250 37 verursachte
1534 2307 165 25 anfangs

107 2346 243 38 bedeutende
381 2345 249 39 Schmerzen,
675 2347 145 37 welche
862 2347 60 37 die
960 2347 272 49 Darreichung
1270 2361 75 24 von
1378 2347 143 49 Opium
1561 2348 137 50 nöthig

108 2399 198 46 machten,
346 2399 92 37 aber
475 2413 75 23 von
590 2399 121 38 selbst
747 2400 230 37 aufhörten,
1019 2400 133 37 sobald
1187 2400 97 38 nach
1314 2401 269 49 mehrtägiger
1611 2401 86 37 An-

110 2453 192 49 wendung
332 2453 65 36 des
427 2452 89 37 Kali
544 2452 306 50 hypermangan.
882 2453 60 37 die
974 2453 155 38 Wunde
1159 2454 80 37 sich
1269 2455 180 50 reinigte.
1499 2455 199 37 Zuweilen

110 2506 130 37 wurde
272 2506 65 37 das
367 2504 135 39 Secret
539 2499 209 57 allerdings
788 2509 80 35 erst
904 2506 99 38 nach
1032 2506 182 50 längerer
1245 2507 85 38 Zeit
1359 2508 230 38 reichlicher
1620 2509 77 37 und

109 2559 251 37 consistenter
389 2560 78 36 und
495 2558 223 51 Reinigung
748 2560 67 36 der
844 2559 156 38 Wunde
1031 2560 176 38 erfolgte.
1256 2561 71 37 Bei
1358 2562 126 37 dieser
1513 2561 183 38 Behand-

109 2612 231 49 lungsweise
371 2612 68 37 sah
470 2611 338 39 Groethuisen
839 2613 59 37 die
928 2613 224 50 Reinigung
1175 2615 102 37 Imal
1306 2615 39 37 in
1367 2616 22 35 2
1412 2615 148 50 Tagen,
1593 2615 105 37 2mal

108 2665 40 37 in
179 2666 34 44 6,
245 2665 102 37 2mal
375 2665 39 37 in
436 2666 34 45 7,
502 2666 102 37 2mal
632 2665 38 37 in
692 2666 34 45 8,
761 2666 101 37 Imal
890 2666 38 37 in
950 2667 35 37 9,
1021 2667 101 37 Imal
1149 2667 40 37 in
1213 2668 60 37 10,
1305 2668 104 37 2mal
1437 2669 39 36 in
1499 2669 61 46 11,
1595 2668 102 38 Imal

108 2719 41 36 in
180 2718 66 45 12,
282 2717 103 37 2mal
412 2718 39 37 in
484 2719 66 45 14,
589 2718 101 39 Imal
718 2719 39 37 in
788 2719 66 46 15,
887 2720 68 46 20,
987 2721 67 45 25,
1086 2721 49 37 30
1167 2721 136 51 Tagen
1337 2734 70 25 vor
1444 2721 82 38 sich
1555 2721 138 50 gehen.

109 2770 207 38 Fischer
355 2770 107 47 fand,
508 2772 86 38 dass
626 2772 66 37 das
721 2771 129 39 Mittel
887 2772 62 38 bei
991 2773 201 38 ulcerösen
1232 2775 78 37 und
1341 2775 141 37 ebenso
1515 2775 61 37 bei
1606 2775 89 37 sehr

110 2824 132 49 rapide
274 2823 273 39 verlaufenden
576 2825 188 49 pulpösen
793 2825 168 38 Formen
989 2827 150 37 nutzlos
1170 2829 66 36 sei.
1294 2828 54 37 Er
1377 2828 105 37 räth,
1520 2828 60 37 die
1611 2828 84 38 Kur

112 2877 66 37 des
207 2876 347 50 Hospitalbrandes
584 2881 95 35 stets
708 2879 71 36 mit
809 2879 104 37 einer
944 2880 253 50 energischen
1216 2880 259 38 Behandlung
1503 2881 71 37 mit
1603 2881 92 38 Kali

110 2929 305 49 hypermangan.
445 2943 47 24 zu
525 2931 205 50 beginnen.
788 2931 93 38 Erst
916 2945 110 25 wenn
1064 2933 102 38 diese
1204 2935 53 36 im
1295 2933 106 38 Stich
1438 2933 108 47 liess,
1577 2935 117 38 nahm

112 2995 42 24 er
182 2983 103 37 seine
307 2982 179 38 Zuflucht
505 2997 66 24 zur
594 2983 179 52 Aetzung
802 2985 39 37 in
862 2985 67 37 der
950 2985 422 40 Chloroformnarkose,
1403 2987 71 37 mit
1502 2989 192 38 rauchen-
