1895 3217
1468 232 94 51 157

714 243 91 31 THE
828 243 206 34 CHACMA.

197 371 106 54 tint,
344 370 90 46 and
472 371 62 59 by
573 375 78 39 the
696 385 141 45 upper
877 369 185 61 eyelids,
1104 367 149 46 which
1292 383 75 31 are
1405 369 159 62 nearly

202 448 154 52 white,
381 461 48 30 as
453 445 47 45 in
534 452 78 39 the
634 461 253 46 mangabey
922 461 47 30 or
1005 445 139 45 white
1169 445 149 45 eyelid
1350 447 212 60 monkey.

198 523 45 45 It
273 521 37 47 is
341 538 90 30 also
459 524 280 44 remarkable
767 522 47 45 in
841 523 169 60 having
1038 528 79 39 the
1151 522 151 45 naked
1329 522 237 47 callosities

197 614 109 47 very
330 599 144 46 small.

261 676 207 46 Another
504 675 170 46 animal
712 675 136 46 allied
886 675 48 46 in
970 676 147 45 colour
1155 675 36 46 is
1225 676 79 45 the
1335 675 233 47 dog-faced

196 755 171 44 baboon
382 753 51 46 of
449 754 225 53 Pennant,
690 753 78 45 the
794 753 224 45 Tartarin
1037 752 50 46 of
1103 753 50 45 F.
1174 752 178 55 Cuvier,
1372 754 194 60 thought

197 830 234 61 originally
464 836 47 39 to
544 831 55 45 be
632 846 28 29 a
692 836 154 39 native
869 829 50 46 of
951 829 185 53 Arabia,
1176 830 83 45 but
1299 836 48 39 at
1382 838 179 53 present

196 922 96 30 rare
315 906 48 46 in
385 907 79 45 the
488 907 237 61 European
750 906 264 46 collections.
1084 907 45 45 It
1162 907 38 45 is
1228 907 183 61 equally
1433 906 130 47 fierce

198 984 91 46 and
312 984 243 61 dangerous
579 984 115 45 with
716 990 78 39 the
817 985 263 60 preceding;
1111 983 50 47 of
1176 1000 27 29 a
1225 984 338 62 greenish-gray

198 1076 147 31 colour
362 1077 14 37 j
414 1067 80 39 the
528 1067 194 39 anterior
759 1067 101 54 part
894 1061 50 46 of
975 1061 78 44 the
1086 1062 120 60 body
1241 1061 177 46 clothed
1453 1068 113 39 with

198 1153 111 46 very
332 1138 106 61 long
461 1138 90 45 and
574 1138 169 61 shaggy
766 1137 110 46 hair.

266 1216 98 44 The
386 1220 111 39 next
520 1213 191 46 animals
736 1231 69 29 we
821 1215 115 45 shall
954 1220 204 40 mention
1178 1230 73 30 are
1270 1215 68 45 Le
1354 1215 214 45 Bahouin

198 1292 91 44 and
312 1291 68 45 Le
400 1291 185 45 Papion
610 1290 50 46 of
675 1291 204 45 Frederic
904 1291 178 46 Cuvier.
1166 1292 96 45 The
1290 1291 111 55 first,
1427 1308 140 45 appa-

197 1368 165 60 rently,
395 1367 36 45 is
455 1368 78 44 the
558 1367 156 45 Simla
736 1367 321 61 cynocephalus
1081 1366 50 47 of
1152 1368 229 53 Linnaeus,
1411 1370 91 44 and
1528 1369 38 46 is

198 1444 192 45 thought
420 1445 62 59 by
504 1451 79 38 the
613 1444 428 46 above-mentioned
1070 1451 163 39 author
1260 1451 46 39 to
1337 1446 55 45 be
1422 1461 81 30 one
1528 1445 51 46 of

200 1527 127 39 those
353 1521 161 45 adored
536 1520 47 45 in
605 1527 79 39 the
707 1527 169 39 temple
899 1519 50 47 of
974 1521 298 61 Hermopolis,
1298 1523 89 44 and
1412 1538 45 29 so
1480 1522 89 47 fre-

200 1604 191 54 quently
415 1612 103 30 seen
542 1613 162 45 among
720 1598 78 45 the
817 1599 229 60 Egyptian
1063 1598 340 61 hieroglyphics.

265 1675 97 44 The
387 1675 147 45 colour
555 1673 37 47 is
616 1673 51 47 of
680 1691 27 29 a
732 1674 194 47 uniform
943 1675 408 61 yellowish-green,
1370 1691 124 45 paler
1511 1692 57 31 on

199 1758 78 39 the
300 1767 143 29 under
463 1767 153 45 parts;
649 1753 90 45 and
761 1758 79 39 the
868 1768 122 30 more
1014 1752 279 46 remarkable
1317 1752 249 46 deviations

200 1827 51 46 of
278 1827 129 55 fomi,
443 1843 73 30 are
552 1828 48 45 in
633 1835 78 39 the
746 1829 180 45 nostrils
965 1829 133 61 being
1131 1829 237 60 prolonged
1407 1836 45 38 to
1488 1830 79 45 the

200 1905 156 44 length
379 1904 49 45 of
442 1904 78 45 the
538 1905 131 60 jaws,
696 1906 232 45 separated
951 1907 139 44 above
1112 1907 63 59 by
1198 1921 28 29 a
1248 1921 110 45 very
1380 1907 187 45 marked

201 1980 179 54 hollow,
405 1981 88 44 and
517 1982 62 60 by
602 1981 78 45 the
701 1982 161 44 lateral
884 1982 231 46 cartilages
1146 1983 249 60 advancing
1424 1998 48 30 as
1501 1982 66 46 far

201 2056 192 46 forward
422 2073 47 30 as
499 2058 102 44 that
631 2057 48 45 in
701 2064 79 39 the
807 2065 160 39 centre.
1039 2059 96 45 The
1164 2058 83 46 tail
1276 2059 36 45 is
1342 2059 145 46 raised
1516 2067 48 39 at

201 2134 59 45 its
284 2134 153 61 origin,
463 2135 90 44 and
577 2150 184 45 appears
786 2150 47 30 as
857 2134 42 46 if
922 2136 156 60 placed
1110 2135 48 46 in
1189 2142 78 39 the
1295 2152 121 30 same
1446 2137 119 60 posi-

201 2217 97 39 tion
331 2211 113 45 with
466 2218 102 39 that
599 2210 50 47 of
674 2212 78 45 the
785 2212 222 54 'Mandril,
1032 2214 82 45 but
1138 2213 37 45 is
1200 2212 50 46 of
1265 2214 299 46 considerable

197 2287 175 61 length,
410 2289 208 60 reaching
654 2289 144 45 below
832 2289 78 46 the
945 2289 143 45 hams.
1173 2290 45 45 It
1256 2305 109 45 may
1403 2292 55 44 be
1493 2307 70 29 re-

198 2365 205 52 marked,
435 2371 100 38 that
566 2366 92 44 this
691 2367 169 44 baboon
894 2366 82 46 has
1006 2367 112 45 been
1148 2366 277 46 confounded
1449 2374 113 39 with

198 2445 82 39 the
315 2456 125 38 next,
477 2441 148 45 which
659 2442 204 46 Frederic
897 2443 165 46 Cuvier
1094 2443 219 46 considers
1346 2459 216 46 perfectly

203 2515 183 46 distinct
426 2518 91 46 and
538 2518 81 46 has
642 2518 165 47 named
830 2519 69 46 Le
922 2519 199 46 Papion.
1191 2521 110 44 This
1325 2520 168 46 animal
1525 2523 36 46 is
