2053 3512
371 282 52 37 88

854 298 86 31 THE
971 299 242 33 DISORDERS
1245 302 52 30 OF
1329 302 173 32 SPEECH.

369 412 235 42 successful
642 415 261 44 conclusion.
966 418 173 56 Among
1175 419 121 42 those
1331 420 94 41 who
1459 420 109 42 have
1602 420 107 43 been
1742 425 112 39 most
1886 437 92 29 suc-

367 482 158 42 cessful
558 484 44 41 in
634 486 222 56 recording
877 487 73 43 the
987 502 193 41 progress
1203 490 46 40 of
1268 490 111 40 their
1410 503 96 27 own
1528 489 191 44 children
1750 492 45 41 in
1817 494 164 41 speech,

367 567 69 27 are
461 554 177 43 Charles
660 556 206 52 Darwin,1
887 558 110 41 from
1020 559 142 41 whose
1186 557 196 46 valuable
1414 559 290 43 observations
1732 575 26 28 a
1778 568 202 37 selection

367 624 91 42 will
481 626 219 53 presently
728 627 50 42 be
800 629 128 54 given
964 644 9 36 ;
1004 629 83 40 and
1109 628 69 42 W.
1203 627 185 55 Preyer,2
1410 629 216 42 Professor
1647 631 46 40 of
1722 631 257 56 Physiology

368 697 46 42 in
446 698 125 53 Jena,
594 701 140 43 whose
766 703 112 41 book
910 717 114 41 upon
1059 704 73 41 the
1155 703 127 41 Mind
1302 704 50 54 of
1376 704 64 41 the
1464 705 126 41 Child
1620 706 134 55 ought
1775 708 204 54 probably

367 774 45 36 to
445 770 51 42 be
527 772 202 54 regarded
761 787 45 27 as
829 773 73 41 the
924 773 205 41 standard
1151 774 116 40 work
1291 787 54 27 on
1377 773 73 42 the
1473 775 174 53 subject.
1711 776 133 42 Other
1867 778 112 39 well-

368 839 159 42 known
565 842 165 42 writers
767 857 54 26 on
860 843 85 41 this
983 843 167 54 subject
1187 857 68 27 are
1293 841 208 43 Berthold
1524 844 276 55 Sigisniund,3
1822 847 158 49 Taine,4

371 911 44 42 F.
440 911 207 51 Pollock,5
669 912 161 42 Perez,6
851 912 85 42 and
957 912 67 41 Dr
1047 912 48 42 G.
1118 913 42 41 J.
1185 913 243 42 Eomanes.7

428 982 90 41 The
554 983 113 41 book
703 983 46 40 of
783 982 219 42 Professor
1037 983 168 53 Preyer,
1228 983 141 41 which
1406 983 36 42 is
1479 984 45 41 in
1562 990 84 36 two
1677 985 206 43 volumes,
1904 987 76 41 has

369 1052 108 41 been
509 1052 237 42 translated
778 1053 92 41 into
902 1052 182 55 English
1107 1053 57 54 by
1186 1053 73 40 Mr
1280 1053 55 41 H.
1358 1054 68 41 W.
1450 1054 167 52 Brown,
1638 1056 170 41 teacher
1838 1057 45 40 in
1909 1057 72 42 the

370 1122 118 42 State
520 1123 180 41 Normal
733 1123 165 51 School,
919 1122 255 51 Worcester,
1206 1121 142 54 Mass.,
1381 1124 148 42 U.S.A.
1593 1125 174 43 Besides
1798 1128 184 54 treating

368 1194 44 40 of
435 1193 73 42 the
531 1193 304 42 development
857 1193 44 41 of
931 1193 74 41 the
1028 1206 143 28 senses
1201 1193 84 41 and
1308 1194 73 41 the
1404 1194 86 41 will
1513 1195 45 40 in
1590 1195 73 42 the
1685 1196 127 49 child,
1834 1197 83 41 and
1939 1198 43 40 of

369 1263 74 42 the
477 1263 196 42 intellect
705 1263 232 55 generally,
960 1263 85 41 this
1068 1263 118 41 work
1220 1264 207 50 contains,
1448 1265 46 41 in
1525 1265 56 41 its
1615 1267 154 41 second
1800 1267 182 51 volume,

369 1349 25 27 a
415 1334 130 42 series
572 1334 44 41 of
637 1348 103 40 very
758 1333 187 42 detailed
967 1337 122 38 notes
1106 1333 224 55 regarding
1350 1334 73 41 the
1441 1334 300 55 development
1757 1336 46 41 of
1830 1337 151 54 speech

368 1405 48 41 in
438 1404 74 42 the
534 1403 252 43 Professor's
808 1418 96 27 own
927 1417 90 38 son,
1039 1403 154 56 during
1227 1403 73 41 the
1324 1403 118 42 three
1465 1405 93 41 first
1590 1418 122 41 years
1734 1406 45 40 of
1808 1406 67 41 his
1896 1406 85 42 life.

370 1475 53 40 In
446 1474 74 42 the
542 1474 246 55 Appendix,
811 1474 101 50 also,
934 1474 73 41 the
1039 1474 154 41 author
1214 1473 76 42 has
1312 1474 183 55 brought
1519 1475 193 55 together
1733 1477 249 42 summaries

368 1546 44 41 of
448 1545 75 42 the
561 1545 270 41 conclusions
868 1544 47 42 of
946 1558 56 28 no
1035 1544 131 42 fewer
1197 1544 108 41 than
1334 1544 189 42 thirteen
1555 1559 46 27 or
1637 1546 194 41 fourteen
1862 1546 121 42 other

370 1629 220 29 observers
629 1615 240 55 (including
906 1628 116 28 some
1045 1615 46 40 of
1124 1614 121 42 those
1283 1614 133 41 above
1454 1615 266 54 mentioned)
1746 1616 91 41 who
1873 1616 108 42 have

371 1686 195 42 watched
599 1686 74 41 the
706 1685 304 42 development
1031 1685 45 41 of
1106 1684 154 42 speech
1281 1684 47 41 in
1349 1684 113 42 their
1495 1685 193 41 children
1709 1685 46 41 in
1777 1699 24 27 a
1822 1687 161 40 similar

369 1757 180 41 fashion.
612 1756 219 41 Professor
853 1756 160 40 Preyer
1033 1755 77 41 has
1142 1755 101 41 thus
1277 1754 109 42 done
1419 1755 247 41 invaluable
1688 1756 170 41 service,
1880 1756 102 40 both

369 1829 47 39 in
438 1826 225 43 recording
684 1825 67 41 his
773 1839 97 27 own
893 1824 293 42 observations
1219 1824 85 41 and
1325 1824 45 40 in
1392 1825 201 54 bringing
1621 1825 193 55 together
1835 1840 23 26 a
1881 1839 101 39 very

371 1896 292 43 considerable
685 1909 112 27 mass
820 1895 43 41 of
897 1899 293 37 observations
1213 1894 123 42 made
1358 1895 58 54 by
1437 1895 167 41 others;
1635 1895 85 41 and
1743 1895 70 41 the
1835 1895 147 41 reader

372 1967 90 43 will
485 1967 99 41 find,
607 1980 54 27 on
682 1964 172 56 perusal
877 1965 45 40 of
945 1964 67 41 his
1035 1964 128 51 work,
1180 1963 97 42 that
1300 1964 119 41 these
1442 1964 290 42 observations
1749 1979 70 27 are
1841 1966 142 40 classi-

372 2039 84 41 fied
489 2037 86 42 and
609 2035 247 43 considered
879 2035 45 40 in
947 2049 24 26 a
992 2048 103 41 very
1116 2034 255 55 interesting
1405 2035 84 41 and
1522 2035 253 41 instructive
1797 2049 185 27 manner.

372 2110 84 41 For
489 2123 24 27 a
547 2108 111 41 brief
688 2105 163 50 sketch,
873 2105 210 42 however,
1105 2118 63 28 we
1190 2109 117 36 must
1340 2105 130 55 adopt
1490 2119 24 27 a
1536 2105 100 54 plan
1659 2105 197 41 different
1877 2106 105 40 from

373 2184 96 37 that
505 2178 44 42 of
590 2176 223 42 Professor
849 2176 169 54 Preyer,
1056 2174 85 41 and
1177 2188 177 41 arrange
1395 2175 73 41 the
1504 2176 108 40 facts
1648 2175 46 40 in
1731 2189 24 27 a
1787 2175 197 42 different

373 2263 190 28 manner.
627 2245 194 43 Preyer's
854 2245 176 41 method
1065 2245 36 41 is
1128 2244 249 42 essentially
1399 2259 24 26 a
1445 2245 313 55 chronological
1779 2259 103 28 one;
1913 2245 71 42 the

374 2333 193 42 progress
589 2321 47 39 of
653 2318 67 41 his
743 2318 82 40 boy
847 2316 45 41 in
916 2315 59 42 all
995 2315 255 55 particulars
1273 2315 127 54 being
1420 2315 130 42 noted
1572 2315 125 41 down
1719 2315 82 54 day
1820 2316 55 53 by
1893 2316 92 53 day.

376 2393 52 38 In
467 2405 24 26 a
529 2389 119 41 short
683 2401 132 41 paper
850 2386 89 41 like
976 2386 100 49 this,
1108 2385 36 41 it
1177 2385 92 41 will
1302 2385 151 42 enable
1487 2399 50 27 us
1571 2391 43 35 to
1648 2385 92 42 deal
1776 2385 102 40 with
1914 2386 72 41 the

375 2466 159 37 matter
567 2473 114 27 more
716 2471 160 28 clearly
899 2456 85 41 and
1005 2455 251 55 succinctly,
1278 2456 45 50 if,
1345 2456 169 41 instead
1536 2456 43 40 of
1612 2469 25 27 a
1665 2455 323 50 chronological,

423 2568 12 21 1
463 2566 39 36 C.
533 2563 165 44 Darwin,
723 2560 213 48 Expression
965 2560 41 46 of
1017 2560 207 45 Emotions;
1251 2560 74 35 and
1343 2560 255 47 Biographical
1628 2560 121 36 Sketch
1773 2560 42 46 of
1833 2573 23 22 a
1875 2560 113 44 Child,

379 2625 126 37 Mind,
522 2622 73 38 vol.
614 2622 54 36 ii.,
690 2622 102 35 1877.

424 2686 14 23 2
466 2684 70 36 The
557 2682 108 36 Mind
682 2681 40 35 of
734 2680 53 35 the
807 2679 113 36 Child.
972 2678 271 36 International
1263 2678 243 36 Educational
1524 2679 127 36 Series,
1672 2679 100 36 1890.

423 2746 15 22 3
462 2743 104 37 Kind
582 2741 74 36 und
680 2740 100 35 Welt,
802 2739 90 35 1856
909 2751 8 31 ;
944 2749 58 24 see
1021 2737 161 47 Preyer's
1202 2736 215 48 Appendix.
1471 2737 80 37 The
1577 2738 98 36 book
1697 2737 102 37 itself
1822 2750 113 24 seems
1953 2742 37 32 to

378 2808 47 35 be
442 2815 83 25 now
539 2806 65 32 out
621 2800 40 36 of
674 2811 116 36 print.

425 2866 14 22 4
465 2860 222 49 Acquisition
711 2859 42 45 of
771 2858 193 44 Language
982 2856 41 45 by
1045 2855 193 45 Children;
1264 2856 233 37 contributed
1515 2857 195 47 originally
1738 2862 37 31 to
1793 2857 62 37 the
1879 2859 113 35 Revue

381 2921 271 47 Fhilosophique
667 2931 13 33 ;
697 2916 201 38 translated
915 2916 79 34 into
1012 2914 155 48 English
1185 2914 56 36 for
1259 2915 116 46 Mind,
1394 2917 71 35 vol.
1485 2917 53 46 ii.,
1559 2918 101 36 1877.

426 2985 15 23 6
466 2983 63 36 An
546 2979 154 47 Infants
717 2978 163 34 Progress
897 2975 42 35 in
955 2975 203 45 Language,
1179 2974 120 45 Mind,
1318 2975 73 36 vol.
1412 2975 65 47 iii.,
1498 2976 102 36 1878.

427 3046 16 22 6
471 3043 68 37 The
555 3040 98 38 First
673 3039 106 35 Three
803 3036 107 36 Years
927 3035 41 47 of
983 3033 198 45 Childhood,
1203 3036 101 34 1889.

426 3104 13 23 7
470 3100 142 38 Mental
628 3097 192 39 Evolution
837 3096 40 47 of
888 3095 105 46 Man,
1011 3095 101 34 1888.
