1933 3302
299 136 171 39 Prognose
490 135 35 39 je
552 134 84 30 nach
661 133 60 30 der
744 131 272 31 Beschanenheit
1039 130 60 31 der
1122 131 166 30 inficirten
1316 128 143 32 Wunde.

1632 129 51 38 59

80 241 238 41 namentlich
339 241 151 38 ergiebfc
509 240 82 38 sich
612 254 68 24 aus
701 241 71 37 den
794 239 98 38 nach
912 238 101 38 1870
1035 237 231 51 gemachten
1283 237 289 49 Erfahrungen,
1595 236 88 37 dass

81 310 88 25 man
198 295 64 38 bei
290 295 262 49 frühzeitiger,
585 293 246 51 energischer
860 291 259 39 Behandlung
1147 291 52 37 im
1221 290 175 51 Beginne
1427 291 67 38 der
1524 289 158 39 Krank-

80 350 81 38 heit
190 349 122 38 dieser
342 349 96 37 doch
467 349 77 36 fast
572 351 95 34 stets
697 347 102 38 Herr
828 347 152 37 werden
1011 346 115 37 kann.
1176 343 84 39 Auf
1287 345 66 38 der
1382 358 167 24 anderen
1579 343 105 40 Seite

82 417 104 25 muss
227 403 223 50 zugegeben
479 402 169 37 werden,
695 401 86 38 dass
810 400 126 39 Fälle,
970 412 143 25 welche
1151 398 128 52 gleich
1308 398 179 51 Anfangs
1525 412 45 24 zu
1609 398 75 37 den

82 456 347 40 allerintensivsten
449 460 182 46 gehören,
662 454 130 39 ferner
812 468 92 24 aber
924 454 140 38 solche,
1097 452 62 39 bei
1180 453 124 37 denen
1325 452 67 37 der
1411 452 132 38 Brand
1564 452 120 38 schon

82 510 218 39 erhebliche
329 509 255 38 Fortschritte
613 508 181 50 gemacht
822 508 79 38 und
930 507 236 38 namentlich
1195 506 153 38 lockere
1379 505 304 39 Bindegewebs-

81 578 133 25 räume
252 563 181 51 ergriffen
470 562 82 38 hat,
593 562 95 38 auch
723 563 98 49 jetzt
857 561 99 38 noch
995 562 66 37 der
1099 559 290 51 energischsten
1423 559 261 51 Behandlung

80 620 150 36 trotzen
258 619 190 36 möchten.

211 671 71 37 Die
318 670 196 37 Prognose
552 669 65 37 des
647 668 349 51 Hospitalbrandes
1033 668 125 38 hängt
1195 681 74 25 von
1309 680 105 25 einer
1448 666 121 39 Reihe
1608 680 76 25 von

80 724 241 39 Umständen
352 724 58 36 ab,
444 722 142 38 welche
616 723 296 50 grösstentheils
942 723 119 38 schon
1091 723 60 37 die
1180 722 284 38 vorstehenden
1492 720 190 39 Betrach-

81 780 147 47 tungen
259 777 183 49 ergeben,
475 776 59 38 die
565 777 92 37 aber
687 777 98 37 doch
814 777 53 37 im
895 777 225 37 Folgenden
1149 776 95 37 kurz
1270 775 111 50 jeder
1409 775 65 37 für
1502 774 83 38 sich
1614 775 69 37 be-

81 831 167 37 trachtet
276 831 155 37 werden
461 830 133 38 sollen.

210 883 203 38 Beginnen
445 884 66 37 wir
540 884 70 37 mit
640 884 66 38 der
726 883 387 39 Beschaffenheit
1143 883 77 37 der
1248 882 435 50 Infectionspforte.

81 938 88 37 Wir
205 938 155 37 können
397 937 83 38 hier
518 938 69 37 auf
624 938 59 37 die
732 938 89 37 sehr
868 951 188 25 analogen
1101 936 267 39 Verhältnisse
1412 937 66 37 der
1518 939 166 47 eitrigen

81 991 191 39 Infection
307 991 223 38 hinweisen.
587 990 193 39 Aehnlich
820 991 68 38 wie
928 992 58 37 die
1016 991 199 38 Prognose
1253 990 104 38 eines
1388 990 297 50 gewöhnlichen

81 1045 217 39 Furunkels
327 1046 79 36 und
435 1045 104 37 einer
560 1044 340 51 eitrig-inficirten,
932 1044 263 39 coraplicirten
1214 1044 162 38 Fractur
1396 1044 180 50 gänzlich
1596 1057 88 24 ver-

84 1099 179 38 schieden
300 1099 66 37 ist,
412 1112 41 24 so
483 1099 51 37 ist
563 1099 98 37 auch
691 1098 59 38 die
781 1097 144 39 Gefahr
963 1099 104 37 einer
1096 1098 495 49 Hospitalbrandinfection
1621 1097 63 38 bei

83 1166 125 25 einem
237 1152 382 50 hospitalbrandigen
641 1151 207 39 Geschwür
878 1153 66 37 der
974 1151 105 39 Cutis
1110 1151 89 38 sehr
1228 1165 75 24 viel
1331 1151 183 50 geringer
1543 1151 56 38 als
1620 1151 65 38 bei

84 1219 105 26 einer
217 1206 333 38 hospitalbrandig
577 1206 194 38 inficirten
801 1206 264 50 complicirten
1094 1205 173 38 Fractur.
1323 1205 59 38 Im
1409 1204 276 50 Allgemeinen

84 1260 126 51 geben
240 1259 73 38 alle
344 1259 218 50 diejenigen
590 1259 198 38 Wunden,
829 1260 143 37 welche
1012 1259 60 37 ein
1101 1259 243 37 Eindringen
1383 1259 65 37 des
1478 1258 205 51 Hospital-

83 1314 165 38 brandes
264 1313 40 37 in
324 1313 152 38 lockere
492 1313 295 38 Gewebsräume
808 1313 274 50 ermöglichen,
1106 1313 83 37 eine
1211 1306 238 44 schlechtere
1469 1312 211 46 Prognose,

84 1367 85 37 weil
218 1367 66 37 der
331 1367 134 37 rasche
505 1366 231 38 Fortschritt
778 1367 124 38 dieser
937 1366 219 38 Kraukheit
1201 1366 156 38 ähnlich
1398 1367 70 37 wie
1509 1366 63 38 bei
1616 1367 68 37 der

84 1420 296 38 Eiterinfection
409 1420 70 38 auf
505 1421 85 37 dem
612 1421 124 49 Wege
765 1421 174 38 lockerer
959 1420 376 50 Zellgewebsräume
1365 1433 68 24 vor
1464 1420 81 37 sich
1575 1422 106 48 geht.

85 1474 87 37 Wir
200 1474 135 37 hatten
371 1474 118 38 schon
519 1474 267 50 Gelegenheit,
832 1474 70 37 auf
934 1474 60 37 die
1025 1473 194 38 Gefahren
1255 1474 67 37 der
1351 1473 264 38 Verbreitung
1644 1474 40 36 in

86 1528 73 37 den
189 1527 151 38 Sehnen
370 1528 79 37 und
477 1527 179 38 Muskeln
694 1542 61 23 am
785 1528 273 37 Vorderarme,
1098 1527 40 37 in
1173 1528 67 36 der
1270 1527 233 38 Kniekehle,
1546 1527 40 37 in
1617 1528 67 36 der

83 1581 321 49 Leistengegend,
435 1581 39 37 in
504 1582 67 37 der
598 1580 260 39 Achselhöhle
888 1583 70 36 etc.
990 1581 271 37 hinzuweisen.
1320 1581 45 37 In
1395 1581 131 37 diesen
1547 1581 137 37 Fällen

86 1634 95 37 wird
225 1635 82 37 eine
349 1635 223 48 energische
616 1634 258 38 Behandlung
917 1634 89 38 sehr
1047 1634 216 38 schwierig.
1332 1634 172 38 Frühere
1543 1634 141 38 Aerzte

86 1688 160 37 standen
275 1688 57 37 oft
360 1688 177 50 gänzlich
566 1702 73 24 von
669 1688 202 38 derselben
900 1688 65 38 ab,
1008 1688 236 38 namentlich
1274 1702 112 24 wenn
1422 1689 54 37 sie
1513 1688 169 38 dieselbe

82 1740 41 38 in
152 1741 59 37 die
231 1740 110 38 Nähe
361 1755 154 37 grosser
537 1741 157 39 Gefässe
719 1742 141 37 führte.
906 1741 77 38 Wo
1005 1741 84 38 eine
1109 1741 129 39 solche
1258 1741 260 39 Behandlung
1539 1742 142 37 durch-

83 1794 158 50 geführt
272 1794 109 38 wird,
421 1796 51 36 ist
500 1795 54 38 sie
585 1796 87 37 sehr
701 1795 218 38 verletzend
954 1796 77 36 und
1061 1795 190 37 trotzdem
1280 1795 179 38 unsicher
1487 1796 40 37 in
1556 1795 125 38 ihrem

82 1847 151 50 Erfolg.
275 1847 145 39 Gerade
441 1849 127 37 solche
588 1848 107 38 Fälle
716 1863 130 23 waren
866 1862 52 24 es,
947 1849 40 37 in
1009 1849 122 37 denen
1152 1849 205 37 Delpech
1378 1863 62 23 am
1460 1849 223 38 häufigsten

82 1900 180 38 Recidive
291 1901 99 38 nach
420 1903 66 36 der
514 1902 257 38 Behandlung
800 1902 70 38 mit
900 1903 85 37 dem
1016 1901 209 39 Glüheisen
1254 1903 193 37 auftreten
1477 1903 81 37 sah.
1605 1902 75 39 Ge-

82 1954 100 50 lingi
211 1967 52 32 es,
294 1955 65 37 des
379 1957 181 36 weiteren
581 1955 273 39 Fortschrittes
879 1955 103 38 Herr
1010 1969 46 24 zu
1076 1956 167 37 werden,
1274 1969 41 24 so
1345 1956 52 38 ist
1426 1956 157 38 betreffs
1615 1957 67 37 der

84 2007 248 51 Schädigung
348 2009 65 37 der
427 2009 190 38 Function
637 2023 74 24 von
726 2009 192 38 Muskeln,
941 2009 153 38 Sehnen
1110 2011 70 36 etc.
1203 2009 60 38 die
1277 2009 198 38 Prognose
1496 2013 184 34 meistens

82 2061 101 37 noch
219 2061 213 38 schlechter
470 2063 54 36 als
563 2063 62 37 bei
664 2064 73 36 den
776 2076 205 38 analogen,
1025 2062 162 51 eitrigen
1222 2063 218 38 Processen.
1499 2064 54 37 Es
1583 2063 97 37 wird

85 2114 118 37 daher
236 2127 74 25 von
346 2114 78 39 fast
461 2116 100 37 allen
596 2115 172 39 Autoren
807 2117 65 37 der
908 2116 307 38 Hospitalbrand
1252 2117 39 36 in
1327 2117 120 37 tiefen
1483 2116 194 46 Wunden,

85 2166 176 38 Taschen
265 2169 177 44 wunden,
472 2169 337 38 Röhrenwunden,
848 2170 71 37 wie
949 2184 29 22 z.
1011 2169 43 37 B.
1086 2169 294 46 Schusscanäle,
1413 2169 266 50 coraplicirten

84 2220 222 46 Fracturen,
324 2223 286 47 gequetschten,
629 2223 221 49 gerissenen
861 2223 191 37 Wunden,
1068 2223 87 37 sehr
1168 2222 75 38 viel
1258 2223 109 37 mehr
1383 2223 223 50 gefürchtet
1622 2223 56 38 als

83 2273 63 38 bei
162 2273 120 38 selbst
298 2274 87 37 sehr
403 2287 163 38 grosser,
581 2276 315 37 oberflächlicher
908 2275 272 50 Verbreitung,
1200 2289 30 23 z.
1247 2275 45 38 B.
1309 2276 64 37 bei
1388 2276 287 38 ausgedehnten

83 2327 343 50 Verbrennungen.
458 2328 155 38 Heine
636 2329 181 37 erwähnt,
841 2330 86 36 dass
948 2329 63 37 bei
1031 2329 234 37 erkrankten
1288 2329 391 38 Resectionswunden

86 2379 59 38 die
183 2380 195 50 Prognose
415 2381 88 37 sehr
539 2382 76 37 viel
651 2382 213 37 schlechter
901 2382 54 37 sei
993 2381 56 38 als
1088 2382 62 37 bei
1178 2381 316 50 Amputationen.
1551 2383 127 38 Unter

85 2433 74 37 den
198 2433 47 37 16
283 2433 242 39 Todesfällen
566 2435 119 37 durch
722 2435 318 49 Hospitalbrand,
1085 2435 142 37 welche
1267 2435 123 38 dieser
1428 2435 165 52 Chirurg
1630 2450 47 24 zu

85 2485 190 50 beklagen
294 2487 118 38 hatte,
444 2501 127 23 waren
594 2488 20 36 7
635 2491 70 34 mit
724 2487 243 38 Resections-
988 2488 78 37 und
1087 2489 23 36 3
1131 2488 71 38 mit
1221 2488 454 39 Amputationswunden.

84 2538 112 38 Noch
225 2539 213 38 schlechter
456 2541 95 37 wird
581 2541 58 37 die
660 2540 195 38 Prognose
886 2542 64 36 des
970 2541 358 50 Hospitalbrandes,
1360 2556 111 24 wenn
1501 2542 174 39 derselbe

85 2604 133 37 grosse
239 2591 166 39 Gelenke
435 2594 91 37 oder
555 2606 125 25 seröse
701 2593 154 38 Höhlen
885 2595 170 49 ergreift.
1104 2594 80 38 Das
1205 2595 239 38 Eindringen
1475 2596 201 37 desselben

85 2644 40 38 in
155 2645 65 37 das
248 2644 255 51 Fussgelenk,
541 2647 257 50 Kniegelenk,
835 2647 242 50 Hüftgelenk
1105 2647 66 47 ist,
1203 2648 72 37 wie
1304 2649 70 36 wir
1402 2648 136 47 sahen,
1574 2662 102 25 zwar

85 2697 107 38 nicht
228 2697 60 38 ein
322 2698 307 52 hoffnungsloser
659 2700 186 45 Zustand,
887 2701 132 37 bringt
1056 2701 92 37 aber
1183 2701 287 38 unzweifelhaft
1504 2702 170 38 schwere

85 2750 289 51 Lebensgefahr
409 2752 70 37 mit
516 2766 91 24 sich.
666 2752 104 39 Ganz
804 2753 170 38 schlecht
1008 2754 92 37 aber
1135 2754 149 38 scheint
1313 2754 59 38 die
1401 2755 197 38 Prognose
1629 2769 46 24 zu

87 2804 94 45 sein,
210 2817 110 24 wenn
340 2804 137 38 Pleura
506 2807 90 36 oder
616 2806 244 38 Peritoneum
889 2806 181 50 ergriffen
1090 2808 163 37 werden.
1297 2807 208 38 Packard
1525 2809 148 50 wenig-

87 2858 103 36 stens
227 2857 108 50 giebt
369 2870 63 32 an,
478 2858 85 38 dass
596 2859 267 49 penetrirende
893 2859 136 38 Brust-
1067 2861 78 37 und
1174 2860 315 46 Bauchwunden,
1528 2862 145 38 welche

87 2908 70 38 mit
185 2909 301 49 Hospitalbrand
514 2911 140 38 inficirt
683 2912 167 45 wurden,
882 2916 94 34 stets
1004 2912 163 38 tödtlicli
1197 2912 193 39 verliefen.
1449 2913 145 40 Ferner
1622 2916 52 38 ist
