1933 3217
382 226 88 40 208

731 232 213 31 SYNOPSIS
967 231 53 32 OF
1044 231 92 31 THE
1159 231 226 31 SIMIAD^.

381 369 157 30 anterior
556 362 224 36 extremities
805 362 101 36 short
932 362 70 35 and
1024 361 164 44 slender;
1217 362 313 47 cheek-pouches;
1550 360 61 37 tail
1636 360 108 45 long;

381 441 47 23 no
447 428 217 43 callosities;
692 428 62 35 the
774 428 169 35 buttocks
961 428 139 34 fringed
1120 427 86 35 wth
1226 427 90 35 hair.

381 493 136 37 Plate
540 492 83 38 VII
697 492 32 37 1.
749 493 45 37 L.
821 506 149 32 nemea,
988 491 279 38 Cochin-China
1292 491 168 37 Monkey
1532 491 213 48 Pygathrix,

542 558 124 48 Geoff.
690 558 111 36 Ann.
826 559 55 35 du
898 559 114 36 Mus.
1032 559 75 35 xix.
1128 571 36 34 p.
1179 557 61 37 90.
1293 556 157 38 Guenon
1471 556 117 47 Douc,
1612 558 130 35 Desm.

535 624 169 36 Mamm.
721 624 62 36 54.
831 623 94 37 Hair
949 625 40 34 of
1008 624 164 35 brilliant
1195 636 167 33 colours;
1381 635 113 35 upper
1516 628 79 42 part
1621 623 40 35 of
1683 622 63 36 the

537 690 93 35 head
644 691 137 43 brown,
800 690 87 35 with
907 702 21 22 a
945 689 134 36 frontal
1098 690 95 35 band
1213 690 41 35 of
1276 690 90 46 deep
1390 689 168 35 chestnut
1576 701 12 32 ;
1613 689 80 34 hair
1714 693 42 35 of

540 761 62 30 the
617 755 133 36 cheeks
762 768 86 34 very
864 755 98 46 long,
982 756 94 45 dirty
1095 755 109 35 white
1221 768 11 31 ;
1251 756 186 34 fore-arms
1451 754 125 44 white,
1594 755 151 35 extend-

539 822 62 45 ing
615 826 37 30 to
672 826 63 30 the
754 820 149 36 thumbs
921 821 71 34 and
1010 821 142 46 fingers,
1171 820 118 36 which
1309 832 59 24 are
1386 820 135 44 black;
1540 819 65 36 tail
1623 820 123 36 white.

540 885 168 37 Inhabits
736 884 288 39 Cochin-China.
1085 883 267 52 (Madagascar,
1378 887 188 45 according
1583 890 38 32 to
1650 884 73 36 Hai
1742 906 7 10 -

541 949 140 51 court.)

612 1056 138 37 Genus
771 1055 108 37 VIII
953 1056 336 48 Semnopithecus,
1310 1055 166 38 Cuvier.

437 1135 108 37 Head
564 1137 117 35 round
699 1149 11 32 ;
737 1148 87 24 nose
850 1136 91 45 flat;
971 1136 102 35 facial
1093 1136 105 35 angle
1218 1136 70 35 45°
1304 1149 12 31 ;
1342 1136 110 35 limbs
1470 1136 86 46 long
1571 1149 9 30 ;
1601 1136 148 35 thumbs

383 1203 42 34 of
448 1207 158 30 anterior
624 1203 224 35 extremities
867 1214 87 35 very
973 1201 128 45 short;
1138 1202 292 36 cheek-pouches
1448 1202 71 35 and
1539 1202 119 35 naked
1677 1201 71 36 cal-

381 1266 137 37 losities
533 1279 11 33 ;
572 1266 65 36 tail
665 1280 87 35 very
769 1267 88 47 long
875 1269 71 33 and
979 1268 79 35 thin
1077 1280 11 32 ;
1128 1274 173 40 posterior
1320 1268 146 46 grinder
1493 1268 40 35 of
1555 1267 63 36 the
1639 1267 112 36 lower

380 1334 74 49 jaw
468 1333 86 36 with
571 1334 70 36 five
656 1334 118 46 points
788 1346 11 32 ;
816 1334 95 35 form
930 1333 156 36 slender.
1125 1333 109 35 India
1246 1334 71 35 and
1335 1333 133 36 Indian
1483 1332 253 48 Archipelago.

385 1398 134 37 Plate
554 1398 107 37 VIII
740 1398 31 37 1.
807 1398 38 37 S.
885 1411 269 34 melalophos,
1191 1400 63 35 the
1292 1398 135 37 Simpai
1495 1399 119 36 Fred.
1651 1399 98 37 Cuv.

541 1464 205 46 Mammif.
788 1463 114 39 Simla
914 1465 236 47 melalophos,
1162 1465 110 47 Raff.
1294 1465 144 36 Trans.
1460 1465 93 36 Lin.
1573 1465 85 36 Soc.
1674 1466 75 34 xiii.

541 1529 81 37 The
640 1532 76 35 face
731 1532 85 35 blue
832 1544 10 32 ;
862 1532 169 35 forehead
1052 1531 87 36 \vith
1158 1544 21 22 a
1192 1532 108 35 black
1319 1532 95 35 band
1434 1532 40 35 of
1487 1531 87 47 long
1588 1531 106 45 hairs,
1713 1532 39 34 in

543 1596 63 36 the
626 1597 92 35 form
738 1598 40 34 of
791 1609 21 22 a
832 1603 71 29 tuft
922 1609 40 23 or
980 1603 115 38 crest;
1115 1597 62 35 the
1196 1597 80 35 hair
1289 1598 41 35 of
1341 1604 61 29 the
1417 1610 113 34 upper
1547 1603 95 41 parts
1657 1596 96 36 clear

546 1663 229 43 red-broAvn;
795 1663 170 43 beneath,
988 1664 71 33 and
1077 1663 39 34 in
1135 1663 62 35 the
1216 1664 115 34 inside
1352 1664 40 34 of
1406 1663 62 36 the
1487 1663 123 46 limbs,
1633 1669 121 40 tawny

542 1728 72 36 and
632 1727 157 37 whitish.
847 1728 166 36 Inhabits
1034 1728 125 35 Island
1175 1729 41 34 of
1230 1727 181 38 Sumatra.

488 1793 38 37 2.
555 1792 38 38 S.
611 1806 175 34 MAURus,
800 1793 125 37 Negro
945 1794 472 49 Monkey.—Middle-size
1437 1795 117 37 Black
1573 1794 181 45 Monkey,

541 1860 114 36 Edw.
677 1860 142 37 Glean.
877 1859 36 38 S.
937 1874 159 33 maurus,
1115 1861 144 37 Horsf.
1321 1861 94 38 Hair
1443 1864 71 35 soft
1543 1863 71 35 and
1642 1862 108 44 silky,

543 1927 187 47 intensely
751 1928 109 34 black
877 1939 12 30 ;
926 1928 68 35 th©
1018 1929 130 44 breast,
1176 1929 114 47 belly,
1307 1929 106 35 inner
1431 1930 137 34 surface
1587 1929 41 35 of
1637 1935 106 29 extre

543 1993 120 35 mities
685 1994 70 34 and
774 2000 80 29 root
873 1995 39 34 of
936 2000 62 29 the
1019 1996 78 44 tail,
1115 2007 85 35 gray
1218 2008 11 31 ;
1266 1996 39 34 in
1334 2007 87 35 very
1440 1995 61 36 old
1519 1995 231 44 individuals,

544 2070 120 24 crown
682 2060 71 35 and
772 2072 114 35 upper
901 2066 95 41 parts
1015 2061 123 47 tinged
1165 2062 88 36 with
1280 2074 96 34 gray.
1434 2061 166 37 Inhabits
1631 2061 124 36 Island

548 2125 41 34 of
600 2123 105 37 Java.

389 2187 136 38 Plate
547 2189 168 37 IX—3.
739 2189 38 38 S.
810 2203 218 34 entellus,
1051 2193 63 36 the
1139 2193 170 38 Entellus
1332 2193 168 37 Monkey
1589 2194 162 44 Entelle,

545 2255 153 37 Audeb.
730 2255 277 49 Ccrcopithecus
1020 2260 172 45 entellus,
1213 2260 124 48 Geoff.
1345 2261 111 36 Ann.
1470 2262 54 35 du
1535 2262 129 45 iW«s.,
1678 2263 76 34 xix.

549 2321 63 36 95.
657 2320 95 38 Hair
770 2323 333 48 yellowish-white,
1125 2326 101 48 paler
1245 2328 155 35 beneath
1419 2340 11 32 ;
1457 2329 75 35 face
1551 2329 72 35 and
1642 2329 114 35 hands

548 2386 119 38 black.
724 2387 168 39 Inhabits
911 2389 150 38 Bengal.

495 2453 37 38 4.
562 2452 38 39 S.
630 2466 201 36 PYRRHUS,
851 2456 61 36 the
933 2456 360 49 Lutung—Horsf.
1308 2459 122 36 Java.
1487 2458 94 38 Hair
1598 2461 70 35 soft
1686 2461 71 35 and

550 2521 123 48 silky;
695 2533 128 37 above,
845 2523 145 49 shining
1006 2525 63 37 red
1087 2537 11 34 ;
1136 2526 169 46 beneath,
1325 2528 70 35 and
1413 2528 114 36 inside
1550 2528 61 37 the
1636 2527 121 45 limbs,
