2113 3404
324 182 86 43 294

824 195 87 39 The
943 200 242 36 disorders
1217 205 53 32 of
1301 203 174 35 speech.

324 314 119 42 them
466 316 173 57 clearly,
661 318 75 42 she
768 321 200 53 repeated
1001 322 44 42 it.
1108 323 83 42 For
1215 325 134 42 words
1371 326 46 41 of
1444 330 85 38 two
1561 326 214 56 syllables,
1796 328 36 41 it
1855 343 83 28 was

325 399 237 44 necessary,
587 394 42 36 to
658 389 126 56 begin
809 391 117 50 with,
950 396 43 37 to
1015 406 244 41 pronounce
1282 395 225 56 distinctly
1528 397 74 42 the
1624 397 93 42 first
1748 398 193 42 syllable,

325 455 105 43 then
464 457 72 42 the
569 464 117 47 next,
707 460 86 42 and
826 461 103 41 then
964 462 72 42 the
1070 468 83 37 two
1186 465 204 55 together,
1411 466 45 42 in
1479 466 122 42 order
1627 472 42 36 to
1690 472 71 50 get
1791 467 74 42 her
1896 473 43 37 to

325 527 267 43 understand
626 529 72 42 the
723 530 124 41 word.
910 532 133 42 Little
1075 533 57 55 by
1153 534 126 52 little,
1302 535 74 43 she
1398 536 171 42 learned
1598 541 44 37 to
1674 537 108 41 seize
1806 538 134 42 words

330 611 114 29 more
464 599 206 55 quickly;
692 600 79 42 but
788 601 66 41 six
877 603 173 41 months
1073 603 171 56 elapsed
1266 605 142 43 before
1431 607 75 41 she
1525 607 125 42 could
1668 613 272 46 understand,

328 668 183 42 without
543 670 55 41 its
631 670 128 56 being
792 672 199 54 repeated
1024 678 43 36 to
1094 674 86 42 her,
1201 688 55 28 an
1289 677 135 41 entire
1455 678 162 54 phrase,
1640 677 162 55 though
1823 686 119 34 short

327 739 85 41 and
435 740 274 53 pronounced
741 741 166 55 slowly,
928 743 106 41 with
1067 749 150 36 accent
1248 759 55 27 on
1335 759 127 29 every
1485 747 150 41 word."
1696 748 44 41 It
1770 762 99 41 may
1889 748 52 42 be

327 809 130 41 noted
487 809 99 42 that
615 810 46 42 in
694 810 86 42 this
813 825 94 29 case
940 812 74 42 the
1047 814 346 52 word-deafness,
1420 830 46 28 as
1498 817 136 52 usual,
1667 817 274 55 disappeared

326 880 145 42 before
493 880 73 42 the
588 881 193 42 amnesia
803 882 196 42 verbalis.

386 949 24 42 I
434 950 127 42 think
583 951 74 42 the
679 951 134 42 above
836 954 228 53 quotation
1095 954 156 43 affords
1282 970 116 28 some
1421 957 197 42 valuable
1645 958 119 42 hints
1785 959 65 41 for
1870 959 74 42 the

327 1022 252 41 Treatment
600 1022 43 41 of
665 1022 200 56 auditory
888 1024 186 41 aphasia.

385 1091 65 43 As
481 1095 45 39 to
558 1092 64 42 the
653 1094 174 54 copying
849 1095 49 54 of
911 1095 168 42 written
1111 1096 88 41 and
1223 1097 175 54 printed
1430 1099 144 53 speech,
1595 1098 36 42 it
1652 1112 178 41 appears
1853 1103 95 37 that

327 1163 199 55 auditory
550 1163 177 55 aphasia
758 1164 100 42 does
892 1171 76 35 not
999 1165 200 42 interfere
1223 1167 105 41 with
1360 1167 46 42 it.
1472 1168 114 41 Such
1607 1168 36 41 is
1665 1168 73 41 the
1771 1169 174 54 opinion

329 1234 229 55 expressed
596 1235 56 54 by
689 1235 234 42 Wernicke
961 1236 85 40 and
1084 1235 255 43 Lichtheim,
1375 1237 95 41 who
1507 1238 109 42 have
1653 1238 101 55 paid
1789 1239 156 42 special

329 1305 217 42 attention
569 1309 44 38 to
636 1305 73 42 the
731 1310 132 50 point.

630 1452 84 42 The
735 1453 184 41 Musical
940 1453 177 42 Faculty
1138 1454 50 41 in
1212 1453 217 57 Auditory
1450 1455 204 42 Aphasia.

392 1571 23 41 I
437 1571 110 40 have
565 1570 185 55 already,
768 1571 45 40 in
830 1585 25 27 a
872 1571 156 41 former
1046 1571 187 55 chapter,
1250 1572 217 41 indicated
1485 1572 93 41 that
1596 1573 85 40 this
1699 1577 96 50 part
1811 1573 47 41 of
1875 1573 73 41 the

332 1642 168 54 subject
521 1641 189 42 requires
733 1641 168 42 further
921 1642 317 54 investigation.
1304 1642 67 42 On
1393 1643 74 41 the
1499 1656 79 28 one
1609 1643 127 41 hand,
1759 1657 115 27 cases
1906 1643 43 41 of

332 1712 201 54 auditory
555 1711 177 55 aphasia
763 1711 83 41 due
879 1718 42 34 to
955 1711 263 42 destruction
1242 1712 43 40 of
1317 1712 72 41 the
1421 1717 142 37 centre
1594 1711 43 42 A
1658 1726 70 27 are
1748 1712 199 41 recorded

331 1782 47 40 in
402 1781 141 41 which
567 1781 73 42 the
662 1781 182 42 musical
866 1780 166 43 faculty
1051 1795 85 27 was
1160 1781 97 42 well
1279 1782 251 54 preserved;
1552 1782 90 41 but,
1659 1795 55 27 on
1735 1782 73 40 the
1831 1781 119 41 other

333 1852 126 51 hand,
482 1851 278 55 impairment
783 1852 46 41 of
848 1851 73 42 the
945 1851 182 42 musical
1151 1851 164 42 faculty
1332 1851 78 42 has
1434 1852 106 41 been
1561 1851 134 42 found
1717 1851 234 42 associated

335 1922 106 41 with
464 1922 73 42 the
570 1922 337 42 word-deafness
929 1922 46 40 in
1008 1927 44 36 at
1082 1922 110 41 least
1223 1927 85 36 two
1342 1936 124 28 cases.
1531 1922 43 41 It
1605 1923 36 41 is
1672 1922 279 52 noteworthy,

333 1994 211 42 however,
563 1993 95 41 that
680 1994 44 40 in
749 1993 120 42 these
893 1998 83 37 two
996 2006 116 29 cases
1129 1992 222 55 (recorded
1368 1993 58 41 by
1446 1992 255 42 Wernicke1
1723 1993 84 41 and
1830 1993 120 41 Lich-

334 2062 178 43 theim2)
537 2063 73 42 the
632 2063 137 42 lesion
793 2077 86 28 was
901 2063 215 55 supposed
1139 2069 43 36 to
1215 2064 51 41 be
1298 2063 199 42 situated,
1520 2068 76 37 not
1625 2064 47 41 in
1703 2065 74 41 the
1809 2070 143 36 centre

333 2134 57 41 A,
413 2134 80 41 but
514 2133 47 41 in
583 2134 73 41 the
679 2134 259 41 subcortical
961 2134 126 41 fibres
1109 2133 173 56 leading
1302 2147 60 28 up
1388 2138 43 36 to
1464 2133 64 41 it.3
1589 2134 54 40 In
1676 2134 276 48 Lichtlijeim's

336 2219 107 28 case,
457 2205 75 41 the
554 2205 182 55 patient,
754 2205 95 41 who
867 2205 86 41 had
975 2205 204 41 formerly
1203 2205 107 41 been
1335 2204 191 51 musical,
1548 2204 85 42 lost
1654 2204 73 42 the
1747 2219 143 40 power
1912 2204 41 40 of

335 2276 272 55 recognising
649 2290 108 27 even
799 2289 198 28 common
1039 2275 230 41 melodies;
1309 2275 85 41 and
1427 2275 243 41 sometimes
1713 2275 130 41 asked
1886 2274 65 40 his

337 2346 197 42 children
571 2352 43 36 to
651 2351 97 49 stop
786 2346 173 54 singing
994 2349 251 51 quartettes,
1277 2349 81 37 "as
1400 2345 105 55 they
1546 2344 124 42 made
1713 2350 69 36 too
1824 2343 126 42 much

335 2417 157 43 noise."
554 2418 54 41 In
651 2417 268 42 Wernicke's
961 2430 108 28 case,
1100 2416 75 41 the
1210 2416 169 55 patient
1415 2416 125 41 could
1577 2416 215 42 recognise
1829 2420 124 36 tunes

337 2488 202 42 whistled
570 2493 44 36 to
646 2488 103 51 him,
787 2487 85 42 and
910 2487 126 42 could
1072 2486 176 42 himself
1283 2492 147 49 repeat
1461 2486 131 42 them,
1625 2487 78 41 but
1734 2484 220 55 displayed

338 2574 24 28 a
385 2559 142 42 defect
547 2558 47 42 in
617 2558 73 42 the
712 2557 178 43 hearing
913 2558 45 41 of
987 2557 73 42 the
1085 2556 151 42 higher
1267 2560 131 38 tones.
1460 2557 164 41 Future
1650 2555 304 56 investigation

340 2630 101 42 will,
479 2643 55 28 no
577 2628 147 43 doubt,
760 2641 117 29 show
919 2626 194 43 whether
1149 2626 73 42 the
1264 2630 85 37 two
1391 2625 199 43 auditory
1631 2639 164 29 centres
1837 2638 119 28 share

339 2698 187 56 equally,
550 2712 45 28 or
617 2697 251 55 unequally,
889 2697 47 41 in
958 2696 73 42 the
1052 2696 165 42 faculty
1241 2696 45 41 of
1304 2696 146 42 music.

385 2817 14 24 1
423 2815 175 37 Fortschr.
619 2814 59 36 der
697 2814 108 45 Med.,
827 2815 102 35 1886,
948 2813 48 36 xi.
1015 2825 36 36 p.
1073 2813 80 36 474.

384 2876 15 24 2
423 2875 131 37 Brain,
572 2874 83 37 Jan.
679 2876 103 43 1885,
801 2885 34 36 p.
856 2876 80 33 461.

385 2939 14 23 3
426 2938 18 36 I
470 2949 98 25 shall
592 2936 95 36 have
714 2935 166 36 occasion
904 2938 39 32 to
968 2933 94 37 refer
1086 2932 178 49 specially
1293 2935 38 33 to
1359 2931 76 37 this
1464 2932 95 36 view
1588 2932 39 36 of
1654 2929 207 38 Lichtheim
1889 2927 71 38 and

336 2996 200 39 Wernicke
552 2995 40 36 in
613 3007 21 24 a
652 2994 124 37 future
794 3005 159 37 chapter.
