<?xml version="1.0" encoding="UTF-8"?>
<alto xmlns="http://www.loc.gov/standards/alto/ns-v2#" xmlns:xsi="http://www.w3.org/2001/XMLSchema-instance" xsi:schemaLocation="http://www.loc.gov/standards/alto/ns-v2# http://www.loc.gov/standards/alto/alto.xsd">
  <Description>
    <MeasurementUnit>pixel</MeasurementUnit>
    <sourceImageInformation>
      <fileName>b22031261_abbyy.xml</fileName>
    </sourceImageInformation>
    <OCRProcessing ID="OCR_1">
      <preProcessingStep>
        <processingDateTime>2016-02-11T05:40:32</processingDateTime>
        <processingAgency>intranda GmbH, www.intranda.com</processingAgency>
        <processingSoftware>
          <softwareCreator>intranda GmbH, Germany</softwareCreator>
          <softwareName>intranda OCR Module for TaskManager</softwareName>
          <softwareVersion>1.0r42</softwareVersion>
        </processingSoftware>
      </preProcessingStep>
      <ocrProcessingStep>
        <processingSoftware>
          <softwareCreator>ABBYY (BIT Software), Russia</softwareCreator>
          <softwareName>FineReader Engine</softwareName>
          <softwareVersion>10</softwareVersion>
        </processingSoftware>
      </ocrProcessingStep>
    </OCRProcessing>
  </Description>
  <Layout>
    <Page PHYSICAL_IMG_NR="31" ID="PAGE_31" WIDTH="1895" HEIGHT="3217">
      <TopMargin ID="TopMargin_17" HPOS="542" VPOS="268" WIDTH="954" HEIGHT="40">
        <TextBlock ID="TextBlock_1140" HPOS="542" VPOS="268" WIDTH="954" HEIGHT="40">
          <TextLine ID="TextLine_609" HPOS="542" VPOS="272" WIDTH="510" HEIGHT="33">
            <String CONTENT="MEMOIR" ID="Word_4338" HPOS="542" VPOS="272" WIDTH="187" HEIGHT="33" />
            <SP ID="SP_3732" HPOS="730" VPOS="272" WIDTH="31" HEIGHT="0" />
            <String CONTENT="OF" ID="Word_4339" HPOS="762" VPOS="272" WIDTH="54" HEIGHT="33" />
            <SP ID="SP_3733" HPOS="817" VPOS="273" WIDTH="32" HEIGHT="0" />
            <String CONTENT="BUFFON." ID="Word_4340" HPOS="850" VPOS="273" WIDTH="202" HEIGHT="32" />
          </TextLine>
          <TextLine ID="TextLine_610" HPOS="1440" VPOS="268" WIDTH="56" HEIGHT="40">
            <String CONTENT="21" ID="Word_4341" HPOS="1440" VPOS="268" WIDTH="56" HEIGHT="40" />
          </TextLine>
        </TextBlock>
      </TopMargin>
      <PrintSpace ID="PrintSpace_32" HPOS="125" VPOS="396" WIDTH="1389" HEIGHT="2286">
        <TextBlock ID="TextBlock_98" HPOS="125" VPOS="396" WIDTH="1389" HEIGHT="2286">
          <TextLine ID="TextLine_611" HPOS="131" VPOS="396" WIDTH="1373" HEIGHT="64">
            <String CONTENT="and" ID="Word_4342" HPOS="131" VPOS="400" WIDTH="90" HEIGHT="47" />
            <SP ID="SP_3734" HPOS="222" VPOS="400" WIDTH="20" HEIGHT="0" />
            <String CONTENT="the" ID="Word_4343" HPOS="243" VPOS="407" WIDTH="79" HEIGHT="39" />
            <SP ID="SP_3735" HPOS="323" VPOS="415" WIDTH="21" HEIGHT="0" />
            <String CONTENT="vtry" ID="Word_4344" HPOS="345" VPOS="414" WIDTH="110" HEIGHT="46" />
            <SP ID="SP_3736" HPOS="456" VPOS="398" WIDTH="20" HEIGHT="0" />
            <String CONTENT="large" ID="Word_4345" HPOS="477" VPOS="398" WIDTH="122" HEIGHT="61" />
            <SP ID="SP_3737" HPOS="600" VPOS="413" WIDTH="26" HEIGHT="0" />
            <String CONTENT="proportion" ID="Word_4346" HPOS="627" VPOS="404" WIDTH="256" HEIGHT="55" />
            <SP ID="SP_3738" HPOS="884" VPOS="413" WIDTH="22" HEIGHT="0" />
            <String CONTENT="of" ID="Word_4347" HPOS="907" VPOS="396" WIDTH="51" HEIGHT="47" />
            <SP ID="SP_3739" HPOS="959" VPOS="396" WIDTH="19" HEIGHT="0" />
            <String CONTENT="time" ID="Word_4348" HPOS="979" VPOS="403" WIDTH="113" HEIGHT="40" />
            <SP ID="SP_3740" HPOS="1093" VPOS="413" WIDTH="34" HEIGHT="0" />
            <String CONTENT="which" ID="Word_4349" HPOS="1128" VPOS="398" WIDTH="150" HEIGHT="45" />
            <SP ID="SP_3741" HPOS="1279" VPOS="398" WIDTH="27" HEIGHT="0" />
            <String CONTENT="was" ID="Word_4350" HPOS="1307" VPOS="413" WIDTH="94" HEIGHT="31" />
            <SP ID="SP_3742" HPOS="1402" VPOS="400" WIDTH="23" HEIGHT="0" />
            <String CONTENT="de-" ID="Word_4351" HPOS="1426" VPOS="400" WIDTH="78" HEIGHT="45" />
          </TextLine>
          <TextLine ID="TextLine_612" HPOS="129" VPOS="475" WIDTH="1375" HEIGHT="62">
            <String CONTENT="voted" ID="Word_4352" HPOS="129" VPOS="477" WIDTH="137" HEIGHT="47" />
            <SP ID="SP_3743" HPOS="267" VPOS="477" WIDTH="26" HEIGHT="0" />
            <String CONTENT="to" ID="Word_4353" HPOS="294" VPOS="483" WIDTH="47" HEIGHT="40" />
            <SP ID="SP_3744" HPOS="342" VPOS="492" WIDTH="33" HEIGHT="0" />
            <String CONTENT="study," ID="Word_4354" HPOS="376" VPOS="477" WIDTH="155" HEIGHT="60" />
            <SP ID="SP_3745" HPOS="532" VPOS="477" WIDTH="32" HEIGHT="0" />
            <String CONTENT="Buffon" ID="Word_4355" HPOS="565" VPOS="475" WIDTH="166" HEIGHT="46" />
            <SP ID="SP_3746" HPOS="732" VPOS="490" WIDTH="29" HEIGHT="0" />
            <String CONTENT="appeared" ID="Word_4356" HPOS="762" VPOS="475" WIDTH="223" HEIGHT="60" />
            <SP ID="SP_3747" HPOS="986" VPOS="475" WIDTH="31" HEIGHT="0" />
            <String CONTENT="to" ID="Word_4357" HPOS="1018" VPOS="480" WIDTH="47" HEIGHT="40" />
            <SP ID="SP_3748" HPOS="1066" VPOS="475" WIDTH="32" HEIGHT="0" />
            <String CONTENT="little" ID="Word_4358" HPOS="1099" VPOS="475" WIDTH="121" HEIGHT="45" />
            <SP ID="SP_3749" HPOS="1221" VPOS="491" WIDTH="29" HEIGHT="0" />
            <String CONTENT="advantage" ID="Word_4359" HPOS="1251" VPOS="482" WIDTH="253" HEIGHT="40" />
          </TextLine>
          <TextLine ID="TextLine_613" HPOS="128" VPOS="551" WIDTH="1375" HEIGHT="63">
            <String CONTENT="in" ID="Word_4360" HPOS="128" VPOS="555" WIDTH="49" HEIGHT="45" />
            <SP ID="SP_3750" HPOS="178" VPOS="570" WIDTH="21" HEIGHT="0" />
            <String CONTENT="company." ID="Word_4361" HPOS="200" VPOS="569" WIDTH="236" HEIGHT="45" />
            <SP ID="SP_3751" HPOS="437" VPOS="553" WIDTH="66" HEIGHT="0" />
            <String CONTENT="His" ID="Word_4362" HPOS="504" VPOS="553" WIDTH="90" HEIGHT="46" />
            <SP ID="SP_3752" HPOS="595" VPOS="567" WIDTH="21" HEIGHT="0" />
            <String CONTENT="conversation" ID="Word_4363" HPOS="617" VPOS="551" WIDTH="310" HEIGHT="46" />
            <SP ID="SP_3753" HPOS="928" VPOS="552" WIDTH="22" HEIGHT="0" />
            <String CONTENT="did" ID="Word_4364" HPOS="951" VPOS="552" WIDTH="78" HEIGHT="45" />
            <SP ID="SP_3754" HPOS="1030" VPOS="552" WIDTH="20" HEIGHT="0" />
            <String CONTENT="not" ID="Word_4365" HPOS="1051" VPOS="558" WIDTH="80" HEIGHT="39" />
            <SP ID="SP_3755" HPOS="1132" VPOS="558" WIDTH="29" HEIGHT="0" />
            <String CONTENT="reach" ID="Word_4366" HPOS="1162" VPOS="552" WIDTH="132" HEIGHT="45" />
            <SP ID="SP_3756" HPOS="1295" VPOS="552" WIDTH="28" HEIGHT="0" />
            <String CONTENT="beyond" ID="Word_4367" HPOS="1324" VPOS="553" WIDTH="179" HEIGHT="45" />
          </TextLine>
          <TextLine ID="TextLine_614" HPOS="127" VPOS="628" WIDTH="1377" HEIGHT="63">
            <String CONTENT="mediocrity," ID="Word_4368" HPOS="127" VPOS="631" WIDTH="283" HEIGHT="60" />
            <SP ID="SP_3757" HPOS="411" VPOS="645" WIDTH="34" HEIGHT="0" />
            <String CONTENT="and" ID="Word_4369" HPOS="446" VPOS="630" WIDTH="91" HEIGHT="45" />
            <SP ID="SP_3758" HPOS="538" VPOS="630" WIDTH="20" HEIGHT="0" />
            <String CONTENT="the" ID="Word_4370" HPOS="559" VPOS="635" WIDTH="79" HEIGHT="39" />
            <SP ID="SP_3759" HPOS="639" VPOS="635" WIDTH="21" HEIGHT="0" />
            <String CONTENT="time" ID="Word_4371" HPOS="661" VPOS="635" WIDTH="113" HEIGHT="39" />
            <SP ID="SP_3760" HPOS="775" VPOS="644" WIDTH="38" HEIGHT="0" />
            <String CONTENT="at" ID="Word_4372" HPOS="814" VPOS="635" WIDTH="48" HEIGHT="39" />
            <SP ID="SP_3761" HPOS="863" VPOS="634" WIDTH="29" HEIGHT="0" />
            <String CONTENT="table" ID="Word_4373" HPOS="893" VPOS="630" WIDTH="124" HEIGHT="44" />
            <SP ID="SP_3762" HPOS="1018" VPOS="644" WIDTH="23" HEIGHT="0" />
            <String CONTENT="was" ID="Word_4374" HPOS="1042" VPOS="645" WIDTH="94" HEIGHT="29" />
            <SP ID="SP_3763" HPOS="1137" VPOS="645" WIDTH="23" HEIGHT="0" />
            <String CONTENT="spent" ID="Word_4375" HPOS="1161" VPOS="635" WIDTH="131" HEIGHT="39" />
            <SP ID="SP_3764" HPOS="1293" VPOS="628" WIDTH="23" HEIGHT="0" />
            <String CONTENT="in" ID="Word_4376" HPOS="1317" VPOS="628" WIDTH="48" HEIGHT="46" />
            <SP ID="SP_3765" HPOS="1366" VPOS="630" WIDTH="21" HEIGHT="0" />
            <String CONTENT="light" ID="Word_4377" HPOS="1388" VPOS="629" WIDTH="116" HEIGHT="46" />
          </TextLine>
          <TextLine ID="TextLine_615" HPOS="127" VPOS="704" WIDTH="1377" HEIGHT="63">
            <String CONTENT="talk," ID="Word_4378" HPOS="127" VPOS="708" WIDTH="115" HEIGHT="53" />
            <SP ID="SP_3766" HPOS="243" VPOS="723" WIDTH="39" HEIGHT="0" />
            <String CONTENT="exceeding" ID="Word_4379" HPOS="283" VPOS="707" WIDTH="243" HEIGHT="60" />
            <SP ID="SP_3767" HPOS="527" VPOS="721" WIDTH="37" HEIGHT="0" />
            <String CONTENT="even" ID="Word_4380" HPOS="565" VPOS="721" WIDTH="114" HEIGHT="30" />
            <SP ID="SP_3768" HPOS="680" VPOS="712" WIDTH="37" HEIGHT="0" />
            <String CONTENT="the" ID="Word_4381" HPOS="718" VPOS="706" WIDTH="79" HEIGHT="45" />
            <SP ID="SP_3769" HPOS="798" VPOS="705" WIDTH="37" HEIGHT="0" />
            <String CONTENT="licensed" ID="Word_4382" HPOS="836" VPOS="705" WIDTH="198" HEIGHT="46" />
            <SP ID="SP_3770" HPOS="1035" VPOS="704" WIDTH="42" HEIGHT="0" />
            <String CONTENT="freedoms" ID="Word_4383" HPOS="1078" VPOS="704" WIDTH="220" HEIGHT="47" />
            <SP ID="SP_3771" HPOS="1299" VPOS="721" WIDTH="38" HEIGHT="0" />
            <String CONTENT="of" ID="Word_4384" HPOS="1338" VPOS="705" WIDTH="51" HEIGHT="46" />
            <SP ID="SP_3772" HPOS="1390" VPOS="705" WIDTH="33" HEIGHT="0" />
            <String CONTENT="the" ID="Word_4385" HPOS="1424" VPOS="707" WIDTH="80" HEIGHT="45" />
          </TextLine>
          <TextLine ID="TextLine_616" HPOS="128" VPOS="781" WIDTH="1375" HEIGHT="63">
            <String CONTENT="French." ID="Word_4386" HPOS="128" VPOS="784" WIDTH="190" HEIGHT="46" />
            <SP ID="SP_3773" HPOS="319" VPOS="783" WIDTH="67" HEIGHT="0" />
            <String CONTENT="The" ID="Word_4387" HPOS="387" VPOS="783" WIDTH="99" HEIGHT="45" />
            <SP ID="SP_3774" HPOS="487" VPOS="798" WIDTH="35" HEIGHT="0" />
            <String CONTENT="power" ID="Word_4388" HPOS="523" VPOS="798" WIDTH="153" HEIGHT="46" />
            <SP ID="SP_3775" HPOS="677" VPOS="798" WIDTH="37" HEIGHT="0" />
            <String CONTENT="of" ID="Word_4389" HPOS="715" VPOS="781" WIDTH="51" HEIGHT="47" />
            <SP ID="SP_3776" HPOS="767" VPOS="781" WIDTH="29" HEIGHT="0" />
            <String CONTENT="communicating" ID="Word_4390" HPOS="797" VPOS="782" WIDTH="383" HEIGHT="62" />
            <SP ID="SP_3777" HPOS="1181" VPOS="782" WIDTH="32" HEIGHT="0" />
            <String CONTENT="infonnation" ID="Word_4391" HPOS="1214" VPOS="782" WIDTH="289" HEIGHT="46" />
          </TextLine>
          <TextLine ID="TextLine_617" HPOS="127" VPOS="859" WIDTH="1377" HEIGHT="61">
            <String CONTENT="was" ID="Word_4392" HPOS="127" VPOS="876" WIDTH="96" HEIGHT="30" />
            <SP ID="SP_3778" HPOS="224" VPOS="876" WIDTH="34" HEIGHT="0" />
            <String CONTENT="either" ID="Word_4393" HPOS="259" VPOS="860" WIDTH="144" HEIGHT="46" />
            <SP ID="SP_3779" HPOS="404" VPOS="875" WIDTH="35" HEIGHT="0" />
            <String CONTENT="wanting," ID="Word_4394" HPOS="440" VPOS="865" WIDTH="219" HEIGHT="55" />
            <SP ID="SP_3780" HPOS="660" VPOS="874" WIDTH="40" HEIGHT="0" />
            <String CONTENT="or" ID="Word_4395" HPOS="701" VPOS="874" WIDTH="48" HEIGHT="30" />
            <SP ID="SP_3781" HPOS="750" VPOS="874" WIDTH="34" HEIGHT="0" />
            <String CONTENT="reserved" ID="Word_4396" HPOS="785" VPOS="860" WIDTH="209" HEIGHT="45" />
            <SP ID="SP_3782" HPOS="995" VPOS="859" WIDTH="51" HEIGHT="0" />
            <String CONTENT="for" ID="Word_4397" HPOS="1047" VPOS="859" WIDTH="66" HEIGHT="46" />
            <SP ID="SP_3783" HPOS="1114" VPOS="860" WIDTH="34" HEIGHT="0" />
            <String CONTENT="his" ID="Word_4398" HPOS="1149" VPOS="860" WIDTH="72" HEIGHT="45" />
            <SP ID="SP_3784" HPOS="1222" VPOS="875" WIDTH="37" HEIGHT="0" />
            <String CONTENT="particular" ID="Word_4399" HPOS="1260" VPOS="860" WIDTH="244" HEIGHT="60" />
          </TextLine>
          <TextLine ID="TextLine_618" HPOS="125" VPOS="935" WIDTH="1378" HEIGHT="62">
            <String CONTENT="friends" ID="Word_4400" HPOS="125" VPOS="937" WIDTH="168" HEIGHT="46" />
            <SP ID="SP_3785" HPOS="294" VPOS="937" WIDTH="20" HEIGHT="0" />
            <String CONTENT="in" ID="Word_4401" HPOS="315" VPOS="937" WIDTH="49" HEIGHT="45" />
            <SP ID="SP_3786" HPOS="365" VPOS="952" WIDTH="20" HEIGHT="0" />
            <String CONTENT="private," ID="Word_4402" HPOS="386" VPOS="935" WIDTH="190" HEIGHT="62" />
            <SP ID="SP_3787" HPOS="577" VPOS="951" WIDTH="24" HEIGHT="0" />
            <String CONTENT="and" ID="Word_4403" HPOS="602" VPOS="936" WIDTH="91" HEIGHT="45" />
            <SP ID="SP_3788" HPOS="694" VPOS="936" WIDTH="18" HEIGHT="0" />
            <String CONTENT="he" ID="Word_4404" HPOS="713" VPOS="936" WIDTH="59" HEIGHT="45" />
            <SP ID="SP_3789" HPOS="773" VPOS="951" WIDTH="21" HEIGHT="0" />
            <String CONTENT="considered" ID="Word_4405" HPOS="795" VPOS="936" WIDTH="259" HEIGHT="46" />
            <SP ID="SP_3790" HPOS="1055" VPOS="937" WIDTH="19" HEIGHT="0" />
            <String CONTENT="that" ID="Word_4406" HPOS="1075" VPOS="937" WIDTH="103" HEIGHT="45" />
            <SP ID="SP_3791" HPOS="1179" VPOS="942" WIDTH="29" HEIGHT="0" />
            <String CONTENT="a" ID="Word_4407" HPOS="1209" VPOS="952" WIDTH="26" HEIGHT="30" />
            <SP ID="SP_3792" HPOS="1236" VPOS="937" WIDTH="21" HEIGHT="0" />
            <String CONTENT="discussion" ID="Word_4408" HPOS="1258" VPOS="936" WIDTH="245" HEIGHT="46" />
          </TextLine>
          <TextLine ID="TextLine_619" HPOS="126" VPOS="1012" WIDTH="1375" HEIGHT="49">
            <String CONTENT="upon" ID="Word_4409" HPOS="126" VPOS="1029" WIDTH="122" HEIGHT="31" />
            <SP ID="SP_3793" HPOS="249" VPOS="1020" WIDTH="19" HEIGHT="0" />
            <String CONTENT="the" ID="Word_4410" HPOS="269" VPOS="1014" WIDTH="80" HEIGHT="45" />
            <SP ID="SP_3794" HPOS="350" VPOS="1013" WIDTH="20" HEIGHT="0" />
            <String CONTENT="Sciences" ID="Word_4411" HPOS="371" VPOS="1013" WIDTH="203" HEIGHT="48" />
            <SP ID="SP_3795" HPOS="575" VPOS="1028" WIDTH="33" HEIGHT="0" />
            <String CONTENT="should" ID="Word_4412" HPOS="609" VPOS="1013" WIDTH="161" HEIGHT="45" />
            <SP ID="SP_3796" HPOS="771" VPOS="1013" WIDTH="20" HEIGHT="0" />
            <String CONTENT="be" ID="Word_4413" HPOS="792" VPOS="1014" WIDTH="56" HEIGHT="44" />
            <SP ID="SP_3797" HPOS="849" VPOS="1028" WIDTH="29" HEIGHT="0" />
            <String CONTENT="confined" ID="Word_4414" HPOS="879" VPOS="1012" WIDTH="204" HEIGHT="46" />
            <SP ID="SP_3798" HPOS="1084" VPOS="1014" WIDTH="29" HEIGHT="0" />
            <String CONTENT="to" ID="Word_4415" HPOS="1114" VPOS="1019" WIDTH="47" HEIGHT="39" />
            <SP ID="SP_3799" HPOS="1162" VPOS="1015" WIDTH="26" HEIGHT="0" />
            <String CONTENT="books" ID="Word_4416" HPOS="1189" VPOS="1015" WIDTH="138" HEIGHT="44" />
            <SP ID="SP_3800" HPOS="1328" VPOS="1029" WIDTH="30" HEIGHT="0" />
            <String CONTENT="alone." ID="Word_4417" HPOS="1359" VPOS="1014" WIDTH="142" HEIGHT="45" />
          </TextLine>
          <TextLine ID="TextLine_620" HPOS="128" VPOS="1089" WIDTH="1375" HEIGHT="61">
            <String CONTENT="These" ID="Word_4418" HPOS="128" VPOS="1091" WIDTH="147" HEIGHT="45" />
            <SP ID="SP_3801" HPOS="276" VPOS="1105" WIDTH="21" HEIGHT="0" />
            <String CONTENT="opinions" ID="Word_4419" HPOS="298" VPOS="1090" WIDTH="203" HEIGHT="45" />
            <SP ID="SP_3802" HPOS="502" VPOS="1104" WIDTH="19" HEIGHT="0" />
            <String CONTENT="may" ID="Word_4420" HPOS="522" VPOS="1104" WIDTH="111" HEIGHT="46" />
            <SP ID="SP_3803" HPOS="634" VPOS="1090" WIDTH="13" HEIGHT="0" />
            <String CONTENT="have" ID="Word_4421" HPOS="648" VPOS="1090" WIDTH="119" HEIGHT="44" />
            <SP ID="SP_3804" HPOS="768" VPOS="1089" WIDTH="20" HEIGHT="0" />
            <String CONTENT="influenced" ID="Word_4422" HPOS="789" VPOS="1089" WIDTH="255" HEIGHT="46" />
            <SP ID="SP_3805" HPOS="1045" VPOS="1089" WIDTH="20" HEIGHT="0" />
            <String CONTENT="his" ID="Word_4423" HPOS="1066" VPOS="1089" WIDTH="70" HEIGHT="45" />
            <SP ID="SP_3806" HPOS="1137" VPOS="1106" WIDTH="17" HEIGHT="0" />
            <String CONTENT="wish" ID="Word_4424" HPOS="1155" VPOS="1089" WIDTH="116" HEIGHT="45" />
            <SP ID="SP_3807" HPOS="1272" VPOS="1089" WIDTH="21" HEIGHT="0" />
            <String CONTENT="for" ID="Word_4425" HPOS="1294" VPOS="1089" WIDTH="66" HEIGHT="45" />
            <SP ID="SP_3808" HPOS="1361" VPOS="1105" WIDTH="20" HEIGHT="0" />
            <String CONTENT="com-" ID="Word_4426" HPOS="1382" VPOS="1105" WIDTH="121" HEIGHT="30" />
          </TextLine>
          <TextLine ID="TextLine_621" HPOS="125" VPOS="1164" WIDTH="1378" HEIGHT="64">
            <String CONTENT="parative" ID="Word_4427" HPOS="125" VPOS="1173" WIDTH="205" HEIGHT="55" />
            <SP ID="SP_3809" HPOS="331" VPOS="1182" WIDTH="11" HEIGHT="0" />
            <String CONTENT="privacy," ID="Word_4428" HPOS="343" VPOS="1166" WIDTH="203" HEIGHT="60" />
            <SP ID="SP_3810" HPOS="547" VPOS="1180" WIDTH="11" HEIGHT="0" />
            <String CONTENT="and" ID="Word_4429" HPOS="559" VPOS="1165" WIDTH="91" HEIGHT="45" />
            <SP ID="SP_3811" HPOS="651" VPOS="1165" WIDTH="14" HEIGHT="0" />
            <String CONTENT="it" ID="Word_4430" HPOS="666" VPOS="1165" WIDTH="37" HEIGHT="46" />
            <SP ID="SP_3812" HPOS="704" VPOS="1164" WIDTH="17" HEIGHT="0" />
            <String CONTENT="is" ID="Word_4431" HPOS="722" VPOS="1164" WIDTH="38" HEIGHT="46" />
            <SP ID="SP_3813" HPOS="761" VPOS="1180" WIDTH="9" HEIGHT="0" />
            <String CONTENT="certain" ID="Word_4432" HPOS="771" VPOS="1171" WIDTH="170" HEIGHT="40" />
            <SP ID="SP_3814" HPOS="942" VPOS="1172" WIDTH="14" HEIGHT="0" />
            <String CONTENT="that" ID="Word_4433" HPOS="957" VPOS="1166" WIDTH="103" HEIGHT="44" />
            <SP ID="SP_3815" HPOS="1061" VPOS="1166" WIDTH="16" HEIGHT="0" />
            <String CONTENT="he" ID="Word_4434" HPOS="1078" VPOS="1166" WIDTH="57" HEIGHT="45" />
            <SP ID="SP_3816" HPOS="1136" VPOS="1166" WIDTH="9" HEIGHT="0" />
            <String CONTENT="did" ID="Word_4435" HPOS="1146" VPOS="1166" WIDTH="77" HEIGHT="44" />
            <SP ID="SP_3817" HPOS="1224" VPOS="1166" WIDTH="14" HEIGHT="0" />
            <String CONTENT="not" ID="Word_4436" HPOS="1239" VPOS="1172" WIDTH="79" HEIGHT="38" />
            <SP ID="SP_3818" HPOS="1319" VPOS="1172" WIDTH="15" HEIGHT="0" />
            <String CONTENT="mingle" ID="Word_4437" HPOS="1335" VPOS="1167" WIDTH="168" HEIGHT="44" />
          </TextLine>
          <TextLine ID="TextLine_622" HPOS="127" VPOS="1241" WIDTH="1374" HEIGHT="61">
            <String CONTENT="with" ID="Word_4438" HPOS="127" VPOS="1243" WIDTH="115" HEIGHT="45" />
            <SP ID="SP_3819" HPOS="243" VPOS="1243" WIDTH="15" HEIGHT="0" />
            <String CONTENT="his" ID="Word_4439" HPOS="259" VPOS="1243" WIDTH="72" HEIGHT="44" />
            <SP ID="SP_3820" HPOS="332" VPOS="1257" WIDTH="21" HEIGHT="0" />
            <String CONTENT="contemporaries" ID="Word_4440" HPOS="354" VPOS="1241" WIDTH="372" HEIGHT="46" />
            <SP ID="SP_3821" HPOS="727" VPOS="1241" WIDTH="21" HEIGHT="0" />
            <String CONTENT="in" ID="Word_4441" HPOS="749" VPOS="1241" WIDTH="48" HEIGHT="45" />
            <SP ID="SP_3822" HPOS="798" VPOS="1242" WIDTH="19" HEIGHT="0" />
            <String CONTENT="literary" ID="Word_4442" HPOS="818" VPOS="1242" WIDTH="187" HEIGHT="60" />
            <SP ID="SP_3823" HPOS="1006" VPOS="1257" WIDTH="17" HEIGHT="0" />
            <String CONTENT="and" ID="Word_4443" HPOS="1024" VPOS="1242" WIDTH="90" HEIGHT="45" />
            <SP ID="SP_3824" HPOS="1115" VPOS="1242" WIDTH="17" HEIGHT="0" />
            <String CONTENT="scientific" ID="Word_4444" HPOS="1133" VPOS="1241" WIDTH="212" HEIGHT="45" />
            <SP ID="SP_3825" HPOS="1346" VPOS="1241" WIDTH="21" HEIGHT="0" />
            <String CONTENT="fame." ID="Word_4445" HPOS="1368" VPOS="1241" WIDTH="133" HEIGHT="46" />
          </TextLine>
          <TextLine ID="TextLine_623" HPOS="193" VPOS="1317" WIDTH="1309" HEIGHT="62">
            <String CONTENT="Vanity" ID="Word_4446" HPOS="193" VPOS="1318" WIDTH="181" HEIGHT="61" />
            <SP ID="SP_3826" HPOS="375" VPOS="1318" WIDTH="21" HEIGHT="0" />
            <String CONTENT="has" ID="Word_4447" HPOS="397" VPOS="1318" WIDTH="82" HEIGHT="45" />
            <SP ID="SP_3827" HPOS="480" VPOS="1319" WIDTH="20" HEIGHT="0" />
            <String CONTENT="been" ID="Word_4448" HPOS="501" VPOS="1319" WIDTH="114" HEIGHT="44" />
            <SP ID="SP_3828" HPOS="616" VPOS="1333" WIDTH="21" HEIGHT="0" />
            <String CONTENT="generally" ID="Word_4449" HPOS="638" VPOS="1317" WIDTH="230" HEIGHT="61" />
            <SP ID="SP_3829" HPOS="869" VPOS="1333" WIDTH="17" HEIGHT="0" />
            <String CONTENT="allowed" ID="Word_4450" HPOS="887" VPOS="1318" WIDTH="193" HEIGHT="45" />
            <SP ID="SP_3830" HPOS="1081" VPOS="1318" WIDTH="21" HEIGHT="0" />
            <String CONTENT="to" ID="Word_4451" HPOS="1103" VPOS="1324" WIDTH="47" HEIGHT="39" />
            <SP ID="SP_3831" HPOS="1151" VPOS="1319" WIDTH="22" HEIGHT="0" />
            <String CONTENT="be" ID="Word_4452" HPOS="1174" VPOS="1319" WIDTH="56" HEIGHT="44" />
            <SP ID="SP_3832" HPOS="1231" VPOS="1324" WIDTH="20" HEIGHT="0" />
            <String CONTENT="the" ID="Word_4453" HPOS="1252" VPOS="1324" WIDTH="78" HEIGHT="39" />
            <SP ID="SP_3833" HPOS="1331" VPOS="1333" WIDTH="21" HEIGHT="0" />
            <String CONTENT="great-" ID="Word_4454" HPOS="1353" VPOS="1324" WIDTH="149" HEIGHT="55" />
          </TextLine>
          <TextLine ID="TextLine_624" HPOS="127" VPOS="1393" WIDTH="1375" HEIGHT="63">
            <String CONTENT="est" ID="Word_4455" HPOS="127" VPOS="1402" WIDTH="67" HEIGHT="39" />
            <SP ID="SP_3834" HPOS="195" VPOS="1394" WIDTH="36" HEIGHT="0" />
            <String CONTENT="failing" ID="Word_4456" HPOS="232" VPOS="1394" WIDTH="158" HEIGHT="62" />
            <SP ID="SP_3835" HPOS="391" VPOS="1393" WIDTH="35" HEIGHT="0" />
            <String CONTENT="in" ID="Word_4457" HPOS="427" VPOS="1393" WIDTH="50" HEIGHT="46" />
            <SP ID="SP_3836" HPOS="478" VPOS="1400" WIDTH="38" HEIGHT="0" />
            <String CONTENT="the" ID="Word_4458" HPOS="517" VPOS="1400" WIDTH="79" HEIGHT="39" />
            <SP ID="SP_3837" HPOS="597" VPOS="1409" WIDTH="43" HEIGHT="0" />
            <String CONTENT="mind" ID="Word_4459" HPOS="641" VPOS="1394" WIDTH="129" HEIGHT="45" />
            <SP ID="SP_3838" HPOS="771" VPOS="1394" WIDTH="37" HEIGHT="0" />
            <String CONTENT="of" ID="Word_4460" HPOS="809" VPOS="1393" WIDTH="52" HEIGHT="46" />
            <SP ID="SP_3839" HPOS="862" VPOS="1393" WIDTH="35" HEIGHT="0" />
            <String CONTENT="Buffon," ID="Word_4461" HPOS="898" VPOS="1394" WIDTH="181" HEIGHT="55" />
            <SP ID="SP_3840" HPOS="1080" VPOS="1409" WIDTH="39" HEIGHT="0" />
            <String CONTENT="and" ID="Word_4462" HPOS="1120" VPOS="1395" WIDTH="91" HEIGHT="44" />
            <SP ID="SP_3841" HPOS="1212" VPOS="1395" WIDTH="36" HEIGHT="0" />
            <String CONTENT="the" ID="Word_4463" HPOS="1249" VPOS="1401" WIDTH="80" HEIGHT="38" />
            <SP ID="SP_3842" HPOS="1330" VPOS="1409" WIDTH="41" HEIGHT="0" />
            <String CONTENT="pains" ID="Word_4464" HPOS="1372" VPOS="1393" WIDTH="130" HEIGHT="62" />
          </TextLine>
          <TextLine ID="TextLine_625" HPOS="127" VPOS="1470" WIDTH="1375" HEIGHT="62">
            <String CONTENT="which" ID="Word_4465" HPOS="127" VPOS="1472" WIDTH="150" HEIGHT="45" />
            <SP ID="SP_3843" HPOS="278" VPOS="1472" WIDTH="20" HEIGHT="0" />
            <String CONTENT="he" ID="Word_4466" HPOS="299" VPOS="1472" WIDTH="57" HEIGHT="44" />
            <SP ID="SP_3844" HPOS="357" VPOS="1477" WIDTH="21" HEIGHT="0" />
            <String CONTENT="took" ID="Word_4467" HPOS="379" VPOS="1471" WIDTH="106" HEIGHT="45" />
            <SP ID="SP_3845" HPOS="486" VPOS="1471" WIDTH="20" HEIGHT="0" />
            <String CONTENT="to" ID="Word_4468" HPOS="507" VPOS="1476" WIDTH="48" HEIGHT="40" />
            <SP ID="SP_3846" HPOS="556" VPOS="1486" WIDTH="21" HEIGHT="0" />
            <String CONTENT="work" ID="Word_4469" HPOS="578" VPOS="1471" WIDTH="125" HEIGHT="45" />
            <SP ID="SP_3847" HPOS="704" VPOS="1471" WIDTH="21" HEIGHT="0" />
            <String CONTENT="up" ID="Word_4470" HPOS="726" VPOS="1486" WIDTH="62" HEIGHT="44" />
            <SP ID="SP_3848" HPOS="789" VPOS="1470" WIDTH="20" HEIGHT="0" />
            <String CONTENT="his" ID="Word_4471" HPOS="810" VPOS="1470" WIDTH="71" HEIGHT="45" />
            <SP ID="SP_3849" HPOS="882" VPOS="1486" WIDTH="24" HEIGHT="0" />
            <String CONTENT="writings," ID="Word_4472" HPOS="907" VPOS="1470" WIDTH="217" HEIGHT="62" />
            <SP ID="SP_3850" HPOS="1125" VPOS="1486" WIDTH="19" HEIGHT="0" />
            <String CONTENT="and" ID="Word_4473" HPOS="1145" VPOS="1471" WIDTH="90" HEIGHT="45" />
            <SP ID="SP_3851" HPOS="1236" VPOS="1471" WIDTH="20" HEIGHT="0" />
            <String CONTENT="his" ID="Word_4474" HPOS="1257" VPOS="1471" WIDTH="70" HEIGHT="45" />
            <SP ID="SP_3852" HPOS="1328" VPOS="1486" WIDTH="23" HEIGHT="0" />
            <String CONTENT="severe" ID="Word_4475" HPOS="1352" VPOS="1486" WIDTH="150" HEIGHT="31" />
          </TextLine>
          <TextLine ID="TextLine_626" HPOS="129" VPOS="1546" WIDTH="1373" HEIGHT="64">
            <String CONTENT="study," ID="Word_4476" HPOS="129" VPOS="1549" WIDTH="157" HEIGHT="61" />
            <SP ID="SP_3853" HPOS="287" VPOS="1548" WIDTH="32" HEIGHT="0" />
            <String CONTENT="have" ID="Word_4477" HPOS="320" VPOS="1548" WIDTH="117" HEIGHT="45" />
            <SP ID="SP_3854" HPOS="438" VPOS="1563" WIDTH="38" HEIGHT="0" />
            <String CONTENT="perhaps" ID="Word_4478" HPOS="477" VPOS="1547" WIDTH="191" HEIGHT="61" />
            <SP ID="SP_3855" HPOS="669" VPOS="1548" WIDTH="32" HEIGHT="0" />
            <String CONTENT="been" ID="Word_4479" HPOS="702" VPOS="1548" WIDTH="114" HEIGHT="44" />
            <SP ID="SP_3856" HPOS="817" VPOS="1552" WIDTH="31" HEIGHT="0" />
            <String CONTENT="too" ID="Word_4480" HPOS="849" VPOS="1552" WIDTH="74" HEIGHT="40" />
            <SP ID="SP_3857" HPOS="924" VPOS="1562" WIDTH="39" HEIGHT="0" />
            <String CONTENT="often" ID="Word_4481" HPOS="964" VPOS="1546" WIDTH="122" HEIGHT="46" />
            <SP ID="SP_3858" HPOS="1087" VPOS="1547" WIDTH="32" HEIGHT="0" />
            <String CONTENT="invidiously" ID="Word_4482" HPOS="1120" VPOS="1547" WIDTH="279" HEIGHT="61" />
            <SP ID="SP_3859" HPOS="1400" VPOS="1563" WIDTH="30" HEIGHT="0" />
            <String CONTENT="re-" ID="Word_4483" HPOS="1431" VPOS="1563" WIDTH="71" HEIGHT="30" />
          </TextLine>
          <TextLine ID="TextLine_627" HPOS="127" VPOS="1622" WIDTH="1376" HEIGHT="64">
            <String CONTENT="feiTed" ID="Word_4484" HPOS="127" VPOS="1624" WIDTH="144" HEIGHT="46" />
            <SP ID="SP_3860" HPOS="272" VPOS="1624" WIDTH="69" HEIGHT="0" />
            <String CONTENT="to" ID="Word_4485" HPOS="342" VPOS="1630" WIDTH="47" HEIGHT="39" />
            <SP ID="SP_3861" HPOS="390" VPOS="1630" WIDTH="20" HEIGHT="0" />
            <String CONTENT="the" ID="Word_4486" HPOS="411" VPOS="1630" WIDTH="80" HEIGHT="39" />
            <SP ID="SP_3862" HPOS="492" VPOS="1639" WIDTH="22" HEIGHT="0" />
            <String CONTENT="consideration" ID="Word_4487" HPOS="515" VPOS="1623" WIDTH="325" HEIGHT="45" />
            <SP ID="SP_3863" HPOS="841" VPOS="1639" WIDTH="22" HEIGHT="0" />
            <String CONTENT="of" ID="Word_4488" HPOS="864" VPOS="1622" WIDTH="50" HEIGHT="46" />
            <SP ID="SP_3864" HPOS="915" VPOS="1622" WIDTH="23" HEIGHT="0" />
            <String CONTENT="what" ID="Word_4489" HPOS="939" VPOS="1623" WIDTH="124" HEIGHT="46" />
            <SP ID="SP_3865" HPOS="1064" VPOS="1629" WIDTH="22" HEIGHT="0" />
            <String CONTENT="after" ID="Word_4490" HPOS="1087" VPOS="1622" WIDTH="115" HEIGHT="47" />
            <SP ID="SP_3866" HPOS="1203" VPOS="1639" WIDTH="19" HEIGHT="0" />
            <String CONTENT="generations" ID="Word_4491" HPOS="1223" VPOS="1623" WIDTH="280" HEIGHT="63" />
          </TextLine>
          <TextLine ID="TextLine_628" HPOS="128" VPOS="1700" WIDTH="1376" HEIGHT="62">
            <String CONTENT="would" ID="Word_4492" HPOS="128" VPOS="1701" WIDTH="154" HEIGHT="45" />
            <SP ID="SP_3867" HPOS="283" VPOS="1701" WIDTH="27" HEIGHT="0" />
            <String CONTENT="think" ID="Word_4493" HPOS="311" VPOS="1701" WIDTH="135" HEIGHT="45" />
            <SP ID="SP_3868" HPOS="447" VPOS="1701" WIDTH="27" HEIGHT="0" />
            <String CONTENT="regarding" ID="Word_4494" HPOS="475" VPOS="1700" WIDTH="236" HEIGHT="61" />
            <SP ID="SP_3869" HPOS="712" VPOS="1700" WIDTH="27" HEIGHT="0" />
            <String CONTENT="him.”" ID="Word_4495" HPOS="740" VPOS="1700" WIDTH="142" HEIGHT="44" />
            <SP ID="SP_3870" HPOS="883" VPOS="1700" WIDTH="67" HEIGHT="0" />
            <String CONTENT="He" ID="Word_4496" HPOS="951" VPOS="1701" WIDTH="76" HEIGHT="45" />
            <SP ID="SP_3871" HPOS="1028" VPOS="1701" WIDTH="22" HEIGHT="0" />
            <String CONTENT="delighted" ID="Word_4497" HPOS="1051" VPOS="1701" WIDTH="229" HEIGHT="61" />
            <SP ID="SP_3872" HPOS="1281" VPOS="1701" WIDTH="21" HEIGHT="0" />
            <String CONTENT="in" ID="Word_4498" HPOS="1303" VPOS="1701" WIDTH="47" HEIGHT="45" />
            <SP ID="SP_3873" HPOS="1351" VPOS="1716" WIDTH="21" HEIGHT="0" />
            <String CONTENT="read-" ID="Word_4499" HPOS="1373" VPOS="1701" WIDTH="131" HEIGHT="45" />
          </TextLine>
          <TextLine ID="TextLine_629" HPOS="126" VPOS="1776" WIDTH="1377" HEIGHT="63">
            <String CONTENT="ing" ID="Word_4500" HPOS="126" VPOS="1777" WIDTH="78" HEIGHT="62" />
            <SP ID="SP_3874" HPOS="205" VPOS="1792" WIDTH="26" HEIGHT="0" />
            <String CONTENT="aloud" ID="Word_4501" HPOS="232" VPOS="1777" WIDTH="136" HEIGHT="45" />
            <SP ID="SP_3875" HPOS="369" VPOS="1777" WIDTH="27" HEIGHT="0" />
            <String CONTENT="his" ID="Word_4502" HPOS="397" VPOS="1777" WIDTH="72" HEIGHT="44" />
            <SP ID="SP_3876" HPOS="470" VPOS="1792" WIDTH="29" HEIGHT="0" />
            <String CONTENT="own" ID="Word_4503" HPOS="500" VPOS="1792" WIDTH="103" HEIGHT="30" />
            <SP ID="SP_3877" HPOS="604" VPOS="1792" WIDTH="22" HEIGHT="0" />
            <String CONTENT="works" ID="Word_4504" HPOS="627" VPOS="1777" WIDTH="146" HEIGHT="44" />
            <SP ID="SP_3878" HPOS="774" VPOS="1782" WIDTH="30" HEIGHT="0" />
            <String CONTENT="to" ID="Word_4505" HPOS="805" VPOS="1782" WIDTH="46" HEIGHT="39" />
            <SP ID="SP_3879" HPOS="852" VPOS="1776" WIDTH="29" HEIGHT="0" />
            <String CONTENT="his" ID="Word_4506" HPOS="882" VPOS="1776" WIDTH="72" HEIGHT="45" />
            <SP ID="SP_3880" HPOS="955" VPOS="1792" WIDTH="29" HEIGHT="0" />
            <String CONTENT="visiters," ID="Word_4507" HPOS="985" VPOS="1776" WIDTH="193" HEIGHT="55" />
            <SP ID="SP_3881" HPOS="1179" VPOS="1792" WIDTH="35" HEIGHT="0" />
            <String CONTENT="and" ID="Word_4508" HPOS="1215" VPOS="1777" WIDTH="91" HEIGHT="45" />
            <SP ID="SP_3882" HPOS="1307" VPOS="1777" WIDTH="32" HEIGHT="0" />
            <String CONTENT="chiefly" ID="Word_4509" HPOS="1340" VPOS="1777" WIDTH="163" HEIGHT="61" />
          </TextLine>
          <TextLine ID="TextLine_630" HPOS="129" VPOS="1852" WIDTH="1374" HEIGHT="61">
            <String CONTENT="those" ID="Word_4510" HPOS="129" VPOS="1861" WIDTH="129" HEIGHT="37" />
            <SP ID="SP_3883" HPOS="259" VPOS="1869" WIDTH="31" HEIGHT="0" />
            <String CONTENT="which" ID="Word_4511" HPOS="291" VPOS="1852" WIDTH="151" HEIGHT="46" />
            <SP ID="SP_3884" HPOS="443" VPOS="1853" WIDTH="35" HEIGHT="0" />
            <String CONTENT="he" ID="Word_4512" HPOS="479" VPOS="1853" WIDTH="59" HEIGHT="44" />
            <SP ID="SP_3885" HPOS="539" VPOS="1867" WIDTH="35" HEIGHT="0" />
            <String CONTENT="considered" ID="Word_4513" HPOS="575" VPOS="1852" WIDTH="258" HEIGHT="45" />
            <SP ID="SP_3886" HPOS="834" VPOS="1852" WIDTH="35" HEIGHT="0" />
            <String CONTENT="his" ID="Word_4514" HPOS="870" VPOS="1852" WIDTH="71" HEIGHT="45" />
            <SP ID="SP_3887" HPOS="942" VPOS="1852" WIDTH="31" HEIGHT="0" />
            <String CONTENT="finest" ID="Word_4515" HPOS="974" VPOS="1852" WIDTH="134" HEIGHT="46" />
            <SP ID="SP_3888" HPOS="1109" VPOS="1859" WIDTH="36" HEIGHT="0" />
            <String CONTENT="pieces." ID="Word_4516" HPOS="1146" VPOS="1852" WIDTH="160" HEIGHT="61" />
            <SP ID="SP_3889" HPOS="1307" VPOS="1853" WIDTH="66" HEIGHT="0" />
            <String CONTENT="Parts" ID="Word_4517" HPOS="1374" VPOS="1853" WIDTH="129" HEIGHT="45" />
          </TextLine>
          <TextLine ID="TextLine_631" HPOS="134" VPOS="1926" WIDTH="1380" HEIGHT="61">
            <String CONTENT="of" ID="Word_4518" HPOS="134" VPOS="1927" WIDTH="50" HEIGHT="47" />
            <SP ID="SP_3890" HPOS="185" VPOS="1927" WIDTH="24" HEIGHT="0" />
            <String CONTENT="the" ID="Word_4519" HPOS="210" VPOS="1930" WIDTH="80" HEIGHT="44" />
            <SP ID="SP_3891" HPOS="291" VPOS="1929" WIDTH="38" HEIGHT="0" />
            <String CONTENT="Natural" ID="Word_4520" HPOS="330" VPOS="1928" WIDTH="202" HEIGHT="45" />
            <SP ID="SP_3892" HPOS="533" VPOS="1928" WIDTH="38" HEIGHT="0" />
            <String CONTENT="History" ID="Word_4521" HPOS="572" VPOS="1929" WIDTH="193" HEIGHT="58" />
            <SP ID="SP_3893" HPOS="766" VPOS="1942" WIDTH="29" HEIGHT="0" />
            <String CONTENT="of" ID="Word_4522" HPOS="796" VPOS="1926" WIDTH="50" HEIGHT="46" />
            <SP ID="SP_3894" HPOS="847" VPOS="1926" WIDTH="30" HEIGHT="0" />
            <String CONTENT="Man," ID="Word_4523" HPOS="878" VPOS="1928" WIDTH="129" HEIGHT="52" />
            <SP ID="SP_3895" HPOS="1008" VPOS="1935" WIDTH="35" HEIGHT="0" />
            <String CONTENT="the" ID="Word_4524" HPOS="1044" VPOS="1929" WIDTH="80" HEIGHT="44" />
            <SP ID="SP_3896" HPOS="1125" VPOS="1929" WIDTH="33" HEIGHT="0" />
            <String CONTENT="description" ID="Word_4525" HPOS="1159" VPOS="1928" WIDTH="265" HEIGHT="45" />
            <SP ID="SP_3897" HPOS="1425" VPOS="1943" WIDTH="35" HEIGHT="0" />
            <String CONTENT="of" ID="Word_4526" HPOS="1461" VPOS="1928" WIDTH="53" HEIGHT="46" />
          </TextLine>
          <TextLine ID="TextLine_632" HPOS="136" VPOS="2002" WIDTH="1368" HEIGHT="62">
            <String CONTENT="the" ID="Word_4527" HPOS="136" VPOS="2003" WIDTH="82" HEIGHT="45" />
            <SP ID="SP_3898" HPOS="219" VPOS="2005" WIDTH="25" HEIGHT="0" />
            <String CONTENT="Deserts" ID="Word_4528" HPOS="245" VPOS="2005" WIDTH="185" HEIGHT="43" />
            <SP ID="SP_3899" HPOS="431" VPOS="2018" WIDTH="33" HEIGHT="0" />
            <String CONTENT="of" ID="Word_4529" HPOS="465" VPOS="2002" WIDTH="50" HEIGHT="46" />
            <SP ID="SP_3900" HPOS="516" VPOS="2002" WIDTH="21" HEIGHT="0" />
            <String CONTENT="Arabia" ID="Word_4530" HPOS="538" VPOS="2002" WIDTH="172" HEIGHT="45" />
            <SP ID="SP_3901" HPOS="711" VPOS="2002" WIDTH="31" HEIGHT="0" />
            <String CONTENT="in" ID="Word_4531" HPOS="743" VPOS="2002" WIDTH="49" HEIGHT="45" />
            <SP ID="SP_3902" HPOS="793" VPOS="2008" WIDTH="31" HEIGHT="0" />
            <String CONTENT="the" ID="Word_4532" HPOS="825" VPOS="2003" WIDTH="79" HEIGHT="44" />
            <SP ID="SP_3903" HPOS="905" VPOS="2003" WIDTH="22" HEIGHT="0" />
            <String CONTENT="History" ID="Word_4533" HPOS="928" VPOS="2003" WIDTH="192" HEIGHT="61" />
            <SP ID="SP_3904" HPOS="1121" VPOS="2019" WIDTH="22" HEIGHT="0" />
            <String CONTENT="of" ID="Word_4534" HPOS="1144" VPOS="2003" WIDTH="50" HEIGHT="46" />
            <SP ID="SP_3905" HPOS="1195" VPOS="2003" WIDTH="23" HEIGHT="0" />
            <String CONTENT="the" ID="Word_4535" HPOS="1219" VPOS="2004" WIDTH="77" HEIGHT="45" />
            <SP ID="SP_3906" HPOS="1297" VPOS="2003" WIDTH="33" HEIGHT="0" />
            <String CONTENT="Camel," ID="Word_4536" HPOS="1331" VPOS="2003" WIDTH="173" HEIGHT="55" />
          </TextLine>
          <TextLine ID="TextLine_633" HPOS="130" VPOS="2078" WIDTH="1374" HEIGHT="55">
            <String CONTENT="that" ID="Word_4537" HPOS="130" VPOS="2082" WIDTH="104" HEIGHT="43" />
            <SP ID="SP_3907" HPOS="235" VPOS="2086" WIDTH="18" HEIGHT="0" />
            <String CONTENT="of" ID="Word_4538" HPOS="254" VPOS="2079" WIDTH="51" HEIGHT="47" />
            <SP ID="SP_3908" HPOS="306" VPOS="2079" WIDTH="11" HEIGHT="0" />
            <String CONTENT="the" ID="Word_4539" HPOS="318" VPOS="2080" WIDTH="79" HEIGHT="45" />
            <SP ID="SP_3909" HPOS="398" VPOS="2079" WIDTH="22" HEIGHT="0" />
            <String CONTENT="Swan," ID="Word_4540" HPOS="421" VPOS="2079" WIDTH="152" HEIGHT="54" />
            <SP ID="SP_3910" HPOS="574" VPOS="2079" WIDTH="16" HEIGHT="0" />
            <String CONTENT="&amp;c.,*" ID="Word_4541" HPOS="591" VPOS="2078" WIDTH="127" HEIGHT="46" />
            <SP ID="SP_3911" HPOS="719" VPOS="2078" WIDTH="23" HEIGHT="0" />
            <String CONTENT="were" ID="Word_4542" HPOS="743" VPOS="2094" WIDTH="118" HEIGHT="30" />
            <SP ID="SP_3912" HPOS="862" VPOS="2079" WIDTH="20" HEIGHT="0" />
            <String CONTENT="his" ID="Word_4543" HPOS="883" VPOS="2079" WIDTH="70" HEIGHT="45" />
            <SP ID="SP_3913" HPOS="954" VPOS="2078" WIDTH="17" HEIGHT="0" />
            <String CONTENT="favourites." ID="Word_4544" HPOS="972" VPOS="2078" WIDTH="256" HEIGHT="47" />
            <SP ID="SP_3914" HPOS="1229" VPOS="2080" WIDTH="67" HEIGHT="0" />
            <String CONTENT="It" ID="Word_4545" HPOS="1297" VPOS="2080" WIDTH="44" HEIGHT="46" />
            <SP ID="SP_3915" HPOS="1342" VPOS="2080" WIDTH="22" HEIGHT="0" />
            <String CONTENT="is" ID="Word_4546" HPOS="1365" VPOS="2080" WIDTH="37" HEIGHT="46" />
            <SP ID="SP_3916" HPOS="1403" VPOS="2081" WIDTH="17" HEIGHT="0" />
            <String CONTENT="but" ID="Word_4547" HPOS="1421" VPOS="2081" WIDTH="83" HEIGHT="45" />
          </TextLine>
          <TextLine ID="TextLine_634" HPOS="126" VPOS="2151" WIDTH="1378" HEIGHT="67">
            <String CONTENT="justice" ID="Word_4548" HPOS="126" VPOS="2151" WIDTH="172" HEIGHT="62" />
            <SP ID="SP_3917" HPOS="299" VPOS="2163" WIDTH="19" HEIGHT="0" />
            <String CONTENT="to" ID="Word_4549" HPOS="319" VPOS="2163" WIDTH="48" HEIGHT="40" />
            <SP ID="SP_3918" HPOS="368" VPOS="2172" WIDTH="23" HEIGHT="0" />
            <String CONTENT="say," ID="Word_4550" HPOS="392" VPOS="2172" WIDTH="98" HEIGHT="46" />
            <SP ID="SP_3919" HPOS="491" VPOS="2156" WIDTH="21" HEIGHT="0" />
            <String CONTENT="however," ID="Word_4551" HPOS="513" VPOS="2156" WIDTH="226" HEIGHT="54" />
            <SP ID="SP_3920" HPOS="740" VPOS="2161" WIDTH="22" HEIGHT="0" />
            <String CONTENT="that" ID="Word_4552" HPOS="763" VPOS="2161" WIDTH="103" HEIGHT="40" />
            <SP ID="SP_3921" HPOS="867" VPOS="2162" WIDTH="21" HEIGHT="0" />
            <String CONTENT="a" ID="Word_4553" HPOS="889" VPOS="2172" WIDTH="27" HEIGHT="29" />
            <SP ID="SP_3922" HPOS="917" VPOS="2172" WIDTH="20" HEIGHT="0" />
            <String CONTENT="more" ID="Word_4554" HPOS="938" VPOS="2172" WIDTH="122" HEIGHT="30" />
            <SP ID="SP_3923" HPOS="1061" VPOS="2157" WIDTH="27" HEIGHT="0" />
            <String CONTENT="laudable" ID="Word_4555" HPOS="1089" VPOS="2157" WIDTH="210" HEIGHT="46" />
            <SP ID="SP_3924" HPOS="1300" VPOS="2157" WIDTH="20" HEIGHT="0" />
            <String CONTENT="induce-" ID="Word_4556" HPOS="1321" VPOS="2157" WIDTH="183" HEIGHT="46" />
          </TextLine>
          <TextLine ID="TextLine_635" HPOS="129" VPOS="2233" WIDTH="1375" HEIGHT="63">
            <String CONTENT="ment" ID="Word_4557" HPOS="129" VPOS="2240" WIDTH="128" HEIGHT="38" />
            <SP ID="SP_3925" HPOS="258" VPOS="2239" WIDTH="14" HEIGHT="0" />
            <String CONTENT="to" ID="Word_4558" HPOS="273" VPOS="2239" WIDTH="47" HEIGHT="40" />
            <SP ID="SP_3926" HPOS="321" VPOS="2248" WIDTH="11" HEIGHT="0" />
            <String CONTENT="recite" ID="Word_4559" HPOS="333" VPOS="2233" WIDTH="136" HEIGHT="45" />
            <SP ID="SP_3927" HPOS="470" VPOS="2239" WIDTH="15" HEIGHT="0" />
            <String CONTENT="them," ID="Word_4560" HPOS="486" VPOS="2239" WIDTH="143" HEIGHT="48" />
            <SP ID="SP_3928" HPOS="630" VPOS="2239" WIDTH="9" HEIGHT="0" />
            <String CONTENT="than" ID="Word_4561" HPOS="640" VPOS="2233" WIDTH="114" HEIGHT="45" />
            <SP ID="SP_3929" HPOS="755" VPOS="2238" WIDTH="13" HEIGHT="0" />
            <String CONTENT="the" ID="Word_4562" HPOS="769" VPOS="2238" WIDTH="80" HEIGHT="41" />
            <SP ID="SP_3930" HPOS="850" VPOS="2249" WIDTH="13" HEIGHT="0" />
            <String CONTENT="mere" ID="Word_4563" HPOS="864" VPOS="2249" WIDTH="121" HEIGHT="30" />
            <SP ID="SP_3931" HPOS="986" VPOS="2234" WIDTH="8" HEIGHT="0" />
            <String CONTENT="love" ID="Word_4564" HPOS="995" VPOS="2234" WIDTH="99" HEIGHT="46" />
            <SP ID="SP_3932" HPOS="1095" VPOS="2250" WIDTH="22" HEIGHT="0" />
            <String CONTENT="of" ID="Word_4565" HPOS="1118" VPOS="2233" WIDTH="50" HEIGHT="47" />
            <SP ID="SP_3933" HPOS="1169" VPOS="2233" WIDTH="7" HEIGHT="0" />
            <String CONTENT="hearing" ID="Word_4566" HPOS="1177" VPOS="2235" WIDTH="185" HEIGHT="61" />
            <SP ID="SP_3934" HPOS="1363" VPOS="2241" WIDTH="15" HEIGHT="0" />
            <String CONTENT="them" ID="Word_4567" HPOS="1379" VPOS="2235" WIDTH="125" HEIGHT="45" />
          </TextLine>
          <TextLine ID="TextLine_636" HPOS="127" VPOS="2309" WIDTH="1378" HEIGHT="64">
            <String CONTENT="praised," ID="Word_4568" HPOS="127" VPOS="2309" WIDTH="193" HEIGHT="61" />
            <SP ID="SP_3935" HPOS="321" VPOS="2310" WIDTH="15" HEIGHT="0" />
            <String CONTENT="has" ID="Word_4569" HPOS="337" VPOS="2310" WIDTH="83" HEIGHT="45" />
            <SP ID="SP_3936" HPOS="421" VPOS="2310" WIDTH="20" HEIGHT="0" />
            <String CONTENT="been" ID="Word_4570" HPOS="442" VPOS="2310" WIDTH="114" HEIGHT="45" />
            <SP ID="SP_3937" HPOS="557" VPOS="2326" WIDTH="24" HEIGHT="0" />
            <String CONTENT="assigned" ID="Word_4571" HPOS="582" VPOS="2309" WIDTH="207" HEIGHT="47" />
            <SP ID="SP_3938" HPOS="790" VPOS="2309" WIDTH="15" HEIGHT="0" />
            <String CONTENT="by" ID="Word_4572" HPOS="806" VPOS="2311" WIDTH="63" HEIGHT="59" />
            <SP ID="SP_3939" HPOS="870" VPOS="2326" WIDTH="26" HEIGHT="0" />
            <String CONTENT="some" ID="Word_4573" HPOS="897" VPOS="2326" WIDTH="123" HEIGHT="30" />
            <SP ID="SP_3940" HPOS="1021" VPOS="2326" WIDTH="22" HEIGHT="0" />
            <String CONTENT="of" ID="Word_4574" HPOS="1044" VPOS="2311" WIDTH="51" HEIGHT="45" />
            <SP ID="SP_3941" HPOS="1096" VPOS="2311" WIDTH="11" HEIGHT="0" />
            <String CONTENT="his" ID="Word_4575" HPOS="1108" VPOS="2312" WIDTH="70" HEIGHT="44" />
            <SP ID="SP_3942" HPOS="1179" VPOS="2313" WIDTH="28" HEIGHT="0" />
            <String CONTENT="biographers." ID="Word_4576" HPOS="1208" VPOS="2312" WIDTH="297" HEIGHT="61" />
          </TextLine>
          <TextLine ID="TextLine_637" HPOS="186" VPOS="2437" WIDTH="1320" HEIGHT="50">
            <String CONTENT="•" ID="Word_4577" HPOS="186" VPOS="2439" WIDTH="22" HEIGHT="19" />
            <SP ID="SP_3943" HPOS="209" VPOS="2437" WIDTH="14" HEIGHT="0" />
            <String CONTENT="BufFon" ID="Word_4578" HPOS="224" VPOS="2437" WIDTH="136" HEIGHT="37" />
            <SP ID="SP_3944" HPOS="361" VPOS="2451" WIDTH="13" HEIGHT="0" />
            <String CONTENT="read" ID="Word_4579" HPOS="375" VPOS="2439" WIDTH="85" HEIGHT="35" />
            <SP ID="SP_3945" HPOS="461" VPOS="2439" WIDTH="15" HEIGHT="0" />
            <String CONTENT="the" ID="Word_4580" HPOS="477" VPOS="2438" WIDTH="62" HEIGHT="36" />
            <SP ID="SP_3946" HPOS="540" VPOS="2437" WIDTH="17" HEIGHT="0" />
            <String CONTENT="last" ID="Word_4581" HPOS="558" VPOS="2437" WIDTH="71" HEIGHT="37" />
            <SP ID="SP_3947" HPOS="630" VPOS="2443" WIDTH="16" HEIGHT="0" />
            <String CONTENT="article" ID="Word_4582" HPOS="647" VPOS="2439" WIDTH="127" HEIGHT="35" />
            <SP ID="SP_3948" HPOS="775" VPOS="2443" WIDTH="18" HEIGHT="0" />
            <String CONTENT="to" ID="Word_4583" HPOS="794" VPOS="2443" WIDTH="38" HEIGHT="31" />
            <SP ID="SP_3949" HPOS="833" VPOS="2437" WIDTH="21" HEIGHT="0" />
            <String CONTENT="Prince" ID="Word_4584" HPOS="855" VPOS="2437" WIDTH="134" HEIGHT="38" />
            <SP ID="SP_3950" HPOS="990" VPOS="2438" WIDTH="19" HEIGHT="0" />
            <String CONTENT="Henry" ID="Word_4585" HPOS="1010" VPOS="2438" WIDTH="131" HEIGHT="49" />
            <SP ID="SP_3951" HPOS="1142" VPOS="2453" WIDTH="14" HEIGHT="0" />
            <String CONTENT="of" ID="Word_4586" HPOS="1157" VPOS="2441" WIDTH="41" HEIGHT="35" />
            <SP ID="SP_3952" HPOS="1199" VPOS="2439" WIDTH="22" HEIGHT="0" />
            <String CONTENT="Prussia," ID="Word_4587" HPOS="1222" VPOS="2439" WIDTH="157" HEIGHT="46" />
            <SP ID="SP_3953" HPOS="1380" VPOS="2452" WIDTH="19" HEIGHT="0" />
            <String CONTENT="Avhcn" ID="Word_4588" HPOS="1400" VPOS="2440" WIDTH="106" HEIGHT="36" />
          </TextLine>
          <TextLine ID="TextLine_638" HPOS="136" VPOS="2503" WIDTH="1371" HEIGHT="49">
            <String CONTENT="he" ID="Word_4589" HPOS="136" VPOS="2503" WIDTH="46" HEIGHT="36" />
            <SP ID="SP_3954" HPOS="183" VPOS="2516" WIDTH="17" HEIGHT="0" />
            <String CONTENT="visited" ID="Word_4590" HPOS="201" VPOS="2505" WIDTH="130" HEIGHT="34" />
            <SP ID="SP_3955" HPOS="332" VPOS="2503" WIDTH="17" HEIGHT="0" />
            <String CONTENT="him" ID="Word_4591" HPOS="350" VPOS="2503" WIDTH="80" HEIGHT="36" />
            <SP ID="SP_3956" HPOS="431" VPOS="2516" WIDTH="17" HEIGHT="0" />
            <String CONTENT="at" ID="Word_4592" HPOS="449" VPOS="2510" WIDTH="38" HEIGHT="29" />
            <SP ID="SP_3957" HPOS="488" VPOS="2503" WIDTH="27" HEIGHT="0" />
            <String CONTENT="Monthard" ID="Word_4593" HPOS="516" VPOS="2503" WIDTH="203" HEIGHT="37" />
            <SP ID="SP_3958" HPOS="720" VPOS="2505" WIDTH="16" HEIGHT="0" />
            <String CONTENT=";" ID="Word_4594" HPOS="737" VPOS="2516" WIDTH="12" HEIGHT="32" />
            <SP ID="SP_3959" HPOS="750" VPOS="2516" WIDTH="27" HEIGHT="0" />
            <String CONTENT="and," ID="Word_4595" HPOS="778" VPOS="2516" WIDTH="85" HEIGHT="34" />
            <SP ID="SP_3960" HPOS="864" VPOS="2517" WIDTH="28" HEIGHT="0" />
            <String CONTENT="as" ID="Word_4596" HPOS="893" VPOS="2517" WIDTH="37" HEIGHT="23" />
            <SP ID="SP_3961" HPOS="931" VPOS="2516" WIDTH="17" HEIGHT="0" />
            <String CONTENT="a" ID="Word_4597" HPOS="949" VPOS="2516" WIDTH="21" HEIGHT="23" />
            <SP ID="SP_3962" HPOS="971" VPOS="2516" WIDTH="23" HEIGHT="0" />
            <String CONTENT="mark" ID="Word_4598" HPOS="995" VPOS="2505" WIDTH="106" HEIGHT="35" />
            <SP ID="SP_3963" HPOS="1102" VPOS="2505" WIDTH="18" HEIGHT="0" />
            <String CONTENT="of" ID="Word_4599" HPOS="1121" VPOS="2506" WIDTH="40" HEIGHT="34" />
            <SP ID="SP_3964" HPOS="1162" VPOS="2505" WIDTH="21" HEIGHT="0" />
            <String CONTENT="his" ID="Word_4600" HPOS="1184" VPOS="2505" WIDTH="56" HEIGHT="35" />
            <SP ID="SP_3965" HPOS="1241" VPOS="2506" WIDTH="26" HEIGHT="0" />
            <String CONTENT="delight," ID="Word_4601" HPOS="1268" VPOS="2505" WIDTH="153" HEIGHT="47" />
            <SP ID="SP_3966" HPOS="1422" VPOS="2512" WIDTH="22" HEIGHT="0" />
            <String CONTENT="the" ID="Word_4602" HPOS="1445" VPOS="2505" WIDTH="62" HEIGHT="35" />
          </TextLine>
          <TextLine ID="TextLine_639" HPOS="136" VPOS="2568" WIDTH="1372" HEIGHT="48">
            <String CONTENT="Prince" ID="Word_4603" HPOS="136" VPOS="2569" WIDTH="132" HEIGHT="36" />
            <SP ID="SP_3967" HPOS="269" VPOS="2582" WIDTH="17" HEIGHT="0" />
            <String CONTENT="sent" ID="Word_4604" HPOS="287" VPOS="2574" WIDTH="81" HEIGHT="31" />
            <SP ID="SP_3968" HPOS="369" VPOS="2568" WIDTH="18" HEIGHT="0" />
            <String CONTENT="BulFon" ID="Word_4605" HPOS="388" VPOS="2568" WIDTH="136" HEIGHT="36" />
            <SP ID="SP_3969" HPOS="525" VPOS="2582" WIDTH="29" HEIGHT="0" />
            <String CONTENT="a" ID="Word_4606" HPOS="555" VPOS="2582" WIDTH="21" HEIGHT="22" />
            <SP ID="SP_3970" HPOS="577" VPOS="2582" WIDTH="25" HEIGHT="0" />
            <String CONTENT="service" ID="Word_4607" HPOS="603" VPOS="2570" WIDTH="136" HEIGHT="35" />
            <SP ID="SP_3971" HPOS="740" VPOS="2581" WIDTH="30" HEIGHT="0" />
            <String CONTENT="of" ID="Word_4608" HPOS="771" VPOS="2570" WIDTH="41" HEIGHT="35" />
            <SP ID="SP_3972" HPOS="813" VPOS="2570" WIDTH="24" HEIGHT="0" />
            <String CONTENT="porcelain," ID="Word_4609" HPOS="838" VPOS="2569" WIDTH="196" HEIGHT="47" />
            <SP ID="SP_3973" HPOS="1035" VPOS="2583" WIDTH="18" HEIGHT="0" />
            <String CONTENT="on" ID="Word_4610" HPOS="1054" VPOS="2582" WIDTH="47" HEIGHT="24" />
            <SP ID="SP_3974" HPOS="1102" VPOS="2582" WIDTH="27" HEIGHT="0" />
            <String CONTENT="which" ID="Word_4611" HPOS="1130" VPOS="2570" WIDTH="119" HEIGHT="36" />
            <SP ID="SP_3975" HPOS="1250" VPOS="2570" WIDTH="22" HEIGHT="0" />
            <String CONTENT="swans" ID="Word_4612" HPOS="1273" VPOS="2582" WIDTH="113" HEIGHT="24" />
            <SP ID="SP_3976" HPOS="1387" VPOS="2582" WIDTH="27" HEIGHT="0" />
            <String CONTENT="were" ID="Word_4613" HPOS="1415" VPOS="2582" WIDTH="93" HEIGHT="24" />
          </TextLine>
          <TextLine ID="TextLine_640" HPOS="133" VPOS="2633" WIDTH="1369" HEIGHT="49">
            <String CONTENT="represented" ID="Word_4614" HPOS="133" VPOS="2635" WIDTH="230" HEIGHT="42" />
            <SP ID="SP_3977" HPOS="364" VPOS="2635" WIDTH="17" HEIGHT="0" />
            <String CONTENT="in" ID="Word_4615" HPOS="382" VPOS="2636" WIDTH="39" HEIGHT="34" />
            <SP ID="SP_3978" HPOS="422" VPOS="2647" WIDTH="18" HEIGHT="0" />
            <String CONTENT="every" ID="Word_4616" HPOS="441" VPOS="2647" WIDTH="110" HEIGHT="34" />
            <SP ID="SP_3979" HPOS="552" VPOS="2647" WIDTH="17" HEIGHT="0" />
            <String CONTENT="attitude.—Encyclop." ID="Word_4617" HPOS="570" VPOS="2634" WIDTH="643" HEIGHT="47" />
            <SP ID="SP_3980" HPOS="1214" VPOS="2634" WIDTH="11" HEIGHT="0" />
            <String CONTENT="Art." ID="Word_4618" HPOS="1226" VPOS="2634" WIDTH="90" HEIGHT="38" />
            <SP ID="SP_3981" HPOS="1317" VPOS="2636" WIDTH="22" HEIGHT="0" />
            <String CONTENT="Buffon." ID="Word_4619" HPOS="1340" VPOS="2633" WIDTH="162" HEIGHT="49" />
          </TextLine>
        </TextBlock>
      </PrintSpace>
    </Page>
  </Layout>
</alto>
