1933 3217
1403 332 92 47 219

482 344 215 33 SYNOPSIS
720 343 52 32 OF
798 342 90 31 THE
913 342 227 31 SIMIAD^E.

283 489 34 35 p.
339 475 47 37 90
405 489 11 32 ;
446 488 77 24 xix.
543 488 32 34 p.
600 474 86 36 106.
734 473 116 37 Atele
871 473 130 44 chuva,
1024 473 135 35 Desm.
1179 470 169 37 Mamm.
1370 483 32 35 p.
1430 469 62 39 75.

285 540 301 38 Chuva,/7um5.
610 540 88 37 Obs.
717 539 155 37 Zool.'^.
895 538 89 37 354.
1025 537 137 37 Black:
1182 538 77 35 face
1272 538 226 35 surrounded

283 608 88 35 with
399 607 109 37 white
537 619 40 24 or
603 605 190 48 yellowish
811 617 12 32 ;
851 606 118 34 breast
996 604 71 35 and
1087 603 133 35 insides
1241 603 41 35 of
1304 602 63 36 the
1386 602 111 36 limbs

282 673 278 48 grayish-white.
632 671 167 36 Inhabits
828 671 169 47 province
1024 670 41 35 of
1087 668 110 45 Jaen,
1224 668 117 36 banks
1368 669 42 36 of
1434 669 63 36 the

283 740 111 35 rivers
412 737 168 38 Santiago
599 739 69 33 and
685 736 195 36 Amazons.

232 805 36 36 6.
308 804 50 36 A.
396 816 286 32 ARACHNoiDES,
721 801 130 38 Spider
888 799 367 51 Monkey.—Geoff.
1291 800 112 36 Ann.
1443 802 54 33 du

282 871 112 36 Mus.
411 872 76 34 xiii.
506 883 34 34 p.
562 869 48 36 90
626 883 12 31 •,
657 870 76 35 xix.
754 881 34 35 p.
810 867 86 37 109.
940 866 114 38 Simia
1073 869 247 43 arachnoides,
1339 866 151 36 Humb.

285 936 87 37 Obs.
394 936 107 36 Zool.
530 948 35 35 p.
604 935 88 37 354.
766 933 117 38 Atele
914 933 229 45 arachnoide,
1167 934 134 35 Desm.
1325 933 168 36 Mamm.

280 1015 34 34 p.
339 1002 62 38 75.
461 1001 305 48 Grayish-yellow
780 1014 12 33 ;
831 1001 60 35 fur
909 1012 89 36 very
1020 1001 98 44 soft;
1157 1000 183 35 eyebrows
1368 999 120 36 black.

284 1068 166 36 Inhabits
470 1067 130 36 Brasil.

230 1132 35 40 7.
289 1132 49 37 A.
360 1145 270 32 MELANocHiR,
655 1131 295 37 Black-Handcd
979 1130 126 38 Coaita
1177 1130 115 37 Atele
1321 1131 165 35 mclono-

284 1199 131 45 chiere,
437 1200 134 35 Desm.
601 1198 167 36 Mamm.
797 1210 34 35 p.
863 1195 62 41 76.
986 1196 100 49 Gray
1103 1210 12 32 *,
1134 1210 113 35 upper
1274 1203 80 41 part
1374 1198 40 35 of
1430 1197 62 35 the

281 1266 107 44 head,
404 1266 127 44 hands,
550 1265 70 35 and
632 1277 46 23 an
691 1265 145 35 oblique
849 1269 79 31 spot
946 1276 97 23 upon
1064 1263 62 36 the
1145 1265 127 43 knees,
1295 1263 197 36 brownish-

281 1330 118 36 black.
454 1330 136 37 Native
609 1336 153 41 country
781 1330 199 36 unknown.

314 1393 179 30 Described
515 1394 42 37 by
580 1393 203 35 Desmarest,
810 1391 85 31 from
917 1401 21 21 a
958 1392 167 30 specimen
1138 1393 34 29 in
1187 1392 56 30 the
1260 1392 183 30 Collection
1457 1395 35 27 at

350 1444 102 30 Paris.

387 1535 137 38 Genus
542 1535 104 37 XIX
720 1535 233 48 Lagothrix^
973 1535 246 38 Humboldt.

178 1614 106 37 Head
302 1616 117 35 round
436 1628 11 32 •,
472 1616 104 35 facial
595 1628 107 35 angle
720 1621 111 31 about
850 1614 76 37 50°
944 1629 12 32 ;
995 1616 116 36 hands
1135 1616 88 36 with
1242 1616 71 36 five
1331 1616 129 47 fingers
1477 1630 11 31 ;

128 1681 68 36 tail
204 1693 160 36 strongly
381 1682 216 47 prehensile,
619 1682 120 36 naked
758 1682 71 35 and
847 1682 138 36 callous
1004 1695 47 23 on
1069 1688 63 30 the
1152 1695 116 23 under
1282 1683 74 35 side
1377 1683 40 35 of
1426 1683 61 35 the

124 1753 196 42 extremity
334 1760 12 33 ;
373 1761 38 23 os
428 1748 148 47 hyoides
603 1748 151 47 slightly
771 1754 171 41 apparent
962 1761 47 23 on
1028 1754 63 30 the
1111 1749 152 36 outside.

231 1811 33 37 1.
286 1812 44 37 L.
345 1826 265 33 HUMBOLDTii,
624 1814 62 36 the
696 1813 161 48 Capparo
926 1813 115 38 Simia
1054 1814 211 47 lagotricha,
1284 1813 37 37 le
1337 1827 150 34 capparo

279 1879 49 35 du
358 1878 73 37 Rio
463 1879 194 45 Guaviare,
690 1879 149 36 Humb.
863 1879 89 37 Obs.
987 1880 107 35 Zool.
1114 1880 25 35 i.
1173 1892 57 34 pp.
1271 1879 89 46 322,
1392 1880 89 36 354.

280 1943 197 37 Lagothrix
495 1944 247 46 Humboldtii,
767 1944 121 48 Geoff.
908 1944 110 37 Ann.
1040 1945 53 35 du
1105 1945 114 35 Mus.
1239 1957 77 24 xix.
1340 1958 33 35 p.
1399 1944 72 39 107

279 2009 213 47 Lagotriche
523 2023 162 34 capparo,
715 2012 136 35 Desm.
890 2010 167 36 Mamm.
1092 2023 34 35 p.
1167 2007 60 42 76.
1313 2010 170 49 Grayish-

278 2076 107 35 black
399 2089 12 31 ;
448 2076 79 35 hair
566 2076 86 47 long
691 2078 71 34 and
803 2083 80 30 soft.
962 2076 166 37 Inhabits
1172 2078 115 35 banks
1340 2078 41 35 of
1421 2078 63 35 the

280 2140 191 37 Guaviare.

226 2207 37 35 2.
299 2206 43 37 L.
367 2220 137 32 CANus,
524 2207 99 48 Gray
642 2208 199 36 Lagothrix
912 2207 122 48 Geoff.
1054 2208 110 36 Ann.
1196 2209 54 35 du
1265 2208 113 37 Mus.
1405 2211 76 34 xix.

277 2284 34 35 p.
336 2271 84 40 107.
452 2273 211 37 Lagotriche
681 2276 131 46 grison,
829 2275 133 36 Z)es7n.
979 2275 166 35 Afawjw.
1158 2287 34 36 p.
1214 2272 62 42 77.
1310 2274 171 49 Grayish-

279 2337 95 37 olive
391 2352 12 31 ;
429 2338 106 46 head,
556 2340 127 45 hands,
710 2342 72 35 and
809 2342 77 44 tail,
901 2341 247 48 reddish-gray
1165 2354 12 33 •,
1204 2341 64 37 the
1295 2341 79 36 hair
1394 2353 87 35 very

280 2404 110 37 short.
434 2405 164 37 Inhabits
619 2405 129 38 Brasil.

452 2511 137 37 Genus
612 2511 80 37 XX
769 2513 140 45 Cebus.,
930 2513 234 37 Xerleben.

173 2589 80 37 The
284 2590 93 36 head
412 2603 142 32 round;
596 2605 140 23 muzzle
761 2592 127 44 short;
914 2593 105 36 facial
1047 2606 105 35 angle
1180 2599 111 31 about
1310 2593 69 37 60°
1402 2607 12 32 ;
1442 2607 37 23 os

119 2656 147 46 hyoides
284 2656 135 46 small;
444 2656 127 47 hands,
593 2658 87 37 with
699 2671 21 23 a
737 2658 221 48 lengthened
976 2660 240 37 well-formed
1239 2660 129 37 thumb
1384 2673 12 34 ;
1415 2660 64 37 tail
