2107 3450
326 323 139 35 rjNION
499 324 53 30 OF
584 322 160 31 WOKPS
777 321 121 31 WITH
931 321 136 30 TIIEIU
1103 321 241 31 MKANINGS.

1593 309 84 42 239

13 455 107 38 that,
164 449 44 41 in
254 446 203 55 ordinary
501 457 353 29 circumstances,
899 441 74 42 the
1017 440 346 57 graphic-motor
1404 439 163 46 images
1604 453 73 29 are

12 518 165 44 formed
208 517 45 41 in
284 528 260 29 accordance
581 517 118 37 with,
722 511 85 42 and
841 514 46 38 at
921 510 73 42 the
1028 509 218 57 guidance
1278 509 55 50 of,
1370 508 76 43 the
1477 509 199 55 graphic-

10 590 141 44 visual
170 590 174 41 images.
407 586 45 42 It
472 584 168 42 follows
659 588 98 38 that
781 583 73 42 the
879 580 275 45 destruction
1178 581 47 41 of
1244 580 75 43 the
1343 580 146 42 visual
1512 580 165 43 images

11 664 66 55 (in
101 657 389 47 word-blindness)
514 656 90 42 will
629 656 183 42 damage
835 654 76 43 the
938 668 148 42 power
1109 653 45 42 of
1182 652 187 56 writing.
1434 652 45 42 It
1501 652 37 43 is
1562 666 46 29 so
1632 653 44 41 in

13 740 114 37 most
158 746 145 38 cases;
334 731 92 41 but,
459 730 46 41 in
539 743 121 28 some
692 732 196 52 patients
921 725 258 58 previously
1211 724 133 43 much
1378 725 220 56 practised
1632 725 45 41 in

13 806 185 52 writing,
237 800 368 44 word-blindness
646 799 102 42 does
788 803 78 38 not
905 797 251 44 materially
1195 796 208 43 interfere
1451 803 107 34 with
1604 795 75 43 the

10 892 145 42 power
197 876 47 42 of
289 879 203 50 writing;
540 872 74 42 the
652 871 348 57 graphic-motor
1043 871 166 55 images
1252 869 177 56 having,
1473 869 58 56 by
1576 869 104 55 long

12 949 192 58 practice
228 949 46 41 of
294 946 186 56 writing,
505 946 178 42 become
707 959 46 28 so
778 944 199 56 strongly
1007 942 243 57 imprinted
1283 956 46 28 as
1363 956 55 28 no
1450 941 151 57 longer
1635 947 43 37 to

9 1036 173 29 require
220 1020 75 42 the
334 1018 216 57 guidance
591 1017 46 42 of
673 1017 74 42 the
784 1016 145 43 visual
964 1016 176 56 images.
1206 1016 54 41 In
1297 1014 107 43 such
1444 1028 119 29 cases
1603 1013 76 44 the

11 1094 171 57 patient
207 1107 100 28 may
330 1096 125 38 write
489 1090 112 51 well,
626 1089 179 57 though,
831 1089 130 56 being
985 1087 280 52 word-blind,
1298 1087 55 43 he
1389 1087 91 41 will
1515 1091 78 37 not
1627 1087 52 41 be

13 1167 97 43 able
133 1170 43 39 to
199 1165 103 44 read
325 1164 74 43 the
425 1162 141 43 words
589 1162 55 43 he
668 1161 80 43 has
766 1161 95 56 just
883 1160 239 57 written.]1

392 1341 142 43 Union
557 1341 50 42 of
633 1340 151 42 Words
805 1340 104 41 with
933 1339 111 42 their
1066 1338 240 55 Meanings.

75 1462 145 43 Using
243 1461 73 43 the
339 1461 97 42 idea
469 1461 84 42 and
589 1461 74 42 the
696 1474 129 28 name
850 1460 44 41 of
917 1474 55 27 an
1005 1459 130 56 apple
1169 1473 46 27 as
1249 1458 238 56 examples,
1512 1458 23 41 I
1568 1458 113 41 have

14 1534 176 42 already
213 1534 192 42 directed
430 1533 72 43 the
529 1533 185 42 reader's
746 1532 223 42 attention
1002 1537 44 36 to
1081 1531 75 42 the
1189 1531 321 42 simultaneous
1543 1530 140 56 rising

14 1621 58 26 up
97 1606 44 41 in
167 1605 73 42 the
263 1605 123 41 mind
410 1605 47 42 of
476 1610 85 37 two
585 1604 365 57 percepts—that
972 1603 47 43 of
1040 1603 74 42 the
1137 1603 145 55 object
1304 1602 87 43 and
1414 1602 99 43 that
1546 1602 48 43 of
1622 1602 59 42 its

14 1675 300 43 name;—and
338 1676 110 43 have
472 1676 153 42 shown
649 1676 106 42 each
775 1675 46 42 of
837 1675 120 42 them
977 1679 44 38 to
1039 1674 54 43 be
1112 1674 272 43 constituted
1403 1674 47 41 in
1469 1689 25 27 a
1513 1672 171 44 similar

14 1763 96 41 way
146 1748 58 42 by
239 1748 75 42 the
349 1748 169 42 revival
552 1748 88 42 and.
674 1747 213 44 blending
923 1747 48 42 of
1001 1747 175 56 images.
1241 1746 126 43 Now,
1401 1745 100 43 how
1536 1746 37 42 is
1608 1745 76 43 the

12 1821 299 55 idea-percept
334 1834 46 28 or
401 1820 209 43 meaning
635 1820 213 42 attached
871 1825 44 37 to
939 1820 58 42 its
1021 1819 152 43 verbal
1196 1819 172 56 symbol
1388 1821 15 41 ?
1467 1819 119 43 Does
1611 1818 74 43 the

14 1893 216 56 meaning,
269 1907 46 27 as
352 1892 38 42 is
430 1892 104 43 held
572 1893 60 56 by
671 1907 133 37 some,
840 1891 166 44 always
1041 1892 148 43 attach
1224 1891 123 43 itself
1380 1892 47 42 in
1462 1906 25 28 a
1522 1892 164 56 special

15 1980 183 27 manner
220 1970 45 37 to
290 1965 73 42 the
391 1965 206 56 auditory
632 1965 299 55 word-image,
965 1964 88 42 and
1086 1964 115 43 filter
1233 1964 160 43 thence
1427 1964 131 43 down
1591 1964 95 42 into

17 2037 74 42 the
113 2036 124 43 other
260 2037 303 57 word-images
583 2040 15 40 ?
661 2038 139 41 There
824 2037 37 42 is
885 2051 24 27 a
930 2036 112 57 good
1065 2036 98 43 deal
1186 2041 44 37 to
1254 2037 53 42 be
1331 2037 95 42 said
1454 2037 46 41 in
1529 2037 158 42 favour

18 2109 44 42 of
94 2109 89 42 this
207 2109 123 42 view,
361 2109 229 42 inasmuch
617 2123 46 29 as
686 2109 36 42 it
745 2110 36 41 is
807 2109 135 42 found
967 2109 98 42 that
1089 2109 342 43 word-deafness
1456 2109 229 57 (oblitera-

18 2181 94 42 tion
136 2181 44 41 of
202 2180 73 43 the
298 2181 204 56 auditory
526 2181 325 43 word-images)
875 2185 78 39 not
977 2182 105 56 only
1106 2196 97 28 cuts
1227 2182 64 42 off
1318 2182 76 42 the
1421 2181 126 43 mind
1571 2182 114 42 from

18 2253 224 55 incoming
263 2252 175 43 audible
461 2253 170 56 speech,
655 2253 81 42 but
757 2252 91 43 also
873 2253 151 43 makes
1047 2254 37 41 it
1106 2253 188 43 difficult
1316 2255 67 41 for
1414 2254 193 57 thought
1639 2258 45 39 to

18 2325 91 42 find
132 2325 250 56 expression
406 2325 43 42 in
474 2326 231 56 out-going
730 2326 148 42 words.
944 2326 92 42 The
1060 2326 202 56 Primary
1287 2326 181 57 Couple,
1500 2328 47 41 in
1575 2327 109 43 such

17 2411 130 29 cases,
171 2397 76 43 has
271 2397 110 43 been
404 2398 233 43 mutilated
660 2399 58 55 by
741 2398 274 42 destruction
1037 2398 48 42 of
1113 2398 59 43 its
1206 2399 144 43 better
1372 2399 118 54 half;
1513 2400 101 42 and,
1635 2400 49 42 in

18 2485 118 29 some
163 2470 45 43 of
241 2470 131 53 them,
401 2471 74 43 the
505 2471 139 43 words
671 2471 206 57 supplied
909 2472 60 56 by
1004 2471 73 43 the
1111 2472 228 56 unguided
1371 2478 317 38 motor-centre

18 2557 70 28 are
111 2543 131 55 given
264 2548 46 37 at
333 2543 197 58 random;
554 2544 87 42 and
664 2558 102 29 may
789 2543 79 44 fail
896 2549 45 37 to
975 2558 177 43 express
1189 2544 73 43 the
1296 2545 191 56 thought
1521 2546 97 43 that
1651 2547 37 42 is

18 2614 178 58 seeking
220 2621 234 38 utterance.
521 2616 53 42 In
599 2622 114 38 most
739 2616 47 43 of
816 2617 122 43 these
972 2632 132 39 cases,
1138 2617 215 45 however,
1386 2619 303 43 considerable

20 2702 144 41 power
186 2689 47 41 of
263 2690 253 55 expression
546 2690 216 43 remains;
792 2690 82 42 and
911 2690 47 42 in
991 2704 121 29 some
1146 2690 74 44 the
1253 2705 150 43 power
1435 2692 45 42 of
1513 2707 176 29 expres-

21 2760 94 42 sion
138 2775 138 28 seems
304 2766 44 37 to
382 2762 52 42 be
466 2763 81 42 but
579 2762 118 43 little
731 2762 196 43 affected.
993 2763 70 42 No
1098 2763 140 43 doubt
1270 2764 123 43 these
1428 2765 260 43 differences

22 2844 69 28 are
116 2836 42 37 to
182 2832 51 42 be
256 2833 246 56 explained,
525 2849 46 29 as
605 2835 190 43 Charcot
828 2835 78 43 has
940 2835 237 57 explained
1210 2837 136 52 them,
1380 2838 60 56 by
1473 2839 216 56 referring

22 2901 120 43 them
165 2907 43 38 to
231 2903 74 44 the
328 2906 184 57 varying
535 2907 312 57 development
865 2908 86 43 and
971 2909 283 56 prominence
1274 2911 48 41 of
1341 2910 76 43 the
1436 2910 252 43 individual

73 3017 9 22 1
111 3017 120 36 There
252 3019 41 46 is,
312 3019 182 48 however,
513 3022 157 37 another
695 3023 242 48 explanation
963 3024 40 36 of
1027 3023 64 37 the
1119 3024 75 37 fact
1220 3025 84 37 that
1330 3038 102 25 some
1459 3025 232 39 word-blind

24 3078 160 48 patients
203 3092 65 24 can
290 3082 102 36 write
410 3083 74 36 and
504 3083 124 38 others
647 3089 147 33 cannot.
848 3086 78 36 But
943 3097 40 25 as
1003 3085 77 37 this
1099 3086 244 48 explanation
1361 3087 32 37 is
1411 3100 86 25 new
1513 3089 76 36 and
1608 3090 81 35 still

22 3139 63 35 sub
102 3139 133 47 judice,
256 3141 18 37 I
301 3154 143 26 reserve
471 3144 49 37 its
546 3145 274 37 consideration
848 3146 103 37 until
979 3147 18 35 I
1030 3147 88 36 take
1149 3159 53 36 up
1229 3147 65 38 the
1320 3146 145 41 subject
1494 3150 40 36 of
1558 3150 130 37 Word-

25 3199 200 39 blindness.
