<?xml version="1.0" encoding="UTF-8"?>
<alto xmlns="http://www.loc.gov/standards/alto/ns-v2#" xmlns:xsi="http://www.w3.org/2001/XMLSchema-instance" xsi:schemaLocation="http://www.loc.gov/standards/alto/ns-v2# http://www.loc.gov/standards/alto/alto-v2.0.xsd">
  <Description>
    <MeasurementUnit>pixel</MeasurementUnit>
    <sourceImageInformation>
      <fileName>b18035723_0021.xml</fileName>
    </sourceImageInformation>
    <OCRProcessing ID="OCR_1">
      <preProcessingStep>
        <processingDateTime>2013-03-13T03:37:30</processingDateTime>
        <processingAgency>intranda GmbH, www.intranda.com</processingAgency>
        <processingSoftware>
          <softwareCreator>intranda GmbH, Germany</softwareCreator>
          <softwareName>intranda OCR Module for TaskManager</softwareName>
          <softwareVersion>1.0r42</softwareVersion>
        </processingSoftware>
      </preProcessingStep>
      <ocrProcessingStep>
        <processingSoftware>
          <softwareCreator>ABBYY (BIT Software), Russia</softwareCreator>
          <softwareName>FineReader Engine</softwareName>
          <softwareVersion>10</softwareVersion>
        </processingSoftware>
      </ocrProcessingStep>
    </OCRProcessing>
  </Description>
  <Layout>
    <Page ID="Page_21" HEIGHT="3383" WIDTH="2426" PHYSICAL_IMG_NR="21">
      <PrintSpace ID="PrintSpace_266" HPOS="162" VPOS="197" HEIGHT="3120" WIDTH="2225">
        <TextBlock ID="TextBlock_104" HPOS="162" VPOS="197" HEIGHT="2987" WIDTH="2225">
          <TextLine ID="TextLine_631" HPOS="243" VPOS="203" HEIGHT="59" WIDTH="2067">
            <String ID="Word_5282" CONTENT="„All" HPOS="243" VPOS="203" HEIGHT="59" WIDTH="124" />
            <String ID="Word_5283" CONTENT="es" HPOS="375" VPOS="226" HEIGHT="31" WIDTH="53" />
            <String ID="Word_5284" CONTENT="Leben" HPOS="461" VPOS="206" HEIGHT="50" WIDTH="186" />
            <String ID="Word_5285" CONTENT="stammt" HPOS="679" VPOS="218" HEIGHT="39" WIDTH="221" />
            <String ID="Word_5286" CONTENT="aus" HPOS="933" VPOS="228" HEIGHT="30" WIDTH="94" />
            <String ID="Word_5287" CONTENT="dem" HPOS="1063" VPOS="207" HEIGHT="50" WIDTH="121" />
            <String ID="Word_5288" CONTENT="Ei&quot;" HPOS="1216" VPOS="208" HEIGHT="49" WIDTH="96" />
            <String ID="Word_5289" CONTENT="—" HPOS="1343" VPOS="238" HEIGHT="5" WIDTH="71" />
            <String ID="Word_5290" CONTENT="so" HPOS="1445" VPOS="228" HEIGHT="31" WIDTH="56" />
            <String ID="Word_5291" CONTENT="hatte" HPOS="1536" VPOS="207" HEIGHT="51" WIDTH="152" />
            <String ID="Word_5292" CONTENT="schon" HPOS="1722" VPOS="207" HEIGHT="52" WIDTH="160" />
            <String ID="Word_5293" CONTENT="vor" HPOS="1915" VPOS="228" HEIGHT="29" WIDTH="98" />
            <String ID="Word_5294" CONTENT="mehr" HPOS="2046" VPOS="207" HEIGHT="52" WIDTH="156" />
            <String ID="Word_5295" CONTENT="als" HPOS="2236" VPOS="206" HEIGHT="52" WIDTH="74" />
          </TextLine>
          <TextLine ID="TextLine_632" HPOS="172" VPOS="282" HEIGHT="69" WIDTH="2140">
            <String ID="Word_5296" CONTENT="dreihundert" HPOS="172" VPOS="282" HEIGHT="53" WIDTH="366" />
            <String ID="Word_5297" CONTENT="Jahren" HPOS="583" VPOS="285" HEIGHT="54" WIDTH="204" />
            <String ID="Word_5298" CONTENT="der" HPOS="834" VPOS="286" HEIGHT="49" WIDTH="97" />
            <String ID="Word_5299" CONTENT="große" HPOS="977" VPOS="287" HEIGHT="64" WIDTH="166" />
            <String ID="Word_5300" CONTENT="englische" HPOS="1189" VPOS="287" HEIGHT="63" WIDTH="267" />
            <String ID="Word_5301" CONTENT="Forscher" HPOS="1501" VPOS="286" HEIGHT="50" WIDTH="262" />
            <String ID="Word_5302" CONTENT="William" HPOS="1806" VPOS="286" HEIGHT="50" WIDTH="242" />
            <String ID="Word_5303" CONTENT="Harvey" HPOS="2093" VPOS="287" HEIGHT="62" WIDTH="219" />
          </TextLine>
          <TextLine ID="TextLine_633" HPOS="172" VPOS="364" HEIGHT="63" WIDTH="2140">
            <String ID="Word_5304" CONTENT="gesagt," HPOS="172" VPOS="375" HEIGHT="51" WIDTH="204" />
            <String ID="Word_5305" CONTENT="derselbe" HPOS="407" VPOS="364" HEIGHT="50" WIDTH="249" />
            <String ID="Word_5306" CONTENT="Harvey," HPOS="686" VPOS="366" HEIGHT="61" WIDTH="238" />
            <String ID="Word_5307" CONTENT="der" HPOS="955" VPOS="365" HEIGHT="49" WIDTH="95" />
            <String ID="Word_5308" CONTENT="auch" HPOS="1082" VPOS="364" HEIGHT="50" WIDTH="129" />
            <String ID="Word_5309" CONTENT="als" HPOS="1243" VPOS="366" HEIGHT="49" WIDTH="74" />
            <String ID="Word_5310" CONTENT="erster" HPOS="1348" VPOS="377" HEIGHT="38" WIDTH="175" />
            <String ID="Word_5311" CONTENT="den" HPOS="1555" VPOS="365" HEIGHT="49" WIDTH="102" />
            <String ID="Word_5312" CONTENT="Blutkreislauf" HPOS="1687" VPOS="364" HEIGHT="50" WIDTH="404" />
            <String ID="Word_5313" CONTENT="richtig" HPOS="2122" VPOS="365" HEIGHT="62" WIDTH="190" />
          </TextLine>
          <TextLine ID="TextLine_634" HPOS="171" VPOS="441" HEIGHT="65" WIDTH="2140">
            <String ID="Word_5314" CONTENT="erkannt" HPOS="171" VPOS="441" HEIGHT="51" WIDTH="237" />
            <String ID="Word_5315" CONTENT="und" HPOS="452" VPOS="443" HEIGHT="49" WIDTH="112" />
            <String ID="Word_5316" CONTENT="das" HPOS="608" VPOS="443" HEIGHT="50" WIDTH="92" />
            <String ID="Word_5317" CONTENT="Herz" HPOS="744" VPOS="444" HEIGHT="49" WIDTH="145" />
            <String ID="Word_5318" CONTENT="als" HPOS="935" VPOS="444" HEIGHT="50" WIDTH="74" />
            <String ID="Word_5319" CONTENT="den" HPOS="1055" VPOS="443" HEIGHT="50" WIDTH="103" />
            <String ID="Word_5320" CONTENT="Pumpenmotor" HPOS="1201" VPOS="445" HEIGHT="61" WIDTH="435" />
            <String ID="Word_5321" CONTENT="des" HPOS="1682" VPOS="444" HEIGHT="51" WIDTH="91" />
            <String ID="Word_5322" CONTENT="Blutes" HPOS="1816" VPOS="443" HEIGHT="51" WIDTH="189" />
            <String ID="Word_5323" CONTENT="gedeutet" HPOS="2052" VPOS="443" HEIGHT="63" WIDTH="259" />
          </TextLine>
          <TextLine ID="TextLine_635" HPOS="171" VPOS="519" HEIGHT="65" WIDTH="2141">
            <String ID="Word_5324" CONTENT="hatte." HPOS="171" VPOS="519" HEIGHT="51" WIDTH="170" />
            <String ID="Word_5325" CONTENT="Aber" HPOS="377" VPOS="520" HEIGHT="50" WIDTH="150" />
            <String ID="Word_5326" CONTENT="Leben," HPOS="560" VPOS="521" HEIGHT="60" WIDTH="203" />
            <String ID="Word_5327" CONTENT="das" HPOS="800" VPOS="522" HEIGHT="50" WIDTH="91" />
            <String ID="Word_5328" CONTENT="bewies" HPOS="925" VPOS="521" HEIGHT="51" WIDTH="199" />
            <String ID="Word_5329" CONTENT="das" HPOS="1162" VPOS="521" HEIGHT="52" WIDTH="91" />
            <String ID="Word_5330" CONTENT="Brutschrank-Experiment" HPOS="1289" VPOS="522" HEIGHT="62" WIDTH="759" />
            <String ID="Word_5331" CONTENT="unserer" HPOS="2082" VPOS="541" HEIGHT="30" WIDTH="230" />
          </TextLine>
          <TextLine ID="TextLine_636" HPOS="172" VPOS="596" HEIGHT="63" WIDTH="2138">
            <String ID="Word_5332" CONTENT="Freunde," HPOS="172" VPOS="596" HEIGHT="62" WIDTH="272" />
            <String ID="Word_5333" CONTENT="kann" HPOS="478" VPOS="598" HEIGHT="51" WIDTH="148" />
            <String ID="Word_5334" CONTENT="nur" HPOS="660" VPOS="619" HEIGHT="30" WIDTH="103" />
            <String ID="Word_5335" CONTENT="entstehen," HPOS="800" VPOS="600" HEIGHT="59" WIDTH="308" />
            <String ID="Word_5336" CONTENT="wenn" HPOS="1142" VPOS="619" HEIGHT="30" WIDTH="158" />
            <String ID="Word_5337" CONTENT="zu" HPOS="1334" VPOS="620" HEIGHT="29" WIDTH="66" />
            <String ID="Word_5338" CONTENT="der" HPOS="1437" VPOS="600" HEIGHT="50" WIDTH="95" />
            <String ID="Word_5339" CONTENT="mütterlichen" HPOS="1567" VPOS="599" HEIGHT="50" WIDTH="385" />
            <String ID="Word_5340" CONTENT="Eizelle" HPOS="1986" VPOS="600" HEIGHT="49" WIDTH="202" />
            <String ID="Word_5341" CONTENT="die" HPOS="2226" VPOS="599" HEIGHT="48" WIDTH="84" />
          </TextLine>
          <TextLine ID="TextLine_637" HPOS="172" VPOS="676" HEIGHT="64" WIDTH="2140">
            <String ID="Word_5342" CONTENT="männliche" HPOS="172" VPOS="676" HEIGHT="50" WIDTH="302" />
            <String ID="Word_5343" CONTENT="Samenzelle" HPOS="532" VPOS="677" HEIGHT="50" WIDTH="336" />
            <String ID="Word_5344" CONTENT="tritt." HPOS="924" VPOS="680" HEIGHT="47" WIDTH="140" />
            <String ID="Word_5345" CONTENT="Erst" HPOS="1120" VPOS="678" HEIGHT="49" WIDTH="126" />
            <String ID="Word_5346" CONTENT="mit" HPOS="1302" VPOS="680" HEIGHT="47" WIDTH="99" />
            <String ID="Word_5347" CONTENT="der" HPOS="1458" VPOS="678" HEIGHT="49" WIDTH="96" />
            <String ID="Word_5348" CONTENT="Verschmelzung" HPOS="1608" VPOS="677" HEIGHT="63" WIDTH="459" />
            <String ID="Word_5349" CONTENT="beider" HPOS="2120" VPOS="676" HEIGHT="51" WIDTH="192" />
          </TextLine>
          <TextLine ID="TextLine_638" HPOS="173" VPOS="753" HEIGHT="66" WIDTH="2138">
            <String ID="Word_5350" CONTENT="beginnt" HPOS="173" VPOS="753" HEIGHT="64" WIDTH="225" />
            <String ID="Word_5351" CONTENT="in" HPOS="445" VPOS="757" HEIGHT="46" WIDTH="56" />
            <String ID="Word_5352" CONTENT="der" HPOS="551" VPOS="755" HEIGHT="50" WIDTH="96" />
            <String ID="Word_5353" CONTENT="Eizelle" HPOS="693" VPOS="756" HEIGHT="49" WIDTH="202" />
            <String ID="Word_5354" CONTENT="jene" HPOS="944" VPOS="759" HEIGHT="59" WIDTH="125" />
            <String ID="Word_5355" CONTENT="geheimnisvolle" HPOS="1119" VPOS="755" HEIGHT="64" WIDTH="447" />
            <String ID="Word_5356" CONTENT="Umwandlung," HPOS="1614" VPOS="754" HEIGHT="64" WIDTH="418" />
            <String ID="Word_5357" CONTENT="die" HPOS="2083" VPOS="755" HEIGHT="49" WIDTH="84" />
            <String ID="Word_5358" CONTENT="aus" HPOS="2219" VPOS="773" HEIGHT="31" WIDTH="92" />
          </TextLine>
          <TextLine ID="TextLine_639" HPOS="173" VPOS="831" HEIGHT="64" WIDTH="2139">
            <String ID="Word_5359" CONTENT="dem" HPOS="173" VPOS="832" HEIGHT="50" WIDTH="123" />
            <String ID="Word_5360" CONTENT="Klümpchen" HPOS="328" VPOS="833" HEIGHT="62" WIDTH="343" />
            <String ID="Word_5361" CONTENT="Eiweiß" HPOS="705" VPOS="834" HEIGHT="49" WIDTH="205" />
            <String ID="Word_5362" CONTENT="der" HPOS="947" VPOS="834" HEIGHT="49" WIDTH="95" />
            <String ID="Word_5363" CONTENT="Zelle" HPOS="1077" VPOS="833" HEIGHT="50" WIDTH="145" />
            <String ID="Word_5364" CONTENT="einen" HPOS="1258" VPOS="836" HEIGHT="46" WIDTH="160" />
            <String ID="Word_5365" CONTENT="herrlichen" HPOS="1451" VPOS="833" HEIGHT="49" WIDTH="307" />
            <String ID="Word_5366" CONTENT="farbenprächtigen" HPOS="1792" VPOS="831" HEIGHT="64" WIDTH="520" />
          </TextLine>
          <TextLine ID="TextLine_640" HPOS="171" VPOS="909" HEIGHT="65" WIDTH="2139">
            <String ID="Word_5367" CONTENT="Vogel," HPOS="171" VPOS="909" HEIGHT="64" WIDTH="190" />
            <String ID="Word_5368" CONTENT="einen" HPOS="408" VPOS="913" HEIGHT="48" WIDTH="160" />
            <String ID="Word_5369" CONTENT="riesigen" HPOS="614" VPOS="913" HEIGHT="61" WIDTH="236" />
            <String ID="Word_5370" CONTENT="Wal," HPOS="895" VPOS="911" HEIGHT="59" WIDTH="136" />
            <String ID="Word_5371" CONTENT="einen" HPOS="1079" VPOS="914" HEIGHT="45" WIDTH="159" />
            <String ID="Word_5372" CONTENT="hundert" HPOS="1283" VPOS="910" HEIGHT="53" WIDTH="241" />
            <String ID="Word_5373" CONTENT="Meter" HPOS="1568" VPOS="910" HEIGHT="49" WIDTH="180" />
            <String ID="Word_5374" CONTENT="hohen" HPOS="1794" VPOS="909" HEIGHT="49" WIDTH="183" />
            <String ID="Word_5375" CONTENT="Mammut¬" HPOS="2021" VPOS="909" HEIGHT="50" WIDTH="289" />
          </TextLine>
          <TextLine ID="TextLine_641" HPOS="170" VPOS="983" HEIGHT="62" WIDTH="2141">
            <String ID="Word_5376" CONTENT="baum," HPOS="170" VPOS="985" HEIGHT="60" WIDTH="183" />
            <String ID="Word_5377" CONTENT="eine" HPOS="403" VPOS="990" HEIGHT="46" WIDTH="120" />
            <String ID="Word_5378" CONTENT="herrlich" HPOS="572" VPOS="986" HEIGHT="50" WIDTH="235" />
            <String ID="Word_5379" CONTENT="duftende" HPOS="856" VPOS="987" HEIGHT="49" WIDTH="269" />
            <String ID="Word_5380" CONTENT="Rose" HPOS="1174" VPOS="986" HEIGHT="50" WIDTH="140" />
            <String ID="Word_5381" CONTENT="werden" HPOS="1363" VPOS="986" HEIGHT="49" WIDTH="220" />
            <String ID="Word_5382" CONTENT="läßt." HPOS="1627" VPOS="986" HEIGHT="49" WIDTH="137" />
            <String ID="Word_5383" CONTENT="Samenzelle" HPOS="1812" VPOS="985" HEIGHT="49" WIDTH="338" />
            <String ID="Word_5384" CONTENT="und" HPOS="2197" VPOS="983" HEIGHT="51" WIDTH="114" />
          </TextLine>
          <TextLine ID="TextLine_642" HPOS="170" VPOS="1062" HEIGHT="65" WIDTH="2143">
            <String ID="Word_5385" CONTENT="Eizelle" HPOS="170" VPOS="1062" HEIGHT="52" WIDTH="205" />
            <String ID="Word_5386" CONTENT="—" HPOS="414" VPOS="1093" HEIGHT="5" WIDTH="72" />
            <String ID="Word_5387" CONTENT="beide" HPOS="523" VPOS="1064" HEIGHT="50" WIDTH="162" />
            <String ID="Word_5388" CONTENT="geben," HPOS="728" VPOS="1064" HEIGHT="63" WIDTH="190" />
            <String ID="Word_5389" CONTENT="so" HPOS="960" VPOS="1084" HEIGHT="30" WIDTH="55" />
            <String ID="Word_5390" CONTENT="lehrt" HPOS="1058" VPOS="1063" HEIGHT="49" WIDTH="145" />
            <String ID="Word_5391" CONTENT="die" HPOS="1245" VPOS="1063" HEIGHT="50" WIDTH="87" />
            <String ID="Word_5392" CONTENT="Erfahrung," HPOS="1372" VPOS="1063" HEIGHT="63" WIDTH="335" />
            <String ID="Word_5393" CONTENT="das" HPOS="1749" VPOS="1063" HEIGHT="49" WIDTH="94" />
            <String ID="Word_5394" CONTENT="Erbgefüge" HPOS="1884" VPOS="1062" HEIGHT="63" WIDTH="313" />
            <String ID="Word_5395" CONTENT="im" HPOS="2239" VPOS="1063" HEIGHT="46" WIDTH="74" />
          </TextLine>
          <TextLine ID="TextLine_643" HPOS="172" VPOS="1137" HEIGHT="68" WIDTH="2139">
            <String ID="Word_5396" CONTENT="gleichen" HPOS="172" VPOS="1142" HEIGHT="63" WIDTH="243" />
            <String ID="Word_5397" CONTENT="Umfange" HPOS="445" VPOS="1141" HEIGHT="64" WIDTH="274" />
            <String ID="Word_5398" CONTENT="weiter." HPOS="752" VPOS="1145" HEIGHT="46" WIDTH="205" />
            <String ID="Word_5399" CONTENT="Was" HPOS="988" VPOS="1141" HEIGHT="49" WIDTH="122" />
            <String ID="Word_5400" CONTENT="liegt" HPOS="1143" VPOS="1142" HEIGHT="62" WIDTH="133" />
            <String ID="Word_5401" CONTENT="näher" HPOS="1306" VPOS="1141" HEIGHT="48" WIDTH="173" />
            <String ID="Word_5402" CONTENT="als" HPOS="1510" VPOS="1140" HEIGHT="50" WIDTH="75" />
            <String ID="Word_5403" CONTENT="die" HPOS="1619" VPOS="1140" HEIGHT="49" WIDTH="87" />
            <String ID="Word_5404" CONTENT="Annahme," HPOS="1737" VPOS="1139" HEIGHT="58" WIDTH="308" />
            <String ID="Word_5405" CONTENT="daß" HPOS="2077" VPOS="1139" HEIGHT="48" WIDTH="105" />
            <String ID="Word_5406" CONTENT="das" HPOS="2215" VPOS="1137" HEIGHT="49" WIDTH="96" />
          </TextLine>
          <TextLine ID="TextLine_644" HPOS="170" VPOS="1213" HEIGHT="70" WIDTH="2141">
            <String ID="Word_5407" CONTENT="Erbgut" HPOS="170" VPOS="1219" HEIGHT="64" WIDTH="211" />
            <String ID="Word_5408" CONTENT="in" HPOS="413" VPOS="1222" HEIGHT="46" WIDTH="57" />
            <String ID="Word_5409" CONTENT="jenem" HPOS="501" VPOS="1222" HEIGHT="59" WIDTH="183" />
            <String ID="Word_5410" CONTENT="Teil" HPOS="716" VPOS="1220" HEIGHT="48" WIDTH="118" />
            <String ID="Word_5411" CONTENT="der" HPOS="869" VPOS="1220" HEIGHT="48" WIDTH="98" />
            <String ID="Word_5412" CONTENT="Zelle" HPOS="998" VPOS="1218" HEIGHT="50" WIDTH="147" />
            <String ID="Word_5413" CONTENT="steckt," HPOS="1178" VPOS="1218" HEIGHT="59" WIDTH="190" />
            <String ID="Word_5414" CONTENT="den" HPOS="1402" VPOS="1218" HEIGHT="49" WIDTH="106" />
            <String ID="Word_5415" CONTENT="sowohl" HPOS="1541" VPOS="1216" HEIGHT="50" WIDTH="207" />
            <String ID="Word_5416" CONTENT="die" HPOS="1783" VPOS="1217" HEIGHT="48" WIDTH="87" />
            <String ID="Word_5417" CONTENT="große" HPOS="1906" VPOS="1216" HEIGHT="62" WIDTH="167" />
            <String ID="Word_5418" CONTENT="Eizelle" HPOS="2104" VPOS="1213" HEIGHT="51" WIDTH="207" />
          </TextLine>
          <TextLine ID="TextLine_645" HPOS="171" VPOS="1292" HEIGHT="54" WIDTH="2140">
            <String ID="Word_5419" CONTENT="wie" HPOS="171" VPOS="1298" HEIGHT="48" WIDTH="100" />
            <String ID="Word_5420" CONTENT="die" HPOS="304" VPOS="1296" HEIGHT="50" WIDTH="87" />
            <String ID="Word_5421" CONTENT="kleine" HPOS="421" VPOS="1296" HEIGHT="50" WIDTH="185" />
            <String ID="Word_5422" CONTENT="Samenzelle" HPOS="640" VPOS="1296" HEIGHT="49" WIDTH="335" />
            <String ID="Word_5423" CONTENT="besitzt." HPOS="1005" VPOS="1295" HEIGHT="49" WIDTH="216" />
            <String ID="Word_5424" CONTENT="Das" HPOS="1251" VPOS="1296" HEIGHT="48" WIDTH="107" />
            <String ID="Word_5425" CONTENT="kann" HPOS="1389" VPOS="1295" HEIGHT="48" WIDTH="149" />
            <String ID="Word_5426" CONTENT="aber" HPOS="1569" VPOS="1293" HEIGHT="49" WIDTH="130" />
            <String ID="Word_5427" CONTENT="nichts" HPOS="1729" VPOS="1293" HEIGHT="48" WIDTH="171" />
            <String ID="Word_5428" CONTENT="anderes" HPOS="1935" VPOS="1292" HEIGHT="49" WIDTH="228" />
            <String ID="Word_5429" CONTENT="sein" HPOS="2196" VPOS="1292" HEIGHT="48" WIDTH="115" />
          </TextLine>
          <TextLine ID="TextLine_646" HPOS="174" VPOS="1367" HEIGHT="66" WIDTH="2138">
            <String ID="Word_5430" CONTENT="als" HPOS="174" VPOS="1373" HEIGHT="51" WIDTH="74" />
            <String ID="Word_5431" CONTENT="der" HPOS="299" VPOS="1374" HEIGHT="49" WIDTH="98" />
            <String ID="Word_5432" CONTENT="Zellkern." HPOS="443" VPOS="1373" HEIGHT="50" WIDTH="275" />
            <String ID="Word_5433" CONTENT="Er" HPOS="764" VPOS="1373" HEIGHT="49" WIDTH="73" />
            <String ID="Word_5434" CONTENT="ist" HPOS="884" VPOS="1376" HEIGHT="46" WIDTH="70" />
            <String ID="Word_5435" CONTENT="in" HPOS="998" VPOS="1375" HEIGHT="46" WIDTH="59" />
            <String ID="Word_5436" CONTENT="beiden" HPOS="1103" VPOS="1372" HEIGHT="49" WIDTH="202" />
            <String ID="Word_5437" CONTENT="Keimzellen" HPOS="1351" VPOS="1371" HEIGHT="49" WIDTH="345" />
            <String ID="Word_5438" CONTENT="gleich" HPOS="1746" VPOS="1369" HEIGHT="64" WIDTH="169" />
            <String ID="Word_5439" CONTENT="groß," HPOS="1966" VPOS="1368" HEIGHT="64" WIDTH="152" />
            <String ID="Word_5440" CONTENT="beim" HPOS="2165" VPOS="1367" HEIGHT="50" WIDTH="147" />
          </TextLine>
          <TextLine ID="TextLine_647" HPOS="170" VPOS="1442" HEIGHT="67" WIDTH="2141">
            <String ID="Word_5441" CONTENT="Menschen," HPOS="170" VPOS="1449" HEIGHT="59" WIDTH="310" />
            <String ID="Word_5442" CONTENT="dessen" HPOS="520" VPOS="1449" HEIGHT="51" WIDTH="193" />
            <String ID="Word_5443" CONTENT="Eizelle" HPOS="749" VPOS="1450" HEIGHT="49" WIDTH="204" />
            <String ID="Word_5444" CONTENT="zweihunderttausendmal" HPOS="994" VPOS="1446" HEIGHT="52" WIDTH="728" />
            <String ID="Word_5445" CONTENT="größer" HPOS="1763" VPOS="1445" HEIGHT="64" WIDTH="197" />
            <String ID="Word_5446" CONTENT="ist" HPOS="1998" VPOS="1447" HEIGHT="47" WIDTH="70" />
            <String ID="Word_5447" CONTENT="als" HPOS="2109" VPOS="1445" HEIGHT="49" WIDTH="74" />
            <String ID="Word_5448" CONTENT="die" HPOS="2223" VPOS="1442" HEIGHT="50" WIDTH="88" />
          </TextLine>
          <TextLine ID="TextLine_648" HPOS="173" VPOS="1518" HEIGHT="71" WIDTH="2136">
            <String ID="Word_5449" CONTENT="Samenzelle," HPOS="173" VPOS="1526" HEIGHT="60" WIDTH="357" />
            <String ID="Word_5450" CONTENT="ebenso" HPOS="565" VPOS="1526" HEIGHT="50" WIDTH="199" />
            <String ID="Word_5451" CONTENT="wie" HPOS="800" VPOS="1528" HEIGHT="47" WIDTH="99" />
            <String ID="Word_5452" CONTENT="beim" HPOS="933" VPOS="1525" HEIGHT="50" WIDTH="146" />
            <String ID="Word_5453" CONTENT="Vogel," HPOS="1112" VPOS="1525" HEIGHT="64" WIDTH="193" />
            <String ID="Word_5454" CONTENT="dessen" HPOS="1339" VPOS="1525" HEIGHT="49" WIDTH="193" />
            <String ID="Word_5455" CONTENT="Eizelle" HPOS="1564" VPOS="1523" HEIGHT="49" WIDTH="207" />
            <String ID="Word_5456" CONTENT="durch" HPOS="1808" VPOS="1520" HEIGHT="50" WIDTH="165" />
            <String ID="Word_5457" CONTENT="das" HPOS="2009" VPOS="1520" HEIGHT="50" WIDTH="94" />
            <String ID="Word_5458" CONTENT="Nähr¬" HPOS="2137" VPOS="1518" HEIGHT="49" WIDTH="172" />
          </TextLine>
          <TextLine ID="TextLine_649" HPOS="174" VPOS="1589" HEIGHT="72" WIDTH="2138">
            <String ID="Word_5459" CONTENT="dotter" HPOS="174" VPOS="1599" HEIGHT="49" WIDTH="186" />
            <String ID="Word_5460" CONTENT="noch" HPOS="383" VPOS="1599" HEIGHT="49" WIDTH="134" />
            <String ID="Word_5461" CONTENT="unendlich" HPOS="541" VPOS="1598" HEIGHT="50" WIDTH="293" />
            <String ID="Word_5462" CONTENT="größer" HPOS="860" VPOS="1598" HEIGHT="63" WIDTH="197" />
            <String ID="Word_5463" CONTENT="ist" HPOS="1080" VPOS="1600" HEIGHT="47" WIDTH="70" />
            <String ID="Word_5464" CONTENT="—" HPOS="1171" VPOS="1626" HEIGHT="5" WIDTH="72" />
            <String ID="Word_5465" CONTENT="der" HPOS="1265" VPOS="1597" HEIGHT="49" WIDTH="97" />
            <String ID="Word_5466" CONTENT="Kern" HPOS="1385" VPOS="1596" HEIGHT="49" WIDTH="152" />
            <String ID="Word_5467" CONTENT="im" HPOS="1562" VPOS="1597" HEIGHT="47" WIDTH="73" />
            <String ID="Word_5468" CONTENT="Vogelei" HPOS="1659" VPOS="1594" HEIGHT="64" WIDTH="235" />
            <String ID="Word_5469" CONTENT="ist" HPOS="1914" VPOS="1594" HEIGHT="48" WIDTH="70" />
            <String ID="Word_5470" CONTENT="auch" HPOS="2011" VPOS="1592" HEIGHT="49" WIDTH="129" />
            <String ID="Word_5471" CONTENT="nicht" HPOS="2166" VPOS="1589" HEIGHT="50" WIDTH="146" />
          </TextLine>
          <TextLine ID="TextLine_650" HPOS="172" VPOS="1665" HEIGHT="69" WIDTH="2002">
            <String ID="Word_5472" CONTENT="größer" HPOS="172" VPOS="1671" HEIGHT="63" WIDTH="199" />
            <String ID="Word_5473" CONTENT="als" HPOS="406" VPOS="1671" HEIGHT="49" WIDTH="75" />
            <String ID="Word_5474" CONTENT="der" HPOS="519" VPOS="1671" HEIGHT="49" WIDTH="98" />
            <String ID="Word_5475" CONTENT="Kern" HPOS="649" VPOS="1669" HEIGHT="50" WIDTH="152" />
            <String ID="Word_5476" CONTENT="des" HPOS="838" VPOS="1671" HEIGHT="48" WIDTH="91" />
            <String ID="Word_5477" CONTENT="mikroskopisch" HPOS="965" VPOS="1669" HEIGHT="63" WIDTH="436" />
            <String ID="Word_5478" CONTENT="kleinen" HPOS="1436" VPOS="1668" HEIGHT="49" WIDTH="223" />
            <String ID="Word_5479" CONTENT="Samenfädchens." HPOS="1696" VPOS="1665" HEIGHT="51" WIDTH="478" />
          </TextLine>
          <TextLine ID="TextLine_651" HPOS="240" VPOS="1734" HEIGHT="65" WIDTH="2071">
            <String ID="Word_5480" CONTENT="Di" HPOS="240" VPOS="1743" HEIGHT="48" WIDTH="68" />
            <String ID="Word_5481" CONTENT="eser" HPOS="317" VPOS="1762" HEIGHT="30" WIDTH="118" />
            <String ID="Word_5482" CONTENT="Zellkern" HPOS="465" VPOS="1742" HEIGHT="50" WIDTH="257" />
            <String ID="Word_5483" CONTENT="findet" HPOS="755" VPOS="1742" HEIGHT="49" WIDTH="172" />
            <String ID="Word_5484" CONTENT="sich" HPOS="960" VPOS="1741" HEIGHT="49" WIDTH="106" />
            <String ID="Word_5485" CONTENT="nicht" HPOS="1099" VPOS="1741" HEIGHT="49" WIDTH="145" />
            <String ID="Word_5486" CONTENT="nur" HPOS="1277" VPOS="1761" HEIGHT="29" WIDTH="103" />
            <String ID="Word_5487" CONTENT="in" HPOS="1410" VPOS="1744" HEIGHT="45" WIDTH="56" />
            <String ID="Word_5488" CONTENT="der" HPOS="1500" VPOS="1741" HEIGHT="49" WIDTH="96" />
            <String ID="Word_5489" CONTENT="Keimzelle," HPOS="1627" VPOS="1734" HEIGHT="65" WIDTH="323" />
            <String ID="Word_5490" CONTENT="sondern" HPOS="1983" VPOS="1739" HEIGHT="51" WIDTH="238" />
            <String ID="Word_5491" CONTENT="in" HPOS="2255" VPOS="1741" HEIGHT="46" WIDTH="56" />
          </TextLine>
          <TextLine ID="TextLine_652" HPOS="169" VPOS="1812" HEIGHT="65" WIDTH="2140">
            <String ID="Word_5492" CONTENT="jeder" HPOS="169" VPOS="1815" HEIGHT="61" WIDTH="158" />
            <String ID="Word_5493" CONTENT="Zelle" HPOS="351" VPOS="1815" HEIGHT="49" WIDTH="148" />
            <String ID="Word_5494" CONTENT="d" HPOS="526" VPOS="1815" HEIGHT="49" WIDTH="31" />
            <String ID="Word_5495" CONTENT="es" HPOS="566" VPOS="1835" HEIGHT="30" WIDTH="52" />
            <String ID="Word_5496" CONTENT="Körpers;" HPOS="643" VPOS="1814" HEIGHT="63" WIDTH="268" />
            <String ID="Word_5497" CONTENT="er" HPOS="941" VPOS="1834" HEIGHT="29" WIDTH="56" />
            <String ID="Word_5498" CONTENT="ist" HPOS="1018" VPOS="1817" HEIGHT="46" WIDTH="73" />
            <String ID="Word_5499" CONTENT="meist" HPOS="1116" VPOS="1816" HEIGHT="48" WIDTH="160" />
            <String ID="Word_5500" CONTENT="kugelig." HPOS="1300" VPOS="1814" HEIGHT="62" WIDTH="237" />
            <String ID="Word_5501" CONTENT="Ein" HPOS="1561" VPOS="1813" HEIGHT="49" WIDTH="103" />
            <String ID="Word_5502" CONTENT="feines" HPOS="1689" VPOS="1814" HEIGHT="48" WIDTH="176" />
            <String ID="Word_5503" CONTENT="Häutchen," HPOS="1891" VPOS="1812" HEIGHT="59" WIDTH="305" />
            <String ID="Word_5504" CONTENT="die" HPOS="2222" VPOS="1812" HEIGHT="49" WIDTH="87" />
          </TextLine>
          <TextLine ID="TextLine_653" HPOS="169" VPOS="1884" HEIGHT="62" WIDTH="2140">
            <String ID="Word_5505" CONTENT="Kernmembran," HPOS="169" VPOS="1886" HEIGHT="60" WIDTH="462" />
            <String ID="Word_5506" CONTENT="trennt" HPOS="666" VPOS="1899" HEIGHT="37" WIDTH="187" />
            <String ID="Word_5507" CONTENT="den" HPOS="889" VPOS="1887" HEIGHT="48" WIDTH="105" />
            <String ID="Word_5508" CONTENT="Kern" HPOS="1028" VPOS="1885" HEIGHT="50" WIDTH="152" />
            <String ID="Word_5509" CONTENT="vom" HPOS="1214" VPOS="1905" HEIGHT="31" WIDTH="125" />
            <String ID="Word_5510" CONTENT="Zelleiweiß." HPOS="1373" VPOS="1886" HEIGHT="49" WIDTH="333" />
            <String ID="Word_5511" CONTENT="Die" HPOS="1740" VPOS="1886" HEIGHT="49" WIDTH="102" />
            <String ID="Word_5512" CONTENT="Membran" HPOS="1876" VPOS="1884" HEIGHT="50" WIDTH="288" />
            <String ID="Word_5513" CONTENT="um¬" HPOS="2197" VPOS="1904" HEIGHT="30" WIDTH="112" />
          </TextLine>
          <TextLine ID="TextLine_654" HPOS="172" VPOS="1956" HEIGHT="66" WIDTH="2138">
            <String ID="Word_5514" CONTENT="schließt" HPOS="172" VPOS="1960" HEIGHT="49" WIDTH="228" />
            <String ID="Word_5515" CONTENT="eine" HPOS="434" VPOS="1962" HEIGHT="46" WIDTH="120" />
            <String ID="Word_5516" CONTENT="Kernflüssigkeit," HPOS="587" VPOS="1958" HEIGHT="64" WIDTH="482" />
            <String ID="Word_5517" CONTENT="und" HPOS="1101" VPOS="1958" HEIGHT="49" WIDTH="111" />
            <String ID="Word_5518" CONTENT="in" HPOS="1246" VPOS="1961" HEIGHT="45" WIDTH="57" />
            <String ID="Word_5519" CONTENT="dieser" HPOS="1336" VPOS="1958" HEIGHT="49" WIDTH="179" />
            <String ID="Word_5520" CONTENT="ist" HPOS="1546" VPOS="1960" HEIGHT="47" WIDTH="70" />
            <String ID="Word_5521" CONTENT="wiederum" HPOS="1648" VPOS="1958" HEIGHT="48" WIDTH="299" />
            <String ID="Word_5522" CONTENT="eine" HPOS="1982" VPOS="1959" HEIGHT="47" WIDTH="119" />
            <String ID="Word_5523" CONTENT="Masse" HPOS="2134" VPOS="1956" HEIGHT="49" WIDTH="176" />
          </TextLine>
          <TextLine ID="TextLine_655" HPOS="172" VPOS="2028" HEIGHT="66" WIDTH="2139">
            <String ID="Word_5524" CONTENT="erkennbar," HPOS="172" VPOS="2031" HEIGHT="59" WIDTH="330" />
            <String ID="Word_5525" CONTENT="die" HPOS="536" VPOS="2032" HEIGHT="49" WIDTH="86" />
            <String ID="Word_5526" CONTENT="sich" HPOS="655" VPOS="2031" HEIGHT="49" WIDTH="106" />
            <String ID="Word_5527" CONTENT="mit" HPOS="793" VPOS="2033" HEIGHT="46" WIDTH="100" />
            <String ID="Word_5528" CONTENT="geeigneten" HPOS="926" VPOS="2033" HEIGHT="61" WIDTH="322" />
            <String ID="Word_5529" CONTENT="Mitteln" HPOS="1281" VPOS="2030" HEIGHT="49" WIDTH="223" />
            <String ID="Word_5530" CONTENT="leicht" HPOS="1534" VPOS="2029" HEIGHT="49" WIDTH="162" />
            <String ID="Word_5531" CONTENT="und" HPOS="1727" VPOS="2029" HEIGHT="49" WIDTH="112" />
            <String ID="Word_5532" CONTENT="kräftig" HPOS="1871" VPOS="2028" HEIGHT="64" WIDTH="210" />
            <String ID="Word_5533" CONTENT="färben" HPOS="2114" VPOS="2028" HEIGHT="49" WIDTH="197" />
          </TextLine>
          <TextLine ID="TextLine_656" HPOS="171" VPOS="2098" HEIGHT="67" WIDTH="2141">
            <String ID="Word_5534" CONTENT="läßt" HPOS="171" VPOS="2104" HEIGHT="49" WIDTH="117" />
            <String ID="Word_5535" CONTENT="und" HPOS="314" VPOS="2104" HEIGHT="49" WIDTH="114" />
            <String ID="Word_5536" CONTENT="deshalb" HPOS="459" VPOS="2103" HEIGHT="49" WIDTH="225" />
            <String ID="Word_5537" CONTENT="Chromatin" HPOS="702" VPOS="2102" HEIGHT="50" WIDTH="323" />
            <String ID="Word_5538" CONTENT="genannt" HPOS="1056" VPOS="2114" HEIGHT="51" WIDTH="239" />
            <String ID="Word_5539" CONTENT="wird" HPOS="1309" VPOS="2101" HEIGHT="50" WIDTH="136" />
            <String ID="Word_5540" CONTENT="(vom" HPOS="1466" VPOS="2101" HEIGHT="63" WIDTH="149" />
            <String ID="Word_5541" CONTENT="griech." HPOS="1631" VPOS="2101" HEIGHT="62" WIDTH="193" />
            <String ID="Word_5542" CONTENT="chroma," HPOS="1841" VPOS="2100" HEIGHT="59" WIDTH="233" />
            <String ID="Word_5543" CONTENT="Farbe)." HPOS="2088" VPOS="2098" HEIGHT="63" WIDTH="224" />
          </TextLine>
          <TextLine ID="TextLine_657" HPOS="170" VPOS="2171" HEIGHT="67" WIDTH="2139">
            <String ID="Word_5544" CONTENT="Will" HPOS="170" VPOS="2176" HEIGHT="49" WIDTH="128" />
            <String ID="Word_5545" CONTENT="man" HPOS="322" VPOS="2195" HEIGHT="28" WIDTH="127" />
            <String ID="Word_5546" CONTENT="wissen," HPOS="473" VPOS="2178" HEIGHT="56" WIDTH="211" />
            <String ID="Word_5547" CONTENT="welche" HPOS="708" VPOS="2175" HEIGHT="49" WIDTH="196" />
            <String ID="Word_5548" CONTENT="eigenartige" HPOS="932" VPOS="2176" HEIGHT="62" WIDTH="335" />
            <String ID="Word_5549" CONTENT="Rolle" HPOS="1293" VPOS="2174" HEIGHT="49" WIDTH="157" />
            <String ID="Word_5550" CONTENT="der" HPOS="1478" VPOS="2173" HEIGHT="49" WIDTH="96" />
            <String ID="Word_5551" CONTENT="Kern" HPOS="1593" VPOS="2172" HEIGHT="50" WIDTH="157" />
            <String ID="Word_5552" CONTENT="und" HPOS="1773" VPOS="2171" HEIGHT="50" WIDTH="113" />
            <String ID="Word_5553" CONTENT="sein" HPOS="1912" VPOS="2174" HEIGHT="47" WIDTH="116" />
            <String ID="Word_5554" CONTENT="Chroma¬" HPOS="2053" VPOS="2171" HEIGHT="51" WIDTH="256" />
          </TextLine>
          <TextLine ID="TextLine_658" HPOS="172" VPOS="2242" HEIGHT="67" WIDTH="2136">
            <String ID="Word_5555" CONTENT="tin" HPOS="172" VPOS="2252" HEIGHT="45" WIDTH="81" />
            <String ID="Word_5556" CONTENT="im" HPOS="276" VPOS="2251" HEIGHT="46" WIDTH="74" />
            <String ID="Word_5557" CONTENT="Leben" HPOS="373" VPOS="2247" HEIGHT="49" WIDTH="184" />
            <String ID="Word_5558" CONTENT="der" HPOS="584" VPOS="2248" HEIGHT="48" WIDTH="97" />
            <String ID="Word_5559" CONTENT="Zelle" HPOS="694" VPOS="2247" HEIGHT="49" WIDTH="148" />
            <String ID="Word_5560" CONTENT="spielen," HPOS="868" VPOS="2246" HEIGHT="63" WIDTH="229" />
            <String ID="Word_5561" CONTENT="so" HPOS="1124" VPOS="2265" HEIGHT="30" WIDTH="55" />
            <String ID="Word_5562" CONTENT="muß" HPOS="1206" VPOS="2247" HEIGHT="48" WIDTH="128" />
            <String ID="Word_5563" CONTENT="man" HPOS="1361" VPOS="2266" HEIGHT="28" WIDTH="126" />
            <String ID="Word_5564" CONTENT="den" HPOS="1513" VPOS="2246" HEIGHT="49" WIDTH="105" />
            <String ID="Word_5565" CONTENT="Kern" HPOS="1642" VPOS="2244" HEIGHT="50" WIDTH="153" />
            <String ID="Word_5566" CONTENT="bei" HPOS="1818" VPOS="2244" HEIGHT="49" WIDTH="89" />
            <String ID="Word_5567" CONTENT="der" HPOS="1932" VPOS="2244" HEIGHT="49" WIDTH="99" />
            <String ID="Word_5568" CONTENT="„Arbeit&quot;" HPOS="2046" VPOS="2242" HEIGHT="59" WIDTH="262" />
          </TextLine>
          <TextLine ID="TextLine_659" HPOS="171" VPOS="2315" HEIGHT="66" WIDTH="2140">
            <String ID="Word_5569" CONTENT="beobachten." HPOS="171" VPOS="2319" HEIGHT="50" WIDTH="354" />
            <String ID="Word_5570" CONTENT="Das" HPOS="565" VPOS="2319" HEIGHT="50" WIDTH="109" />
            <String ID="Word_5571" CONTENT="ist" HPOS="714" VPOS="2322" HEIGHT="47" WIDTH="68" />
            <String ID="Word_5572" CONTENT="freilich" HPOS="821" VPOS="2319" HEIGHT="49" WIDTH="212" />
            <String ID="Word_5573" CONTENT="nicht" HPOS="1071" VPOS="2318" HEIGHT="49" WIDTH="144" />
            <String ID="Word_5574" CONTENT="ganz" HPOS="1255" VPOS="2337" HEIGHT="44" WIDTH="131" />
            <String ID="Word_5575" CONTENT="leicht," HPOS="1426" VPOS="2317" HEIGHT="58" WIDTH="177" />
            <String ID="Word_5576" CONTENT="denn" HPOS="1643" VPOS="2317" HEIGHT="48" WIDTH="143" />
            <String ID="Word_5577" CONTENT="Zelle" HPOS="1824" VPOS="2315" HEIGHT="49" WIDTH="146" />
            <String ID="Word_5578" CONTENT="und" HPOS="2009" VPOS="2315" HEIGHT="49" WIDTH="112" />
            <String ID="Word_5579" CONTENT="Kern" HPOS="2158" VPOS="2315" HEIGHT="48" WIDTH="153" />
          </TextLine>
          <TextLine ID="TextLine_660" HPOS="173" VPOS="2385" HEIGHT="69" WIDTH="2138">
            <String ID="Word_5580" CONTENT="sind" HPOS="173" VPOS="2392" HEIGHT="49" WIDTH="120" />
            <String ID="Word_5581" CONTENT="ja" HPOS="325" VPOS="2394" HEIGHT="59" WIDTH="52" />
            <String ID="Word_5582" CONTENT="nur" HPOS="411" VPOS="2411" HEIGHT="30" WIDTH="104" />
            <String ID="Word_5583" CONTENT="winzig" HPOS="547" VPOS="2393" HEIGHT="61" WIDTH="194" />
            <String ID="Word_5584" CONTENT="klein." HPOS="774" VPOS="2390" HEIGHT="50" WIDTH="165" />
            <String ID="Word_5585" CONTENT="Ein" HPOS="973" VPOS="2391" HEIGHT="48" WIDTH="102" />
            <String ID="Word_5586" CONTENT="Mikroskop" HPOS="1108" VPOS="2389" HEIGHT="63" WIDTH="327" />
            <String ID="Word_5587" CONTENT="muß" HPOS="1469" VPOS="2389" HEIGHT="49" WIDTH="128" />
            <String ID="Word_5588" CONTENT="her," HPOS="1632" VPOS="2388" HEIGHT="58" WIDTH="116" />
            <String ID="Word_5589" CONTENT="eine" HPOS="1783" VPOS="2390" HEIGHT="47" WIDTH="120" />
            <String ID="Word_5590" CONTENT="ganze" HPOS="1939" VPOS="2406" HEIGHT="44" WIDTH="165" />
            <String ID="Word_5591" CONTENT="Reihe" HPOS="2139" VPOS="2385" HEIGHT="51" WIDTH="172" />
          </TextLine>
          <TextLine ID="TextLine_661" HPOS="172" VPOS="2457" HEIGHT="65" WIDTH="2139">
            <String ID="Word_5592" CONTENT="von" HPOS="172" VPOS="2484" HEIGHT="29" WIDTH="106" />
            <String ID="Word_5593" CONTENT="Chemikalien" HPOS="330" VPOS="2463" HEIGHT="51" WIDTH="377" />
            <String ID="Word_5594" CONTENT="und" HPOS="756" VPOS="2463" HEIGHT="49" WIDTH="112" />
            <String ID="Word_5595" CONTENT="Farben," HPOS="916" VPOS="2462" HEIGHT="60" WIDTH="234" />
            <String ID="Word_5596" CONTENT="und" HPOS="1199" VPOS="2462" HEIGHT="50" WIDTH="113" />
            <String ID="Word_5597" CONTENT="natürlich" HPOS="1360" VPOS="2461" HEIGHT="50" WIDTH="269" />
            <String ID="Word_5598" CONTENT="ein" HPOS="1682" VPOS="2462" HEIGHT="48" WIDTH="88" />
            <String ID="Word_5599" CONTENT="Lebewesen," HPOS="1817" VPOS="2459" HEIGHT="58" WIDTH="349" />
            <String ID="Word_5600" CONTENT="das" HPOS="2219" VPOS="2457" HEIGHT="50" WIDTH="92" />
          </TextLine>
          <TextLine ID="TextLine_662" HPOS="170" VPOS="2529" HEIGHT="69" WIDTH="2139">
            <String ID="Word_5601" CONTENT="besonders" HPOS="170" VPOS="2535" HEIGHT="50" WIDTH="298" />
            <String ID="Word_5602" CONTENT="geeignet" HPOS="514" VPOS="2538" HEIGHT="60" WIDTH="249" />
            <String ID="Word_5603" CONTENT="ist" HPOS="805" VPOS="2538" HEIGHT="47" WIDTH="69" />
            <String ID="Word_5604" CONTENT="für" HPOS="917" VPOS="2536" HEIGHT="48" WIDTH="92" />
            <String ID="Word_5605" CONTENT="solche" HPOS="1051" VPOS="2534" HEIGHT="51" WIDTH="177" />
            <String ID="Word_5606" CONTENT="Untersuchungen;" HPOS="1270" VPOS="2532" HEIGHT="63" WIDTH="515" />
            <String ID="Word_5607" CONTENT="wir" HPOS="1827" VPOS="2532" HEIGHT="48" WIDTH="99" />
            <String ID="Word_5608" CONTENT="wählen" HPOS="1966" VPOS="2531" HEIGHT="49" WIDTH="214" />
            <String ID="Word_5609" CONTENT="die" HPOS="2224" VPOS="2529" HEIGHT="50" WIDTH="85" />
          </TextLine>
          <TextLine ID="TextLine_663" HPOS="170" VPOS="2606" HEIGHT="63" WIDTH="2141">
            <String ID="Word_5610" CONTENT="feinen" HPOS="170" VPOS="2607" HEIGHT="49" WIDTH="187" />
            <String ID="Word_5611" CONTENT="Wurzelspitzen" HPOS="400" VPOS="2606" HEIGHT="63" WIDTH="436" />
            <String ID="Word_5612" CONTENT="eines" HPOS="878" VPOS="2610" HEIGHT="48" WIDTH="147" />
            <String ID="Word_5613" CONTENT="Pflänzchens," HPOS="1066" VPOS="2607" HEIGHT="60" WIDTH="367" />
            <String ID="Word_5614" CONTENT="die" HPOS="1477" VPOS="2607" HEIGHT="50" WIDTH="84" />
            <String ID="Word_5615" CONTENT="aus" HPOS="1606" VPOS="2628" HEIGHT="30" WIDTH="92" />
            <String ID="Word_5616" CONTENT="zahlreichen" HPOS="1741" VPOS="2607" HEIGHT="50" WIDTH="343" />
            <String ID="Word_5617" CONTENT="Zellen" HPOS="2126" VPOS="2608" HEIGHT="49" WIDTH="185" />
          </TextLine>
          <TextLine ID="TextLine_664" HPOS="172" VPOS="2679" HEIGHT="64" WIDTH="2190">
            <String ID="Word_5618" CONTENT="aufgebaut" HPOS="172" VPOS="2679" HEIGHT="64" WIDTH="300" />
            <String ID="Word_5619" CONTENT="sind." HPOS="515" VPOS="2679" HEIGHT="51" WIDTH="134" />
            <String ID="Word_5620" CONTENT="Aber" HPOS="693" VPOS="2679" HEIGHT="50" WIDTH="149" />
            <String ID="Word_5621" CONTENT="ach," HPOS="886" VPOS="2679" HEIGHT="59" WIDTH="108" />
            <String ID="Word_5622" CONTENT="wir" HPOS="1036" VPOS="2682" HEIGHT="47" WIDTH="98" />
            <String ID="Word_5623" CONTENT="töten" HPOS="1177" VPOS="2684" HEIGHT="45" WIDTH="155" />
            <String ID="Word_5624" CONTENT="sie" HPOS="1375" VPOS="2682" HEIGHT="48" WIDTH="75" />
            <String ID="Word_5625" CONTENT="ja," HPOS="1490" VPOS="2683" HEIGHT="60" WIDTH="74" />
            <String ID="Word_5626" CONTENT="wenn" HPOS="1604" VPOS="2700" HEIGHT="29" WIDTH="159" />
            <String ID="Word_5627" CONTENT="wir" HPOS="1803" VPOS="2682" HEIGHT="47" WIDTH="99" />
            <String ID="Word_5628" CONTENT="sie" HPOS="1946" VPOS="2682" HEIGHT="47" WIDTH="75" />
            <String ID="Word_5629" CONTENT="mit" HPOS="2063" VPOS="2683" HEIGHT="46" WIDTH="99" />
            <String ID="Word_5630" CONTENT="den" HPOS="2206" VPOS="2680" HEIGHT="49" WIDTH="105" />
            <String ID="Word_5631" CONTENT="^" HPOS="2351" VPOS="2727" HEIGHT="14" WIDTH="11" />
          </TextLine>
          <TextLine ID="TextLine_665" HPOS="172" VPOS="2751" HEIGHT="60" WIDTH="2138">
            <String ID="Word_5632" CONTENT="Farben" HPOS="172" VPOS="2751" HEIGHT="50" WIDTH="214" />
            <String ID="Word_5633" CONTENT="behandeln," HPOS="423" VPOS="2751" HEIGHT="60" WIDTH="329" />
            <String ID="Word_5634" CONTENT="so" HPOS="792" VPOS="2772" HEIGHT="30" WIDTH="56" />
            <String ID="Word_5635" CONTENT="daß" HPOS="890" VPOS="2752" HEIGHT="49" WIDTH="103" />
            <String ID="Word_5636" CONTENT="wir" HPOS="1031" VPOS="2753" HEIGHT="48" WIDTH="98" />
            <String ID="Word_5637" CONTENT="nichts" HPOS="1166" VPOS="2752" HEIGHT="50" WIDTH="171" />
            <String ID="Word_5638" CONTENT="von" HPOS="1377" VPOS="2772" HEIGHT="29" WIDTH="107" />
            <String ID="Word_5639" CONTENT="der" HPOS="1524" VPOS="2751" HEIGHT="50" WIDTH="95" />
            <String ID="Word_5640" CONTENT="Arbeit" HPOS="1657" VPOS="2751" HEIGHT="50" WIDTH="197" />
            <String ID="Word_5641" CONTENT="des" HPOS="1894" VPOS="2751" HEIGHT="51" WIDTH="91" />
            <String ID="Word_5642" CONTENT="Zellkerns" HPOS="2025" VPOS="2751" HEIGHT="51" WIDTH="285" />
          </TextLine>
          <TextLine ID="TextLine_666" HPOS="171" VPOS="2823" HEIGHT="63" WIDTH="2139">
            <String ID="Word_5643" CONTENT="erkennen" HPOS="171" VPOS="2824" HEIGHT="50" WIDTH="282" />
            <String ID="Word_5644" CONTENT="können." HPOS="485" VPOS="2824" HEIGHT="49" WIDTH="237" />
            <String ID="Word_5645" CONTENT="Doch" HPOS="756" VPOS="2824" HEIGHT="49" WIDTH="147" />
            <String ID="Word_5646" CONTENT="das" HPOS="938" VPOS="2824" HEIGHT="50" WIDTH="91" />
            <String ID="Word_5647" CONTENT="Bild," HPOS="1062" VPOS="2823" HEIGHT="59" WIDTH="140" />
            <String ID="Word_5648" CONTENT="das" HPOS="1236" VPOS="2824" HEIGHT="50" WIDTH="91" />
            <String ID="Word_5649" CONTENT="sich" HPOS="1361" VPOS="2824" HEIGHT="49" WIDTH="105" />
            <String ID="Word_5650" CONTENT="uns" HPOS="1497" VPOS="2843" HEIGHT="31" WIDTH="100" />
            <String ID="Word_5651" CONTENT="unter" HPOS="1630" VPOS="2836" HEIGHT="37" WIDTH="165" />
            <String ID="Word_5652" CONTENT="dem" HPOS="1829" VPOS="2824" HEIGHT="49" WIDTH="121" />
            <String ID="Word_5653" CONTENT="Mikroskop" HPOS="1981" VPOS="2823" HEIGHT="63" WIDTH="329" />
          </TextLine>
          <TextLine ID="TextLine_667" HPOS="172" VPOS="2895" HEIGHT="61" WIDTH="2137">
            <String ID="Word_5654" CONTENT="bietet," HPOS="172" VPOS="2896" HEIGHT="60" WIDTH="189" />
            <String ID="Word_5655" CONTENT="das" HPOS="400" VPOS="2896" HEIGHT="50" WIDTH="91" />
            <String ID="Word_5656" CONTENT="Bild" HPOS="528" VPOS="2895" HEIGHT="51" WIDTH="124" />
            <String ID="Word_5657" CONTENT="von" HPOS="689" VPOS="2916" HEIGHT="30" WIDTH="106" />
            <String ID="Word_5658" CONTENT="vielen" HPOS="832" VPOS="2896" HEIGHT="50" WIDTH="179" />
            <String ID="Word_5659" CONTENT="hundert" HPOS="1048" VPOS="2895" HEIGHT="51" WIDTH="241" />
            <String ID="Word_5660" CONTENT="Zellen," HPOS="1327" VPOS="2896" HEIGHT="59" WIDTH="202" />
            <String ID="Word_5661" CONTENT="läßt" HPOS="1567" VPOS="2896" HEIGHT="49" WIDTH="116" />
            <String ID="Word_5662" CONTENT="sich" HPOS="1722" VPOS="2896" HEIGHT="50" WIDTH="105" />
            <String ID="Word_5663" CONTENT="trotz" HPOS="1866" VPOS="2907" HEIGHT="38" WIDTH="145" />
            <String ID="Word_5664" CONTENT="der" HPOS="2052" VPOS="2896" HEIGHT="50" WIDTH="95" />
            <String ID="Word_5665" CONTENT="Zer¬" HPOS="2186" VPOS="2897" HEIGHT="49" WIDTH="123" />
          </TextLine>
          <TextLine ID="TextLine_668" HPOS="170" VPOS="2968" HEIGHT="65" WIDTH="2138">
            <String ID="Word_5666" CONTENT="störung" HPOS="170" VPOS="2974" HEIGHT="59" WIDTH="228" />
            <String ID="Word_5667" CONTENT="noch" HPOS="439" VPOS="2970" HEIGHT="49" WIDTH="133" />
            <String ID="Word_5668" CONTENT="recht" HPOS="615" VPOS="2969" HEIGHT="49" WIDTH="148" />
            <String ID="Word_5669" CONTENT="gut" HPOS="807" VPOS="2981" HEIGHT="51" WIDTH="93" />
            <String ID="Word_5670" CONTENT="deuten," HPOS="945" VPOS="2969" HEIGHT="58" WIDTH="220" />
            <String ID="Word_5671" CONTENT="so" HPOS="1208" VPOS="2989" HEIGHT="30" WIDTH="57" />
            <String ID="Word_5672" CONTENT="daß" HPOS="1310" VPOS="2969" HEIGHT="49" WIDTH="103" />
            <String ID="Word_5673" CONTENT="wir" HPOS="1456" VPOS="2971" HEIGHT="46" WIDTH="98" />
            <String ID="Word_5674" CONTENT="uns" HPOS="1596" VPOS="2987" HEIGHT="32" WIDTH="100" />
            <String ID="Word_5675" CONTENT="eine" HPOS="1741" VPOS="2970" HEIGHT="48" WIDTH="121" />
            <String ID="Word_5676" CONTENT="richtige" HPOS="1905" VPOS="2968" HEIGHT="64" WIDTH="226" />
            <String ID="Word_5677" CONTENT="Vor¬" HPOS="2173" VPOS="2968" HEIGHT="50" WIDTH="135" />
          </TextLine>
          <TextLine ID="TextLine_669" HPOS="168" VPOS="3039" HEIGHT="66" WIDTH="2141">
            <String ID="Word_5678" CONTENT="stellung" HPOS="168" VPOS="3042" HEIGHT="63" WIDTH="236" />
            <String ID="Word_5679" CONTENT="vom" HPOS="454" VPOS="3061" HEIGHT="30" WIDTH="125" />
            <String ID="Word_5680" CONTENT="Zellkern" HPOS="629" VPOS="3041" HEIGHT="49" WIDTH="256" />
            <String ID="Word_5681" CONTENT="und" HPOS="936" VPOS="3041" HEIGHT="49" WIDTH="113" />
            <String ID="Word_5682" CONTENT="seiner" HPOS="1099" VPOS="3042" HEIGHT="50" WIDTH="180" />
            <String ID="Word_5683" CONTENT="Tätigkeit" HPOS="1330" VPOS="3039" HEIGHT="65" WIDTH="280" />
            <String ID="Word_5684" CONTENT="machen" HPOS="1660" VPOS="3039" HEIGHT="51" WIDTH="224" />
            <String ID="Word_5685" CONTENT="können." HPOS="1935" VPOS="3039" HEIGHT="51" WIDTH="240" />
            <String ID="Word_5686" CONTENT="Da" HPOS="2227" VPOS="3040" HEIGHT="50" WIDTH="82" />
          </TextLine>
          <TextLine ID="TextLine_670" HPOS="169" VPOS="3112" HEIGHT="66" WIDTH="2141">
            <String ID="Word_5687" CONTENT="finden" HPOS="169" VPOS="3113" HEIGHT="52" WIDTH="182" />
            <String ID="Word_5688" CONTENT="wir" HPOS="397" VPOS="3116" HEIGHT="47" WIDTH="97" />
            <String ID="Word_5689" CONTENT="einige" HPOS="542" VPOS="3116" HEIGHT="61" WIDTH="174" />
            <String ID="Word_5690" CONTENT="Zellen," HPOS="764" VPOS="3114" HEIGHT="59" WIDTH="203" />
            <String ID="Word_5691" CONTENT="die" HPOS="1017" VPOS="3113" HEIGHT="50" WIDTH="85" />
            <String ID="Word_5692" CONTENT="sich" HPOS="1150" VPOS="3114" HEIGHT="49" WIDTH="105" />
            <String ID="Word_5693" CONTENT="gerade" HPOS="1304" VPOS="3113" HEIGHT="65" WIDTH="199" />
            <String ID="Word_5694" CONTENT="teilen." HPOS="1552" VPOS="3113" HEIGHT="50" WIDTH="184" />
            <String ID="Word_5695" CONTENT="Jedes" HPOS="1786" VPOS="3112" HEIGHT="56" WIDTH="162" />
            <String ID="Word_5696" CONTENT="Wachstum" HPOS="1998" VPOS="3112" HEIGHT="54" WIDTH="312" />
          </TextLine>
        </TextBlock>
        <TextBlock ID="TextBlock_106" HPOS="162" VPOS="197" HEIGHT="3120" WIDTH="2225">
          <TextLine ID="TextLine_671" HPOS="1205" VPOS="3260" HEIGHT="51" WIDTH="65">
            <String ID="Word_5697" CONTENT="18" HPOS="1205" VPOS="3260" HEIGHT="51" WIDTH="65" />
          </TextLine>
        </TextBlock>
      </PrintSpace>
    </Page>
  </Layout>
</alto>

