<?xml version="1.0" encoding="UTF-8"?>
<alto xmlns="http://www.loc.gov/standards/alto/ns-v2#" xmlns:xsi="http://www.w3.org/2001/XMLSchema-instance" xsi:schemaLocation="http://www.loc.gov/standards/alto/ns-v2# http://www.loc.gov/standards/alto/alto.xsd">
  <Description>
    <MeasurementUnit>pixel</MeasurementUnit>
    <sourceImageInformation>
      <fileName>b21273911_abbyy.xml</fileName>
    </sourceImageInformation>
    <OCRProcessing ID="OCR_1">
      <preProcessingStep>
        <processingDateTime>2014-10-24T02:15:27</processingDateTime>
        <processingAgency>intranda GmbH, www.intranda.com</processingAgency>
        <processingSoftware>
          <softwareCreator>intranda GmbH, Germany</softwareCreator>
          <softwareName>intranda OCR Module for TaskManager</softwareName>
          <softwareVersion>1.0r42</softwareVersion>
        </processingSoftware>
      </preProcessingStep>
      <ocrProcessingStep>
        <processingSoftware>
          <softwareCreator>ABBYY (BIT Software), Russia</softwareCreator>
          <softwareName>FineReader Engine</softwareName>
          <softwareVersion>10</softwareVersion>
        </processingSoftware>
      </ocrProcessingStep>
    </OCRProcessing>
  </Description>
  <Layout>
    <Page PHYSICAL_IMG_NR="156" ID="PAGE_156" WIDTH="2113" HEIGHT="3404">
      <TopMargin ID="TopMargin_1" HPOS="342" VPOS="281" WIDTH="1145" HEIGHT="53">
        <TextBlock ID="TextBlock_514" HPOS="342" VPOS="281" WIDTH="1145" HEIGHT="53">
          <TextLine ID="TextLine_5665" HPOS="342" VPOS="281" WIDTH="73" HEIGHT="38">
            <String ID="Word_56928" HPOS="342" VPOS="281" WIDTH="6" HEIGHT="36" CONTENT="1" />
            <SP ID="SP_51268" HPOS="348" VPOS="281" WIDTH="27" HEIGHT="0" />
            <String ID="Word_56929" HPOS="375" VPOS="282" WIDTH="40" HEIGHT="37" CONTENT="in" />
          </TextLine>
          <TextLine ID="TextLine_5666" HPOS="833" VPOS="286" WIDTH="654" HEIGHT="48">
            <String ID="Word_56930" HPOS="833" VPOS="298" WIDTH="86" HEIGHT="32" CONTENT="THE" />
            <SP ID="SP_51269" HPOS="919" VPOS="286" WIDTH="33" HEIGHT="0" />
            <String ID="Word_56931" HPOS="952" VPOS="286" WIDTH="242" HEIGHT="46" CONTENT="DISORDERS" />
            <SP ID="SP_51270" HPOS="1194" VPOS="286" WIDTH="31" HEIGHT="0" />
            <String ID="Word_56932" HPOS="1225" VPOS="298" WIDTH="53" HEIGHT="35" CONTENT="OE" />
            <SP ID="SP_51271" HPOS="1278" VPOS="290" WIDTH="32" HEIGHT="0" />
            <String ID="Word_56933" HPOS="1310" VPOS="290" WIDTH="177" HEIGHT="44" CONTENT="SPEEClt." />
          </TextLine>
        </TextBlock>
      </TopMargin>
      <PrintSpace ID="PrintSpace_157" HPOS="325" VPOS="402" WIDTH="1650" HEIGHT="2736">
        <TextBlock ID="TextBlock_513" HPOS="325" VPOS="402" WIDTH="1650" HEIGHT="2736">
          <TextLine ID="TextLine_5667" HPOS="331" VPOS="408" WIDTH="1618" HEIGHT="67">
            <String ID="Word_56934" HPOS="331" VPOS="421" WIDTH="55" HEIGHT="28" CONTENT="an" />
            <SP ID="SP_51272" HPOS="386" VPOS="408" WIDTH="22" HEIGHT="0" />
            <String ID="Word_56935" HPOS="408" VPOS="408" WIDTH="198" HEIGHT="46" CONTENT="imbecile" />
            <SP ID="SP_51273" HPOS="606" VPOS="408" WIDTH="34" HEIGHT="0" />
            <String ID="Word_56936" HPOS="640" VPOS="427" WIDTH="99" HEIGHT="29" CONTENT="man" />
            <SP ID="SP_51274" HPOS="739" VPOS="416" WIDTH="33" HEIGHT="0" />
            <String ID="Word_56937" HPOS="772" VPOS="416" WIDTH="44" HEIGHT="41" CONTENT="of" />
            <SP ID="SP_51275" HPOS="816" VPOS="416" WIDTH="31" HEIGHT="0" />
            <String ID="Word_56938" HPOS="847" VPOS="416" WIDTH="163" HEIGHT="44" CONTENT="middle" />
            <SP ID="SP_51276" HPOS="1010" VPOS="416" WIDTH="30" HEIGHT="0" />
            <String ID="Word_56939" HPOS="1040" VPOS="418" WIDTH="87" HEIGHT="51" CONTENT="life," />
            <SP ID="SP_51277" HPOS="1127" VPOS="418" WIDTH="22" HEIGHT="0" />
            <String ID="Word_56940" HPOS="1149" VPOS="419" WIDTH="230" HEIGHT="55" CONTENT="expressed" />
            <SP ID="SP_51278" HPOS="1379" VPOS="419" WIDTH="33" HEIGHT="0" />
            <String ID="Word_56941" HPOS="1412" VPOS="419" WIDTH="66" HEIGHT="42" CONTENT="his" />
            <SP ID="SP_51279" HPOS="1478" VPOS="419" WIDTH="22" HEIGHT="0" />
            <String ID="Word_56942" HPOS="1500" VPOS="419" WIDTH="137" HEIGHT="42" CONTENT="feeble" />
            <SP ID="SP_51280" HPOS="1637" VPOS="419" WIDTH="32" HEIGHT="0" />
            <String ID="Word_56943" HPOS="1669" VPOS="420" WIDTH="204" HEIGHT="55" CONTENT="thoughts" />
            <SP ID="SP_51281" HPOS="1873" VPOS="420" WIDTH="32" HEIGHT="0" />
            <String ID="Word_56944" HPOS="1905" VPOS="434" WIDTH="44" HEIGHT="29" CONTENT="so" />
          </TextLine>
          <TextLine ID="TextLine_5668" HPOS="331" VPOS="479" WIDTH="1620" HEIGHT="66">
            <String ID="Word_56945" HPOS="331" VPOS="479" WIDTH="193" HEIGHT="57" CONTENT="volubly," />
            <SP ID="SP_51282" HPOS="524" VPOS="479" WIDTH="23" HEIGHT="0" />
            <String ID="Word_56946" HPOS="547" VPOS="482" WIDTH="108" HEIGHT="52" CONTENT="that," />
            <SP ID="SP_51283" HPOS="655" VPOS="482" WIDTH="22" HEIGHT="0" />
            <String ID="Word_56947" HPOS="677" VPOS="484" WIDTH="209" HEIGHT="58" CONTENT="although" />
            <SP ID="SP_51284" HPOS="886" VPOS="484" WIDTH="26" HEIGHT="0" />
            <String ID="Word_56948" HPOS="912" VPOS="490" WIDTH="20" HEIGHT="18" CONTENT="&quot;" />
            <SP ID="SP_51285" HPOS="932" VPOS="488" WIDTH="20" HEIGHT="0" />
            <String ID="Word_56949" HPOS="952" VPOS="488" WIDTH="275" HEIGHT="42" CONTENT="articulation" />
            <SP ID="SP_51286" HPOS="1227" VPOS="488" WIDTH="34" HEIGHT="0" />
            <String ID="Word_56950" HPOS="1261" VPOS="489" WIDTH="36" HEIGHT="41" CONTENT="is" />
            <SP ID="SP_51287" HPOS="1297" VPOS="489" WIDTH="34" HEIGHT="0" />
            <String ID="Word_56951" HPOS="1331" VPOS="489" WIDTH="164" HEIGHT="41" CONTENT="normal" />
            <SP ID="SP_51288" HPOS="1495" VPOS="489" WIDTH="34" HEIGHT="0" />
            <String ID="Word_56952" HPOS="1529" VPOS="489" WIDTH="125" HEIGHT="42" CONTENT="when" />
            <SP ID="SP_51289" HPOS="1654" VPOS="489" WIDTH="24" HEIGHT="0" />
            <String ID="Word_56953" HPOS="1678" VPOS="489" WIDTH="152" HEIGHT="56" CONTENT="slowly" />
            <SP ID="SP_51290" HPOS="1830" VPOS="489" WIDTH="30" HEIGHT="0" />
            <String ID="Word_56954" HPOS="1860" VPOS="504" WIDTH="91" HEIGHT="41" CONTENT="per-" />
          </TextLine>
          <TextLine ID="TextLine_5669" HPOS="333" VPOS="550" WIDTH="1619" HEIGHT="62">
            <String ID="Word_56955" HPOS="333" VPOS="550" WIDTH="178" HEIGHT="52" CONTENT="formed," />
            <SP ID="SP_51291" HPOS="511" VPOS="550" WIDTH="23" HEIGHT="0" />
            <String ID="Word_56956" HPOS="534" VPOS="552" WIDTH="73" HEIGHT="44" CONTENT="the" />
            <SP ID="SP_51292" HPOS="607" VPOS="552" WIDTH="23" HEIGHT="0" />
            <String ID="Word_56957" HPOS="630" VPOS="560" WIDTH="191" HEIGHT="38" CONTENT="moment" />
            <SP ID="SP_51293" HPOS="821" VPOS="556" WIDTH="26" HEIGHT="0" />
            <String ID="Word_56958" HPOS="847" VPOS="556" WIDTH="203" HEIGHT="56" CONTENT="ordinary" />
            <SP ID="SP_51294" HPOS="1050" VPOS="556" WIDTH="23" HEIGHT="0" />
            <String ID="Word_56959" HPOS="1073" VPOS="557" WIDTH="155" HEIGHT="55" CONTENT="speech" />
            <SP ID="SP_51295" HPOS="1228" VPOS="557" WIDTH="24" HEIGHT="0" />
            <String ID="Word_56960" HPOS="1252" VPOS="557" WIDTH="162" HEIGHT="55" CONTENT="begins," />
            <SP ID="SP_51296" HPOS="1414" VPOS="557" WIDTH="22" HEIGHT="0" />
            <String ID="Word_56961" HPOS="1436" VPOS="557" WIDTH="73" HEIGHT="43" CONTENT="the" />
            <SP ID="SP_51297" HPOS="1509" VPOS="557" WIDTH="22" HEIGHT="0" />
            <String ID="Word_56962" HPOS="1531" VPOS="559" WIDTH="163" HEIGHT="41" CONTENT="mental" />
            <SP ID="SP_51298" HPOS="1694" VPOS="559" WIDTH="23" HEIGHT="0" />
            <String ID="Word_56963" HPOS="1717" VPOS="559" WIDTH="235" HEIGHT="43" CONTENT="co-ordina-" />
          </TextLine>
          <TextLine ID="TextLine_5670" HPOS="335" VPOS="620" WIDTH="1617" HEIGHT="59">
            <String ID="Word_56964" HPOS="335" VPOS="620" WIDTH="92" HEIGHT="42" CONTENT="tion" />
            <SP ID="SP_51299" HPOS="427" VPOS="620" WIDTH="23" HEIGHT="0" />
            <String ID="Word_56965" HPOS="450" VPOS="622" WIDTH="36" HEIGHT="42" CONTENT="is" />
            <SP ID="SP_51300" HPOS="486" VPOS="622" WIDTH="17" HEIGHT="0" />
            <String ID="Word_56966" HPOS="503" VPOS="622" WIDTH="95" HEIGHT="54" CONTENT="lost," />
            <SP ID="SP_51301" HPOS="598" VPOS="622" WIDTH="19" HEIGHT="0" />
            <String ID="Word_56967" HPOS="617" VPOS="625" WIDTH="84" HEIGHT="41" CONTENT="and" />
            <SP ID="SP_51302" HPOS="701" VPOS="625" WIDTH="19" HEIGHT="0" />
            <String ID="Word_56968" HPOS="720" VPOS="639" WIDTH="62" HEIGHT="28" CONTENT="we" />
            <SP ID="SP_51303" HPOS="782" VPOS="625" WIDTH="17" HEIGHT="0" />
            <String ID="Word_56969" HPOS="799" VPOS="625" WIDTH="110" HEIGHT="43" CONTENT="have" />
            <SP ID="SP_51304" HPOS="909" VPOS="625" WIDTH="24" HEIGHT="0" />
            <String ID="Word_56970" HPOS="933" VPOS="640" WIDTH="23" HEIGHT="27" CONTENT="a" />
            <SP ID="SP_51305" HPOS="956" VPOS="631" WIDTH="23" HEIGHT="0" />
            <String ID="Word_56971" HPOS="979" VPOS="631" WIDTH="166" HEIGHT="37" CONTENT="torrent" />
            <SP ID="SP_51306" HPOS="1145" VPOS="627" WIDTH="22" HEIGHT="0" />
            <String ID="Word_56972" HPOS="1167" VPOS="627" WIDTH="44" HEIGHT="41" CONTENT="of" />
            <SP ID="SP_51307" HPOS="1211" VPOS="626" WIDTH="21" HEIGHT="0" />
            <String ID="Word_56973" HPOS="1232" VPOS="626" WIDTH="368" HEIGHT="44" CONTENT="half-articulated" />
            <SP ID="SP_51308" HPOS="1600" VPOS="626" WIDTH="22" HEIGHT="0" />
            <String ID="Word_56974" HPOS="1622" VPOS="629" WIDTH="149" HEIGHT="50" CONTENT="words," />
            <SP ID="SP_51309" HPOS="1771" VPOS="629" WIDTH="23" HEIGHT="0" />
            <String ID="Word_56975" HPOS="1794" VPOS="629" WIDTH="158" HEIGHT="42" CONTENT="follow-" />
          </TextLine>
          <TextLine ID="TextLine_5671" HPOS="335" VPOS="691" WIDTH="1188" HEIGHT="60">
            <String ID="Word_56976" HPOS="335" VPOS="691" WIDTH="75" HEIGHT="56" CONTENT="ing" />
            <SP ID="SP_51310" HPOS="410" VPOS="691" WIDTH="22" HEIGHT="0" />
            <String ID="Word_56977" HPOS="432" VPOS="693" WIDTH="105" HEIGHT="41" CONTENT="each" />
            <SP ID="SP_51311" HPOS="537" VPOS="693" WIDTH="22" HEIGHT="0" />
            <String ID="Word_56978" HPOS="559" VPOS="694" WIDTH="122" HEIGHT="42" CONTENT="other" />
            <SP ID="SP_51312" HPOS="681" VPOS="694" WIDTH="20" HEIGHT="0" />
            <String ID="Word_56979" HPOS="701" VPOS="695" WIDTH="90" HEIGHT="42" CONTENT="like" />
            <SP ID="SP_51313" HPOS="791" VPOS="695" WIDTH="23" HEIGHT="0" />
            <String ID="Word_56980" HPOS="814" VPOS="709" WIDTH="101" HEIGHT="41" CONTENT="peas" />
            <SP ID="SP_51314" HPOS="915" VPOS="697" WIDTH="23" HEIGHT="0" />
            <String ID="Word_56981" HPOS="938" VPOS="697" WIDTH="192" HEIGHT="41" CONTENT="running" />
            <SP ID="SP_51315" HPOS="1130" VPOS="697" WIDTH="23" HEIGHT="0" />
            <String ID="Word_56982" HPOS="1153" VPOS="701" WIDTH="76" HEIGHT="37" CONTENT="out" />
            <SP ID="SP_51316" HPOS="1229" VPOS="696" WIDTH="22" HEIGHT="0" />
            <String ID="Word_56983" HPOS="1251" VPOS="696" WIDTH="43" HEIGHT="41" CONTENT="of" />
            <SP ID="SP_51317" HPOS="1294" VPOS="696" WIDTH="22" HEIGHT="0" />
            <String ID="Word_56984" HPOS="1316" VPOS="710" WIDTH="24" HEIGHT="27" CONTENT="a" />
            <SP ID="SP_51318" HPOS="1340" VPOS="697" WIDTH="22" HEIGHT="0" />
            <String ID="Word_56985" HPOS="1362" VPOS="697" WIDTH="161" HEIGHT="42" CONTENT="spout.&quot;" />
          </TextLine>
          <TextLine ID="TextLine_5672" HPOS="396" VPOS="763" WIDTH="1558" HEIGHT="61">
            <String ID="Word_56986" HPOS="396" VPOS="763" WIDTH="90" HEIGHT="42" CONTENT="The" />
            <SP ID="SP_51319" HPOS="486" VPOS="763" WIDTH="15" HEIGHT="0" />
            <String ID="Word_56987" HPOS="501" VPOS="764" WIDTH="162" HEIGHT="43" CONTENT="defects" />
            <SP ID="SP_51320" HPOS="663" VPOS="764" WIDTH="15" HEIGHT="0" />
            <String ID="Word_56988" HPOS="678" VPOS="765" WIDTH="224" HEIGHT="55" CONTENT="displayed" />
            <SP ID="SP_51321" HPOS="902" VPOS="765" WIDTH="17" HEIGHT="0" />
            <String ID="Word_56989" HPOS="919" VPOS="767" WIDTH="45" HEIGHT="40" CONTENT="in" />
            <SP ID="SP_51322" HPOS="964" VPOS="766" WIDTH="15" HEIGHT="0" />
            <String ID="Word_56990" HPOS="979" VPOS="766" WIDTH="346" HEIGHT="56" CONTENT="developmental" />
            <SP ID="SP_51323" HPOS="1325" VPOS="766" WIDTH="15" HEIGHT="0" />
            <String ID="Word_56991" HPOS="1340" VPOS="767" WIDTH="248" HEIGHT="55" CONTENT="Bradylalia" />
            <SP ID="SP_51324" HPOS="1588" VPOS="767" WIDTH="15" HEIGHT="0" />
            <String ID="Word_56992" HPOS="1603" VPOS="769" WIDTH="83" HEIGHT="41" CONTENT="and" />
            <SP ID="SP_51325" HPOS="1686" VPOS="768" WIDTH="15" HEIGHT="0" />
            <String ID="Word_56993" HPOS="1701" VPOS="768" WIDTH="214" HEIGHT="56" CONTENT="Logorrho" />
            <SP ID="SP_51326" HPOS="1915" VPOS="768" WIDTH="19" HEIGHT="0" />
            <String ID="Word_56994" HPOS="1934" VPOS="786" WIDTH="20" HEIGHT="25" CONTENT="a" />
          </TextLine>
          <TextLine ID="TextLine_5673" HPOS="338" VPOS="834" WIDTH="1617" HEIGHT="60">
            <String ID="Word_56995" HPOS="338" VPOS="847" WIDTH="69" HEIGHT="27" CONTENT="are" />
            <SP ID="SP_51327" HPOS="407" VPOS="834" WIDTH="25" HEIGHT="0" />
            <String ID="Word_56996" HPOS="432" VPOS="834" WIDTH="101" HEIGHT="42" CONTENT="thus" />
            <SP ID="SP_51328" HPOS="533" VPOS="834" WIDTH="23" HEIGHT="0" />
            <String ID="Word_56997" HPOS="556" VPOS="839" WIDTH="43" HEIGHT="37" CONTENT="to" />
            <SP ID="SP_51329" HPOS="599" VPOS="835" WIDTH="23" HEIGHT="0" />
            <String ID="Word_56998" HPOS="622" VPOS="835" WIDTH="51" HEIGHT="43" CONTENT="be" />
            <SP ID="SP_51330" HPOS="673" VPOS="835" WIDTH="22" HEIGHT="0" />
            <String ID="Word_56999" HPOS="695" VPOS="836" WIDTH="208" HEIGHT="55" CONTENT="regarded" />
            <SP ID="SP_51331" HPOS="903" VPOS="836" WIDTH="22" HEIGHT="0" />
            <String ID="Word_57000" HPOS="925" VPOS="850" WIDTH="45" HEIGHT="28" CONTENT="as" />
            <SP ID="SP_51332" HPOS="970" VPOS="837" WIDTH="22" HEIGHT="0" />
            <String ID="Word_57001" HPOS="992" VPOS="837" WIDTH="234" HEIGHT="41" CONTENT="indicative" />
            <SP ID="SP_51333" HPOS="1226" VPOS="837" WIDTH="18" HEIGHT="0" />
            <String ID="Word_57002" HPOS="1244" VPOS="837" WIDTH="144" HEIGHT="42" CONTENT="rather" />
            <SP ID="SP_51334" HPOS="1388" VPOS="837" WIDTH="21" HEIGHT="0" />
            <String ID="Word_57003" HPOS="1409" VPOS="838" WIDTH="43" HEIGHT="41" CONTENT="of" />
            <SP ID="SP_51335" HPOS="1452" VPOS="838" WIDTH="23" HEIGHT="0" />
            <String ID="Word_57004" HPOS="1475" VPOS="839" WIDTH="162" HEIGHT="41" CONTENT="mental" />
            <SP ID="SP_51336" HPOS="1637" VPOS="838" WIDTH="21" HEIGHT="0" />
            <String ID="Word_57005" HPOS="1658" VPOS="839" WIDTH="297" HEIGHT="55" CONTENT="peculiarities," />
          </TextLine>
          <TextLine ID="TextLine_5674" HPOS="337" VPOS="903" WIDTH="1361" HEIGHT="59">
            <String ID="Word_57006" HPOS="337" VPOS="903" WIDTH="107" HEIGHT="42" CONTENT="than" />
            <SP ID="SP_51337" HPOS="444" VPOS="903" WIDTH="23" HEIGHT="0" />
            <String ID="Word_57007" HPOS="467" VPOS="904" WIDTH="45" HEIGHT="42" CONTENT="of" />
            <SP ID="SP_51338" HPOS="512" VPOS="904" WIDTH="18" HEIGHT="0" />
            <String ID="Word_57008" HPOS="530" VPOS="905" WIDTH="163" HEIGHT="43" CONTENT="defects" />
            <SP ID="SP_51339" HPOS="693" VPOS="905" WIDTH="23" HEIGHT="0" />
            <String ID="Word_57009" HPOS="716" VPOS="906" WIDTH="46" HEIGHT="41" CONTENT="in" />
            <SP ID="SP_51340" HPOS="762" VPOS="906" WIDTH="22" HEIGHT="0" />
            <String ID="Word_57010" HPOS="784" VPOS="906" WIDTH="74" HEIGHT="42" CONTENT="the" />
            <SP ID="SP_51341" HPOS="858" VPOS="906" WIDTH="22" HEIGHT="0" />
            <String ID="Word_57011" HPOS="880" VPOS="906" WIDTH="143" HEIGHT="42" CONTENT="action" />
            <SP ID="SP_51342" HPOS="1023" VPOS="906" WIDTH="22" HEIGHT="0" />
            <String ID="Word_57012" HPOS="1045" VPOS="907" WIDTH="46" HEIGHT="41" CONTENT="of" />
            <SP ID="SP_51343" HPOS="1091" VPOS="906" WIDTH="18" HEIGHT="0" />
            <String ID="Word_57013" HPOS="1109" VPOS="906" WIDTH="75" HEIGHT="43" CONTENT="the" />
            <SP ID="SP_51344" HPOS="1184" VPOS="906" WIDTH="24" HEIGHT="0" />
            <String ID="Word_57014" HPOS="1208" VPOS="906" WIDTH="490" HEIGHT="45" CONTENT="Speech-Mechanisms." />
          </TextLine>
          <TextLine ID="TextLine_5675" HPOS="807" VPOS="1059" WIDTH="693" HEIGHT="57">
            <String ID="Word_57015" HPOS="807" VPOS="1059" WIDTH="83" HEIGHT="41" CONTENT="The" />
            <SP ID="SP_51345" HPOS="890" VPOS="1059" WIDTH="20" HEIGHT="0" />
            <String ID="Word_57016" HPOS="910" VPOS="1059" WIDTH="226" HEIGHT="55" CONTENT="Language" />
            <SP ID="SP_51346" HPOS="1136" VPOS="1059" WIDTH="21" HEIGHT="0" />
            <String ID="Word_57017" HPOS="1157" VPOS="1061" WIDTH="49" HEIGHT="54" CONTENT="of" />
            <SP ID="SP_51347" HPOS="1206" VPOS="1061" WIDTH="14" HEIGHT="0" />
            <String ID="Word_57018" HPOS="1220" VPOS="1061" WIDTH="280" HEIGHT="55" CONTENT="Deaf-Mutes." />
          </TextLine>
          <TextLine ID="TextLine_5676" HPOS="399" VPOS="1183" WIDTH="1557" HEIGHT="62">
            <String ID="Word_57019" HPOS="399" VPOS="1183" WIDTH="145" HEIGHT="45" CONTENT="When" />
            <SP ID="SP_51348" HPOS="544" VPOS="1183" WIDTH="23" HEIGHT="0" />
            <String ID="Word_57020" HPOS="567" VPOS="1201" WIDTH="23" HEIGHT="27" CONTENT="a" />
            <SP ID="SP_51349" HPOS="590" VPOS="1187" WIDTH="24" HEIGHT="0" />
            <String ID="Word_57021" HPOS="614" VPOS="1187" WIDTH="116" HEIGHT="42" CONTENT="child" />
            <SP ID="SP_51350" HPOS="730" VPOS="1187" WIDTH="34" HEIGHT="0" />
            <String ID="Word_57022" HPOS="764" VPOS="1188" WIDTH="43" HEIGHT="42" CONTENT="of" />
            <SP ID="SP_51351" HPOS="807" VPOS="1188" WIDTH="33" HEIGHT="0" />
            <String ID="Word_57023" HPOS="840" VPOS="1188" WIDTH="121" HEIGHT="42" CONTENT="three" />
            <SP ID="SP_51352" HPOS="961" VPOS="1188" WIDTH="32" HEIGHT="0" />
            <String ID="Word_57024" HPOS="993" VPOS="1203" WIDTH="46" HEIGHT="27" CONTENT="or" />
            <SP ID="SP_51353" HPOS="1039" VPOS="1189" WIDTH="31" HEIGHT="0" />
            <String ID="Word_57025" HPOS="1070" VPOS="1189" WIDTH="96" HEIGHT="41" CONTENT="four" />
            <SP ID="SP_51354" HPOS="1166" VPOS="1189" WIDTH="31" HEIGHT="0" />
            <String ID="Word_57026" HPOS="1197" VPOS="1203" WIDTH="121" HEIGHT="41" CONTENT="years" />
            <SP ID="SP_51355" HPOS="1318" VPOS="1189" WIDTH="33" HEIGHT="0" />
            <String ID="Word_57027" HPOS="1351" VPOS="1189" WIDTH="36" HEIGHT="42" CONTENT="is" />
            <SP ID="SP_51356" HPOS="1387" VPOS="1189" WIDTH="33" HEIGHT="0" />
            <String ID="Word_57028" HPOS="1420" VPOS="1189" WIDTH="185" HEIGHT="56" CONTENT="brought" />
            <SP ID="SP_51357" HPOS="1605" VPOS="1189" WIDTH="22" HEIGHT="0" />
            <String ID="Word_57029" HPOS="1627" VPOS="1190" WIDTH="56" HEIGHT="41" CONTENT="by" />
            <SP ID="SP_51358" HPOS="1683" VPOS="1190" WIDTH="23" HEIGHT="0" />
            <String ID="Word_57030" HPOS="1706" VPOS="1190" WIDTH="56" HEIGHT="41" CONTENT="its" />
            <SP ID="SP_51359" HPOS="1762" VPOS="1190" WIDTH="22" HEIGHT="0" />
            <String ID="Word_57031" HPOS="1784" VPOS="1196" WIDTH="172" HEIGHT="49" CONTENT="parents" />
          </TextLine>
          <TextLine ID="TextLine_5677" HPOS="341" VPOS="1256" WIDTH="1618" HEIGHT="59">
            <String ID="Word_57032" HPOS="341" VPOS="1256" WIDTH="66" HEIGHT="42" CONTENT="for" />
            <SP ID="SP_51360" HPOS="407" VPOS="1256" WIDTH="22" HEIGHT="0" />
            <String ID="Word_57033" HPOS="429" VPOS="1257" WIDTH="306" HEIGHT="52" CONTENT="examination," />
            <SP ID="SP_51361" HPOS="735" VPOS="1257" WIDTH="23" HEIGHT="0" />
            <String ID="Word_57034" HPOS="758" VPOS="1259" WIDTH="181" HEIGHT="42" CONTENT="because" />
            <SP ID="SP_51362" HPOS="939" VPOS="1259" WIDTH="22" HEIGHT="0" />
            <String ID="Word_57035" HPOS="961" VPOS="1259" WIDTH="36" HEIGHT="41" CONTENT="it" />
            <SP ID="SP_51363" HPOS="997" VPOS="1258" WIDTH="21" HEIGHT="0" />
            <String ID="Word_57036" HPOS="1018" VPOS="1258" WIDTH="77" HEIGHT="42" CONTENT="has" />
            <SP ID="SP_51364" HPOS="1095" VPOS="1258" WIDTH="23" HEIGHT="0" />
            <String ID="Word_57037" HPOS="1118" VPOS="1264" WIDTH="76" HEIGHT="36" CONTENT="not" />
            <SP ID="SP_51365" HPOS="1194" VPOS="1264" WIDTH="31" HEIGHT="0" />
            <String ID="Word_57038" HPOS="1225" VPOS="1265" WIDTH="75" HEIGHT="49" CONTENT="yet" />
            <SP ID="SP_51366" HPOS="1300" VPOS="1259" WIDTH="30" HEIGHT="0" />
            <String ID="Word_57039" HPOS="1330" VPOS="1259" WIDTH="141" HEIGHT="42" CONTENT="begun" />
            <SP ID="SP_51367" HPOS="1471" VPOS="1259" WIDTH="34" HEIGHT="0" />
            <String ID="Word_57040" HPOS="1505" VPOS="1264" WIDTH="43" HEIGHT="37" CONTENT="to" />
            <SP ID="SP_51368" HPOS="1548" VPOS="1260" WIDTH="32" HEIGHT="0" />
            <String ID="Word_57041" HPOS="1580" VPOS="1260" WIDTH="146" HEIGHT="54" CONTENT="speak," />
            <SP ID="SP_51369" HPOS="1726" VPOS="1260" WIDTH="24" HEIGHT="0" />
            <String ID="Word_57042" HPOS="1750" VPOS="1261" WIDTH="83" HEIGHT="40" CONTENT="and" />
            <SP ID="SP_51370" HPOS="1833" VPOS="1261" WIDTH="25" HEIGHT="0" />
            <String ID="Word_57043" HPOS="1858" VPOS="1261" WIDTH="101" HEIGHT="54" CONTENT="they" />
          </TextLine>
          <TextLine ID="TextLine_5678" HPOS="341" VPOS="1328" WIDTH="1619" HEIGHT="56">
            <String ID="Word_57044" HPOS="341" VPOS="1341" WIDTH="70" HEIGHT="28" CONTENT="are" />
            <SP ID="SP_51371" HPOS="411" VPOS="1328" WIDTH="33" HEIGHT="0" />
            <String ID="Word_57045" HPOS="444" VPOS="1328" WIDTH="168" HEIGHT="54" CONTENT="getting" />
            <SP ID="SP_51372" HPOS="612" VPOS="1328" WIDTH="31" HEIGHT="0" />
            <String ID="Word_57046" HPOS="643" VPOS="1328" WIDTH="191" HEIGHT="43" CONTENT="alarmed" />
            <SP ID="SP_51373" HPOS="834" VPOS="1328" WIDTH="32" HEIGHT="0" />
            <String ID="Word_57047" HPOS="866" VPOS="1330" WIDTH="132" HEIGHT="41" CONTENT="about" />
            <SP ID="SP_51374" HPOS="998" VPOS="1330" WIDTH="30" HEIGHT="0" />
            <String ID="Word_57048" HPOS="1028" VPOS="1330" WIDTH="56" HEIGHT="42" CONTENT="its" />
            <SP ID="SP_51375" HPOS="1084" VPOS="1330" WIDTH="34" HEIGHT="0" />
            <String ID="Word_57049" HPOS="1118" VPOS="1330" WIDTH="244" HEIGHT="41" CONTENT="dumbness," />
            <SP ID="SP_51376" HPOS="1362" VPOS="1330" WIDTH="23" HEIGHT="0" />
            <String ID="Word_57050" HPOS="1385" VPOS="1330" WIDTH="73" HEIGHT="41" CONTENT="the" />
            <SP ID="SP_51377" HPOS="1458" VPOS="1329" WIDTH="31" HEIGHT="0" />
            <String ID="Word_57051" HPOS="1489" VPOS="1329" WIDTH="226" HEIGHT="55" CONTENT="physician" />
            <SP ID="SP_51378" HPOS="1715" VPOS="1329" WIDTH="39" HEIGHT="0" />
            <String ID="Word_57052" HPOS="1754" VPOS="1330" WIDTH="35" HEIGHT="40" CONTENT="is" />
            <SP ID="SP_51379" HPOS="1789" VPOS="1330" WIDTH="36" HEIGHT="0" />
            <String ID="Word_57053" HPOS="1825" VPOS="1330" WIDTH="135" HEIGHT="42" CONTENT="called" />
          </TextLine>
          <TextLine ID="TextLine_5679" HPOS="343" VPOS="1399" WIDTH="1617" HEIGHT="56">
            <String ID="Word_57054" HPOS="343" VPOS="1412" WIDTH="116" HEIGHT="41" CONTENT="upon" />
            <SP ID="SP_51380" HPOS="459" VPOS="1404" WIDTH="23" HEIGHT="0" />
            <String ID="Word_57055" HPOS="482" VPOS="1404" WIDTH="44" HEIGHT="36" CONTENT="to" />
            <SP ID="SP_51381" HPOS="526" VPOS="1399" WIDTH="22" HEIGHT="0" />
            <String ID="Word_57056" HPOS="548" VPOS="1399" WIDTH="148" HEIGHT="43" CONTENT="decide" />
            <SP ID="SP_51382" HPOS="696" VPOS="1399" WIDTH="23" HEIGHT="0" />
            <String ID="Word_57057" HPOS="719" VPOS="1414" WIDTH="46" HEIGHT="28" CONTENT="as" />
            <SP ID="SP_51383" HPOS="765" VPOS="1404" WIDTH="23" HEIGHT="0" />
            <String ID="Word_57058" HPOS="788" VPOS="1404" WIDTH="43" HEIGHT="38" CONTENT="to" />
            <SP ID="SP_51384" HPOS="831" VPOS="1400" WIDTH="32" HEIGHT="0" />
            <String ID="Word_57059" HPOS="863" VPOS="1400" WIDTH="74" HEIGHT="42" CONTENT="the" />
            <SP ID="SP_51385" HPOS="937" VPOS="1400" WIDTH="31" HEIGHT="0" />
            <String ID="Word_57060" HPOS="968" VPOS="1414" WIDTH="127" HEIGHT="28" CONTENT="cause" />
            <SP ID="SP_51386" HPOS="1095" VPOS="1401" WIDTH="32" HEIGHT="0" />
            <String ID="Word_57061" HPOS="1127" VPOS="1401" WIDTH="47" HEIGHT="41" CONTENT="of" />
            <SP ID="SP_51387" HPOS="1174" VPOS="1400" WIDTH="33" HEIGHT="0" />
            <String ID="Word_57062" HPOS="1207" VPOS="1400" WIDTH="73" HEIGHT="42" CONTENT="the" />
            <SP ID="SP_51388" HPOS="1280" VPOS="1400" WIDTH="38" HEIGHT="0" />
            <String ID="Word_57063" HPOS="1318" VPOS="1400" WIDTH="245" HEIGHT="41" CONTENT="dumbness." />
            <SP ID="SP_51389" HPOS="1563" VPOS="1400" WIDTH="60" HEIGHT="0" />
            <String ID="Word_57064" HPOS="1623" VPOS="1400" WIDTH="63" HEIGHT="41" CONTENT="At" />
            <SP ID="SP_51390" HPOS="1686" VPOS="1400" WIDTH="35" HEIGHT="0" />
            <String ID="Word_57065" HPOS="1721" VPOS="1400" WIDTH="87" HEIGHT="41" CONTENT="this" />
            <SP ID="SP_51391" HPOS="1808" VPOS="1400" WIDTH="37" HEIGHT="0" />
            <String ID="Word_57066" HPOS="1845" VPOS="1401" WIDTH="115" HEIGHT="54" CONTENT="early" />
          </TextLine>
          <TextLine ID="TextLine_5680" HPOS="344" VPOS="1468" WIDTH="1615" HEIGHT="56">
            <String ID="Word_57067" HPOS="344" VPOS="1482" WIDTH="88" HEIGHT="41" CONTENT="age," />
            <SP ID="SP_51392" HPOS="432" VPOS="1468" WIDTH="22" HEIGHT="0" />
            <String ID="Word_57068" HPOS="454" VPOS="1468" WIDTH="76" HEIGHT="42" CONTENT="the" />
            <SP ID="SP_51393" HPOS="530" VPOS="1468" WIDTH="23" HEIGHT="0" />
            <String ID="Word_57069" HPOS="553" VPOS="1482" WIDTH="94" HEIGHT="28" CONTENT="case" />
            <SP ID="SP_51394" HPOS="647" VPOS="1469" WIDTH="22" HEIGHT="0" />
            <String ID="Word_57070" HPOS="669" VPOS="1469" WIDTH="37" HEIGHT="42" CONTENT="is" />
            <SP ID="SP_51395" HPOS="706" VPOS="1469" WIDTH="23" HEIGHT="0" />
            <String ID="Word_57071" HPOS="729" VPOS="1474" WIDTH="77" HEIGHT="37" CONTENT="not" />
            <SP ID="SP_51396" HPOS="806" VPOS="1470" WIDTH="21" HEIGHT="0" />
            <String ID="Word_57072" HPOS="827" VPOS="1470" WIDTH="260" HEIGHT="54" CONTENT="necessarily" />
            <SP ID="SP_51397" HPOS="1087" VPOS="1470" WIDTH="23" HEIGHT="0" />
            <String ID="Word_57073" HPOS="1110" VPOS="1484" WIDTH="80" HEIGHT="27" CONTENT="one" />
            <SP ID="SP_51398" HPOS="1190" VPOS="1470" WIDTH="23" HEIGHT="0" />
            <String ID="Word_57074" HPOS="1213" VPOS="1470" WIDTH="43" HEIGHT="41" CONTENT="of" />
            <SP ID="SP_51399" HPOS="1256" VPOS="1469" WIDTH="32" HEIGHT="0" />
            <String ID="Word_57075" HPOS="1288" VPOS="1469" WIDTH="129" HEIGHT="41" CONTENT="much" />
            <SP ID="SP_51400" HPOS="1417" VPOS="1469" WIDTH="21" HEIGHT="0" />
            <String ID="Word_57076" HPOS="1438" VPOS="1469" WIDTH="179" HEIGHT="55" CONTENT="gravity." />
            <SP ID="SP_51401" HPOS="1617" VPOS="1469" WIDTH="64" HEIGHT="0" />
            <String ID="Word_57077" HPOS="1681" VPOS="1469" WIDTH="45" HEIGHT="41" CONTENT="If" />
            <SP ID="SP_51402" HPOS="1726" VPOS="1469" WIDTH="23" HEIGHT="0" />
            <String ID="Word_57078" HPOS="1749" VPOS="1469" WIDTH="73" HEIGHT="41" CONTENT="the" />
            <SP ID="SP_51403" HPOS="1822" VPOS="1469" WIDTH="23" HEIGHT="0" />
            <String ID="Word_57079" HPOS="1845" VPOS="1470" WIDTH="114" HEIGHT="41" CONTENT="child" />
          </TextLine>
          <TextLine ID="TextLine_5681" HPOS="342" VPOS="1539" WIDTH="1618" HEIGHT="57">
            <String ID="Word_57080" HPOS="342" VPOS="1539" WIDTH="37" HEIGHT="41" CONTENT="is" />
            <SP ID="SP_51404" HPOS="379" VPOS="1539" WIDTH="23" HEIGHT="0" />
            <String ID="Word_57081" HPOS="402" VPOS="1539" WIDTH="147" HEIGHT="50" CONTENT="found," />
            <SP ID="SP_51405" HPOS="549" VPOS="1539" WIDTH="22" HEIGHT="0" />
            <String ID="Word_57082" HPOS="571" VPOS="1553" WIDTH="55" HEIGHT="28" CONTENT="on" />
            <SP ID="SP_51406" HPOS="626" VPOS="1540" WIDTH="33" HEIGHT="0" />
            <String ID="Word_57083" HPOS="659" VPOS="1540" WIDTH="307" HEIGHT="42" CONTENT="examination," />
            <SP ID="SP_51407" HPOS="966" VPOS="1540" WIDTH="23" HEIGHT="0" />
            <String ID="Word_57084" HPOS="989" VPOS="1545" WIDTH="43" HEIGHT="37" CONTENT="to" />
            <SP ID="SP_51408" HPOS="1032" VPOS="1540" WIDTH="32" HEIGHT="0" />
            <String ID="Word_57085" HPOS="1064" VPOS="1540" WIDTH="109" HEIGHT="42" CONTENT="have" />
            <SP ID="SP_51409" HPOS="1173" VPOS="1540" WIDTH="31" HEIGHT="0" />
            <String ID="Word_57086" HPOS="1204" VPOS="1540" WIDTH="110" HEIGHT="56" CONTENT="good" />
            <SP ID="SP_51410" HPOS="1314" VPOS="1539" WIDTH="32" HEIGHT="0" />
            <String ID="Word_57087" HPOS="1346" VPOS="1539" WIDTH="201" HEIGHT="55" CONTENT="hearing;" />
            <SP ID="SP_51411" HPOS="1547" VPOS="1539" WIDTH="32" HEIGHT="0" />
            <String ID="Word_57088" HPOS="1579" VPOS="1539" WIDTH="84" HEIGHT="41" CONTENT="and" />
            <SP ID="SP_51412" HPOS="1663" VPOS="1539" WIDTH="35" HEIGHT="0" />
            <String ID="Word_57089" HPOS="1698" VPOS="1539" WIDTH="35" HEIGHT="41" CONTENT="is" />
            <SP ID="SP_51413" HPOS="1733" VPOS="1539" WIDTH="32" HEIGHT="0" />
            <String ID="Word_57090" HPOS="1765" VPOS="1540" WIDTH="195" HEIGHT="41" CONTENT="reported" />
          </TextLine>
          <TextLine ID="TextLine_5682" HPOS="345" VPOS="1609" WIDTH="1615" HEIGHT="56">
            <String ID="Word_57091" HPOS="345" VPOS="1614" WIDTH="44" HEIGHT="36" CONTENT="to" />
            <SP ID="SP_51414" HPOS="389" VPOS="1609" WIDTH="32" HEIGHT="0" />
            <String ID="Word_57092" HPOS="421" VPOS="1609" WIDTH="130" HEIGHT="42" CONTENT="show," />
            <SP ID="SP_51415" HPOS="551" VPOS="1609" WIDTH="29" HEIGHT="0" />
            <String ID="Word_57093" HPOS="580" VPOS="1610" WIDTH="47" HEIGHT="41" CONTENT="in" />
            <SP ID="SP_51416" HPOS="627" VPOS="1610" WIDTH="32" HEIGHT="0" />
            <String ID="Word_57094" HPOS="659" VPOS="1610" WIDTH="56" HEIGHT="42" CONTENT="its" />
            <SP ID="SP_51417" HPOS="715" VPOS="1610" WIDTH="34" HEIGHT="0" />
            <String ID="Word_57095" HPOS="749" VPOS="1610" WIDTH="102" HEIGHT="55" CONTENT="play" />
            <SP ID="SP_51418" HPOS="851" VPOS="1610" WIDTH="22" HEIGHT="0" />
            <String ID="Word_57096" HPOS="873" VPOS="1610" WIDTH="85" HEIGHT="42" CONTENT="and" />
            <SP ID="SP_51419" HPOS="958" VPOS="1610" WIDTH="32" HEIGHT="0" />
            <String ID="Word_57097" HPOS="990" VPOS="1610" WIDTH="46" HEIGHT="41" CONTENT="in" />
            <SP ID="SP_51420" HPOS="1036" VPOS="1610" WIDTH="32" HEIGHT="0" />
            <String ID="Word_57098" HPOS="1068" VPOS="1610" WIDTH="57" HEIGHT="42" CONTENT="its" />
            <SP ID="SP_51421" HPOS="1125" VPOS="1610" WIDTH="32" HEIGHT="0" />
            <String ID="Word_57099" HPOS="1157" VPOS="1610" WIDTH="174" HEIGHT="55" CONTENT="general" />
            <SP ID="SP_51422" HPOS="1331" VPOS="1609" WIDTH="31" HEIGHT="0" />
            <String ID="Word_57100" HPOS="1362" VPOS="1609" WIDTH="198" HEIGHT="42" CONTENT="conduct," />
            <SP ID="SP_51423" HPOS="1560" VPOS="1609" WIDTH="20" HEIGHT="0" />
            <String ID="Word_57101" HPOS="1580" VPOS="1609" WIDTH="96" HEIGHT="41" CONTENT="that" />
            <SP ID="SP_51424" HPOS="1676" VPOS="1609" WIDTH="31" HEIGHT="0" />
            <String ID="Word_57102" HPOS="1707" VPOS="1609" WIDTH="35" HEIGHT="41" CONTENT="it" />
            <SP ID="SP_51425" HPOS="1742" VPOS="1609" WIDTH="20" HEIGHT="0" />
            <String ID="Word_57103" HPOS="1762" VPOS="1610" WIDTH="198" HEIGHT="41" CONTENT="interests" />
          </TextLine>
          <TextLine ID="TextLine_5683" HPOS="346" VPOS="1679" WIDTH="1614" HEIGHT="55">
            <String ID="Word_57104" HPOS="346" VPOS="1680" WIDTH="121" HEIGHT="42" CONTENT="itself" />
            <SP ID="SP_51426" HPOS="467" VPOS="1680" WIDTH="17" HEIGHT="0" />
            <String ID="Word_57105" HPOS="484" VPOS="1680" WIDTH="46" HEIGHT="41" CONTENT="in" />
            <SP ID="SP_51427" HPOS="530" VPOS="1680" WIDTH="24" HEIGHT="0" />
            <String ID="Word_57106" HPOS="554" VPOS="1685" WIDTH="177" HEIGHT="38" CONTENT="matters" />
            <SP ID="SP_51428" HPOS="731" VPOS="1681" WIDTH="23" HEIGHT="0" />
            <String ID="Word_57107" HPOS="754" VPOS="1681" WIDTH="95" HEIGHT="42" CONTENT="that" />
            <SP ID="SP_51429" HPOS="849" VPOS="1681" WIDTH="21" HEIGHT="0" />
            <String ID="Word_57108" HPOS="870" VPOS="1682" WIDTH="182" HEIGHT="41" CONTENT="interest" />
            <SP ID="SP_51430" HPOS="1052" VPOS="1681" WIDTH="22" HEIGHT="0" />
            <String ID="Word_57109" HPOS="1074" VPOS="1681" WIDTH="219" HEIGHT="41" CONTENT="children;" />
            <SP ID="SP_51431" HPOS="1293" VPOS="1684" WIDTH="22" HEIGHT="0" />
            <String ID="Word_57110" HPOS="1315" VPOS="1684" WIDTH="44" HEIGHT="38" CONTENT="to" />
            <SP ID="SP_51432" HPOS="1359" VPOS="1680" WIDTH="22" HEIGHT="0" />
            <String ID="Word_57111" HPOS="1381" VPOS="1680" WIDTH="52" HEIGHT="42" CONTENT="be" />
            <SP ID="SP_51433" HPOS="1433" VPOS="1679" WIDTH="23" HEIGHT="0" />
            <String ID="Word_57112" HPOS="1456" VPOS="1679" WIDTH="170" HEIGHT="55" CONTENT="cleanly" />
            <SP ID="SP_51434" HPOS="1626" VPOS="1679" WIDTH="23" HEIGHT="0" />
            <String ID="Word_57113" HPOS="1649" VPOS="1693" WIDTH="46" HEIGHT="28" CONTENT="as" />
            <SP ID="SP_51435" HPOS="1695" VPOS="1684" WIDTH="23" HEIGHT="0" />
            <String ID="Word_57114" HPOS="1718" VPOS="1684" WIDTH="44" HEIGHT="37" CONTENT="to" />
            <SP ID="SP_51436" HPOS="1762" VPOS="1684" WIDTH="24" HEIGHT="0" />
            <String ID="Word_57115" HPOS="1786" VPOS="1694" WIDTH="174" HEIGHT="28" CONTENT="evacua-" />
          </TextLine>
          <TextLine ID="TextLine_5684" HPOS="347" VPOS="1750" WIDTH="1610" HEIGHT="56">
            <String ID="Word_57116" HPOS="347" VPOS="1751" WIDTH="115" HEIGHT="42" CONTENT="tions" />
            <SP ID="SP_51437" HPOS="462" VPOS="1751" WIDTH="15" HEIGHT="0" />
            <String ID="Word_57117" HPOS="477" VPOS="1767" WIDTH="10" HEIGHT="36" CONTENT=";" />
            <SP ID="SP_51438" HPOS="487" VPOS="1751" WIDTH="21" HEIGHT="0" />
            <String ID="Word_57118" HPOS="508" VPOS="1751" WIDTH="85" HEIGHT="41" CONTENT="and" />
            <SP ID="SP_51439" HPOS="593" VPOS="1751" WIDTH="14" HEIGHT="0" />
            <String ID="Word_57119" HPOS="607" VPOS="1756" WIDTH="44" HEIGHT="37" CONTENT="to" />
            <SP ID="SP_51440" HPOS="651" VPOS="1752" WIDTH="16" HEIGHT="0" />
            <String ID="Word_57120" HPOS="667" VPOS="1752" WIDTH="62" HEIGHT="42" CONTENT="be," />
            <SP ID="SP_51441" HPOS="729" VPOS="1752" WIDTH="18" HEIGHT="0" />
            <String ID="Word_57121" HPOS="747" VPOS="1753" WIDTH="46" HEIGHT="40" CONTENT="in" />
            <SP ID="SP_51442" HPOS="793" VPOS="1751" WIDTH="15" HEIGHT="0" />
            <String ID="Word_57122" HPOS="808" VPOS="1751" WIDTH="268" HEIGHT="55" CONTENT="disposition," />
            <SP ID="SP_51443" HPOS="1076" VPOS="1750" WIDTH="17" HEIGHT="0" />
            <String ID="Word_57123" HPOS="1093" VPOS="1750" WIDTH="264" HEIGHT="42" CONTENT="moderately" />
            <SP ID="SP_51444" HPOS="1357" VPOS="1750" WIDTH="17" HEIGHT="0" />
            <String ID="Word_57124" HPOS="1374" VPOS="1750" WIDTH="271" HEIGHT="42" CONTENT="affectionate" />
            <SP ID="SP_51445" HPOS="1645" VPOS="1750" WIDTH="19" HEIGHT="0" />
            <String ID="Word_57125" HPOS="1664" VPOS="1750" WIDTH="85" HEIGHT="41" CONTENT="and" />
            <SP ID="SP_51446" HPOS="1749" VPOS="1750" WIDTH="14" HEIGHT="0" />
            <String ID="Word_57126" HPOS="1763" VPOS="1764" WIDTH="194" HEIGHT="42" CONTENT="manage-" />
          </TextLine>
          <TextLine ID="TextLine_5685" HPOS="348" VPOS="1820" WIDTH="1612" HEIGHT="57">
            <String ID="Word_57127" HPOS="348" VPOS="1821" WIDTH="95" HEIGHT="42" CONTENT="able" />
            <SP ID="SP_51447" HPOS="443" VPOS="1821" WIDTH="15" HEIGHT="0" />
            <String ID="Word_57128" HPOS="458" VPOS="1837" WIDTH="10" HEIGHT="36" CONTENT=";" />
            <SP ID="SP_51448" HPOS="468" VPOS="1821" WIDTH="31" HEIGHT="0" />
            <String ID="Word_57129" HPOS="499" VPOS="1821" WIDTH="73" HEIGHT="42" CONTENT="the" />
            <SP ID="SP_51449" HPOS="572" VPOS="1821" WIDTH="23" HEIGHT="0" />
            <String ID="Word_57130" HPOS="595" VPOS="1836" WIDTH="95" HEIGHT="28" CONTENT="case" />
            <SP ID="SP_51450" HPOS="690" VPOS="1835" WIDTH="22" HEIGHT="0" />
            <String ID="Word_57131" HPOS="712" VPOS="1836" WIDTH="100" HEIGHT="41" CONTENT="may" />
            <SP ID="SP_51451" HPOS="812" VPOS="1822" WIDTH="23" HEIGHT="0" />
            <String ID="Word_57132" HPOS="835" VPOS="1822" WIDTH="52" HEIGHT="41" CONTENT="be" />
            <SP ID="SP_51452" HPOS="887" VPOS="1822" WIDTH="32" HEIGHT="0" />
            <String ID="Word_57133" HPOS="919" VPOS="1835" WIDTH="79" HEIGHT="28" CONTENT="one" />
            <SP ID="SP_51453" HPOS="998" VPOS="1821" WIDTH="32" HEIGHT="0" />
            <String ID="Word_57134" HPOS="1030" VPOS="1821" WIDTH="45" HEIGHT="41" CONTENT="in" />
            <SP ID="SP_51454" HPOS="1075" VPOS="1820" WIDTH="24" HEIGHT="0" />
            <String ID="Word_57135" HPOS="1099" VPOS="1820" WIDTH="140" HEIGHT="42" CONTENT="which" />
            <SP ID="SP_51455" HPOS="1239" VPOS="1820" WIDTH="32" HEIGHT="0" />
            <String ID="Word_57136" HPOS="1271" VPOS="1820" WIDTH="73" HEIGHT="42" CONTENT="the" />
            <SP ID="SP_51456" HPOS="1344" VPOS="1820" WIDTH="33" HEIGHT="0" />
            <String ID="Word_57137" HPOS="1377" VPOS="1820" WIDTH="304" HEIGHT="42" CONTENT="development" />
            <SP ID="SP_51457" HPOS="1681" VPOS="1820" WIDTH="31" HEIGHT="0" />
            <String ID="Word_57138" HPOS="1712" VPOS="1820" WIDTH="43" HEIGHT="42" CONTENT="of" />
            <SP ID="SP_51458" HPOS="1755" VPOS="1820" WIDTH="31" HEIGHT="0" />
            <String ID="Word_57139" HPOS="1786" VPOS="1820" WIDTH="174" HEIGHT="52" CONTENT="Speech," />
          </TextLine>
          <TextLine ID="TextLine_5686" HPOS="348" VPOS="1890" WIDTH="1615" HEIGHT="58">
            <String ID="Word_57140" HPOS="348" VPOS="1892" WIDTH="165" HEIGHT="55" CONTENT="though" />
            <SP ID="SP_51459" HPOS="513" VPOS="1892" WIDTH="30" HEIGHT="0" />
            <String ID="Word_57141" HPOS="543" VPOS="1893" WIDTH="139" HEIGHT="55" CONTENT="tardy," />
            <SP ID="SP_51460" HPOS="682" VPOS="1892" WIDTH="22" HEIGHT="0" />
            <String ID="Word_57142" HPOS="704" VPOS="1892" WIDTH="89" HEIGHT="41" CONTENT="will" />
            <SP ID="SP_51461" HPOS="793" VPOS="1892" WIDTH="23" HEIGHT="0" />
            <String ID="Word_57143" HPOS="816" VPOS="1892" WIDTH="46" HEIGHT="41" CONTENT="in" />
            <SP ID="SP_51462" HPOS="862" VPOS="1892" WIDTH="32" HEIGHT="0" />
            <String ID="Word_57144" HPOS="894" VPOS="1892" WIDTH="74" HEIGHT="41" CONTENT="the" />
            <SP ID="SP_51463" HPOS="968" VPOS="1892" WIDTH="32" HEIGHT="0" />
            <String ID="Word_57145" HPOS="1000" VPOS="1892" WIDTH="102" HEIGHT="41" CONTENT="long" />
            <SP ID="SP_51464" HPOS="1102" VPOS="1892" WIDTH="25" HEIGHT="0" />
            <String ID="Word_57146" HPOS="1127" VPOS="1905" WIDTH="82" HEIGHT="28" CONTENT="run" />
            <SP ID="SP_51465" HPOS="1209" VPOS="1891" WIDTH="32" HEIGHT="0" />
            <String ID="Word_57147" HPOS="1241" VPOS="1891" WIDTH="52" HEIGHT="42" CONTENT="be" />
            <SP ID="SP_51466" HPOS="1293" VPOS="1891" WIDTH="32" HEIGHT="0" />
            <String ID="Word_57148" HPOS="1325" VPOS="1891" WIDTH="283" HEIGHT="42" CONTENT="satisfactory." />
            <SP ID="SP_51467" HPOS="1608" VPOS="1890" WIDTH="62" HEIGHT="0" />
            <String ID="Word_57149" HPOS="1670" VPOS="1890" WIDTH="75" HEIGHT="42" CONTENT="All" />
            <SP ID="SP_51468" HPOS="1745" VPOS="1890" WIDTH="23" HEIGHT="0" />
            <String ID="Word_57150" HPOS="1768" VPOS="1891" WIDTH="94" HEIGHT="41" CONTENT="that" />
            <SP ID="SP_51469" HPOS="1862" VPOS="1891" WIDTH="32" HEIGHT="0" />
            <String ID="Word_57151" HPOS="1894" VPOS="1891" WIDTH="69" HEIGHT="41" CONTENT="the" />
          </TextLine>
          <TextLine ID="TextLine_5687" HPOS="349" VPOS="1960" WIDTH="1615" HEIGHT="57">
            <String ID="Word_57152" HPOS="349" VPOS="1962" WIDTH="229" HEIGHT="54" CONTENT="physician" />
            <SP ID="SP_51470" HPOS="578" VPOS="1962" WIDTH="21" HEIGHT="0" />
            <String ID="Word_57153" HPOS="599" VPOS="1963" WIDTH="109" HEIGHT="42" CONTENT="need" />
            <SP ID="SP_51471" HPOS="708" VPOS="1962" WIDTH="23" HEIGHT="0" />
            <String ID="Word_57154" HPOS="731" VPOS="1962" WIDTH="66" HEIGHT="42" CONTENT="do," />
            <SP ID="SP_51472" HPOS="797" VPOS="1962" WIDTH="24" HEIGHT="0" />
            <String ID="Word_57155" HPOS="821" VPOS="1962" WIDTH="46" HEIGHT="42" CONTENT="in" />
            <SP ID="SP_51473" HPOS="867" VPOS="1962" WIDTH="22" HEIGHT="0" />
            <String ID="Word_57156" HPOS="889" VPOS="1962" WIDTH="106" HEIGHT="42" CONTENT="such" />
            <SP ID="SP_51474" HPOS="995" VPOS="1962" WIDTH="32" HEIGHT="0" />
            <String ID="Word_57157" HPOS="1027" VPOS="1976" WIDTH="24" HEIGHT="27" CONTENT="a" />
            <SP ID="SP_51475" HPOS="1051" VPOS="1975" WIDTH="32" HEIGHT="0" />
            <String ID="Word_57158" HPOS="1083" VPOS="1975" WIDTH="106" HEIGHT="28" CONTENT="case," />
            <SP ID="SP_51476" HPOS="1189" VPOS="1961" WIDTH="22" HEIGHT="0" />
            <String ID="Word_57159" HPOS="1211" VPOS="1961" WIDTH="36" HEIGHT="42" CONTENT="is" />
            <SP ID="SP_51477" HPOS="1247" VPOS="1961" WIDTH="32" HEIGHT="0" />
            <String ID="Word_57160" HPOS="1279" VPOS="1965" WIDTH="44" HEIGHT="37" CONTENT="to" />
            <SP ID="SP_51478" HPOS="1323" VPOS="1961" WIDTH="31" HEIGHT="0" />
            <String ID="Word_57161" HPOS="1354" VPOS="1961" WIDTH="272" HEIGHT="42" CONTENT="recommend" />
            <SP ID="SP_51479" HPOS="1626" VPOS="1961" WIDTH="26" HEIGHT="0" />
            <String ID="Word_57162" HPOS="1652" VPOS="1961" WIDTH="208" HEIGHT="54" CONTENT="patience," />
            <SP ID="SP_51480" HPOS="1860" VPOS="1960" WIDTH="23" HEIGHT="0" />
            <String ID="Word_57163" HPOS="1883" VPOS="1960" WIDTH="81" HEIGHT="42" CONTENT="and" />
          </TextLine>
          <TextLine ID="TextLine_5688" HPOS="351" VPOS="2029" WIDTH="1613" HEIGHT="59">
            <String ID="Word_57164" HPOS="351" VPOS="2031" WIDTH="74" HEIGHT="42" CONTENT="the" />
            <SP ID="SP_51481" HPOS="425" VPOS="2031" WIDTH="23" HEIGHT="0" />
            <String ID="Word_57165" HPOS="448" VPOS="2035" WIDTH="362" HEIGHT="39" CONTENT="encouragement" />
            <SP ID="SP_51482" HPOS="810" VPOS="2032" WIDTH="22" HEIGHT="0" />
            <String ID="Word_57166" HPOS="832" VPOS="2032" WIDTH="44" HEIGHT="41" CONTENT="of" />
            <SP ID="SP_51483" HPOS="876" VPOS="2031" WIDTH="22" HEIGHT="0" />
            <String ID="Word_57167" HPOS="898" VPOS="2031" WIDTH="72" HEIGHT="42" CONTENT="the" />
            <SP ID="SP_51484" HPOS="970" VPOS="2030" WIDTH="25" HEIGHT="0" />
            <String ID="Word_57168" HPOS="995" VPOS="2030" WIDTH="115" HEIGHT="43" CONTENT="child" />
            <SP ID="SP_51485" HPOS="1110" VPOS="2030" WIDTH="23" HEIGHT="0" />
            <String ID="Word_57169" HPOS="1133" VPOS="2031" WIDTH="46" HEIGHT="40" CONTENT="in" />
            <SP ID="SP_51486" HPOS="1179" VPOS="2031" WIDTH="23" HEIGHT="0" />
            <String ID="Word_57170" HPOS="1202" VPOS="2031" WIDTH="58" HEIGHT="41" CONTENT="its" />
            <SP ID="SP_51487" HPOS="1260" VPOS="2031" WIDTH="22" HEIGHT="0" />
            <String ID="Word_57171" HPOS="1282" VPOS="2034" WIDTH="206" HEIGHT="38" CONTENT="attempts" />
            <SP ID="SP_51488" HPOS="1488" VPOS="2034" WIDTH="32" HEIGHT="0" />
            <String ID="Word_57172" HPOS="1520" VPOS="2034" WIDTH="44" HEIGHT="37" CONTENT="to" />
            <SP ID="SP_51489" HPOS="1564" VPOS="2030" WIDTH="32" HEIGHT="0" />
            <String ID="Word_57173" HPOS="1596" VPOS="2030" WIDTH="144" HEIGHT="42" CONTENT="speak." />
            <SP ID="SP_51490" HPOS="1740" VPOS="2030" WIDTH="63" HEIGHT="0" />
            <String ID="Word_57174" HPOS="1803" VPOS="2030" WIDTH="45" HEIGHT="40" CONTENT="It" />
            <SP ID="SP_51491" HPOS="1848" VPOS="2029" WIDTH="31" HEIGHT="0" />
            <String ID="Word_57175" HPOS="1879" VPOS="2029" WIDTH="85" HEIGHT="41" CONTENT="will" />
          </TextLine>
          <TextLine ID="TextLine_5689" HPOS="352" VPOS="2099" WIDTH="1613" HEIGHT="54">
            <String ID="Word_57176" HPOS="352" VPOS="2101" WIDTH="53" HEIGHT="43" CONTENT="be" />
            <SP ID="SP_51492" HPOS="405" VPOS="2101" WIDTH="37" HEIGHT="0" />
            <String ID="Word_57177" HPOS="442" VPOS="2102" WIDTH="110" HEIGHT="51" CONTENT="well," />
            <SP ID="SP_51493" HPOS="552" VPOS="2102" WIDTH="23" HEIGHT="0" />
            <String ID="Word_57178" HPOS="575" VPOS="2107" WIDTH="45" HEIGHT="37" CONTENT="at" />
            <SP ID="SP_51494" HPOS="620" VPOS="2103" WIDTH="31" HEIGHT="0" />
            <String ID="Word_57179" HPOS="651" VPOS="2103" WIDTH="74" HEIGHT="41" CONTENT="the" />
            <SP ID="SP_51495" HPOS="725" VPOS="2103" WIDTH="32" HEIGHT="0" />
            <String ID="Word_57180" HPOS="757" VPOS="2116" WIDTH="116" HEIGHT="28" CONTENT="same" />
            <SP ID="SP_51496" HPOS="873" VPOS="2102" WIDTH="23" HEIGHT="0" />
            <String ID="Word_57181" HPOS="896" VPOS="2102" WIDTH="119" HEIGHT="41" CONTENT="time," />
            <SP ID="SP_51497" HPOS="1015" VPOS="2102" WIDTH="20" HEIGHT="0" />
            <String ID="Word_57182" HPOS="1035" VPOS="2105" WIDTH="45" HEIGHT="37" CONTENT="to" />
            <SP ID="SP_51498" HPOS="1080" VPOS="2101" WIDTH="23" HEIGHT="0" />
            <String ID="Word_57183" HPOS="1103" VPOS="2101" WIDTH="197" HEIGHT="42" CONTENT="examine" />
            <SP ID="SP_51499" HPOS="1300" VPOS="2101" WIDTH="31" HEIGHT="0" />
            <String ID="Word_57184" HPOS="1331" VPOS="2101" WIDTH="74" HEIGHT="41" CONTENT="the" />
            <SP ID="SP_51500" HPOS="1405" VPOS="2100" WIDTH="31" HEIGHT="0" />
            <String ID="Word_57185" HPOS="1436" VPOS="2100" WIDTH="165" HEIGHT="42" CONTENT="mouth," />
            <SP ID="SP_51501" HPOS="1601" VPOS="2100" WIDTH="21" HEIGHT="0" />
            <String ID="Word_57186" HPOS="1622" VPOS="2101" WIDTH="47" HEIGHT="40" CONTENT="in" />
            <SP ID="SP_51502" HPOS="1669" VPOS="2099" WIDTH="22" HEIGHT="0" />
            <String ID="Word_57187" HPOS="1691" VPOS="2099" WIDTH="123" HEIGHT="42" CONTENT="order" />
            <SP ID="SP_51503" HPOS="1814" VPOS="2099" WIDTH="22" HEIGHT="0" />
            <String ID="Word_57188" HPOS="1836" VPOS="2104" WIDTH="42" HEIGHT="37" CONTENT="to" />
            <SP ID="SP_51504" HPOS="1878" VPOS="2104" WIDTH="23" HEIGHT="0" />
            <String ID="Word_57189" HPOS="1901" VPOS="2114" WIDTH="64" HEIGHT="27" CONTENT="see" />
          </TextLine>
          <TextLine ID="TextLine_5690" HPOS="352" VPOS="2169" WIDTH="1611" HEIGHT="57">
            <String ID="Word_57190" HPOS="352" VPOS="2171" WIDTH="35" HEIGHT="41" CONTENT="if" />
            <SP ID="SP_51505" HPOS="387" VPOS="2171" WIDTH="22" HEIGHT="0" />
            <String ID="Word_57191" HPOS="409" VPOS="2171" WIDTH="120" HEIGHT="42" CONTENT="there" />
            <SP ID="SP_51506" HPOS="529" VPOS="2171" WIDTH="23" HEIGHT="0" />
            <String ID="Word_57192" HPOS="552" VPOS="2171" WIDTH="52" HEIGHT="42" CONTENT="be" />
            <SP ID="SP_51507" HPOS="604" VPOS="2171" WIDTH="22" HEIGHT="0" />
            <String ID="Word_57193" HPOS="626" VPOS="2185" WIDTH="86" HEIGHT="41" CONTENT="any" />
            <SP ID="SP_51508" HPOS="712" VPOS="2170" WIDTH="22" HEIGHT="0" />
            <String ID="Word_57194" HPOS="734" VPOS="2170" WIDTH="293" HEIGHT="56" CONTENT="peculiarities" />
            <SP ID="SP_51509" HPOS="1027" VPOS="2170" WIDTH="32" HEIGHT="0" />
            <String ID="Word_57195" HPOS="1059" VPOS="2170" WIDTH="132" HEIGHT="42" CONTENT="about" />
            <SP ID="SP_51510" HPOS="1191" VPOS="2170" WIDTH="27" HEIGHT="0" />
            <String ID="Word_57196" HPOS="1218" VPOS="2170" WIDTH="73" HEIGHT="42" CONTENT="the" />
            <SP ID="SP_51511" HPOS="1291" VPOS="2170" WIDTH="35" HEIGHT="0" />
            <String ID="Word_57197" HPOS="1326" VPOS="2170" WIDTH="102" HEIGHT="42" CONTENT="Oral" />
            <SP ID="SP_51512" HPOS="1428" VPOS="2170" WIDTH="32" HEIGHT="0" />
            <String ID="Word_57198" HPOS="1460" VPOS="2170" WIDTH="244" HEIGHT="42" CONTENT="Structures" />
            <SP ID="SP_51513" HPOS="1704" VPOS="2169" WIDTH="37" HEIGHT="0" />
            <String ID="Word_57199" HPOS="1741" VPOS="2169" WIDTH="96" HEIGHT="41" CONTENT="that" />
            <SP ID="SP_51514" HPOS="1837" VPOS="2169" WIDTH="33" HEIGHT="0" />
            <String ID="Word_57200" HPOS="1870" VPOS="2182" WIDTH="93" HEIGHT="41" CONTENT="may" />
          </TextLine>
          <TextLine ID="TextLine_5691" HPOS="353" VPOS="2238" WIDTH="1612" HEIGHT="58">
            <String ID="Word_57201" HPOS="353" VPOS="2242" WIDTH="53" HEIGHT="42" CONTENT="be" />
            <SP ID="SP_51515" HPOS="406" VPOS="2242" WIDTH="21" HEIGHT="0" />
            <String ID="Word_57202" HPOS="427" VPOS="2242" WIDTH="257" HEIGHT="42" CONTENT="interfering" />
            <SP ID="SP_51516" HPOS="684" VPOS="2242" WIDTH="22" HEIGHT="0" />
            <String ID="Word_57203" HPOS="706" VPOS="2248" WIDTH="104" HEIGHT="35" CONTENT="with" />
            <SP ID="SP_51517" HPOS="810" VPOS="2241" WIDTH="25" HEIGHT="0" />
            <String ID="Word_57204" HPOS="835" VPOS="2241" WIDTH="274" HEIGHT="42" CONTENT="articulation" />
            <SP ID="SP_51518" HPOS="1109" VPOS="2241" WIDTH="19" HEIGHT="0" />
            <String ID="Word_57205" HPOS="1128" VPOS="2256" WIDTH="9" HEIGHT="37" CONTENT=";" />
            <SP ID="SP_51519" HPOS="1137" VPOS="2240" WIDTH="31" HEIGHT="0" />
            <String ID="Word_57206" HPOS="1168" VPOS="2240" WIDTH="209" HEIGHT="42" CONTENT="although" />
            <SP ID="SP_51520" HPOS="1377" VPOS="2240" WIDTH="22" HEIGHT="0" />
            <String ID="Word_57207" HPOS="1399" VPOS="2241" WIDTH="35" HEIGHT="40" CONTENT="it" />
            <SP ID="SP_51521" HPOS="1434" VPOS="2241" WIDTH="24" HEIGHT="0" />
            <String ID="Word_57208" HPOS="1458" VPOS="2243" WIDTH="115" HEIGHT="38" CONTENT="must" />
            <SP ID="SP_51522" HPOS="1573" VPOS="2240" WIDTH="23" HEIGHT="0" />
            <String ID="Word_57209" HPOS="1596" VPOS="2240" WIDTH="50" HEIGHT="41" CONTENT="be" />
            <SP ID="SP_51523" HPOS="1646" VPOS="2238" WIDTH="22" HEIGHT="0" />
            <String ID="Word_57210" HPOS="1668" VPOS="2238" WIDTH="297" HEIGHT="49" CONTENT="remembered," />
          </TextLine>
          <TextLine ID="TextLine_5692" HPOS="355" VPOS="2308" WIDTH="1610" HEIGHT="59">
            <String ID="Word_57211" HPOS="355" VPOS="2313" WIDTH="107" HEIGHT="50" CONTENT="that," />
            <SP ID="SP_51524" HPOS="462" VPOS="2313" WIDTH="33" HEIGHT="0" />
            <String ID="Word_57212" HPOS="495" VPOS="2317" WIDTH="123" HEIGHT="37" CONTENT="apart" />
            <SP ID="SP_51525" HPOS="618" VPOS="2313" WIDTH="34" HEIGHT="0" />
            <String ID="Word_57213" HPOS="652" VPOS="2313" WIDTH="111" HEIGHT="41" CONTENT="from" />
            <SP ID="SP_51526" HPOS="763" VPOS="2311" WIDTH="43" HEIGHT="0" />
            <String ID="Word_57214" HPOS="806" VPOS="2311" WIDTH="204" HEIGHT="42" CONTENT="Hare-lip" />
            <SP ID="SP_51527" HPOS="1010" VPOS="2311" WIDTH="33" HEIGHT="0" />
            <String ID="Word_57215" HPOS="1043" VPOS="2311" WIDTH="84" HEIGHT="41" CONTENT="and" />
            <SP ID="SP_51528" HPOS="1127" VPOS="2310" WIDTH="38" HEIGHT="0" />
            <String ID="Word_57216" HPOS="1165" VPOS="2310" WIDTH="290" HEIGHT="56" CONTENT="Split-palate," />
            <SP ID="SP_51529" HPOS="1455" VPOS="2309" WIDTH="32" HEIGHT="0" />
            <String ID="Word_57217" HPOS="1487" VPOS="2309" WIDTH="287" HEIGHT="56" CONTENT="peculiarities" />
            <SP ID="SP_51530" HPOS="1774" VPOS="2309" WIDTH="31" HEIGHT="0" />
            <String ID="Word_57218" HPOS="1805" VPOS="2310" WIDTH="43" HEIGHT="40" CONTENT="of" />
            <SP ID="SP_51531" HPOS="1848" VPOS="2308" WIDTH="37" HEIGHT="0" />
            <String ID="Word_57219" HPOS="1885" VPOS="2309" WIDTH="80" HEIGHT="41" CONTENT="this" />
          </TextLine>
          <TextLine ID="TextLine_5693" HPOS="356" VPOS="2383" WIDTH="758" HEIGHT="55">
            <String ID="Word_57220" HPOS="356" VPOS="2383" WIDTH="108" HEIGHT="41" CONTENT="kind" />
            <SP ID="SP_51532" HPOS="464" VPOS="2383" WIDTH="23" HEIGHT="0" />
            <String ID="Word_57221" HPOS="487" VPOS="2397" WIDTH="69" HEIGHT="28" CONTENT="are" />
            <SP ID="SP_51533" HPOS="556" VPOS="2383" WIDTH="23" HEIGHT="0" />
            <String ID="Word_57222" HPOS="579" VPOS="2383" WIDTH="57" HEIGHT="55" CONTENT="by" />
            <SP ID="SP_51534" HPOS="636" VPOS="2383" WIDTH="23" HEIGHT="0" />
            <String ID="Word_57223" HPOS="659" VPOS="2397" WIDTH="55" HEIGHT="27" CONTENT="no" />
            <SP ID="SP_51535" HPOS="714" VPOS="2396" WIDTH="22" HEIGHT="0" />
            <String ID="Word_57224" HPOS="736" VPOS="2396" WIDTH="148" HEIGHT="28" CONTENT="means" />
            <SP ID="SP_51536" HPOS="884" VPOS="2396" WIDTH="22" HEIGHT="0" />
            <String ID="Word_57225" HPOS="906" VPOS="2396" WIDTH="208" HEIGHT="28" CONTENT="common." />
          </TextLine>
          <TextLine ID="TextLine_5694" HPOS="417" VPOS="2451" WIDTH="1550" HEIGHT="58">
            <String ID="Word_57226" HPOS="417" VPOS="2454" WIDTH="53" HEIGHT="40" CONTENT="In" />
            <SP ID="SP_51537" HPOS="470" VPOS="2454" WIDTH="24" HEIGHT="0" />
            <String ID="Word_57227" HPOS="494" VPOS="2467" WIDTH="126" HEIGHT="29" CONTENT="every" />
            <SP ID="SP_51538" HPOS="620" VPOS="2466" WIDTH="24" HEIGHT="0" />
            <String ID="Word_57228" HPOS="644" VPOS="2467" WIDTH="94" HEIGHT="28" CONTENT="case" />
            <SP ID="SP_51539" HPOS="738" VPOS="2453" WIDTH="23" HEIGHT="0" />
            <String ID="Word_57229" HPOS="761" VPOS="2453" WIDTH="47" HEIGHT="41" CONTENT="of" />
            <SP ID="SP_51540" HPOS="808" VPOS="2452" WIDTH="27" HEIGHT="0" />
            <String ID="Word_57230" HPOS="835" VPOS="2452" WIDTH="233" HEIGHT="42" CONTENT="dumbness" />
            <SP ID="SP_51541" HPOS="1068" VPOS="2452" WIDTH="23" HEIGHT="0" />
            <String ID="Word_57231" HPOS="1091" VPOS="2453" WIDTH="45" HEIGHT="40" CONTENT="in" />
            <SP ID="SP_51542" HPOS="1136" VPOS="2453" WIDTH="24" HEIGHT="0" />
            <String ID="Word_57232" HPOS="1160" VPOS="2466" WIDTH="24" HEIGHT="27" CONTENT="a" />
            <SP ID="SP_51543" HPOS="1184" VPOS="2451" WIDTH="31" HEIGHT="0" />
            <String ID="Word_57233" HPOS="1215" VPOS="2451" WIDTH="127" HEIGHT="43" CONTENT="child," />
            <SP ID="SP_51544" HPOS="1342" VPOS="2451" WIDTH="24" HEIGHT="0" />
            <String ID="Word_57234" HPOS="1366" VPOS="2452" WIDTH="73" HEIGHT="42" CONTENT="the" />
            <SP ID="SP_51545" HPOS="1439" VPOS="2452" WIDTH="39" HEIGHT="0" />
            <String ID="Word_57235" HPOS="1478" VPOS="2457" WIDTH="82" HEIGHT="37" CONTENT="two" />
            <SP ID="SP_51546" HPOS="1560" VPOS="2455" WIDTH="36" HEIGHT="0" />
            <String ID="Word_57236" HPOS="1596" VPOS="2455" WIDTH="111" HEIGHT="38" CONTENT="most" />
            <SP ID="SP_51547" HPOS="1707" VPOS="2451" WIDTH="32" HEIGHT="0" />
            <String ID="Word_57237" HPOS="1739" VPOS="2451" WIDTH="228" HEIGHT="54" CONTENT="important" />
          </TextLine>
          <TextLine ID="TextLine_5695" HPOS="357" VPOS="2519" WIDTH="1609" HEIGHT="58">
            <String ID="Word_57238" HPOS="357" VPOS="2523" WIDTH="224" HEIGHT="54" CONTENT="questions" />
            <SP ID="SP_51548" HPOS="581" VPOS="2523" WIDTH="23" HEIGHT="0" />
            <String ID="Word_57239" HPOS="604" VPOS="2523" WIDTH="95" HEIGHT="41" CONTENT="that" />
            <SP ID="SP_51549" HPOS="699" VPOS="2522" WIDTH="21" HEIGHT="0" />
            <String ID="Word_57240" HPOS="720" VPOS="2522" WIDTH="75" HEIGHT="42" CONTENT="the" />
            <SP ID="SP_51550" HPOS="795" VPOS="2521" WIDTH="21" HEIGHT="0" />
            <String ID="Word_57241" HPOS="816" VPOS="2521" WIDTH="227" HEIGHT="55" CONTENT="physician" />
            <SP ID="SP_51551" HPOS="1043" VPOS="2521" WIDTH="23" HEIGHT="0" />
            <String ID="Word_57242" HPOS="1066" VPOS="2521" WIDTH="88" HEIGHT="42" CONTENT="will" />
            <SP ID="SP_51552" HPOS="1154" VPOS="2521" WIDTH="24" HEIGHT="0" />
            <String ID="Word_57243" HPOS="1178" VPOS="2522" WIDTH="52" HEIGHT="41" CONTENT="be" />
            <SP ID="SP_51553" HPOS="1230" VPOS="2522" WIDTH="23" HEIGHT="0" />
            <String ID="Word_57244" HPOS="1253" VPOS="2522" WIDTH="137" HEIGHT="41" CONTENT="called" />
            <SP ID="SP_51554" HPOS="1390" VPOS="2522" WIDTH="23" HEIGHT="0" />
            <String ID="Word_57245" HPOS="1413" VPOS="2535" WIDTH="114" HEIGHT="41" CONTENT="upon" />
            <SP ID="SP_51555" HPOS="1527" VPOS="2525" WIDTH="33" HEIGHT="0" />
            <String ID="Word_57246" HPOS="1560" VPOS="2525" WIDTH="44" HEIGHT="37" CONTENT="to" />
            <SP ID="SP_51556" HPOS="1604" VPOS="2519" WIDTH="32" HEIGHT="0" />
            <String ID="Word_57247" HPOS="1636" VPOS="2519" WIDTH="160" HEIGHT="43" CONTENT="decide," />
            <SP ID="SP_51557" HPOS="1796" VPOS="2519" WIDTH="21" HEIGHT="0" />
            <String ID="Word_57248" HPOS="1817" VPOS="2533" WIDTH="68" HEIGHT="27" CONTENT="are" />
            <SP ID="SP_51558" HPOS="1885" VPOS="2533" WIDTH="20" HEIGHT="0" />
            <String ID="Word_57249" HPOS="1905" VPOS="2535" WIDTH="61" HEIGHT="24" CONTENT=":" />
          </TextLine>
          <TextLine ID="TextLine_5696" HPOS="361" VPOS="2590" WIDTH="1605" HEIGHT="57">
            <String ID="Word_57250" HPOS="361" VPOS="2591" WIDTH="74" HEIGHT="55" CONTENT="(1.)" />
            <SP ID="SP_51559" HPOS="435" VPOS="2591" WIDTH="26" HEIGHT="0" />
            <String ID="Word_57251" HPOS="461" VPOS="2592" WIDTH="45" HEIGHT="41" CONTENT="Is" />
            <SP ID="SP_51560" HPOS="506" VPOS="2591" WIDTH="21" HEIGHT="0" />
            <String ID="Word_57252" HPOS="527" VPOS="2591" WIDTH="75" HEIGHT="43" CONTENT="the" />
            <SP ID="SP_51561" HPOS="602" VPOS="2591" WIDTH="23" HEIGHT="0" />
            <String ID="Word_57253" HPOS="625" VPOS="2591" WIDTH="117" HEIGHT="43" CONTENT="child" />
            <SP ID="SP_51562" HPOS="742" VPOS="2590" WIDTH="25" HEIGHT="0" />
            <String ID="Word_57254" HPOS="767" VPOS="2590" WIDTH="199" HEIGHT="42" CONTENT="imbecile" />
            <SP ID="SP_51563" HPOS="966" VPOS="2590" WIDTH="21" HEIGHT="0" />
            <String ID="Word_57255" HPOS="987" VPOS="2591" WIDTH="14" HEIGHT="39" CONTENT="?" />
            <SP ID="SP_51564" HPOS="1001" VPOS="2591" WIDTH="62" HEIGHT="0" />
            <String ID="Word_57256" HPOS="1063" VPOS="2591" WIDTH="76" HEIGHT="53" CONTENT="(2.)" />
            <SP ID="SP_51565" HPOS="1139" VPOS="2591" WIDTH="35" HEIGHT="0" />
            <String ID="Word_57257" HPOS="1174" VPOS="2591" WIDTH="44" HEIGHT="40" CONTENT="Is" />
            <SP ID="SP_51566" HPOS="1218" VPOS="2591" WIDTH="34" HEIGHT="0" />
            <String ID="Word_57258" HPOS="1252" VPOS="2591" WIDTH="36" HEIGHT="40" CONTENT="it" />
            <SP ID="SP_51567" HPOS="1288" VPOS="2590" WIDTH="38" HEIGHT="0" />
            <String ID="Word_57259" HPOS="1326" VPOS="2590" WIDTH="97" HEIGHT="41" CONTENT="deaf" />
            <SP ID="SP_51568" HPOS="1423" VPOS="2590" WIDTH="19" HEIGHT="0" />
            <String ID="Word_57260" HPOS="1442" VPOS="2592" WIDTH="14" HEIGHT="39" CONTENT="?" />
            <SP ID="SP_51569" HPOS="1456" VPOS="2590" WIDTH="63" HEIGHT="0" />
            <String ID="Word_57261" HPOS="1519" VPOS="2590" WIDTH="52" HEIGHT="40" CONTENT="In" />
            <SP ID="SP_51570" HPOS="1571" VPOS="2590" WIDTH="23" HEIGHT="0" />
            <String ID="Word_57262" HPOS="1594" VPOS="2603" WIDTH="130" HEIGHT="40" CONTENT="many" />
            <SP ID="SP_51571" HPOS="1724" VPOS="2602" WIDTH="23" HEIGHT="0" />
            <String ID="Word_57263" HPOS="1747" VPOS="2602" WIDTH="126" HEIGHT="35" CONTENT="cases," />
            <SP ID="SP_51572" HPOS="1873" VPOS="2601" WIDTH="21" HEIGHT="0" />
            <String ID="Word_57264" HPOS="1894" VPOS="2601" WIDTH="72" HEIGHT="26" CONTENT="un-" />
          </TextLine>
          <TextLine ID="TextLine_5697" HPOS="359" VPOS="2657" WIDTH="1606" HEIGHT="59">
            <String ID="Word_57265" HPOS="359" VPOS="2660" WIDTH="280" HEIGHT="56" CONTENT="fortunately," />
            <SP ID="SP_51573" HPOS="639" VPOS="2660" WIDTH="21" HEIGHT="0" />
            <String ID="Word_57266" HPOS="660" VPOS="2660" WIDTH="74" HEIGHT="41" CONTENT="the" />
            <SP ID="SP_51574" HPOS="734" VPOS="2659" WIDTH="22" HEIGHT="0" />
            <String ID="Word_57267" HPOS="756" VPOS="2659" WIDTH="261" HEIGHT="42" CONTENT="indications" />
            <SP ID="SP_51575" HPOS="1017" VPOS="2659" WIDTH="23" HEIGHT="0" />
            <String ID="Word_57268" HPOS="1040" VPOS="2660" WIDTH="46" HEIGHT="40" CONTENT="of" />
            <SP ID="SP_51576" HPOS="1086" VPOS="2660" WIDTH="27" HEIGHT="0" />
            <String ID="Word_57269" HPOS="1113" VPOS="2660" WIDTH="241" HEIGHT="41" CONTENT="imbecility" />
            <SP ID="SP_51577" HPOS="1354" VPOS="2659" WIDTH="24" HEIGHT="0" />
            <String ID="Word_57270" HPOS="1378" VPOS="2659" WIDTH="89" HEIGHT="42" CONTENT="will" />
            <SP ID="SP_51578" HPOS="1467" VPOS="2659" WIDTH="23" HEIGHT="0" />
            <String ID="Word_57271" HPOS="1490" VPOS="2660" WIDTH="49" HEIGHT="41" CONTENT="be" />
            <SP ID="SP_51579" HPOS="1539" VPOS="2658" WIDTH="24" HEIGHT="0" />
            <String ID="Word_57272" HPOS="1563" VPOS="2658" WIDTH="102" HEIGHT="42" CONTENT="only" />
            <SP ID="SP_51580" HPOS="1665" VPOS="2658" WIDTH="22" HEIGHT="0" />
            <String ID="Word_57273" HPOS="1687" VPOS="2663" WIDTH="70" HEIGHT="36" CONTENT="too" />
            <SP ID="SP_51581" HPOS="1757" VPOS="2657" WIDTH="32" HEIGHT="0" />
            <String ID="Word_57274" HPOS="1789" VPOS="2657" WIDTH="176" HEIGHT="42" CONTENT="evident." />
          </TextLine>
          <TextLine ID="TextLine_5698" HPOS="359" VPOS="2722" WIDTH="1608" HEIGHT="63">
            <String ID="Word_57275" HPOS="359" VPOS="2730" WIDTH="90" HEIGHT="41" CONTENT="The" />
            <SP ID="SP_51582" HPOS="449" VPOS="2729" WIDTH="38" HEIGHT="0" />
            <String ID="Word_57276" HPOS="487" VPOS="2729" WIDTH="117" HEIGHT="42" CONTENT="child" />
            <SP ID="SP_51583" HPOS="604" VPOS="2729" WIDTH="31" HEIGHT="0" />
            <String ID="Word_57277" HPOS="635" VPOS="2744" WIDTH="99" HEIGHT="26" CONTENT="may" />
            <SP ID="SP_51584" HPOS="734" VPOS="2729" WIDTH="37" HEIGHT="0" />
            <String ID="Word_57278" HPOS="771" VPOS="2729" WIDTH="110" HEIGHT="41" CONTENT="have" />
            <SP ID="SP_51585" HPOS="881" VPOS="2729" WIDTH="33" HEIGHT="0" />
            <String ID="Word_57279" HPOS="914" VPOS="2743" WIDTH="24" HEIGHT="27" CONTENT="a" />
            <SP ID="SP_51586" HPOS="938" VPOS="2733" WIDTH="33" HEIGHT="0" />
            <String ID="Word_57280" HPOS="971" VPOS="2733" WIDTH="155" HEIGHT="37" CONTENT="vacant" />
            <SP ID="SP_51587" HPOS="1126" VPOS="2729" WIDTH="33" HEIGHT="0" />
            <String ID="Word_57281" HPOS="1159" VPOS="2729" WIDTH="259" HEIGHT="55" CONTENT="expression," />
            <SP ID="SP_51588" HPOS="1418" VPOS="2729" WIDTH="32" HEIGHT="0" />
            <String ID="Word_57282" HPOS="1450" VPOS="2729" WIDTH="45" HEIGHT="40" CONTENT="in" />
            <SP ID="SP_51589" HPOS="1495" VPOS="2729" WIDTH="38" HEIGHT="0" />
            <String ID="Word_57283" HPOS="1533" VPOS="2742" WIDTH="115" HEIGHT="28" CONTENT="some" />
            <SP ID="SP_51590" HPOS="1648" VPOS="2741" WIDTH="35" HEIGHT="0" />
            <String ID="Word_57284" HPOS="1683" VPOS="2741" WIDTH="116" HEIGHT="28" CONTENT="cases" />
            <SP ID="SP_51591" HPOS="1799" VPOS="2722" WIDTH="34" HEIGHT="0" />
            <String ID="Word_57285" HPOS="1833" VPOS="2722" WIDTH="134" HEIGHT="57" CONTENT="torpid" />
          </TextLine>
          <TextLine ID="TextLine_5699" HPOS="360" VPOS="2791" WIDTH="1609" HEIGHT="65">
            <String ID="Word_57286" HPOS="360" VPOS="2800" WIDTH="86" HEIGHT="43" CONTENT="and" />
            <SP ID="SP_51592" HPOS="446" VPOS="2800" WIDTH="36" HEIGHT="0" />
            <String ID="Word_57287" HPOS="482" VPOS="2800" WIDTH="181" HEIGHT="56" CONTENT="passive," />
            <SP ID="SP_51593" HPOS="663" VPOS="2800" WIDTH="23" HEIGHT="0" />
            <String ID="Word_57288" HPOS="686" VPOS="2800" WIDTH="46" HEIGHT="41" CONTENT="in" />
            <SP ID="SP_51594" HPOS="732" VPOS="2799" WIDTH="34" HEIGHT="0" />
            <String ID="Word_57289" HPOS="766" VPOS="2799" WIDTH="145" HEIGHT="42" CONTENT="others" />
            <SP ID="SP_51595" HPOS="911" VPOS="2798" WIDTH="35" HEIGHT="0" />
            <String ID="Word_57290" HPOS="946" VPOS="2798" WIDTH="172" HEIGHT="42" CONTENT="restless" />
            <SP ID="SP_51596" HPOS="1118" VPOS="2798" WIDTH="34" HEIGHT="0" />
            <String ID="Word_57291" HPOS="1152" VPOS="2798" WIDTH="83" HEIGHT="42" CONTENT="and" />
            <SP ID="SP_51597" HPOS="1235" VPOS="2798" WIDTH="30" HEIGHT="0" />
            <String ID="Word_57292" HPOS="1265" VPOS="2803" WIDTH="74" HEIGHT="50" CONTENT="yet" />
            <SP ID="SP_51598" HPOS="1339" VPOS="2798" WIDTH="22" HEIGHT="0" />
            <String ID="Word_57293" HPOS="1361" VPOS="2798" WIDTH="269" HEIGHT="55" CONTENT="purposeless" />
            <SP ID="SP_51599" HPOS="1630" VPOS="2798" WIDTH="19" HEIGHT="0" />
            <String ID="Word_57294" HPOS="1649" VPOS="2813" WIDTH="8" HEIGHT="37" CONTENT=";" />
            <SP ID="SP_51600" HPOS="1657" VPOS="2797" WIDTH="32" HEIGHT="0" />
            <String ID="Word_57295" HPOS="1689" VPOS="2802" WIDTH="118" HEIGHT="36" CONTENT="often" />
            <SP ID="SP_51601" HPOS="1807" VPOS="2796" WIDTH="22" HEIGHT="0" />
            <String ID="Word_57296" HPOS="1829" VPOS="2796" WIDTH="33" HEIGHT="40" CONTENT="it" />
            <SP ID="SP_51602" HPOS="1862" VPOS="2791" WIDTH="22" HEIGHT="0" />
            <String ID="Word_57297" HPOS="1884" VPOS="2791" WIDTH="85" HEIGHT="43" CONTENT="will" />
          </TextLine>
          <TextLine ID="TextLine_5700" HPOS="359" VPOS="2863" WIDTH="1608" HEIGHT="64">
            <String ID="Word_57298" HPOS="359" VPOS="2873" WIDTH="53" HEIGHT="42" CONTENT="be" />
            <SP ID="SP_51603" HPOS="412" VPOS="2871" WIDTH="31" HEIGHT="0" />
            <String ID="Word_57299" HPOS="443" VPOS="2871" WIDTH="199" HEIGHT="43" CONTENT="reported" />
            <SP ID="SP_51604" HPOS="642" VPOS="2871" WIDTH="31" HEIGHT="0" />
            <String ID="Word_57300" HPOS="673" VPOS="2871" WIDTH="96" HEIGHT="41" CONTENT="that" />
            <SP ID="SP_51605" HPOS="769" VPOS="2870" WIDTH="32" HEIGHT="0" />
            <String ID="Word_57301" HPOS="801" VPOS="2870" WIDTH="73" HEIGHT="42" CONTENT="the" />
            <SP ID="SP_51606" HPOS="874" VPOS="2869" WIDTH="33" HEIGHT="0" />
            <String ID="Word_57302" HPOS="907" VPOS="2869" WIDTH="117" HEIGHT="42" CONTENT="child" />
            <SP ID="SP_51607" HPOS="1024" VPOS="2869" WIDTH="25" HEIGHT="0" />
            <String ID="Word_57303" HPOS="1049" VPOS="2869" WIDTH="36" HEIGHT="42" CONTENT="is" />
            <SP ID="SP_51608" HPOS="1085" VPOS="2869" WIDTH="32" HEIGHT="0" />
            <String ID="Word_57304" HPOS="1117" VPOS="2869" WIDTH="243" HEIGHT="55" CONTENT="passionate" />
            <SP ID="SP_51609" HPOS="1360" VPOS="2869" WIDTH="33" HEIGHT="0" />
            <String ID="Word_57305" HPOS="1393" VPOS="2869" WIDTH="85" HEIGHT="41" CONTENT="and" />
            <SP ID="SP_51610" HPOS="1478" VPOS="2866" WIDTH="31" HEIGHT="0" />
            <String ID="Word_57306" HPOS="1509" VPOS="2866" WIDTH="362" HEIGHT="56" CONTENT="unmanageable;" />
            <SP ID="SP_51611" HPOS="1871" VPOS="2863" WIDTH="29" HEIGHT="0" />
            <String ID="Word_57307" HPOS="1900" VPOS="2863" WIDTH="67" HEIGHT="41" CONTENT="the" />
          </TextLine>
          <TextLine ID="TextLine_5701" HPOS="359" VPOS="2935" WIDTH="1610" HEIGHT="64">
            <String ID="Word_57308" HPOS="359" VPOS="2948" WIDTH="177" HEIGHT="51" CONTENT="parents" />
            <SP ID="SP_51612" HPOS="536" VPOS="2948" WIDTH="21" HEIGHT="0" />
            <String ID="Word_57309" HPOS="557" VPOS="2956" WIDTH="100" HEIGHT="28" CONTENT="may" />
            <SP ID="SP_51613" HPOS="657" VPOS="2941" WIDTH="23" HEIGHT="0" />
            <String ID="Word_57310" HPOS="680" VPOS="2941" WIDTH="110" HEIGHT="42" CONTENT="have" />
            <SP ID="SP_51614" HPOS="790" VPOS="2941" WIDTH="24" HEIGHT="0" />
            <String ID="Word_57311" HPOS="814" VPOS="2941" WIDTH="108" HEIGHT="42" CONTENT="been" />
            <SP ID="SP_51615" HPOS="922" VPOS="2939" WIDTH="22" HEIGHT="0" />
            <String ID="Word_57312" HPOS="944" VPOS="2939" WIDTH="144" HEIGHT="43" CONTENT="forced" />
            <SP ID="SP_51616" HPOS="1088" VPOS="2939" WIDTH="23" HEIGHT="0" />
            <String ID="Word_57313" HPOS="1111" VPOS="2944" WIDTH="43" HEIGHT="37" CONTENT="to" />
            <SP ID="SP_51617" HPOS="1154" VPOS="2939" WIDTH="33" HEIGHT="0" />
            <String ID="Word_57314" HPOS="1187" VPOS="2953" WIDTH="177" HEIGHT="28" CONTENT="observe" />
            <SP ID="SP_51618" HPOS="1364" VPOS="2938" WIDTH="36" HEIGHT="0" />
            <String ID="Word_57315" HPOS="1400" VPOS="2938" WIDTH="57" HEIGHT="42" CONTENT="its" />
            <SP ID="SP_51619" HPOS="1457" VPOS="2938" WIDTH="31" HEIGHT="0" />
            <String ID="Word_57316" HPOS="1488" VPOS="2938" WIDTH="203" HEIGHT="55" CONTENT="inability" />
            <SP ID="SP_51620" HPOS="1691" VPOS="2938" WIDTH="32" HEIGHT="0" />
            <String ID="Word_57317" HPOS="1723" VPOS="2942" WIDTH="43" HEIGHT="36" CONTENT="to" />
            <SP ID="SP_51621" HPOS="1766" VPOS="2935" WIDTH="32" HEIGHT="0" />
            <String ID="Word_57318" HPOS="1798" VPOS="2935" WIDTH="171" HEIGHT="42" CONTENT="interest" />
          </TextLine>
          <TextLine ID="TextLine_5702" HPOS="359" VPOS="3002" WIDTH="1610" HEIGHT="62">
            <String ID="Word_57319" HPOS="359" VPOS="3014" WIDTH="124" HEIGHT="43" CONTENT="itself" />
            <SP ID="SP_51622" HPOS="483" VPOS="3014" WIDTH="18" HEIGHT="0" />
            <String ID="Word_57320" HPOS="501" VPOS="3028" WIDTH="46" HEIGHT="28" CONTENT="so" />
            <SP ID="SP_51623" HPOS="547" VPOS="3012" WIDTH="21" HEIGHT="0" />
            <String ID="Word_57321" HPOS="568" VPOS="3012" WIDTH="130" HEIGHT="43" CONTENT="much" />
            <SP ID="SP_51624" HPOS="698" VPOS="3012" WIDTH="23" HEIGHT="0" />
            <String ID="Word_57322" HPOS="721" VPOS="3026" WIDTH="46" HEIGHT="29" CONTENT="as" />
            <SP ID="SP_51625" HPOS="767" VPOS="3011" WIDTH="22" HEIGHT="0" />
            <String ID="Word_57323" HPOS="789" VPOS="3011" WIDTH="122" HEIGHT="43" CONTENT="other" />
            <SP ID="SP_51626" HPOS="911" VPOS="3009" WIDTH="22" HEIGHT="0" />
            <String ID="Word_57324" HPOS="933" VPOS="3009" WIDTH="193" HEIGHT="43" CONTENT="children" />
            <SP ID="SP_51627" HPOS="1126" VPOS="3009" WIDTH="24" HEIGHT="0" />
            <String ID="Word_57325" HPOS="1150" VPOS="3010" WIDTH="43" HEIGHT="41" CONTENT="in" />
            <SP ID="SP_51628" HPOS="1193" VPOS="3010" WIDTH="27" HEIGHT="0" />
            <String ID="Word_57326" HPOS="1220" VPOS="3014" WIDTH="94" HEIGHT="37" CONTENT="toys" />
            <SP ID="SP_51629" HPOS="1314" VPOS="3008" WIDTH="23" HEIGHT="0" />
            <String ID="Word_57327" HPOS="1337" VPOS="3008" WIDTH="84" HEIGHT="42" CONTENT="and" />
            <SP ID="SP_51630" HPOS="1421" VPOS="3008" WIDTH="23" HEIGHT="0" />
            <String ID="Word_57328" HPOS="1444" VPOS="3008" WIDTH="125" HEIGHT="55" CONTENT="play;" />
            <SP ID="SP_51631" HPOS="1569" VPOS="3007" WIDTH="31" HEIGHT="0" />
            <String ID="Word_57329" HPOS="1600" VPOS="3007" WIDTH="84" HEIGHT="42" CONTENT="and" />
            <SP ID="SP_51632" HPOS="1684" VPOS="3007" WIDTH="26" HEIGHT="0" />
            <String ID="Word_57330" HPOS="1710" VPOS="3007" WIDTH="36" HEIGHT="41" CONTENT="it" />
            <SP ID="SP_51633" HPOS="1746" VPOS="3007" WIDTH="23" HEIGHT="0" />
            <String ID="Word_57331" HPOS="1769" VPOS="3018" WIDTH="95" HEIGHT="41" CONTENT="may" />
            <SP ID="SP_51634" HPOS="1864" VPOS="3002" WIDTH="22" HEIGHT="0" />
            <String ID="Word_57332" HPOS="1886" VPOS="3015" WIDTH="83" HEIGHT="29" CONTENT="also" />
          </TextLine>
          <TextLine ID="TextLine_5703" HPOS="359" VPOS="3081" WIDTH="711" HEIGHT="50">
            <String ID="Word_57333" HPOS="359" VPOS="3086" WIDTH="51" HEIGHT="44" CONTENT="be" />
            <SP ID="SP_51635" HPOS="410" VPOS="3085" WIDTH="23" HEIGHT="0" />
            <String ID="Word_57334" HPOS="433" VPOS="3085" WIDTH="194" HEIGHT="43" CONTENT="heedless" />
            <SP ID="SP_51636" HPOS="627" VPOS="3085" WIDTH="24" HEIGHT="0" />
            <String ID="Word_57335" HPOS="651" VPOS="3098" WIDTH="44" HEIGHT="28" CONTENT="as" />
            <SP ID="SP_51637" HPOS="695" VPOS="3087" WIDTH="22" HEIGHT="0" />
            <String ID="Word_57336" HPOS="717" VPOS="3087" WIDTH="43" HEIGHT="39" CONTENT="to" />
            <SP ID="SP_51638" HPOS="760" VPOS="3081" WIDTH="23" HEIGHT="0" />
            <String ID="Word_57337" HPOS="783" VPOS="3081" WIDTH="287" HEIGHT="45" CONTENT="evacuations." />
          </TextLine>
        </TextBlock>
      </PrintSpace>
    </Page>
  </Layout>
</alto>
