2107 3450
789 270 162 30 VISUAL
986 270 204 31 APHASTA.

1740 260 85 40 351

162 381 41 43 It
224 396 151 29 seems,
393 396 55 28 on
474 381 73 43 the
572 380 152 43 whole,
743 383 43 39 to
810 379 52 42 be
885 378 210 57 probable
1122 379 95 42 that
1242 379 74 42 the
1337 379 266 42 word-blind
1628 379 195 56 patients

164 453 95 41 who
287 467 70 28 are
391 452 97 42 able
524 458 42 36 to
600 451 111 56 spell
746 454 76 39 out
848 450 139 42 words
1010 464 56 27 on
1090 450 104 42 thus
1230 451 180 55 making
1443 450 194 56 tracings
1671 450 47 42 of
1749 449 74 43 the

161 524 153 43 letters
351 524 158 43 belong
545 529 45 38 to
626 523 75 43 the
736 536 204 43 category
963 522 44 42 of
1045 522 123 43 those
1206 522 143 43 whose
1389 522 370 43 word-blindness
1788 523 38 41 is

162 597 97 42 due,
283 602 77 37 not
393 603 43 35 to
470 597 74 41 the
577 595 272 43 destruction
880 596 45 40 of
957 594 73 43 the
1055 600 148 38 centre
1229 594 45 43 C,
1298 595 79 42 but
1404 599 44 38 to
1473 595 75 42 the
1571 595 174 42 cutting
1767 595 64 42 off

161 669 45 41 of
228 669 98 42 that
348 674 147 36 centre
520 668 111 41 from
656 667 57 42 its
737 667 271 43 connexions
1035 667 106 41 with
1167 667 74 42 the
1264 667 197 56 primary
1486 667 142 42 visual
1654 672 173 37 centres

162 741 45 41 in
233 741 73 42 the
330 740 203 43 occipital
554 740 131 42 lobes.
751 739 55 42 In
824 739 109 43 such
951 740 208 55 patients,
1179 739 74 43 the
1271 740 168 42 revival
1463 740 44 42 of
1530 739 74 43 the
1626 740 201 56 graphic-

163 818 140 37 motor
325 813 164 55 images
515 817 46 37 at
583 812 42 42 D
650 826 54 28 no
729 811 138 43 doubt
889 812 166 42 excites
1079 826 24 28 a
1126 811 168 43 revival
1320 812 45 42 of
1388 811 75 44 the
1487 812 341 56 corresponding

165 885 141 42 visual
338 885 164 56 imnges
535 889 46 38 at
614 883 46 44 C,
683 884 86 42 and
793 884 104 42 thus
922 884 74 42 the
1020 884 167 42 mental
1211 884 273 42 recognition
1508 885 48 41 of
1576 884 74 42 the
1674 884 153 42 letters

163 958 37 42 is
233 958 209 42 rendered
479 972 113 27 easy.
659 958 90 41 The
783 957 114 42 clear
931 957 258 42 distinction
1227 957 195 43 between
1459 957 74 43 the
1559 962 85 38 two
1667 971 161 29 classes

165 1030 45 42 of
231 1029 270 43 word-blind
524 1029 193 57 patients
741 1029 78 42 has
844 1029 108 43 been
980 1030 124 42 made
1138 1044 46 28 so
1217 1029 198 43 recently
1439 1030 97 41 that
1560 1029 37 43 it
1619 1030 36 42 is
1680 1044 46 28 as
1753 1036 76 50 yet

166 1102 254 56 impossible
455 1107 44 37 to
534 1116 76 29 say
636 1103 34 41 if
704 1102 46 42 in
788 1117 84 27 any
896 1116 97 28 case
1030 1102 237 56 belonging
1304 1107 43 37 to
1381 1102 72 42 the
1478 1102 111 42 class
1614 1102 43 42 in
1687 1103 142 41 which

171 1175 365 42 word-blindness
571 1175 35 42 is
639 1175 85 42 due
749 1180 43 37 to
816 1175 273 42 destruction
1113 1176 47 41 of
1190 1175 74 42 the
1289 1179 146 38 centre
1461 1175 33 42 C
1519 1176 31 40 it
1577 1175 35 43 is
1638 1175 191 56 possible

170 1251 62 38 for
266 1247 73 43 the
373 1248 170 54 patient
576 1252 44 37 to
647 1247 109 42 spell
783 1251 77 38 out
882 1247 153 42 letters
1059 1261 54 27 on
1139 1247 171 42 tracing
1333 1247 121 42 them
1476 1247 45 41 in
1550 1247 72 42 the
1646 1248 73 41 air.
1786 1248 44 41 It

167 1333 140 29 seems
331 1334 106 42 very
459 1319 219 56 probable,
701 1319 213 43 however,
938 1319 97 42 that
1068 1319 60 42 all
1164 1320 73 41 the
1270 1320 193 55 patients
1489 1319 97 43 who
1620 1334 81 28 can
1726 1320 104 42 thus

167 1391 113 56 spell
303 1396 77 37 out
401 1391 152 43 letters
577 1391 158 56 belong
759 1396 43 37 to
827 1391 73 42 the
924 1391 126 42 other
1072 1391 123 50 class,
1229 1391 144 42 whose
1399 1392 371 43 word-blindness
1793 1392 37 43 is

168 1462 84 43 due
295 1469 44 35 to
376 1463 74 42 the
494 1463 174 42 cutting
711 1463 64 41 off
812 1462 45 43 of
895 1463 74 42 the
1016 1463 140 42 visual
1204 1463 288 42 word-centre
1539 1463 33 43 C
1617 1464 112 41 from
1772 1464 58 43 its

166 1533 269 42 connexions
485 1533 106 42 with
640 1534 75 42 the
762 1534 198 55 primary
1004 1534 142 42 visual
1191 1540 170 36 centres
1409 1535 44 40 in
1501 1535 74 42 the
1625 1535 204 56 occipital

164 1605 134 43 lobes.

197 1779 129 42 Mind
357 1778 228 43 Blindness
616 1778 246 57 {Psychical
896 1780 244 57 Blindness)
1171 1782 231 42 sometimes
1437 1783 230 42 associated
1697 1788 108 38 with

809 1852 391 44 Word-Blindness.

228 1973 54 42 In
315 1987 26 28 a
373 1974 84 42 few
490 1987 95 28 rare
618 1987 119 28 cases
770 1973 45 42 of
854 1974 383 52 word-blindness,
1270 1976 258 55 experience
1568 1977 77 42 has
1681 1978 152 43 shown

169 2046 97 42 that
297 2046 75 43 the
404 2046 173 56 patient
606 2052 78 36 not
714 2046 104 57 only
850 2047 99 42 fails
982 2052 43 37 to
1060 2048 222 55 recognise
1315 2049 141 42 words
1492 2050 126 42 when
1653 2051 54 43 he
1740 2066 94 29 sees

170 2119 132 51 them,
335 2119 81 42 but
448 2118 91 43 also
573 2118 101 44 fails
710 2124 42 38 to
787 2120 223 56 recognise
1046 2120 190 42 familiar
1269 2122 176 56 objects.
1510 2123 73 43 He
1622 2138 114 42 may,
1770 2125 66 42 for

168 2191 213 57 example,
416 2191 188 42 mistake
639 2206 24 26 a
702 2192 126 42 basin
861 2193 64 41 for
963 2207 24 27 a
1020 2192 319 57 chamber-pot,
1374 2209 49 27 or
1455 2210 25 27 a
1514 2195 322 45 handkerchief

169 2264 67 42 for
273 2278 25 28 a
335 2263 157 54 towel;
534 2263 86 43 and
657 2278 54 28 on
750 2265 149 56 seeing
937 2279 54 28 an
1030 2266 202 43 intimate
1269 2267 144 43 friend
1449 2268 55 43 he
1540 2284 101 41 may
1679 2270 76 42 fail
1791 2275 44 38 to

169 2336 221 57 recognise
412 2336 92 42 him
532 2336 113 42 until
669 2337 54 42 he
746 2337 125 43 hears
894 2337 93 42 him
1012 2338 145 56 speak.
1223 2339 105 43 This
1352 2340 225 43 condition
1602 2342 37 42 is
1673 2342 161 43 known

170 2425 46 26 as
251 2409 372 43 mind-blindness
657 2409 383 56 (Seelenblindheit,
1072 2412 118 41 cecite
1226 2413 258 57 -psychiqiic).
1551 2414 284 54 Essentially,

170 2482 36 41 it
228 2481 36 43 is
288 2481 210 56 probably
518 2481 45 43 of
586 2482 74 43 the
684 2496 119 30 same
824 2488 154 38 nature
997 2497 46 29 as
1064 2484 381 44 word-blindness.
1512 2486 45 44 It
1574 2502 153 39 seems,
1745 2489 91 43 like

174 2553 378 53 word-blindness,
576 2560 43 37 to
644 2555 52 43 be
723 2555 86 43 due
845 2562 42 35 to
914 2555 75 44 the
1023 2556 284 44 obliteration
1330 2558 47 42 of
1406 2559 164 57 images
1604 2560 98 44 that
1724 2561 113 44 have

173 2627 104 42 been
301 2627 146 43 stored
469 2627 46 43 in
539 2627 75 44 the
637 2627 155 58 higher
816 2628 143 43 visual
986 2635 159 38 centre.
1210 2631 63 43 As
1305 2631 75 44 the
1410 2631 309 59 imprintation
1750 2636 86 41 and

170 2705 170 51 storage
358 2700 46 42 of
425 2699 74 44 the
518 2700 164 58 images
700 2701 47 42 of
766 2701 144 57 things
927 2702 103 43 does
1053 2708 79 37 not
1149 2704 173 56 require
1345 2705 110 43 such
1478 2705 115 45 close
1616 2708 220 43 attention

171 2786 47 28 as
241 2771 75 44 the
339 2772 306 56 imprintation
671 2773 86 44 and
780 2779 172 52 storage
975 2776 46 40 of
1050 2776 147 52 words,
1220 2776 75 44 the
1327 2777 165 58 images
1516 2779 45 43 of
1594 2779 149 58 things
1766 2796 71 28 are

173 2844 212 56 probably
428 2845 143 43 stored
621 2845 239 58 efficiently
904 2847 44 42 in
993 2847 106 43 both
1146 2849 298 57 hemispheres
1490 2852 45 42 of
1578 2852 75 44 the
1697 2853 138 45 brain.

172 2917 140 43 There
339 2917 35 42 is
403 2917 225 56 probably,
652 2918 214 54 however,
889 2920 44 41 iti
967 2920 207 44 different
1207 2922 160 53 brains,
1390 2937 120 30 some
1542 2925 217 43 variation
1790 2926 46 42 in

175 2987 87 44 this
286 2994 194 50 respect;
511 2989 121 43 since
655 3004 25 27 a
704 2989 80 44 few
819 3005 119 29 cases
961 2992 45 42 of
1030 2992 236 44 unilateral
1291 2994 138 43 lesion
1456 2995 124 43 have,
1604 2995 22 42 I
1656 2996 182 54 believe,

176 3061 106 43 been
308 3060 203 43 recorded
537 3061 44 42 in
606 3062 143 43 which
773 3077 26 28 a
821 3064 165 42 certain
1011 3064 156 57 degree
1201 3065 45 43 of
1269 3066 377 44 mind-blindness
1671 3068 162 56 (would

176 3139 76 38 not
275 3133 35 43 it
334 3133 51 44 be
409 3133 143 44 better
584 3138 44 38 to
661 3134 86 44 call
779 3135 35 42 it
848 3136 394 57 object-blindness
1260 3140 35 55 ?)
1329 3152 140 29 seems
1503 3144 44 37 to
1581 3139 111 44 have
1726 3141 109 44 been
