1933 3217
1439 276 94 41 223

520 283 215 32 SYNOPSIS
758 283 52 31 OF
836 283 91 30 THE
951 282 227 31 SIMIAD^.

321 414 169 46 blanche,
516 413 152 38 Audeb.
735 413 115 38 Simia
873 414 213 47 hypoleuca,
1117 412 227 47 Cariblanco,
1381 415 148 38 Humb.

322 481 90 37 Obs.
429 481 106 37 Zool.
551 493 34 35 p.
603 480 88 37 356.
739 479 156 48 Sapajou
909 493 105 34 gorge
1030 480 167 46 blanche,
1212 480 132 37 Desm.
1360 481 170 36 Mamm.

321 559 33 36 p.
371 547 60 37 85.
466 546 115 37 Black
600 559 12 32 ;
629 548 111 44 front,
753 547 93 35 sides
859 547 40 35 of
910 546 60 36 the
983 547 105 43 head,
1100 552 132 40 throat,
1246 548 72 35 and
1332 547 202 47 shouldei’s,

323 615 122 34 white.
494 612 166 37 Inhabits
680 612 154 37 Guiana.

165 683 134 37 Plate
331 678 130 37 XXII
535 678 57 36 16.
623 677 42 38 C.
698 690 225 33 monachus.
952 677 270 48 Large-headed
1251 677 156 48 Sapajou
1477 679 54 36 Le

321 758 52 24 sai
391 758 21 22 a
427 757 117 35 grosse
563 750 91 40 tete,
679 743 119 38 Cebus
816 745 212 44 monachus,
1041 744 49 36 F.
1108 744 99 36 Cuv.
1223 744 109 36 Hist.
1346 744 101 36 Nat.
1464 745 68 36 des

322 810 201 37 Mammif.
577 810 40 37 A
648 812 162 34 mixture
840 812 40 35 of
906 812 107 34 black
1044 811 71 35 and
1144 812 138 44 bro^vn,
1315 811 216 36 irregularly

322 878 173 46 disposed,
517 889 124 24 covers
661 877 61 36 the
741 878 93 35 back
852 878 72 35 and
943 878 91 35 sides
1051 890 12 31 ;
1091 878 131 44 breast,
1244 877 113 47 belly,
1382 878 92 35 sides
1493 880 36 34 of

320 949 63 29 the
401 942 146 45 cheeks,
565 944 71 34 and
655 950 158 29 anterior
831 950 78 40 part
929 945 39 34 of
991 956 91 31 arm,
1106 944 291 46 whitish-orange
1414 956 12 32 ;
1452 945 76 36 fore

314 1015 108 34 arms,
449 1002 134 49 thighs,
614 1003 72 36 and
714 1003 78 45 tail,
819 1003 133 45 black;
979 1016 22 22 a
1022 1003 100 37 short
1140 1004 108 36 black
1266 1004 140 45 beard;
1433 1004 94 37 head

316 1067 109 37 large.
481 1067 138 37 Native
638 1081 154 35 country
806 1069 199 35 unknown.

346 1131 194 29 Sometimes
560 1132 110 29 varied
684 1140 43 21 on
741 1134 57 27 the
812 1140 105 29 upper
929 1140 91 29 parts
1034 1131 80 29 with
1130 1131 106 29 white.
1280 1131 182 30 Described
1486 1133 38 36 by

382 1180 36 31 F.
435 1181 117 31 Cuvier
564 1181 84 30 from
663 1191 21 21 a
696 1182 101 38 living
809 1182 178 38 specimen.

447 1273 138 38 Genus
606 1274 106 37 XXI
784 1274 230 45 Callithrix,
1034 1274 168 38 Cuvier.

207 1352 82 38 The
307 1353 93 37 head
418 1355 117 35 round
550 1367 12 32 ;
582 1366 140 24 muzzle
741 1354 128 46 short;
889 1354 104 36 facial
1008 1367 105 23 angle
1126 1360 110 30 about
1248 1354 83 36 60°.
1372 1353 149 49 Separa-

149 1423 83 33 tion
251 1421 40 35 of
314 1426 63 30 the
404 1421 145 36 nostrils
576 1433 179 23 narrower
775 1427 88 29 than
882 1427 63 29 the
963 1433 109 34 range
1092 1421 41 36 of
1156 1427 62 29 the
1248 1433 112 35 upper
1379 1422 139 46 cutting

153 1485 103 37 teeth
274 1499 12 32 ;
318 1485 66 37 tail
414 1485 102 48 long,
546 1486 157 48 entirely
733 1486 115 47 hairy,
880 1493 66 30 not
971 1488 229 46 prehensile;
1233 1487 92 36 nails
1352 1487 164 40 straight,

152 1552 128 45 raised,
299 1552 71 35 and
388 1552 198 36 somewhat
604 1564 195 24 claw-like.
862 1551 169 37 Animals
1051 1553 40 34 of
1104 1552 106 35 small
1226 1565 81 22 size.

153 1615 135 39 Plate
309 1615 155 38 XXIII
538 1617 31 37 1.
592 1617 40 38 C.
654 1630 204 32 sciureus.
881 1617 162 38 Squirrel
1071 1617 199 45 callithrix,
1294 1630 41 24 or
1359 1616 159 38 Siamin.

313 1681 113 38 Simia
452 1683 149 45 sciurea,
624 1681 123 37 Linn.
763 1695 16 31 ;
810 1680 159 47 Siamiri,
996 1679 152 38 Audeb.
1164 1693 17 31 ;
1201 1680 49 36 F.
1274 1679 100 37 Cuv.
1402 1680 100 35 Hist
1514 1701 8 8 •

310 1747 102 36 Nat.
431 1761 16 30 ;
466 1748 134 35 Desm.
623 1748 168 36 Mamm.
847 1746 76 37 Titi
942 1748 44 34 de
1004 1744 241 48 I’Oronoque,
1259 1744 150 36 Humb.
1427 1745 89 36 Obs.

313 1813 106 36 Zool.
445 1814 24 34 i.
498 1813 73 36 322
601 1815 71 34 and
699 1812 90 40 257.
849 1811 132 38 Sagoin
1008 1812 147 43 siamiri,
1185 1811 134 35 Desm.
1348 1811 168 34 Mamm.

311 1891 34 34 p.
372 1879 60 36 86.
489 1878 307 48 Grayish-biown,
818 1878 90 35 with
926 1890 21 22 a
968 1877 109 35 black
1100 1888 139 23 muzzle
1254 1888 12 31 *,
1295 1876 222 35 extremities

312 1944 119 35 bright
448 1944 170 45 reddish;
636 1943 128 36 length
789 1944 40 35 of
853 1943 62 36 the
943 1944 96 46 body
1057 1954 109 24 seven
1195 1941 123 35 inches
1335 1954 12 31 ;
1373 1941 64 35 tail
1459 1942 56 35 be-

310 2015 119 30 tween
449 2009 157 36 thirteen
625 2010 72 34 and
714 2010 179 34 fourteen.
949 2007 167 37 Inhabits
1135 2006 132 45 Brasil,
1291 2005 183 48 Cayenne.

342 2070 117 31 Varies
477 2072 35 29 in
531 2072 97 38 being
647 2071 138 38 entirely
805 2071 37 30 of
858 2080 62 21 one
940 2070 102 31 shade
1063 2069 37 31 of
1116 2070 126 33 brown,
1270 2068 69 32 and
1359 2068 79 30 with
1458 2069 57 29 the

379 2122 87 30 back
479 2123 108 29 bright
599 2122 134 30 reddish
746 2123 67 29 and
827 2121 109 31 black.

256 2177 38 36 2.
319 2175 43 38 C.
383 2189 265 32 PERsoNATus,
669 2176 154 36 Masked
843 2174 449 38 callithrix—Caliithrix
1308 2171 22 38 5
1349 2185 161 35 masque,

316 2240 117 50 Geroff.
464 2242 111 36 Ann.
609 2242 55 35 du
693 2243 113 35 Mus.
838 2243 77 34 xix.
951 2254 33 35 p.
1019 2240 84 37 113.
1169 2239 115 38 Simia
1311 2252 200 36 personaca,

310 2307 150 38 Humb.
483 2308 88 37 Obs.
593 2309 106 35 Zool.
728 2309 23 35 i.
781 2321 33 35 p.
845 2306 88 38 357.
991 2306 131 37 Sagoin
1148 2319 22 23 a
1195 2319 161 34 masque,
1373 2307 136 35 Desm.

309 2374 168 37 Mamm.
495 2387 34 34 p.
552 2374 59 36 86.
667 2372 328 49 Grayish-yellow;
1018 2373 92 35 bead
1129 2373 72 34 and
1219 2372 63 35 the
1301 2372 81 35 four
1401 2371 115 36 hands

309 2441 108 35 black
434 2453 12 31 ;
466 2440 63 35 tail
546 2440 156 36 reddish.
761 2439 166 37 Inhabits
947 2438 116 36 Brasil
1082 2439 165 35 between
1262 2437 63 36 the
1350 2436 72 37 18*^
1443 2438 67 35 and

309 2506 78 35 21®
403 2506 41 36 of
452 2505 105 37 south
577 2505 165 37 latitude.
