2125 3612
217 253 157 31 POINTS
407 251 46 31 IN
487 249 88 31 THE
607 246 284 33 PHYSIOLOGY
924 247 54 30 OF
1011 245 132 32 VOICK
1176 243 298 33 PRODUCTION.
1620 230 56 43 G3

22 387 116 42 upon
164 373 72 43 the
268 372 146 42 Nerve
447 370 182 43 Centres
652 370 37 41 is
723 382 118 28 more
871 367 245 55 important
1148 364 105 54 still,
1277 364 231 43 inasmuch
1532 378 46 29 as
1602 363 75 43 the

20 459 146 42 power
196 445 45 41 of
272 442 214 55 directing
518 455 87 42 any
639 440 134 43 finely
807 437 304 45 co-ordinated
1144 436 225 42 muscular
1406 442 71 36 act
1510 450 81 29 can
1623 435 55 43 be

20 515 204 56 acquired
256 515 59 41 by
347 514 107 42 such
488 527 170 29 centres
681 512 105 42 only
819 517 113 36 after
964 509 165 44 careful
1162 508 202 57 practice.
1430 508 114 42 That
1571 508 38 42 it
1640 508 37 42 is

19 587 219 56 acquired,
260 587 38 42 is
320 585 265 56 apparently
609 584 96 43 due,
729 587 78 39 not
829 582 106 44 only
958 587 45 38 to
1027 582 75 43 the
1128 581 90 42 fact
1241 580 99 43 that
1363 580 75 43 the
1470 580 208 56 frequent

18 659 236 43 repetition
277 659 47 41 of
351 658 75 42 the
456 662 71 37 act
558 656 252 42 habituates
843 655 75 42 the
951 653 263 44 nerve-cells
1247 658 45 37 to
1326 652 75 43 the
1435 651 242 51 discharge,

18 731 86 42 and
127 730 74 43 the
224 728 283 43 nerve-fibres
530 732 45 38 to
599 727 74 43 the
697 726 280 44 conduction,
995 726 44 43 of
1063 725 74 43 the
1159 723 277 45 nerve-force
1459 724 218 51 required,

16 803 82 42 but
119 802 91 42 also
233 807 44 36 to
300 801 75 42 the
398 800 90 42 fact
511 804 96 38 that
629 798 75 43 the
727 798 225 43 muscular
983 812 126 29 sense
1143 797 89 43 and
1262 797 77 42 the
1372 796 125 42 other
1529 808 149 30 senses

17 873 171 44 excited
220 873 59 42 by
303 872 74 43 the
408 885 301 43 performance
742 871 44 42 of
818 871 77 43 the
928 874 71 40 act
1031 884 201 43 engrave,
1254 869 48 42 in
1329 868 76 44 the
1428 871 249 51 regulating

16 949 182 39 centres,
231 958 24 28 a
285 942 167 57 perfect
487 947 144 38 motor
667 942 173 57 picture
876 943 47 42 of
958 942 75 43 the
1071 942 237 43 act,—this
1340 954 172 43 picture
1544 939 133 53 being

16 1016 152 43 copied
191 1014 87 44 and
300 1015 242 56 imprinted
564 1014 146 44 afresh
733 1015 107 43 each
863 1014 108 43 time
991 1014 76 43 the
1099 1019 72 38 act
1201 1014 38 42 is
1272 1011 236 45 repeated.1
1571 1011 106 42 This

14 1090 113 41 view
151 1087 125 43 helps
299 1101 51 28 us
373 1092 44 37 to
439 1087 274 42 understand
736 1087 75 43 the
832 1087 104 42 long
959 1086 86 43 and
1067 1086 221 42 laborious
1312 1085 194 55 training
1528 1098 150 28 neces-

15 1175 100 28 sary
138 1161 66 42 for
226 1160 74 43 the
323 1159 309 43 development
654 1160 45 41 of
727 1173 25 28 a
774 1160 86 42 fine
883 1160 155 41 singer.
1103 1158 91 43 The
1227 1158 194 55 training
1455 1157 77 42 has
1566 1157 111 42 been

15 1233 259 56 exercising,
301 1237 77 37 not
410 1231 106 43 only
548 1231 70 43 his
649 1231 190 42 muscles
872 1231 87 42 and
991 1244 169 29 nerves,
1185 1231 79 41 but
1295 1244 93 28 also
1422 1229 69 42 his
1524 1243 153 28 nerve-

15 1308 186 39 centres,
217 1303 142 41 which
383 1303 111 41 have
513 1303 110 42 been
641 1302 228 55 acquiring
891 1306 143 37 motor
1067 1302 232 41 memories
1322 1315 48 28 or
1401 1301 207 55 pictures,
1631 1314 47 28 so

15 1376 100 42 well
149 1375 183 52 defined,
362 1374 110 52 that,
493 1375 59 41 by
574 1374 116 42 force
723 1374 49 42 of
798 1373 138 52 habit,
963 1373 107 56 they
1103 1387 81 28 can
1217 1373 53 42 be
1304 1372 186 43 utilized
1522 1372 48 41 in
1602 1372 77 43 the

15 1447 260 56 production
308 1446 45 43 of
384 1461 120 41 song,
528 1446 189 42 without
739 1459 88 29 any
849 1445 138 43 strain
1010 1445 48 42 of
1076 1445 221 42 attention
1320 1459 57 28 on
1400 1445 75 43 the
1501 1451 101 50 part
1634 1445 47 44 of

14 1519 75 43 the
112 1518 145 50 singer
278 1518 130 42 using
430 1518 134 42 them.

74 1591 91 42 The
202 1590 175 43 Timbre
416 1604 47 28 or
501 1590 184 52 Quality
709 1590 48 42 of
790 1589 76 43 the
905 1603 123 29 voice
1067 1588 218 58 probably
1322 1589 198 57 depends
1559 1605 121 28 more

13 1678 120 28 upon
171 1663 75 42 the
283 1662 226 43 condition
549 1662 86 42 and
658 1667 312 37 management
1008 1662 45 42 of
1090 1661 76 43 the
1192 1661 226 57 Pharynx,
1441 1663 88 42 and
1552 1663 128 43 other

14 1749 224 42 accessory
260 1740 120 51 parts
403 1735 108 42 such
534 1749 47 28 as
604 1734 75 43 the
699 1734 104 43 Oral
827 1734 161 56 cavity,
1007 1734 107 42 than
1134 1749 121 42 upon
1279 1734 75 43 the
1378 1735 228 43 condition
1632 1750 49 28 or

13 1812 309 38 management
345 1807 47 42 of
410 1807 76 42 the
509 1807 161 42 larynx
701 1806 132 43 itself.
898 1805 106 58 Any
1027 1806 170 43 disease
1220 1821 48 27 or
1298 1807 316 57 derangement
1636 1809 48 42 of

13 1881 74 42 the
126 1880 209 56 Pharynx
373 1880 38 43 is
448 1885 78 37 apt
562 1884 45 38 to
645 1879 79 43 tell
757 1879 267 56 injuriously
1056 1893 121 42 upon
1210 1879 76 43 the
1319 1880 174 55 quality
1526 1881 46 42 of
1604 1880 75 44 the

13 1953 132 42 voice.
210 1952 45 42 It
276 1951 93 42 will
401 1952 53 42 be
487 1951 111 52 well,
620 1951 216 43 however,
858 1955 45 38 to
936 1965 171 28 reserve
1139 1950 76 43 the
1249 1950 244 44 discussion
1527 1953 48 42 of
1603 1953 76 43 the

13 2024 125 43 vocal
169 2023 310 43 relationships
502 2024 48 41 of
577 2024 75 42 the
675 2023 212 42 Pharynx
910 2022 118 42 until
1061 2037 65 28 we
1155 2037 123 28 come
1310 2028 45 37 to
1389 2025 201 43 consider
1622 2040 58 28 an

14 2096 205 43 affection
252 2096 44 42 of
328 2095 98 43 that
457 2100 101 51 part
590 2095 145 42 which
767 2095 38 43 is
838 2095 46 42 of
915 2109 203 28 common
1151 2109 258 30 occurrence
1448 2097 47 42 in
1528 2098 153 55 public

14 2182 218 43 speakers,
259 2167 93 43 viz.,
383 2167 238 43 Follicular
652 2167 297 56 Pharyngitis,
980 2167 76 43 the
1089 2167 215 56 producer
1336 2169 48 42 of
1413 2169 266 44 Dysphonia

15 2241 279 43 Clericorum,
317 2254 48 28 or
387 2239 299 56 Clergyman's
709 2253 94 29 sore
827 2239 156 43 throat.

76 2312 256 52 Meantime,
354 2310 64 44 let
438 2325 52 29 us
524 2311 202 43 consider
758 2311 125 43 those
916 2311 197 44 troubles
1146 2312 48 43 of
1221 2313 292 56 professional
1536 2315 143 43 voice-

12 2399 122 28 users
166 2384 99 42 that
296 2398 71 28 are
400 2397 120 30 more
552 2383 307 57 immediately
883 2384 245 43 connected
1151 2384 110 44 with
1285 2386 76 43 the
1385 2387 228 43 functions
1636 2388 48 42 of

11 2457 75 43 the
110 2457 174 42 Larynx
308 2456 132 43 itself.

262 2586 245 56 Laryngeal
532 2586 198 43 Troubles
753 2587 52 41 in
827 2586 295 57 Professional
1156 2587 274 45 Voice-users.

72 2691 52 42 A.
159 2691 218 56 Reference
400 2695 38 38 to
461 2691 65 42 the
547 2692 129 55 effects
697 2691 52 56 of
771 2691 213 57 ordinary
1009 2692 243 56 Laryngeal
1269 2693 412 45 Disorders.—Like

12 2763 126 42 other
170 2763 167 56 people,
370 2763 125 43 those
528 2763 98 42 who
662 2777 76 29 use
776 2764 76 43 the
886 2764 123 43 voice
1042 2764 344 56 professionally
1420 2781 71 28 are
1526 2772 77 37 apt
1636 2772 45 37 to

13 2836 131 41 suffer
165 2836 112 41 from
300 2834 243 57 Laryngeal
569 2835 198 53 Catarrh,
789 2850 57 28 an
868 2836 208 43 affection
1099 2837 146 43 which
1269 2839 214 55 produces
1507 2840 175 43 hoarse-

1 2920 113 31 mess
137 2922 46 29 as
207 2922 81 29 one
316 2908 48 42 of
382 2908 58 43 its
462 2913 259 52 symptoms.
786 2909 106 43 This
915 2910 207 43 affection
1146 2910 37 43 is
1208 2911 213 56 specially
1445 2912 169 43 serious
1638 2918 44 37 to

62 2996 14 24 1
102 2995 80 37 The
202 2995 199 37 formation
421 2996 41 35 of
484 2995 91 37 such
595 3000 123 33 motor
735 2997 200 36 memories
956 3009 42 23 or
1025 2998 165 47 pictures
1208 2998 41 36 of
1272 2999 262 37 co-ordinated
1557 3012 126 25 move-

12 3062 124 31 ments
155 3057 30 36 is
204 3056 189 37 discussed
421 3057 51 48 hy
494 3057 50 36 M.
568 3057 134 36 Victor
733 3058 164 36 Horsley
916 3059 41 34 in
983 3071 21 23 a
1024 3071 91 35 very
1133 3059 226 49 interesting
1376 3072 160 24 manner
1554 3061 39 35 in
1613 3074 71 24 one

15 3116 41 38 of
68 3115 61 38 his
147 3122 126 31 recent
291 3129 143 36 papers.

2108 3596 17 16 •i
