1895 3217
283 244 60 40 28

864 256 238 34 MONKEYS.

1852 228 3 19 I

280 380 114 45 than
427 380 63 61 by
520 379 342 49 circumstances
898 385 149 44 which
1081 400 83 29 can
1197 387 54 43 be
1286 388 244 45 accounted
1572 388 77 55 for,

280 457 63 61 by
375 458 80 46 the
484 457 208 47 different
715 459 205 61 physical
949 476 48 30 or
1022 462 142 44 moral
1192 462 199 61 agencies
1423 470 46 39 to
1500 465 149 45 which

279 534 113 61 they
421 535 117 46 have
572 537 113 44 been
720 538 237 59 exposed.”
1069 538 110 45 And
1213 554 69 30 we
1306 554 82 30 can
1412 556 107 45 only
1548 557 104 29 con-

281 611 117 46 sider
429 613 129 45 them
581 612 48 46 in
651 619 79 39 the
766 629 144 30 words
934 613 51 47 of
1009 629 59 31 an
1092 615 202 46 eminent
1318 623 263 48 anatomist,
1604 634 48 31 as

337 689 184 61 equally
544 689 337 61 unacquainted
904 690 115 46 with
1041 697 80 40 the
1149 698 223 40 structure
1402 694 91 45 and
1522 693 131 46 func-

278 771 120 40 tions
443 766 52 46 of
529 782 107 30 men
680 768 91 45 and
814 783 236 47 monkeys,
1097 775 79 41 not
1225 777 265 39 conversant
1538 779 113 37 with

279 858 186 47 zoology
500 845 92 45 and
614 845 281 62 physiology,
928 846 90 45 and
1047 847 218 45 therefore
1290 847 195 62 entirely
1511 849 142 44 desti-

279 927 101 39 tute
417 921 51 46 of
491 928 80 39 the
603 921 237 62 principles
880 939 57 30 on
961 924 150 45 which
1142 940 127 30 alone
1294 940 26 30 a
1344 927 143 43 sound
1514 927 139 60 judg-

279 1005 128 38 ment
425 1014 82 30 can
521 1000 55 44 be
594 999 184 54 formed,
799 1000 261 62 concerning
1075 1007 79 40 the
1171 1003 182 44 natural
1371 1003 281 45 capabilities

279 1076 91 44 and
394 1075 183 62 destiny
600 1075 51 46 of
676 1076 208 55 animals,
910 1092 48 30 as
983 1078 103 44 well
1110 1093 48 29 as
1180 1079 79 43 the
1283 1079 113 45 laws
1420 1079 233 61 according

279 1158 47 39 to
367 1152 150 46 which
555 1159 171 39 certain
765 1168 190 31 changes
995 1153 51 46 of
1082 1154 242 55 character,
1363 1156 169 44 certain
1572 1156 80 44 de-

278 1236 206 53 partures
508 1229 112 46 from
643 1235 79 40 the
746 1230 186 46 original
956 1246 138 40 stock,
1120 1247 110 46 may
1253 1237 107 40 take
1382 1231 204 61 place.”t

345 1307 173 61 Seeing,
537 1313 126 48 then,
683 1314 103 39 that
819 1308 79 45 the
933 1308 287 46 information
1242 1309 182 45 handed
1448 1310 133 44 down
1605 1316 46 38 to

279 1400 54 29 us
367 1385 234 61 regarding
627 1385 92 45 this
749 1400 199 31 singular
982 1384 175 62 family,
1182 1386 82 44 has
1295 1387 112 45 been
1430 1386 48 44 in
1508 1401 144 46 many

279 1459 225 48 instances
547 1463 295 60 exaggerated
881 1463 90 45 and
1004 1462 386 62 misrepresented,
1433 1479 70 30 we
1538 1465 116 44 shall

282 1538 270 54 endeavour,
578 1538 47 45 in
648 1539 79 45 the
750 1538 228 62 following
1000 1554 148 46 pages,
1173 1546 46 38 to
1250 1540 140 45 detail
1414 1540 126 45 what
1571 1556 82 29 can

281 1615 55 45 be
361 1615 232 61 depended
615 1632 136 44 upon,
775 1617 187 60 making
984 1632 80 29 use
1091 1615 51 47 of
1166 1616 81 46 the
1271 1617 262 45 discoveries
1564 1618 90 44 and

282 1707 250 31 researches
556 1693 51 45 of
621 1699 78 39 the
722 1708 185 30 modern
930 1693 264 45 naturalists
1219 1693 101 45 who
1344 1694 117 44 have
1484 1695 171 44 travel-

282 1769 74 45 led
380 1785 148 30 aware
553 1769 50 46 of
618 1770 77 45 the
720 1770 208 45 doubtful
955 1769 164 61 points,
1140 1770 90 45 and
1245 1785 117 30 were
1381 1785 271 39 competent,

283 1848 63 59 by
370 1847 118 45 their
517 1863 206 45 previous
756 1847 187 54 studies,
975 1846 65 46 for
1069 1847 80 45 the
1179 1848 105 44 task
1312 1846 50 46 of
1387 1847 267 62 unraveling

285 1931 157 47 them;
481 1925 137 45 while
651 1931 79 39 the
764 1940 218 46 anatomy
1016 1923 51 48 of
1102 1931 127 39 these
1264 1924 207 54 animals,
1509 1924 148 46 which

286 2003 221 58 approach
539 2008 177 39 nearest
747 2002 47 45 in
829 2002 118 45 their
983 2007 223 40 structure
1239 2007 47 40 to
1322 2002 100 44 that
1457 2001 51 46 of
1532 2017 124 38 man,

287 2078 96 44 will
406 2079 55 43 be
484 2080 140 43 taken
647 2078 112 45 from
783 2085 79 38 the
886 2080 99 43 able
1016 2093 330 30 examinations
1370 2078 148 44 which
1541 2079 117 44 have

287 2156 112 42 been
423 2155 132 43 made
570 2156 62 58 by
648 2154 210 60 Geoffroy
877 2155 129 45 Saint
1031 2154 190 53 Hilaire,
1242 2154 128 44 Fred.
1393 2154 178 53 Cuvier,
1593 2155 65 44 Dr

290 2231 138 53 Trail,
454 2231 90 45 and
566 2231 88 44 last
677 2246 109 45 year
808 2232 62 59 by
894 2231 168 44 Messrs
1087 2230 143 46 Owen
1254 2230 90 44 and
1368 2230 176 45 Yarrel.

354 2309 189 44 Modern
568 2307 231 46 zoologists
822 2307 116 45 have
962 2307 178 60 applied
1163 2313 45 39 to
1231 2306 92 45 this
1350 2306 175 61 family,
1552 2322 105 30 con-

290 2384 159 61 sisting
482 2383 50 47 of
555 2390 93 40 two
681 2391 123 55 great
839 2384 228 55 divisions,
1104 2384 79 45 the
1216 2382 103 46 title
1353 2382 51 46 of
1432 2382 223 52 Quadru-

290 2478 207 37 manous,
523 2477 47 29 or
593 2460 314 54 four-handed,
932 2460 113 46 from
1071 2461 118 45 their
1210 2460 229 62 generally
1461 2475 195 45 possess-

415 2554 21 20 •
459 2552 227 45 Monboddo,
707 2552 200 46 Rousseau,
929 2552 171 38 Lainark.
1269 2554 31 38 +
1324 2551 207 37 LavTence.
