2107 3450
265 313 87 29 THE
389 311 158 31 ACTION
583 310 54 32 OF
668 311 90 30 THK
791 310 168 31 SPKEGU
995 310 199 31 CENTRES
1228 311 44 29 IN
1309 308 227 32 INSANITY.
1647 299 84 41 211

74 433 45 41 iu
160 433 141 41 which
335 432 73 42 the
447 432 171 55 patient
652 439 119 35 often
811 430 214 57 indulges,
1060 430 170 42 besides
1270 430 134 56 being
1437 430 216 42 destitute
1688 430 44 41 of

73 505 217 55 meaning,
308 519 69 27 are
396 511 120 35 often
535 503 264 43 articulated
818 503 44 42 in
887 517 46 29 so
957 502 203 43 slovenly
1178 501 88 43 and
1285 501 187 43 careless
1495 515 24 29 a
1541 515 187 29 manner

73 576 95 42 that
193 576 73 42 the
297 575 248 43 individual
570 575 151 43 words,
745 575 38 42 if
814 576 102 42 they
942 589 71 28 are
1040 574 139 42 words
1213 580 44 35 at
1281 573 73 51 all,
1378 578 163 38 cannot
1566 573 63 43 for
1653 573 75 43 the

70 654 114 36 most
209 652 96 51 part
337 647 53 43 be
421 647 253 43 recognised
698 662 46 27 as
778 647 118 42 such.
963 647 44 41 It
1029 646 36 42 is
1099 660 24 29 a
1156 645 187 43 careless
1376 646 86 42 and
1497 645 230 42 imperfect

71 720 105 41 kind
201 720 45 41 of
269 719 156 55 speech
451 720 98 42 that
570 725 104 50 puts
697 735 81 28 one
800 720 47 42 in
882 719 124 42 mind
1030 720 44 41 of
1107 719 75 42 the
1213 718 207 43 scamped
1444 717 281 43 articulation

69 792 46 40 of
144 791 154 56 killing
319 791 235 43 imbeciles.
619 792 88 42 Yet
729 792 38 42 if
792 791 109 44 such
925 806 25 28 a
973 791 171 57 patient
1168 805 81 29 can
1272 790 55 43 be
1350 789 159 44 roused
1534 794 44 37 to
1603 789 126 55 reply

70 868 43 36 to
149 864 238 55 questions,
423 863 75 43 the
533 864 281 42 articulation
851 865 48 41 of
933 864 69 42 his
1037 863 159 57 replies
1234 878 100 28 may
1373 863 53 43 be
1463 861 182 53 normal,
1681 875 48 28 or

67 934 158 43 almost
247 949 59 29 so.
369 935 139 43 There
531 950 83 38 are,
633 935 214 54 however,
865 936 257 43 exceptions
1145 941 45 37 to
1214 935 90 43 this
1326 934 108 43 rule.
1500 933 55 42 In
1580 931 148 44 Senile

66 1006 239 44 Dementia
343 1007 121 44 there
511 1023 100 42 may
642 1009 52 43 be
740 1008 245 44 noticeable
1029 1023 24 28 a
1087 1012 219 52 paralytic
1345 1006 193 44 slurring
1571 1005 47 41 in
1652 1003 76 44 the

68 1080 204 55 patient's
294 1081 186 55 replies;
511 1082 89 42 and
622 1082 46 42 in
694 1082 73 42 the
791 1081 223 43 dementia
1037 1082 44 41 of
1115 1080 191 44 General
1328 1079 224 57 Paralysis
1577 1077 46 43 of
1652 1077 76 42 the

69 1152 162 42 Insane
256 1152 119 43 there
399 1167 82 39 are,
500 1154 129 42 along
649 1161 107 35 with
776 1153 87 43 this
882 1153 202 56 slurring,
1103 1152 126 42 other
1253 1150 310 57 peculiarities,
1579 1147 147 43 which

67 1223 192 44 indicate
289 1225 98 43 that
423 1226 73 42 the
532 1233 142 36 motor
708 1232 237 50 apparatus
981 1226 47 41 of
1058 1224 285 43 articulation
1378 1223 38 42 is
1452 1235 275 41 undergoing

67 1296 188 57 changes
280 1298 142 42 which
446 1313 72 28 are
541 1298 255 56 paralyzing
819 1299 106 41 both
947 1298 59 42 its
1038 1302 142 37 motor
1203 1311 143 41 power
1379 1295 86 42 and
1488 1295 57 41 its
1578 1307 149 42 power

67 1368 45 43 of
144 1370 310 42 coordination.
520 1371 23 41 I
566 1371 114 42 shall
706 1370 112 43 have
841 1369 251 44 something
1114 1374 44 37 to
1182 1383 78 28 say
1293 1382 136 28 about
1453 1367 122 42 these
1599 1379 126 42 para-

66 1440 109 56 lytic
197 1442 296 55 peculiarities
517 1444 44 41 of
583 1443 159 43 speech
764 1443 48 41 in
844 1443 74 42 the
941 1446 109 39 next
1072 1445 101 52 part
1195 1442 47 41 of
1262 1440 90 43 this
1376 1454 191 41 chapter.
1633 1437 92 42 The

66 1513 219 43 existence
309 1515 47 41 of
384 1515 88 42 this
496 1519 216 52 paralytic
736 1514 193 44 element
950 1514 48 42 in
1029 1514 75 42 the
1138 1512 282 43 articulation
1455 1512 37 42 is
1516 1511 44 42 of
1592 1524 133 43 grave

63 1584 279 57 significance
364 1586 352 57 prognostically.

121 1729 95 42 The
239 1730 215 43 Writing
478 1742 54 31 of
554 1742 90 31 the
667 1730 357 43 Insane.—This
1042 1729 37 43 is
1097 1744 25 28 a
1140 1730 174 43 subject
1336 1728 146 43 which
1505 1727 81 43 has
1611 1727 110 43 been

60 1802 167 42 treated
252 1803 47 41 of
327 1803 58 56 by
409 1802 152 44 Seglas
595 1803 88 43 and
705 1803 148 43 others
887 1807 45 39 at
955 1802 301 44 considerable
1289 1801 166 57 length,
1479 1800 87 43 and
1600 1799 123 43 there

60 1888 71 28 are
149 1889 134 42 many
299 1882 147 49 points
465 1875 47 43 of
530 1876 186 43 interest
732 1876 47 42 in
798 1875 248 44 connexion
1066 1875 108 42 with
1193 1876 46 41 it.
1305 1876 22 41 I
1347 1889 82 28 can
1448 1888 103 41 only
1571 1872 151 52 afford,

61 1945 212 44 however,
291 1951 45 38 to
355 1947 127 43 make
505 1962 25 28 a
552 1962 107 28 very
676 1948 85 42 few
781 1952 125 38 notes
930 1962 135 28 about
1081 1947 46 42 it.
1194 1948 78 55 (1.)
1298 1947 44 42 It
1361 1946 92 42 will
1476 1946 53 42 be
1552 1944 170 56 readily

60 2017 268 44 understood
360 2019 98 42 that
491 2019 74 43 the
597 2020 301 43 incoherence,
921 2019 75 44 the
1019 2020 336 56 verbigeration,
1379 2018 88 43 and
1499 2018 76 43 the
1598 2017 123 43 delu-

60 2090 119 43 sions
202 2092 44 41 of
278 2091 75 43 the
376 2092 183 55 patient,
582 2106 73 29 are
677 2092 127 43 made
827 2093 125 56 quite
985 2107 46 27 as
1057 2092 208 42 manifest
1288 2092 45 42 in
1358 2092 68 41 his
1451 2091 200 42 writings
1675 2105 46 27 as

61 2162 105 57 they
184 2177 70 29 are
276 2163 48 42 in
341 2163 70 43 his
434 2164 168 56 speech.
667 2164 129 43 Some
814 2164 44 42 of
881 2164 75 42 the
978 2164 155 43 insane
1154 2163 397 57 (graphomaniacs)
1574 2163 146 42 would

59 2235 124 43 write
213 2236 65 42 for
310 2250 111 29 ever,
444 2236 37 42 if
509 2236 185 43 allowed
730 2243 43 36 to
807 2236 53 43 do
894 2251 72 28 so;
999 2236 86 43 and
1119 2251 25 28 a
1167 2237 95 42 few,
1286 2237 35 41 if
1355 2242 76 37 not
1464 2235 256 57 prevented,

60 2307 144 43 would
246 2308 112 43 have
396 2309 115 43 their
550 2309 198 57 writings
788 2309 175 56 printed
1003 2309 66 42 for
1107 2309 76 43 the
1226 2309 289 43 information
1555 2309 43 43 of
1642 2309 76 43 the

57 2379 160 57 public.
281 2381 90 42 The
396 2379 235 45 Inventors
657 2381 143 43 would
832 2381 113 43 have
969 2381 115 43 their
1115 2382 254 43 inventions
1402 2382 128 42 made
1555 2382 164 42 known

58 2452 64 42 for
144 2452 73 43 the
241 2453 103 42 sake
368 2453 44 42 of
444 2453 248 57 humanity,
716 2454 86 42 and
826 2454 74 43 the
925 2454 265 43 Persecuted
1216 2455 145 43 would
1385 2454 159 57 appeal
1574 2459 45 39 to
1643 2455 75 43 the

56 2524 147 54 public
226 2524 45 42 in
296 2524 120 56 print
441 2525 66 42 for
541 2540 184 28 succour
748 2526 110 42 from
884 2525 118 44 their
1023 2530 276 39 tormentors.
1368 2526 78 56 (2.)
1469 2526 79 43 All
1584 2526 132 44 kinds

54 2595 45 43 of
131 2596 250 43 fantastical
415 2596 297 57 peculiarities
757 2612 71 29 are
864 2603 90 37 met
988 2598 110 42 with
1133 2598 47 42 in
1218 2598 75 43 the
1321 2598 321 58 Handwriting
1674 2599 47 43 of

55 2667 149 42 letters
240 2668 173 43 written
454 2669 54 56 by
540 2684 119 29 some
694 2671 48 42 of
774 2671 75 42 the
885 2671 165 42 insane.
1116 2670 92 43 The
1244 2671 50 42 t's
1330 2685 102 42 may
1460 2671 53 43 be
1550 2671 168 58 doubly

57 2739 163 53 barred,
242 2740 74 43 the
339 2741 51 42 i's
414 2741 164 58 doubly
603 2743 162 43 dotted.
830 2743 303 43 Punctuation
1157 2758 103 42 may
1282 2744 53 43 be
1360 2743 163 58 wholly
1546 2750 170 48 absent,

57 2825 47 27 or
138 2812 215 55 practised
389 2814 44 41 in
471 2829 176 40 excess;
682 2815 74 43 the
782 2816 141 42 words
958 2831 101 41 may
1085 2816 53 43 be
1174 2816 266 43 underlined
1476 2832 47 27 or
1545 2817 168 58 doubly

58 2883 258 43 underlined
352 2890 43 37 to
430 2900 25 28 a
490 2893 114 37 most
629 2888 191 43 unusual
855 2894 181 38 extent;
1070 2888 87 43 and
1181 2889 186 56 capitals
1403 2904 102 42 may
1529 2890 53 43 be
1605 2891 108 44 used

57 2954 45 41 in
139 2957 234 41 unnatural
396 2959 236 54 profusion.
699 2961 75 55 (3.)
804 2961 43 42 A
869 2961 166 56 paretic
1057 2975 49 29 or
1127 2961 219 57 paralytic
1383 2962 194 44 element
1611 2979 102 42 may

56 3025 53 44 be
133 3027 205 56 betrayed
374 3029 44 41 in
445 3030 73 43 the
541 3033 344 43 tremulousness
920 3035 45 41 of
1000 3033 75 43 the
1095 3034 309 57 handwriting.
1468 3036 106 42 This
1610 3051 103 42 may

56 3097 53 44 be
144 3099 83 42 due
265 3104 44 38 to
349 3102 238 43 functional
629 3104 202 58 debility,
868 3119 47 30 as
959 3106 46 41 in
1045 3106 75 42 the
1164 3106 301 43 handwriting
1503 3108 45 41 of
1590 3123 121 29 some

57 3170 321 55 melancholies,
399 3174 88 42 and
522 3176 44 42 of
600 3191 119 30 some
755 3178 241 56 hysterics;
1031 3179 80 42 but
1146 3179 36 42 it
1215 3193 103 42 may
1341 3178 92 44 also
1467 3180 53 42 be
1544 3180 85 43 due
1666 3186 43 38 to
