1972 3202
390 288 91 41 100

894 296 92 32 THE
1010 296 218 34 HOOLOCK.

386 420 57 48 he
471 427 89 51 ate,
589 422 83 46 but
703 422 178 45 seemed
911 423 97 45 best
1038 421 181 62 pleased
1247 421 113 47 with
1389 422 214 46 bananas.
1670 422 76 46 He

386 513 93 31 was
502 497 105 47 fond
629 497 50 47 of
704 498 196 54 insects;
936 499 152 45 would
1122 499 151 45 search
1303 498 48 46 in
1377 505 78 39 the
1485 498 188 47 crevices
1704 497 50 48 of

385 590 81 47 my
487 575 140 46 house
649 573 65 47 for
736 575 182 61 spiders,
944 575 90 45 and
1056 574 42 46 if
1118 590 28 30 a
1173 575 66 61 fly
1261 575 196 46 chanced
1484 581 46 40 to
1554 590 122 31 come
1698 574 49 46 in

385 651 70 46 his
468 651 148 54 reach,
632 651 59 48 he
709 651 152 46 would
879 651 288 62 dexterously
1185 652 127 45 catch
1329 651 97 45 him
1443 651 47 45 in
1509 667 81 30 one
1606 652 139 54 hand,

384 728 227 61 generally
644 727 131 63 using
806 727 72 46 his
911 727 119 46 right
1064 729 138 44 hand.
1271 729 111 44 Like
1415 743 143 46 many
1591 727 52 46 of
1668 728 79 45 the

385 803 206 48 different
613 804 207 46 religious
843 811 141 39 castes
1004 803 49 47 of
1068 805 91 45 this
1188 811 205 54 country,
1418 804 59 45 he
1500 804 178 45 seemed
1699 810 47 39 to

385 887 225 39 entertain
648 896 60 30 an
741 880 243 61 antipathy
1017 888 46 38 to
1098 896 57 30 an
1196 881 354 45 indiscriminate
1586 895 80 31 use
1704 879 52 49 of

385 957 172 44 animal
579 955 114 54 food,
719 957 90 44 and
832 957 151 45 would
1009 963 79 39 not
1117 963 73 39 eat
1214 957 50 45 of
1289 958 143 45 either
1461 957 77 45 the
1569 957 111 45 flesh
1704 956 51 47 of

383 1038 80 40 the
485 1047 96 30 cow
603 1047 47 30 or
671 1032 118 61 hog;
826 1033 151 44 would
1007 1039 255 39 sometimes
1284 1040 117 38 taste
1425 1049 26 29 a
1472 1033 119 45 little
1624 1048 123 45 piece

385 1108 52 46 of
460 1108 112 55 beef,
608 1109 83 46 but
724 1124 137 30 never
894 1115 73 39 eat
990 1108 50 46 of
1065 1109 50 45 it.
1184 1110 22 44 I
1241 1109 115 45 have
1387 1125 102 29 seen
1516 1109 96 45 him
1639 1110 108 45 take

385 1184 113 46 fried
519 1183 101 56 fish,
645 1185 150 45 which
816 1185 58 45 he
889 1185 176 45 seemed
1082 1191 46 39 to
1143 1185 134 45 relish
1294 1186 145 44 better
1456 1192 112 38 than
1586 1192 162 38 almost

386 1276 93 46 any
498 1262 126 45 other
646 1261 267 61 description
940 1259 50 47 of
1005 1260 170 46 animal
1204 1260 114 54 food,
1344 1261 113 45 with
1485 1267 79 39 the
1587 1276 162 46 excep-

385 1344 96 39 tion
505 1337 50 48 of
575 1338 200 53 chicken,
810 1337 90 45 and
923 1352 113 30 even
1058 1337 91 45 this
1172 1337 57 45 he
1257 1337 151 45 would
1436 1343 73 39 eat
1531 1338 84 44 but
1637 1352 111 46 very

388 1414 228 61 sparingly
645 1429 56 39 of,
731 1413 241 61 preferring
1004 1414 69 44 his
1108 1429 203 30 common
1346 1414 108 54 diet,
1489 1414 137 45 bread
1659 1414 90 45 and

386 1489 129 55 milk,
551 1489 114 46 with
700 1505 144 45 sugar,
880 1488 124 55 fruit,
1030 1489 79 45 &c.
1177 1489 57 45 In
1267 1495 174 55 temper
1473 1489 57 46 he
1554 1505 94 30 was
1679 1505 70 29 re-

386 1567 240 60 markably
648 1565 169 61 pacific,
843 1565 91 45 and
957 1581 191 38 seemed,
1169 1581 48 29 as
1237 1566 22 44 I
1278 1566 208 60 thought,
1506 1565 121 46 often
1645 1567 104 60 glad

386 1647 47 39 to
456 1642 116 44 have
595 1657 59 29 an
677 1647 293 55 opportunity
994 1639 50 47 of
1069 1641 236 61 testifying
1332 1642 71 46 his
1427 1641 207 45 affection
1658 1642 90 45 and

387 1717 281 45 attachment
707 1716 65 46 for
809 1732 87 30 me.
984 1717 156 45 When
1181 1717 22 45 I
1240 1717 164 45 visited
1449 1717 96 45 him
1585 1717 48 44 in
1668 1717 79 45 the

386 1792 219 61 morning,
629 1793 58 45 he
718 1793 151 45 would
899 1807 253 31 commence
1176 1808 27 30 a
1225 1793 107 44 loud
1355 1792 90 46 and
1468 1793 126 45 shrill
1617 1793 128 45 whoo

385 1869 599 54 —whoo—whoo—whoo,
1004 1868 148 46 which
1169 1868 57 45 he
1241 1869 151 45 would
1405 1869 113 60 keep
1541 1885 61 44 up
1626 1876 123 38 often

385 1944 116 46 from
518 1945 88 45 five
624 1952 46 39 to
693 1951 78 39 ten
793 1944 215 55 minutes,
1034 1944 116 46 with
1174 1960 59 30 an
1256 1944 244 46 occasional
1522 1944 229 45 intermis-

388 2021 96 46 sion
506 2020 65 47 for
592 2028 79 39 the
693 2036 190 46 purpose
906 2019 50 47 of
970 2021 159 61 taking
1151 2036 27 30 a
1200 2020 84 46 full
1306 2020 292 61 respiration;
1630 2021 121 45 until

388 2097 175 61 finally,
611 2103 268 55 apparently
921 2097 125 60 quite
1088 2097 264 53 exhausted,
1395 2097 57 44 he
1496 2097 150 46 would
1691 2097 60 45 lie

387 2173 134 45 down
545 2174 90 44 and
658 2174 132 44 allow
812 2188 74 30 me
909 2179 45 39 to
983 2175 127 43 comb
1140 2173 69 45 his
1243 2173 130 53 head,
1399 2173 90 44 and
1511 2173 138 45 brush
1671 2173 78 45 the

387 2248 104 61 long
513 2249 100 45 hair
641 2264 57 30 on
720 2249 71 44 his
821 2263 134 39 arms,
989 2249 91 45 and
1113 2264 121 29 seem
1265 2248 227 45 delighted
1526 2247 114 45 with
1670 2249 80 45 the

388 2323 189 62 tickling
599 2330 225 40 sensation
852 2324 223 61 produced
1102 2325 60 59 by
1186 2324 78 44 the
1293 2323 136 45 brush
1453 2338 56 31 on
1530 2323 73 46 his
1625 2324 126 62 belly

384 2401 95 46 -and
501 2402 105 45 legs.
674 2401 75 45 He
773 2401 150 45 would
945 2406 107 39 turn
1074 2399 112 46 from
1211 2399 93 45 side
1326 2406 47 39 to
1397 2399 109 55 side,
1530 2400 97 46 first
1643 2400 108 48 hold

390 2484 79 39 out
492 2492 82 31 one
596 2492 97 31 arm
707 2477 91 46 and
814 2483 111 40 then
941 2483 79 39 the
1035 2483 139 47 other,
1196 2477 90 44 and
1303 2476 133 45 when
1455 2477 23 45 I
1497 2477 253 61 attempted

389 2560 47 40 to
457 2569 54 47 go
534 2569 149 47 away,
707 2555 58 47 he
796 2554 150 47 would
976 2553 127 46 catch
1133 2552 107 46 hold
1263 2551 50 47 of
1334 2568 81 45 my
1437 2568 97 31 arm
1558 2569 47 30 or
1626 2559 124 41 coat-
