2107 3450
470 290 266 33 PATHOLOGY
769 290 55 33 OF
855 292 89 31 THE
976 293 154 33 MOTOR
1162 295 368 35 SPEECH-TRACTS.
1737 290 87 42 439

172 427 158 37 nuclei,
361 411 99 52 and,
492 412 46 42 in
572 425 95 30 rare
700 425 133 39 cases,
867 412 76 43 the
973 413 96 42 first
1094 414 129 43 effect
1252 415 45 43 of
1329 430 201 42 pressure
1568 432 118 42 upon
1716 434 106 28 -both

171 490 222 39 recurrent
416 497 154 30 nerves
593 498 47 28 or
663 483 106 43 both
792 485 390 55 pneumogastrics.

230 557 44 42 It
295 557 37 41 is
355 555 199 44 believed
578 555 58 56 by
660 569 119 29 some
802 555 276 51 authorities,
1110 556 215 44 however,
1358 558 98 42 that
1488 559 90 43 this
1612 563 213 54 paralysis

169 643 100 29 may
307 629 45 41 in
389 642 24 28 a
446 628 83 42 few
563 641 119 29 cases
728 627 51 43 be
822 627 44 42 of
909 627 248 43 functional
1200 630 238 42 causation.
1524 630 193 53 Gowers,
1761 633 65 42 for

172 701 213 55 example,
422 704 137 39 states
597 699 98 43 that
722 704 249 49 temporary
1006 700 172 42 attacks
1211 700 48 43 of
1286 701 48 51 it,
1367 702 208 43 attended
1612 704 105 41 with
1752 705 74 42 the

168 787 323 29 characteristic
526 772 226 55 dyspnoea,
785 770 113 43 have
931 770 113 43 been
1075 771 165 43 known
1276 779 42 36 to
1352 773 147 42 follow
1533 788 56 28 an
1621 776 204 56 ordinary

168 845 223 56 laryngeal
415 843 198 44 catarrh;
645 843 88 42 and
755 843 56 42 he
834 856 226 42 expresses
1092 843 69 42 his
1195 843 139 44 belief
1364 845 97 42 that
1494 845 74 43 the
1600 846 227 57 laryngeal

167 931 257 44 paroxysms
447 917 47 42 of
523 916 216 56 dyspnoea
772 915 141 42 which
948 930 129 28 occur
1110 917 295 42 occasionally
1428 918 47 41 in
1500 932 118 29 some
1642 934 118 28 cases
1783 920 45 42 of

166 989 196 57 hysteria
403 1003 101 28 may
550 988 252 43 sometimes
847 987 52 42 be
945 988 85 43 due
1065 994 44 36 to
1144 994 252 50 temporary
1427 990 215 55 paralysis
1675 992 46 41 of
1752 991 73 43 the

167 1062 244 42 abductors,
434 1060 88 43 and
543 1065 78 38 not
643 1059 164 56 always
830 1064 45 38 to
899 1073 148 42 spasm
1072 1061 47 41 of
1140 1059 74 43 the
1238 1060 245 54 adductors,
1512 1076 46 28 as
1583 1062 37 42 is
1651 1063 174 56 usually

167 1133 228 57 supposed.

226 1206 37 43 3.
297 1206 113 41 That
465 1219 25 28 a
544 1203 202 44 bilateral
788 1203 219 57 paralysis
1050 1203 234 57 involving
1326 1204 107 43 both
1474 1205 230 43 Abductor
1740 1207 87 42 and

165 1279 231 43 Adductor
419 1277 188 43 muscles
628 1276 39 43 is
690 1276 165 43 always
879 1277 47 42 of
945 1277 179 56 organic
1146 1276 153 57 origin.
1365 1277 140 43 There
1529 1292 140 29 seems
1696 1284 44 38 to
1773 1280 53 42 be

166 1366 56 28 no
245 1351 234 43 exception
504 1354 44 38 to
574 1349 89 43 this
685 1363 105 29 rule.

230 1424 46 42 If
307 1437 67 28 we
409 1437 99 28 now
531 1436 102 42 pass
667 1425 45 39 to
745 1421 76 43 the
856 1421 252 43 Unilateral
1143 1422 136 42 forms
1312 1423 48 41 of
1392 1421 226 57 paralysis,
1651 1437 64 29 we
1748 1438 80 28 can

167 1511 76 28 say
276 1495 47 43 in
356 1495 116 43 brief
501 1499 133 39 about
669 1494 135 43 them,
835 1494 99 43 that
967 1494 200 43 whether
1199 1494 108 43 they
1340 1494 131 43 affect
1502 1494 235 44 adductors
1780 1511 47 27 or

166 1568 225 50 abductor,
418 1568 105 42 they
547 1581 71 28 are
643 1566 259 56 practically
926 1566 60 42 all
1009 1566 47 43 of
1075 1566 178 57 organic
1275 1567 154 42 origin.

225 1640 215 56 Possibly,
473 1640 216 42 however,
721 1639 37 42 it
791 1654 101 41 may
925 1645 76 50 yet
1045 1639 53 42 be
1143 1639 139 42 found
1325 1639 98 42 that
1467 1639 121 43 there
1630 1654 70 28 are
1733 1655 94 28 rare

167 1727 118 30 cases
328 1713 44 42 of
417 1712 215 57 Hysteria
673 1712 48 42 in
759 1711 143 43 which
949 1711 122 43 there
1113 1711 38 43 is
1195 1711 214 43 adductor
1451 1712 165 55 paresis
1660 1713 46 41 of
1746 1726 81 29 one

165 1786 100 43 cord
298 1785 117 57 only.
478 1784 106 43 This
606 1784 254 57 possibility
884 1784 23 42 I
930 1784 115 43 shall
1068 1784 171 43 discuss
1261 1784 237 57 presently.

220 1930 65 42 As
309 1934 44 38 to
376 1929 76 43 the
475 1929 223 43 Situation
732 1929 48 43 of
797 1928 76 43 the
907 1929 163 43 lesions
1093 1930 289 42 accountable
1405 1929 68 43 for
1495 1929 124 44 these
1649 1930 176 43 various

162 2005 134 40 forms
329 2002 45 42 of
406 2002 214 56 paralysis
656 2002 127 42 when
816 2002 107 56 they
955 2017 74 28 are
1062 2003 44 42 of
1139 2003 178 56 organic
1349 2003 154 56 origin,
1538 2017 61 28 we
1633 2017 80 28 can
1747 2017 78 42 say

162 2075 98 42 that
292 2075 46 41 in
381 2075 75 42 the
500 2079 99 38 vast
641 2074 207 56 majority
881 2076 44 41 of
958 2089 132 29 cases,
1122 2075 36 42 if
1191 2081 78 36 not
1301 2075 47 43 in
1390 2090 131 41 every
1560 2089 110 29 case,
1708 2076 38 41 it
1787 2076 38 42 is

159 2146 267 43 somewhere
463 2146 45 42 in
548 2145 75 44 the
661 2146 161 43 second
857 2146 172 56 trophic
1062 2146 137 43 realm
1233 2147 48 42 of
1310 2147 74 42 the
1417 2153 142 36 motor
1591 2150 125 39 tract.
1779 2147 45 41 It

158 2217 38 44 is
218 2217 140 44 either
380 2218 46 41 in
450 2217 74 43 the
547 2217 249 56 medullary
820 2218 160 43 nuclei,
1003 2233 47 28 or
1082 2219 47 41 in
1162 2218 77 43 the
1273 2218 160 42 trunks
1467 2217 47 43 of
1545 2217 74 43 the
1651 2231 172 39 nerves,

157 2305 46 28 or
225 2291 47 41 in
296 2290 114 43 their
432 2291 214 42 branches
680 2290 44 42 of
757 2291 299 43 distribution.
1122 2291 141 43 Bein^
1296 2291 85 42 due
1414 2294 45 38 to
1491 2289 141 44 lesion
1665 2289 48 42 in
1746 2289 76 43 the

156 2363 161 43 second
369 2363 174 56 trophic
595 2363 150 43 realm,
788 2363 124 43 these
955 2363 226 57 paralyses
1225 2377 71 28 are
1339 2362 211 43 attended
1594 2367 108 37 with
1747 2361 76 44 the

157 2435 326 43 characteristic
506 2435 189 43 wasting
717 2436 46 42 of
786 2435 74 43 the
883 2435 236 57 paralyzed
1141 2449 201 29 muscles.

216 2508 91 42 The
324 2522 94 28 rare
434 2507 256 57 exceptions
713 2513 45 37 to
782 2508 90 43 this
894 2508 248 43 lawthat
1165 2508 75 43 the
1263 2507 176 43 organic
1457 2507 161 43 lesions
1637 2506 185 57 capable

157 2580 44 43 of
224 2580 243 56 producing
489 2580 216 56 paralysis
728 2581 46 41 in
800 2581 75 43 the
898 2581 161 56 larynx
1082 2595 73 29 are
1188 2580 194 43 situated
1414 2580 47 42 in
1494 2594 120 28 some
1649 2585 98 50 part
1779 2580 42 41 of

159 2653 75 43 the
270 2653 160 43 second
468 2653 172 43 trophic
677 2653 137 43 realm
853 2654 47 42 of
936 2653 74 43 the
1043 2658 145 38 motor
1221 2658 247 38 tractare
1502 2652 228 43 furnished
1764 2652 57 56 by

158 2725 202 43 bilateral
382 2725 163 43 lesions
571 2725 234 58 involving
836 2726 76 43 the
946 2727 97 42 first
1075 2725 174 57 trophic
1281 2725 150 43 realm,
1464 2725 48 42 in
1544 2725 107 43 both
1685 2725 139 43 hemi-

158 2797 178 43 spheres
359 2812 48 28 or
428 2797 47 42 in
500 2797 105 43 both
628 2811 151 40 crura;
801 2798 86 43 and
911 2799 59 56 by
993 2798 168 44 central
1184 2798 164 43 lesions
1370 2798 48 42 in
1441 2797 75 43 the
1538 2811 112 42 pons
1675 2797 147 42 which

158 2869 168 43 disable
365 2869 107 42 both
511 2875 145 37 tracts.
721 2870 55 42 In
815 2870 109 43 such
963 2885 134 29 cases,
1135 2884 47 29 as
1221 2885 66 28 we
1327 2870 112 42 have
1477 2883 115 30 seen,
1631 2869 122 43 there
1786 2869 38 43 is

157 2941 347 57 pseudo-bulbar
546 2941 304 55 paralysisa
882 2942 217 57 paralysis
1138 2956 165 42 always
1338 2941 201 43 bilateral
1562 2940 159 54 ;and
1764 2941 60 42 all

160 3019 238 38 voluntary
423 3013 168 42 control
617 3028 104 28 over
745 3013 73 43 the
842 3014 173 57 larynx,
1038 3028 47 29 as
1110 3014 99 43 well
1231 3029 47 27 as
1310 3028 105 28 over
1449 3013 74 43 the
1557 3012 191 44 muscles
1781 3013 45 43 of

157 3086 75 43 the
257 3091 166 38 tongue
444 3084 89 44 and
555 3084 100 57 lips,
679 3085 36 43 is
738 3085 96 44 lost.

218 3157 45 43 If
285 3156 77 44 the
391 3161 141 38 motor
559 3157 351 56 representation
943 3157 45 43 of
1021 3157 75 42 the
1129 3156 124 43 vocal
1287 3156 125 44 cords
1445 3155 46 44 in
1524 3155 74 45 the
1632 3156 194 44 cerebral
