1895 3217
1411 281 83 37 135

588 291 91 32 THE
704 291 89 31 RED
818 290 215 32 MONKEY.

135 421 173 45 readers
331 425 45 39 to
399 425 77 38 the
499 433 103 30 note
626 416 49 47 of
701 415 164 62 species
887 415 133 61 given
1049 419 48 40 at
1128 420 78 40 the
1229 413 267 46 conclusion.

138 497 89 44 We
252 495 113 45 shall
388 495 103 45 here
515 495 107 60 only
644 500 202 38 mention
869 498 187 39 another
1086 490 184 54 animal^
1295 491 202 44 remark-

136 574 99 44 able
275 587 161 45 among
474 570 59 46 its
572 586 234 31 congeners
846 568 64 46 for
944 575 79 39 the
1058 567 267 61 uniformity
1361 565 51 47 of
1438 566 59 45 its

137 648 236 62 colouring,
399 648 36 46 it
459 647 52 55 is.

541 927 109 37 THE
679 927 109 37 RED
819 925 259 40 MONKEY.

435 1048 299 37 Cercopitfiecus
752 1046 424 38 ruber.—Geoffroy.

692 1152 133 36 Plate
854 1150 76 38 XL

141 1256 114 38 Simia
282 1257 120 44 rubra,
433 1256 191 36 Linnceus
704 1255 276 37 Cercopithccus
1011 1267 121 32 ruber,
1174 1253 200 48 Geoffroy,
1415 1253 83 36 An-

191 1321 112 36 nales
339 1321 54 35 du
423 1321 206 44 Museum,
669 1320 71 36 vol.
773 1332 76 24 xix.
878 1333 33 34 p.
943 1320 47 35 96
1066 1318 156 38 Guenon
1259 1331 112 35 patas,
1396 1319 101 35 Des-

190 1387 176 35 marest's
392 1385 295 45 Mammalogie,
710 1397 33 35 p.
764 1384 48 36 59
883 1384 53 36 Le
965 1384 121 46 Patas,
1116 1384 189 36 Frederic
1334 1384 164 43 Cuvier,

192 1451 180 36 Histoire
390 1450 218 36 Naturelle
627 1450 66 36 des
712 1449 292 46 Mammiferes.

207 1579 51 44 It
282 1578 37 44 is
343 1593 26 29 a
392 1577 163 45 species
583 1578 103 60 long
714 1578 180 53 known,
925 1577 206 45 recorded
1155 1593 44 29 so
1223 1575 67 46 far
1312 1578 112 44 back
1448 1592 48 30 as

140 1655 184 44 Prosper
361 1654 210 60 Alpinus,
604 1669 100 30 who
739 1654 81 45 has
856 1653 132 62 given
1023 1654 109 45 both
1169 1670 27 28 a
1234 1654 138 44 figure
1409 1655 89 43 and

139 1732 277 44 description.
486 1732 96 44 The
605 1731 155 45 length
784 1730 49 46 of
848 1732 77 44 the
948 1731 119 61 body
1084 1731 37 45 is
1146 1733 136 43 about
1307 1747 81 29 one
1406 1731 90 45 foot

139 1807 96 46 four
257 1824 46 29 or
325 1807 87 45 five
435 1808 165 53 inches,
627 1808 88 44 and
737 1814 102 38 that
863 1807 49 45 of
926 1814 77 38 the
1027 1808 82 44 tail
1126 1808 37 44 is
1177 1823 157 44 nearly
1350 1809 144 57 equal.

127 1884 93 44 -All
252 1891 79 38 the
365 1900 139 45 upper
536 1900 123 44 parts
694 1899 73 29 are
798 1883 48 45 of
875 1900 26 28 a
930 1884 200 44 brilliant
1159 1883 180 45 reddish
1375 1883 121 45 fawn

141 1976 161 36 colour,
337 1960 147 44 which
507 1960 37 44 is
575 1960 168 44 shaded
776 1960 94 44 into
900 1975 27 29 a
953 1975 101 44 pale
1084 1959 180 61 grayish
1293 1966 122 38 tinge
1440 1975 56 29 on

139 2042 78 37 the
245 2051 118 29 arms
391 2036 88 44 and
508 2036 107 60 legs,
652 2036 89 44 and
770 2037 78 43 the
877 2035 107 55 face,
1015 2036 173 52 cheeks,
1214 2037 162 52 breast,
1407 2036 88 45 and

139 2112 136 60 belly,
308 2127 73 30 are
410 2127 110 45 pure
549 2113 170 53 white;
763 2128 26 28 a
818 2113 120 44 band
971 2111 50 46 of
1046 2112 129 45 black
1204 2112 99 45 hair
1333 2127 162 31 crosses

138 2190 138 44 above
309 2195 79 38 the
422 2204 242 45 eyebrows,
701 2189 90 45 and
825 2195 125 38 there
985 2204 72 29 are
1091 2195 92 39 two
1210 2189 112 45 lines
1346 2188 49 46 of
1417 2190 79 44 the

138 2280 122 30 same
283 2281 146 29 colour
451 2281 120 45 upon
594 2272 77 38 the
696 2282 137 43 upper
858 2265 77 61 lip,
962 2265 46 45 in
1031 2272 77 38 the
1134 2266 135 60 shape
1293 2265 50 46 of
1369 2281 127 29 mus-

138 2348 165 46 taches,
330 2342 147 44 which
499 2341 100 61 give
622 2348 78 38 the
740 2348 302 39 countenance
1081 2357 27 29 a
1146 2342 195 60 peculiar
1375 2342 120 60 phy-

137 2417 242 61 siognomy.
448 2418 44 44 It
528 2418 36 45 is
601 2434 27 29 a
671 2425 153 38 native
861 2417 49 46 of
944 2418 200 45 Senegal.
1212 2419 75 44 Mr
1319 2419 174 44 Bennet

135 2501 223 37 mentions
396 2501 102 39 that
534 2511 27 29 a
599 2511 152 44 young
786 2495 249 44 individual
1070 2495 46 44 in
1139 2495 78 45 the
1248 2495 246 60 Zoological

139 2570 225 54 Museum,
402 2572 171 45 Bruton
603 2572 160 53 Street,
844 2571 36 45 is
920 2571 138 61 lively
1094 2571 88 45 and
1216 2571 158 54 active,
1410 2572 82 45 but

1275 2663 31 29 R
