2125 3612
1690 248 55 41 41

655 259 281 32 HYSTERICAL
967 258 212 32 Al'HONIA.

82 384 154 42 robust
267 396 148 43 young
446 396 115 28 man,
595 381 142 42 which
773 385 182 37 resisted
990 379 59 42 all
1087 380 125 42 other
1239 392 152 29 means
1415 378 48 43 of
1493 383 252 47 treatment,

83 455 79 40 but
195 468 86 28 was
315 459 47 37 at
392 468 106 28 once
532 453 132 42 cured
698 453 56 41 by
780 451 72 43 the
877 466 75 27 use
985 452 45 41 of
1058 451 296 42 Mackenzie's
1378 450 367 57 intra-laryngeal

78 525 264 56 rheophore;
374 525 86 43 and
484 525 74 42 the
580 538 120 29 same
724 528 238 38 treatment
984 536 91 29 also
1099 522 133 43 cured
1255 522 74 42 the
1353 522 173 55 patient
1552 527 46 37 at
1632 537 109 29 once

79 612 24 26 a
139 598 157 42 second
334 598 117 50 time,
476 611 138 28 when,
636 596 113 42 after
782 610 26 28 a
841 609 106 43 year
980 610 48 28 or
1050 600 98 47 two,
1171 594 75 43 the
1270 594 225 43 condition
1525 594 214 43 recurred.

76 668 102 42 Still
202 669 183 41 another
418 668 177 42 method
618 668 48 42 of
684 671 241 38 treatment
946 666 146 43 which
1116 666 203 43 deserves
1342 666 220 42 attention
1586 666 37 42 is
1656 680 84 29 one

75 739 91 42 also
200 739 330 43 recommended
564 739 57 55 by
644 738 273 51 Mackenzie,
940 738 94 42 viz.,
1067 737 75 43 the
1164 737 249 42 inhalation
1445 737 46 42 of
1522 751 26 29 a
1580 737 158 42 stimu-

73 810 141 56 lating
238 825 175 42 vapour,
436 811 107 42 such
577 825 47 28 as
646 810 99 42 that
766 810 46 42 of
843 810 231 42 ammonia.
1140 810 128 42 Some
1290 823 127 43 years
1441 823 92 43 ago,
1556 810 23 42 I
1601 809 87 43 had
1713 825 26 27 a

73 882 183 55 patient,
278 897 24 28 a
325 897 148 41 young
495 882 102 56 lady
620 887 100 38 sent
742 888 45 37 to
811 896 70 29 me
903 882 59 57 by
981 897 74 27 my
1079 882 144 42 friend
1240 882 67 42 Dr
1329 882 138 55 Berry
1492 881 128 52 Hart,
1639 882 98 43 who

71 954 185 42 resisted
287 954 73 43 the
393 954 331 56 laryngoscopic
757 969 114 36 cure,
893 955 132 56 being
1056 954 57 42 by
1139 954 99 42 that
1270 968 153 29 means
1457 954 106 57 only
1583 960 75 51 got
1690 959 47 39 to

72 1025 190 54 produce
286 1040 81 28 one
387 1033 114 36 note,
524 1026 87 42 and
644 1032 44 37 to
712 1027 101 43 read
834 1027 49 41 in
910 1041 25 28 a
956 1040 263 29 monotone;
1253 1026 78 42 but
1355 1026 95 42 who
1474 1040 87 30 was
1585 1027 151 43 subse-

71 1097 187 55 quently
292 1098 142 43 cured,
469 1099 188 42 without
692 1114 76 41 my
806 1099 84 42 aid,
927 1114 56 27 on
1021 1098 200 56 inhaling
1259 1099 75 42 the
1372 1113 168 41 vapour
1576 1101 45 41 of
1659 1099 75 43 the

71 1169 210 43 so-called
308 1171 215 41 ammonia
531 1171 264 56 phone—an
818 1172 272 41 instrument
1111 1170 158 42 which,
1291 1176 47 36 at
1359 1170 98 42 that
1492 1170 119 43 time,
1644 1185 91 28 was

71 1241 132 56 being
225 1242 131 42 much
380 1242 247 43 advertised
651 1244 45 40 in
718 1243 87 42 this
829 1248 101 36 city.
995 1242 42 42 A
1056 1242 83 42 few
1158 1242 130 42 drops
1307 1242 44 41 of
1376 1242 91 55 Liq.
1488 1243 246 51 ammoniae,

69 1314 229 54 sprinkled
331 1329 118 27 upon
473 1329 24 27 a
520 1315 121 55 piece
664 1315 45 41 of
741 1320 149 37 cotton
914 1314 124 42 wool,
1061 1313 146 42 would
1237 1314 212 54 probably
1474 1314 112 42 have
1619 1314 114 42 been

68 1384 180 55 equally
271 1386 255 42 efficacious.
590 1387 91 41 The
716 1400 192 28 element
939 1385 48 42 of
1016 1385 110 42 faith
1149 1386 39 41 is
1215 1385 328 55 all-important
1574 1386 50 42 in
1655 1387 77 41 the

66 1460 240 39 treatment
347 1457 44 41 of
434 1458 122 42 these
600 1457 238 56 hysterical
880 1457 259 43 conditions.
1204 1458 46 41 It
1291 1457 113 43 need
1441 1458 195 43 scarcely
1678 1459 55 42 be

65 1528 153 51 added,
257 1529 107 50 that,
402 1529 46 41 in
487 1529 60 42 all
584 1529 108 43 such
731 1543 133 28 cases,
896 1529 36 42 it
968 1529 38 42 is
1045 1528 215 43 desirable
1296 1533 44 38 to
1379 1530 153 41 attend
1572 1536 43 35 to
1655 1530 76 43 the

64 1599 204 55 patient's
310 1600 177 56 general
529 1601 166 42 health,
738 1601 86 42 and
878 1607 44 36 to
966 1601 221 55 prescribe
1231 1601 109 42 such
1386 1601 178 56 general
1610 1603 120 43 tonic

62 1677 239 37 treatment
322 1673 86 42 and
431 1674 194 42 regimen
650 1688 46 28 as
726 1688 71 28 are
821 1678 277 52 appropriate
1122 1673 46 41 in
1192 1674 253 42 combating
1467 1688 25 28 a
1513 1675 217 42 constitu-

62 1744 139 42 tional
223 1745 219 43 tendency
466 1751 44 37 to
534 1746 237 56 hysterical
795 1746 367 43 manifestations.

656 1895 247 50 Hysterical
924 1896 195 42 Mutism.

121 2005 107 43 This
252 2006 35 43 is
310 2021 25 27 a
358 2007 169 56 subject
551 2008 144 43 which
716 2008 92 43 has,
830 2010 47 41 of
905 2009 101 42 late,
1029 2009 109 42 been
1164 2009 238 56 attracting
1425 2009 133 43 much
1581 2013 146 39 atten-

59 2077 98 41 tion
177 2092 55 27 on
256 2078 74 43 the
349 2078 253 44 Continent.
666 2081 22 41 I
711 2081 54 42 do
789 2086 77 37 not
889 2081 130 42 know
1040 2081 97 42 that
1159 2081 133 42 much
1311 2081 78 43 has
1412 2082 112 42 been
1544 2087 182 38 written

60 2148 136 43 about
244 2150 47 52 it,
334 2165 47 28 as
431 2158 86 49 yet,
560 2153 46 41 in
656 2153 212 56 English;
918 2153 80 42 but
1049 2153 168 43 several
1273 2168 121 28 cases
1446 2153 114 43 have
1613 2154 113 43 been

60 2221 205 43 recorded
298 2222 58 56 by
381 2223 65 42 Dr
467 2222 165 46 Willis,
657 2225 45 41 in
736 2225 68 43 his
837 2225 193 43 Diseases
1054 2226 51 55 of
1129 2226 66 41 the
1216 2225 192 42 Nervous
1439 2225 175 56 System,
1637 2226 87 42 and

57 2292 148 43 others
230 2293 56 57 by
309 2294 154 53 Wells,
487 2297 168 55 Bright,
677 2297 165 43 Willis,
863 2298 88 42 and
972 2296 236 45 Johnson.1

120 2365 45 43 It
194 2365 36 43 is
260 2381 25 28 a
310 2381 106 43 very
439 2369 193 57 striking
663 2370 238 51 condition,
925 2371 230 42 occurring
1187 2372 66 41 for
1284 2371 75 42 the
1393 2376 116 37 most
1540 2376 101 51 part
1673 2371 48 42 in

54 2438 193 54 patients
282 2439 96 43 who
411 2455 72 29 are
515 2442 233 57 obviously
781 2442 249 57 hysterical,
1053 2443 81 42 but
1167 2442 293 44 occasionally
1484 2449 93 37 met
1610 2443 110 43 with

55 2524 47 28 as
125 2525 25 28 a
172 2519 223 49 symptom
427 2514 193 56 existing
643 2530 81 40 per
746 2529 49 37 se,
820 2516 189 42 without
1030 2530 89 28 any
1140 2516 45 42 of
1217 2516 76 42 the
1315 2515 131 43 usual
1477 2515 242 44 hysterical

52 2585 402 55 accompaniments
472 2600 48 28 or
537 2589 216 55 stigmata.
803 2588 45 43 It
865 2589 38 42 is
923 2604 104 42 very
1046 2589 164 43 closely
1227 2589 170 43 related
1415 2594 44 37 to
1478 2588 240 43 hysterical

53 2654 200 55 aphonia,
288 2657 104 42 both
428 2657 45 44 in
511 2659 58 43 its
602 2661 228 42 causation
863 2661 87 43 and
982 2661 48 43 in
1068 2662 59 42 its
1166 2661 219 43 tendency
1426 2666 45 37 to
1509 2667 207 37 ultimate

51 2740 217 45 recovery.
332 2729 108 43 Like
464 2731 203 55 aphonia,
690 2732 36 42 it
757 2733 121 43 often
912 2748 182 42 appears
1128 2733 221 44 suddenly
1371 2747 47 28 as
1441 2748 26 27 a
1499 2739 139 36 result
1669 2732 46 42 of

54 2798 168 44 violent
253 2802 236 43 emotional
523 2804 279 53 excitement,
828 2805 109 44 such
970 2820 47 30 as
1050 2806 150 57 fright,
1223 2821 48 27 or
1302 2819 47 28 as
1383 2820 24 27 a
1439 2804 141 43 result
1612 2805 46 41 of
1689 2820 26 27 a

50 2872 258 44 convulsive
339 2875 178 43 seizure.
585 2878 41 41 It
660 2877 254 58 frequently
947 2879 253 56 disappears
1239 2877 109 43 with
1381 2892 25 27 a
1438 2877 275 43 suddenness

49 2943 132 55 equal
213 2950 44 37 to
290 2946 98 43 that
420 2949 47 41 of
495 2949 59 42 its
587 2955 150 49 onset;
769 2950 99 53 and,
891 2951 176 43 curious
1101 2956 43 37 to
1177 2965 91 42 say,
1302 2950 74 42 the
1411 2963 128 29 cause
1572 2949 45 42 of
1654 2949 58 42 its

49 3013 339 59 disappearance
420 3035 102 42 may
555 3022 53 43 be
640 3037 56 28 an
730 3023 239 43 emotional
1001 3023 270 43 excitement
1303 3036 49 27 or
1384 3035 25 28 a
1442 3021 62 50 fit,
1526 3019 107 43 such
1665 3033 47 29 as

89 3116 13 23 1
129 3117 69 38 See
216 3119 217 39 collections
452 3122 40 36 of
508 3135 98 25 cases
625 3123 50 48 by
697 3124 132 37 Cartaz
848 3126 76 35 and
943 3125 136 36 others,
1098 3129 39 31 to
1155 3124 46 36 be
1218 3122 193 49 presently
1430 3121 161 37 referred
1611 3125 48 31 to.

1507 3183 23 29 F
