2287 3957
1143 153 67 51 30

193 309 55 34 so
274 288 271 74 virulently
575 288 211 55 declaim
825 288 197 54 against
1062 288 177 72 theory
1265 288 42 52 is
1335 308 53 33 as
1415 286 200 55 though
1640 293 88 49 the
1756 287 200 56 eunuch
1983 289 177 56 should

192 364 213 53 declaim
432 365 198 70 against
656 365 199 69 lechery
878 381 9 30 :
930 364 40 52 it
996 364 41 52 is
1064 368 90 48 the
1181 363 220 70 chastity
1429 362 54 53 of
1505 363 304 53 impotence.

268 439 67 53 So
361 439 182 72 rarely,
571 439 249 66 however,
850 437 120 54 does
1010 442 182 48 nature
1230 437 220 72 produce
1479 455 94 35 one
1600 437 55 53 of
1688 443 145 48 these
1857 456 119 35 men
2002 439 158 71 gifted

190 513 126 53 with
365 513 112 53 that
528 514 126 52 high
706 513 100 53 and
856 512 170 53 subtle
1081 511 193 72 quality
1316 511 159 53 called
1525 511 410 72 genius—being
1979 532 178 47 scarce,

191 587 196 65 indeed,
431 588 149 71 equal
620 593 55 48 to
717 593 88 47 the
839 586 306 73 production
1176 587 56 52 of
1267 605 95 34 one
1402 586 54 53 in
1484 605 28 33 a
1539 586 388 71 century—and
1962 606 54 34 so
2044 588 113 53 self-

193 662 235 71 sufficing
456 682 82 34 are
563 669 121 65 they
709 662 149 53 when
881 662 121 71 they
1030 661 63 53 do
1121 680 199 52 appear,
1348 660 113 53 that
1488 679 86 47 we,
1604 660 274 73 gratefully
1904 662 256 73 accepting

190 740 143 49 them
378 756 53 33 as
473 737 141 52 visits
658 737 55 53 of
763 755 191 52 angels,
998 755 56 33 or
1098 736 153 52 much
1294 754 53 34 as
1389 735 147 53 Plato
1582 735 235 53 accepted
1871 735 77 53 his
1994 755 165 34 super-

191 810 220 54 celestial
436 811 152 67 ideas,
616 810 128 54 need
782 816 91 47 not
899 810 165 72 vainly
1092 829 214 34 concern
1333 810 253 53 ourselves
1614 809 157 53 about
1801 809 132 53 their
1960 829 201 35 manner

193 885 55 52 of
282 884 249 72 working.
611 885 53 53 It
705 885 44 53 is
792 890 93 48 not
929 884 68 71 by
1044 885 125 53 such
1216 885 212 53 anxious
1470 883 265 72 troubling
1779 889 112 48 that
1932 903 94 34 one
2062 885 97 53 will

192 978 171 47 come;
403 960 41 52 it
469 960 43 52 is
539 965 90 47 not
655 959 69 71 by
750 959 361 72 introspective
1150 958 183 73 prying
1372 959 108 52 into
1520 958 98 53 and
1644 964 196 47 torture
1867 958 57 53 of
1956 958 67 53 its
2053 977 106 36 own

192 1033 502 54 self-consciousness
735 1038 114 49 that
893 1033 246 53 mankind
1184 1033 198 53 evolves
1434 1042 87 43 the
1565 1032 213 73 genius;
1836 1038 88 48 the
1969 1039 190 48 mature

193 1107 159 53 result
398 1109 55 52 of
500 1108 67 53 its
610 1108 338 53 unconscious
990 1108 353 53 development
1382 1108 140 52 flows
1561 1113 52 48 at
1641 1107 98 53 due
1764 1108 123 52 time
1913 1106 107 54 into
2047 1127 110 34 con-

194 1201 283 35 sciousness
519 1182 124 53 with
688 1203 28 33 a
761 1183 220 71 grateful
1022 1202 235 52 surprise,
1314 1181 98 54 and
1462 1182 131 53 from
1634 1181 122 54 time
1798 1186 55 49 to
1904 1187 123 48 time
2075 1182 84 53 the

194 1256 318 72 slumbering
550 1262 250 48 centuries
841 1276 82 34 are
962 1262 121 47 thus
1124 1276 288 34 awakened.
1490 1256 54 54 It
1569 1256 42 53 is
1637 1255 68 72 by
1730 1262 88 47 the
1844 1261 191 65 patient
2062 1255 96 54 and

194 1330 216 72 diligent
448 1331 139 53 work
626 1337 53 47 at
718 1336 290 66 systematic
1048 1331 298 53 adaptation
1379 1336 55 48 to
1473 1336 86 48 the
1586 1330 222 54 external
1834 1330 67 72 by
1926 1337 87 46 the
2036 1330 120 54 rank

192 1405 101 52 and
320 1406 82 52 file
430 1406 56 53 of
521 1405 278 67 mankind;
839 1406 41 52 it
918 1406 43 52 is
997 1405 68 71 by
1090 1411 88 48 the
1207 1405 372 54 conscientious
1606 1406 180 52 labour
1813 1406 56 52 of
1903 1405 121 53 each
2051 1424 105 47 one,

192 1479 130 53 after
347 1479 89 54 the
464 1480 261 53 inductive
763 1480 223 66 method,
1014 1480 54 53 in
1104 1479 114 54 that
1243 1480 132 53 little
1414 1499 181 52 sphere
1621 1480 55 53 of
1710 1485 201 60 nature,
1939 1484 218 49 whether

192 1554 258 70 psychical
471 1574 57 33 or
553 1555 243 71 physical,
826 1554 166 54 which
1030 1554 54 53 in
1121 1560 88 48 the
1247 1573 261 53 necessary
1537 1554 217 53 division
1781 1554 55 52 of
1869 1554 179 53 labour
2072 1554 84 53 has

191 1628 154 53 fallen
382 1633 53 48 to
475 1629 78 53 his
593 1630 262 52 lot—that
883 1649 29 34 a
939 1629 264 53 condition
1243 1629 54 53 of
1332 1628 257 54 evolution
1614 1629 42 52 is
1682 1628 214 53 reached
1922 1634 50 47 at
1998 1628 159 53 which

191 1708 90 47 the
326 1722 178 52 genius
551 1723 151 34 starts
744 1704 156 53 forth.
978 1704 276 66 Tiresome,
1300 1708 140 59 then,
1484 1723 52 33 as
1589 1708 87 48 the
1724 1703 194 53 minute
1955 1722 117 33 man
2110 1703 51 52 of

193 1776 321 55 observation
540 1798 116 52 may
682 1784 287 47 sometimes
998 1797 132 34 seem
1159 1797 53 33 as
1238 1778 63 53 he
1327 1778 166 53 exults
1521 1797 116 33 over
1662 1778 77 52 his
1767 1777 244 54 scattered
2035 1777 121 53 facts

192 1871 53 33 as
272 1851 43 53 if
349 1857 121 67 they
495 1872 128 34 were
662 1853 139 66 final,
830 1852 98 53 and
956 1853 265 52 magnifies
1246 1852 80 53 his
1352 1851 273 54 molecules
1651 1852 109 53 into
1787 1857 293 48 mountains
2107 1870 49 34 as

192 1925 43 53 if
269 1931 120 67 they
415 1946 126 35 were
581 1927 207 65 eternal,
828 1927 42 53 it
908 1927 44 53 is
979 1927 114 52 well
1131 1927 114 53 that
1280 1927 63 53 he
1370 1925 186 54 should
1581 1931 122 48 thus
1732 1925 424 71 enthusiastically

193 2005 188 48 esteem
407 2001 78 53 his
514 2019 170 48 work;
725 2000 102 54 and
852 2020 66 34 no
947 2020 96 34 one
1069 2000 97 54 but
1191 2001 103 53 will
1320 2001 116 70 give
1463 2020 28 33 a
1516 2006 196 65 patient
1747 2005 249 49 attention
2022 2020 50 34 as
2097 2000 60 53 he

190 2075 200 53 reflects
416 2075 116 53 how
558 2075 373 53 indispensable
956 2075 88 53 the
1068 2075 262 53 humblest
1346 2075 115 53 unit
1480 2075 44 52 is
1541 2075 55 52 in
1611 2080 86 48 the
1714 2075 155 53 social
1888 2094 266 46 organism,

192 2149 101 52 and
333 2149 114 53 how
488 2149 244 54 excellent
775 2169 28 34 a
845 2168 122 52 spur
1001 2150 173 71 vanity
1206 2150 44 52 is
1284 2155 55 47 to
1374 2149 249 71 industry.
1701 2150 113 52 Not
1841 2167 313 46 unamusing,

191 2222 202 72 though
433 2225 273 52 somewdiat
744 2223 297 71 saddening,
1075 2224 43 53 is
1153 2224 57 64 it,
1248 2223 247 65 however,
1532 2229 55 47 to
1624 2223 204 54 witness
1854 2229 88 47 the
1967 2222 189 73 painful

192 2316 222 52 surprise
459 2298 56 53 of
563 2304 90 47 the
694 2317 119 34 man
859 2298 55 53 of
965 2298 338 65 observation,
1351 2298 80 52 his
1469 2298 194 70 jealous
1704 2298 318 72 indignation
2065 2295 91 55 and

191 2389 284 36 clamorous
528 2391 196 52 outcry,
767 2372 148 53 when
965 2377 88 48 the
1097 2372 159 53 result
1301 2377 51 48 at
1397 2372 165 53 which
1608 2372 65 53 he
1715 2372 98 53 and
1857 2372 80 53 his
1972 2370 181 55 fellow-

191 2445 257 54 labourers
493 2446 128 53 have
663 2446 128 53 been
834 2466 55 33 so
928 2446 267 72 patiently,
1231 2446 203 54 though
1466 2446 213 72 blindly,
1712 2445 443 72 working—when

189 2525 87 47 the
304 2521 423 70 genius-product
773 2521 55 52 of
872 2526 88 47 the
997 2525 212 67 century
1243 2521 166 52 which
1446 2520 65 53 he
1547 2521 91 52 has
1677 2521 180 71 helped
1894 2527 56 47 to
1982 2538 171 47 create,

191 2599 153 47 starts
389 2594 110 54 into
540 2595 309 53 life—when
893 2600 87 48 the
1020 2595 424 53 metamorphosis
1475 2595 45 52 is
1556 2595 316 71 completed:
1915 2613 237 45 amusing,

190 2667 216 55 because
431 2674 89 48 the
546 2674 196 66 patient
760 2668 193 54 worker
979 2668 42 53 is
1050 2688 284 52 supremely
1352 2669 293 53 astonished
1664 2674 52 48 at
1743 2689 29 33 a
1796 2670 158 52 result
1979 2668 172 64 which,

190 2742 203 71 though
437 2743 293 71 preparing,
772 2744 64 52 he
881 2743 186 53 nowise
1113 2744 239 65 foresaw;
1412 2743 301 72 saddening,
1766 2743 212 54 because
2026 2742 126 53 indi-

189 2816 224 72 vidually
459 2818 63 52 he
566 2818 43 52 is
656 2817 326 66 annihilated,
1031 2817 103 53 and
1176 2818 65 52 all
1285 2818 78 52 his
1403 2816 96 54 toil
1543 2817 79 54 for
1648 2817 166 53 which
1839 2818 63 52 he
1930 2821 143 49 spent
2112 2816 39 52 is

191 2890 280 53 swallowed
498 2911 70 51 up
596 2891 54 52 in
675 2897 89 47 the
790 2891 216 70 product
1033 2891 184 66 which,
1246 2892 273 70 gathering
1557 2911 71 52 up
1666 2892 87 52 the
1780 2892 227 52 different
2032 2890 119 53 lines

191 2964 55 52 of
267 2964 363 54 investigation
657 2965 99 53 and
785 2966 236 70 thought,
1052 2965 99 53 and
1176 2966 177 71 giving
1379 2970 54 48 to
1461 2971 140 47 them
1629 2985 29 34 a
1683 2966 149 71 unity
1851 2967 54 52 of
1928 2964 221 71 develop-

189 3056 157 47 ment,
374 3057 114 34 now
514 3039 67 71 by
599 3039 278 71 epigenesis
905 3059 195 33 ensues.
1180 3040 100 53 We
1306 3040 236 70 perceive,
1563 3040 140 65 then,
1728 3040 113 54 how
1857 3040 41 53 it
1923 3040 42 52 is
1991 3039 109 53 that
2124 3056 27 34 a

191 3117 142 65 great
359 3131 179 52 genius
566 3118 185 48 cannot
779 3132 141 34 come
951 3133 115 34 save
1105 3119 51 48 at
1198 3114 126 71 long
1363 3114 259 66 intervals,
1650 3134 53 34 as
1730 3115 87 54 the
1842 3119 105 49 tree
1973 3116 177 50 cannot

189 3184 226 55 blossom
440 3186 96 53 but
562 3191 51 48 at
640 3187 66 52 its
735 3187 98 53 due
858 3207 193 34 season.

265 3259 108 53 But
399 3279 114 52 why
542 3260 184 53 should
753 3280 96 51 any
877 3280 113 47 one,
1018 3267 144 65 great
1189 3280 56 35 or
1270 3261 148 67 little,
1446 3261 97 54 fret
1569 3262 102 53 and
1696 3261 138 54 fume
1860 3261 205 53 because
2090 3258 59 53 he

190 3332 43 54 is
258 3333 154 72 likely
434 3352 126 35 soon
585 3338 55 49 to
668 3334 64 54 be
758 3335 259 71 forgotten
1034 3336 22 53 ?
1133 3337 107 52 The
1260 3336 178 70 genius
1465 3336 217 66 himself,
1713 3355 52 35 as
1790 3333 292 66 individual,
2107 3332 40 52 is

191 3487 229 34 sea-shore,
445 3475 85 40 and
553 3475 130 40 listen
710 3477 46 38 to
783 3475 58 40 its
860 3476 172 54 mighty
1058 3490 107 34 roar,
1193 3477 21 39 1
1240 3477 103 40 hear
1366 3478 75 39 the
1468 3477 135 53 single
1633 3490 155 28 sounds
1817 3476 48 41 of
1887 3488 125 39 every
2037 3484 110 29 wave

191 3532 51 38 of
263 3531 140 40 which
429 3533 75 39 the
532 3545 96 26 roar
657 3532 35 39 is
720 3533 235 51 composed,
983 3534 79 39 hut
1090 3533 184 40 without
1305 3533 336 53 distinguishing
1667 3534 133 40 them.
1860 3533 101 39 Just
1992 3532 43 38 in
2067 3529 80 39 like

193 3600 178 27 manner
392 3600 71 27 are
483 3601 77 27 our
580 3589 202 39 confused
810 3588 114 41 ideas
944 3591 75 39 the
1040 3591 134 40 result
1196 3589 48 41 of
1262 3590 74 40 the
1358 3590 269 52 impressions
1648 3590 139 40 which
1813 3591 75 39 the
1909 3587 131 41 whole
2061 3583 84 42 uni-

191 3655 120 29 verse
331 3656 144 28 makes
495 3657 116 40 upon
628 3645 359 42 us.”—Leibnitz.
