1933 3302
165 941 36 53 1.
261 936 293 57 Klinisches
596 936 289 56 Verhalten
926 936 88 55 des
1054 933 488 72 Hospitalbrandes.

111 1108 48 40 A.
202 1109 256 48 Einleitung.
514 1107 263 49 Allgemeine
807 1105 407 42 Cliarakterisirung
1243 1105 75 40 der
1346 1105 257 39 Krankheit.

184 1227 80 38 Der
290 1226 305 38 Hospitalbrand
627 1226 52 38 ist
716 1227 61 38 ein
807 1226 183 38 örtlich.er
1019 1225 418 50 Zerstörungsprocess
1473 1225 67 38 der
1571 1222 77 41 Ge-

63 1294 118 25 webe.
237 1280 55 38 Er
319 1280 50 38 ist
397 1281 83 37 eine
508 1279 553 40 Wundinfectionskrankheit,
1093 1279 144 38 welche
1267 1278 82 39 sich
1377 1278 100 39 nach
1506 1278 143 38 Fläche

61 1335 77 38 und
175 1333 108 39 Tiefe
320 1334 267 38 continuirlich
623 1334 133 38 weiter
792 1334 226 38 verbreitet,
1060 1333 66 38 das
1164 1333 205 38 ergriffene
1408 1331 165 39 Gewebe
1609 1332 41 39 in

62 1388 103 38 einer
205 1388 246 49 specifischen
480 1388 130 38 Weise
650 1388 205 38 entzündet
891 1388 78 37 und
999 1387 101 38 dann
1128 1386 227 38 nekrotisirt
1388 1387 79 37 und
1497 1386 153 38 endlich

62 1441 59 38 die
149 1442 105 37 todte
275 1441 185 38 Substanz
481 1441 209 39 desselben,
713 1442 115 37 sowie
857 1441 60 38 die
943 1443 197 49 gesetzten
1158 1440 197 38 Exsudate
1375 1439 273 47 durch.einen,

63 1495 69 37 wie
161 1508 39 24 es
220 1495 158 45 scheint,
409 1495 188 38 ebenfalls
623 1495 249 50 specifischen
891 1494 410 50 Zersetzungsprocess
1322 1507 46 24 zu
1389 1493 125 38 einem
1533 1492 116 39 fauli-

60 1561 75 37 gen
163 1548 171 37 Detritus
364 1548 152 38 auflöst.
564 1549 78 37 Der
661 1548 304 50 Hospitalbrand
993 1547 104 39 zeigt
1131 1547 41 38 in
1193 1546 191 39 Geweben
1404 1560 75 24 von
1499 1547 149 50 gleich-

60 1601 143 37 massig
223 1602 154 36 derbem
398 1601 159 51 Gefüge,
588 1616 30 23 z.
640 1602 44 37 B.
714 1602 40 37 in
784 1603 66 37 der
870 1601 117 38 Cutis,
1019 1601 60 38 die
1099 1600 197 51 Neigung,
1320 1600 84 38 sich
1429 1600 99 38 nach
1548 1600 102 38 allen

61 1653 244 39 Richtungen
332 1654 67 38 hin
427 1655 273 51 gleichmässig
728 1655 228 38 centripetal
985 1668 46 24 zu
1059 1654 233 38 verbreiten.
1350 1654 57 38 Ist
1437 1654 85 38 eine
1544 1654 106 39 Zone

62 1708 64 38 des
155 1707 181 39 Gewebes
365 1708 180 38 ergriffen
574 1709 76 37 und
679 1709 226 37 mortificirt,
937 1722 42 24 so
1008 1708 96 38 wird
1132 1707 233 39 inzwischen
1394 1708 60 38 die
1484 1721 165 25 concen-

62 1761 117 37 trisch
215 1763 263 48 angrenzende
506 1762 104 38 Zone
646 1762 40 38 in
722 1763 259 45 bestimmter,
1020 1775 175 25 ringsum
1223 1761 225 39 wesentlich
1477 1762 173 50 gleicher

63 1814 127 38 Breite
220 1815 188 50 ergriffen,
431 1816 214 46 entzündet,
675 1816 228 38 mortificirt,
933 1815 183 39 während
1145 1829 80 24 nun
1254 1816 60 37 die
1335 1815 221 39 Krankheit
1584 1815 70 39 auf

64 1867 58 38 die
152 1868 114 37 dritte
294 1868 103 38 Zone
425 1868 258 39 fortschi-eitet
710 1883 36 24 u.
779 1884 28 23 s.
838 1884 65 24 w.,
935 1869 72 38 wie
1038 1870 61 37 ein
1127 1869 219 38 zündender
1374 1869 163 38 Funken
1569 1868 82 51 (um

61 1921 64 37 für
154 1922 71 36 den
253 1922 69 36 mit
350 1922 65 37 der
444 1922 215 39 Krankheit
696 1924 98 37 noch
830 1936 98 37 ganz
956 1923 274 38 unbekannten
1258 1923 119 38 Leser
1406 1923 112 38 einen
1546 1923 103 38 bild-

62 1974 124 38 lichen
206 1974 204 51 Vergleich
436 1975 315 39 heranzuziehen)
781 1990 75 24 von
886 1977 123 38 einem
1029 1977 152 37 Punkte
1202 1990 68 24 aus
1290 1976 40 38 in
1357 1977 139 38 immer
1515 1979 136 36 weiter

63 2027 274 47 schreitenden,
376 2029 259 49 glimmenden
671 2029 275 39 Feuerkreisen
983 2031 61 38 ein
1082 2029 121 39 Stück
1231 2030 153 38 Zunder
1419 2035 229 34 einäschert.

63 2080 71 38 Die
171 2082 145 36 runden
344 2082 304 52 Begrenzungen
687 2084 65 38 der
782 2083 249 39 Geschwüre,
1071 2084 67 38 der
1176 2083 195 39 dieselben
1407 2085 242 49 umgebende

63 2134 123 45 livide,
218 2148 136 24 aussen
382 2136 252 38 dunkelrothe
664 2138 227 37 entzündete
910 2138 84 37 Hof
1017 2137 300 38 kennzeichnen,
1348 2151 70 24 wie
1440 2137 70 38 wir
1529 2151 121 25 unten

65 2199 167 37 genauer
258 2188 250 40 beschreiben
536 2191 172 46 werden,
749 2191 101 38 diese
879 2191 74 38 Art
981 2192 67 37 der
1076 2191 261 38 Verbreitung
1365 2191 41 37 in
1435 2191 67 38 der
1529 2191 118 38 Haut.

67 2239 163 51 Gelangt
256 2241 151 38 freilich
436 2243 58 38 die
522 2243 218 39 Krankheit
766 2244 41 38 in
834 2245 173 37 lockeres
1037 2244 174 38 Gewebe,
1243 2259 29 22 z.
1304 2244 45 37 B.
1380 2244 40 38 in
1449 2245 66 37 das
1545 2244 103 39 Zell-

66 2293 154 49 gewebe
257 2297 111 35 unter
405 2296 65 37 der
500 2296 117 45 Cutis,
655 2297 188 39 zwischen
882 2299 72 37 den
991 2297 345 39 Muskelbäuchen,
1376 2298 93 38 oder
1505 2298 40 38 in
1581 2298 67 38 das

67 2346 65 37 der
173 2345 234 53 Umgebung
448 2350 66 37 der
543 2349 71 39 Gef
617 2355 107 33 ässe,
767 2364 41 24 so
849 2351 105 37 kann
996 2350 55 38 sie
1091 2350 85 38 hier
1216 2355 434 47 unverhältnissmässig

67 2398 174 38 raschere
269 2399 251 41 Fortschritte
556 2403 171 38 machen.
785 2404 204 38 Trotzdem
1026 2404 106 37 kann
1168 2418 90 24 man
1295 2404 54 37 im
1376 2404 274 39 Allgemeinen

69 2451 72 37 den
169 2451 86 39 Satz
285 2454 211 46 aufstellen,
528 2456 84 37 dass
643 2457 66 37 der
737 2457 301 49 Hospitalbrand
1067 2457 107 38 nicht
1204 2458 59 37 die
1282 2457 185 51 Neigung
1496 2472 46 24 zu
1572 2458 76 38 dif-

67 2503 115 47 fuser,
212 2507 344 51 unregelmässiger
578 2509 259 51 Verbreitung
864 2511 76 37 und
968 2511 157 37 weithin
1155 2511 231 50 dringender
1413 2511 242 50 Verschlep-

67 2570 108 36 pung
202 2559 122 38 seiner
343 2560 135 39 Keime
506 2562 71 37 mit
606 2563 85 37 dem
711 2562 203 40 Saftstrom
934 2564 79 38 hat,
1044 2564 71 38 wie
1134 2564 69 38 wir
1223 2565 54 38 sie
1296 2564 64 39 bei
1389 2565 73 38 den
1483 2567 167 48 eitrigen

68 2611 77 36 und
165 2612 212 47 septischen
398 2614 207 38 Processen
626 2616 247 46 beobachten,
895 2620 297 48 vorausgesetzt,
1224 2618 86 38 dass
1341 2632 40 23 er
1401 2618 107 38 nicht
1528 2619 120 37 durch

69 2664 59 37 die
162 2667 288 49 ursprüngliche
487 2667 188 40 Infection
710 2669 126 50 gleich
873 2671 111 37 diffus
1025 2672 207 37 verbreitet
1267 2672 130 37 wurde
1437 2672 92 38 oder
1566 2672 81 38 sein

69 2715 130 39 Secret
236 2718 117 38 durch
387 2720 242 51 Verhaltung
665 2722 39 37 in
741 2723 65 37 das
850 2723 162 39 Gewebe
1050 2725 239 50 eingepresst
1330 2725 141 37 wurde.
1536 2723 112 40 Auch

67 2769 345 50 lymphangitische
437 2775 90 37 oder
554 2775 366 50 lymphadenitische
939 2777 260 39 Verbreitung
1228 2778 148 38 scheint
1405 2777 123 39 selten
1556 2779 92 38 oder

69 2835 69 36 gar
166 2824 106 37 nicht
299 2826 293 40 vorzukommen
626 2829 77 37 und
739 2830 98 37 noch
867 2831 168 50 weniger
1071 2832 202 37 entstehen
1312 2831 69 37 auf
1407 2831 86 37 dem
1522 2832 125 39 Wege

71 2875 65 37 der
163 2876 195 39 Blutbahn
377 2878 245 50 Metastasen,
652 2881 71 39 wie
743 2882 70 38 wir
841 2884 54 38 sie
923 2884 63 38 bei
1007 2885 73 37 den
1109 2885 161 37 eitrigen
1300 2885 79 37 und
1398 2885 250 49 pyämischen

71 2927 204 41 Processen
305 2931 162 40 kennen.

133 2993 220 32 Rosenbach.
373 2996 229 33 Hospitalbrand.
1439 2996 15 31 1
