2107 3450
1564 341 86 42 265

498 353 260 33 RECURRING
793 352 307 32 UTTERANCES.

1 484 183 51 >pposite
206 477 289 56 hemisphere,
518 490 102 42 may
643 478 76 54 yet
741 474 53 44 be
821 472 97 44 able
950 472 330 56 appropriately
1305 476 46 39 to
1374 485 79 29 use
1478 472 168 42 certain

0 551 128 42 vords
146 550 105 43 such
271 565 45 28 as
337 564 68 42 yes
426 563 48 29 or
495 563 64 28 no,
578 562 46 29 or
646 553 44 38 to
710 547 118 52 emit,
848 560 117 42 upon
986 545 213 53 occasion,
1219 545 168 43 certain
1407 544 240 43 emotional

1 607 33 60 h
56 622 307 43 conventional
388 634 288 31 expressions.
731 619 139 42 These
887 618 61 43 all
972 618 110 43 have
1107 632 118 28 more
1249 632 47 27 or
1318 617 86 43 less
1428 617 218 55 meaning,

0 695 33 42 [t
55 699 118 38 must
197 709 95 28 now
315 695 53 42 be
401 694 133 42 noted
568 697 108 38 that,
699 690 47 45 in
779 691 90 42 like
904 691 355 51 circumstances,
1283 704 25 28 a
1339 689 175 57 patient
1546 703 102 42 may

1 766 93 42 miit
127 767 110 41 from
270 766 74 42 the
378 764 277 44 uneducated
687 777 160 29 centre,
881 762 234 44 whenever
1147 762 55 43 he
1235 763 106 43 tries
1375 767 44 38 to
1453 762 148 56 speak,
1624 775 26 29 a

1 837 104 43 vord
129 852 47 28 or
198 838 155 56 phrase
376 843 179 37 without
577 837 214 53 meaning.
855 835 245 43 Whatever
1132 834 56 44 he
1220 849 103 42 may
1347 834 110 43 wish
1491 838 44 38 to
1559 847 91 37 say,

3 914 18 37 t
43 924 101 42 may
166 910 53 43 be
242 909 164 43 always
429 909 76 43 the
528 922 120 30 same
671 907 200 56 syllable,
896 907 132 43 word,
1052 922 46 28 or
1120 907 160 57 phrase
1304 907 100 43 that
1427 907 54 43 he
1505 912 141 37 emits.

1 982 122 42 Hiese
141 981 139 43 words
298 981 85 43 and
403 981 178 56 phrases
599 995 71 28 are
689 979 216 44 therefore
920 980 170 43 termed
1105 979 246 43 Recurring
1370 979 278 43 Utterances,

1 1053 29 42 't
53 1067 101 43 may
177 1054 53 42 be
253 1053 100 43 well
375 1053 103 43 here
501 1052 170 44 shortly
694 1056 45 39 to
762 1051 169 44 discuss
956 1052 116 43 their
1094 1056 167 39 nature.

46 1125 201 57 Nothing
267 1126 38 43 is
328 1140 118 29 more
469 1139 202 30 common
694 1124 47 43 in
766 1138 119 30 cases
909 1124 48 44 of
985 1139 150 29 severe
1160 1128 142 39 motor
1335 1123 182 44 aphasia
1540 1123 109 43 than

8 1212 23 28 0
57 1198 90 42 find
170 1198 96 42 that
290 1198 75 43 the
388 1198 172 56 patient
583 1211 81 29 can
688 1200 120 39 utter
834 1197 189 42 nothing
1055 1197 81 42 but
1168 1211 25 28 a
1226 1197 167 42 certain
1425 1209 226 43 recurring

0 1269 184 57 ;yllable,
209 1271 129 42 word,
361 1285 47 28 or
430 1284 167 42 phrase.
653 1269 94 43 One
771 1269 44 42 of
838 1269 174 43 Broca's
1037 1284 104 28 very
1159 1270 96 42 first
1278 1283 119 29 cases
1421 1269 228 42 exhibited

1 1358 61 28 ,he
85 1357 306 42 phenomenon
416 1342 228 56 typically.
710 1342 54 41 In
788 1341 125 56 reply
937 1345 45 39 to
1006 1341 61 42 all
1098 1341 242 56 questions,
1363 1341 55 42 he
1442 1340 94 43 said
1560 1346 90 46 tan,

4 1431 72 27 an,
99 1421 107 46 tan;
240 1416 98 42 and,
360 1416 45 41 in
428 1415 61 42 all
513 1415 204 55 ordinary
737 1413 353 43 circumstances,
1108 1414 75 42 the
1206 1428 120 28 same
1350 1413 188 43 syllable
1560 1426 89 29 was

1 1487 192 42 •epeated
216 1487 34 41 if
271 1487 54 42 he
350 1486 113 43 tried
485 1485 346 56 spontaneously
855 1490 44 37 to
926 1486 126 42 make
1076 1500 25 28 a
1123 1487 186 41 remark.
1377 1486 120 43 Only
1520 1485 129 43 when

1 1573 41 28 le
69 1573 87 28 was
188 1557 201 43 irritated
423 1557 75 42 did
531 1557 55 43 he
619 1557 154 42 startle
806 1557 70 42 his
911 1557 174 43 hearers
1118 1558 60 56 by
1201 1558 317 56 pronouncing,
1542 1565 110 34 with

1 1635 153 38 perfect
176 1629 295 43 articulation,
494 1629 76 42 the
604 1643 202 29 common
838 1629 172 43 Trench
1044 1630 116 53 oath,
1194 1629 165 44 "Sacre"
1394 1629 141 44 nom,"
1569 1643 81 30 etc.

1 1703 238 52 [■rousseau,
272 1701 486 57 Hughlings-Jackson,
791 1700 232 45 Gairdner,
1057 1702 86 42 and
1177 1716 134 43 many
1351 1703 148 42 others
1538 1701 113 43 have

1 1775 186 56 ■eported
223 1789 118 29 cases
377 1774 199 56 showing
609 1788 135 29 many
779 1774 205 42 varieties
1028 1775 45 42 of
1116 1775 226 57 recurring
1384 1780 265 38 utterances,

1 1846 41 42 [n
66 1860 81 28 one
170 1859 96 29 case
290 1845 75 43 the
389 1845 118 43 word
530 1849 22 19 "
569 1843 195 45 cousisi"
790 1845 37 42 is
852 1844 164 57 always
1042 1845 210 43 emitted;
1283 1846 47 42 in
1355 1845 197 43 another,
1576 1846 74 41 the

1 1918 104 42 vord
129 1923 20 15 "
167 1932 128 28 nurse
313 1917 43 54 ;"
390 1918 48 42 in
460 1917 184 43 another
666 1917 75 43 the
762 1916 120 43 word
905 1921 20 17 "
942 1931 76 43 yes
1034 1916 21 18 "
1077 1917 39 43 is
1140 1918 276 44 articulated,
1440 1923 79 38 not
1542 1922 110 39 with

5 1993 41 38 ts
83 1989 127 42 usual
248 1989 218 55 meaning,
504 1989 81 42 but
628 2003 46 28 as
717 2002 25 28 a
784 1987 226 58 recurring
1052 1994 230 38 utterance
1326 1990 192 42 without
1560 2004 87 42 any

1 2061 204 56 neaning.
269 2062 55 41 In
349 2062 124 42 other
496 2075 132 36 cases,
651 2061 141 56 again,
815 2075 25 28 a
862 2061 142 43 whole
1027 2062 157 56 phrase
1208 2062 37 43 is
1269 2062 209 44 included
1501 2063 48 42 in
1574 2063 76 43 the

1 2133 210 55 •ecurring
235 2138 252 38 utterance:
521 2148 45 28 as
590 2133 47 42 in
659 2133 67 42 Dr
747 2133 212 43 Russell's
993 2148 96 29 case
1124 2135 44 42 of
1202 2135 73 43 the
1310 2140 339 49 manufacturer,

1 2205 131 43 seized
154 2205 109 42 with
287 2205 180 56 aphasia
489 2206 127 42 when
641 2205 181 57 making
854 2220 53 27 an
942 2206 237 57 inventory
1203 2208 47 42 of
1279 2208 69 43 his
1380 2208 147 57 goods,
1550 2209 99 42 who

1 2277 155 56 -eplied
179 2277 112 43 "list
313 2277 252 44 complete"
589 2284 43 37 to
655 2292 132 41 every
811 2278 202 56 question
1033 2295 8 37 ;
1073 2280 87 42 and
1183 2280 47 42 in
1255 2281 186 43 another
1474 2295 97 29 case
1604 2281 45 42 of

1 2365 12 28 1
44 2350 183 56 patient,
260 2350 143 44 seized
436 2350 108 43 with
578 2350 180 57 aphasia
792 2351 128 43 when
953 2352 46 42 in
1034 2352 173 58 danger,
1243 2353 146 44 whose
1424 2354 225 56 recurring

2 2426 212 39 itterance
236 2436 88 29 was
347 2421 164 57 always
534 2427 20 16 "
571 2423 22 41 I
619 2428 118 37 want
759 2423 285 56 protection."

46 2493 90 43 The
159 2494 204 56 question
395 2494 234 57 regarding
651 2494 75 44 the
749 2509 152 30 causes
935 2496 145 43 which
1104 2496 244 45 determine
1382 2498 75 44 the
1491 2504 158 40 nature

1 2565 32 43 )f
61 2580 87 42 any
171 2567 223 56 recurring
418 2572 227 38 utterance
677 2568 37 42 is
748 2582 81 29 one
852 2568 99 44 that
973 2568 79 45 has
1085 2570 175 44 excited
1293 2572 133 42 much
1450 2573 197 43 interest,

1 2638 50 42 3r
73 2638 471 58 Hughlings-Jackson
577 2643 200 54 suggests
801 2641 108 43 that,
932 2642 47 42 in
1013 2657 134 43 many
1169 2658 133 30 cases,
1325 2645 76 43 the
1425 2646 226 57 recurring

1 2714 211 39 itterance
244 2711 37 43 is
314 2726 55 28 an
403 2713 253 55 expression
680 2713 98 43 that
810 2713 78 44 has
922 2715 142 44 either
1092 2716 110 44 been
1237 2718 198 52 emitted,
1458 2733 48 29 or
1538 2719 112 44 been

1 2784 33 40 it
70 2782 74 43 the
185 2783 126 55 point
343 2784 46 42 of
430 2784 220 53 emission,
685 2789 45 39 at
764 2787 74 42 the
882 2792 198 38 moment
1118 2790 47 41 of
1206 2789 180 53 seizure,
1420 2792 88 42 and
1552 2792 98 43 that

1 2866 77 37 las,
111 2853 225 54 therefore,
369 2856 46 42 in
449 2856 59 42 all
540 2857 272 55 probability
844 2858 110 44 been
1000 2859 159 58 deeply
1193 2862 244 56 imprinted
1481 2863 58 57 by
1573 2864 76 42 the

1 2924 193 44 stimulus
232 2927 44 42 of
313 2928 219 55 emotion;
568 2929 87 43 and
686 2944 135 44 many
853 2931 209 44 recorded
1095 2948 120 29 cases
1255 2935 165 57 clearly
1454 2937 195 43 indicate

1 2995 84 43 /hat
104 2997 87 44 this
215 3012 99 43 may
333 3000 52 44 be
404 3000 74 44 the
502 3016 128 30 cause
649 3002 299 59 determining
966 3005 74 43 the
1064 3010 156 40 nature
1243 3009 47 41 of
1311 3008 74 44 the
1405 3014 241 39 utterance.

0 3066 81 43 But
113 3068 35 42 it
179 3068 37 44 is
254 3077 77 37 not
362 3074 231 55 suggested
632 3074 96 43 that
760 3075 90 44 this
884 3076 36 43 is
954 3077 250 59 invariably
1237 3079 76 43 the
1347 3080 303 58 determining

1 3152 128 30 :ause.
184 3141 53 42 In
253 3157 117 30 some
386 3159 133 38 cases,
534 3146 73 43 the
626 3147 124 43 effort
769 3152 43 39 to
831 3149 135 55 speak
985 3163 142 31 seems
1144 3154 45 40 to
1207 3152 150 52 result,
1374 3153 58 56 by
1448 3153 203 43 accident

1 3223 36 30 is
70 3211 34 43 it
138 3227 121 39 were,
281 3215 46 42 in
360 3216 75 44 the
467 3219 262 56 production
763 3221 44 42 of
839 3235 119 30 some
993 3223 293 57 meaningless
1319 3225 213 56 syllable;
1565 3226 87 42 and

1397 3286 25 42 2
1447 3297 26 31 L
