2125 3524
856 296 87 32 TIIK
976 298 244 33 DISORDERS
1252 300 53 32 OF
1336 301 175 31 SPEKCII.

367 279 54 42 70

368 421 184 31 nervous
576 411 124 43 when
723 413 130 44 about
876 420 43 37 to
942 417 109 42 read.
1117 418 239 43 Preaching
1380 433 84 28 was
1486 420 135 41 easier
1651 423 43 38 to
1721 418 114 54 him;
1865 436 44 28 as
1931 424 47 43 he

367 478 125 43 could
526 481 102 42 then
652 483 164 57 change
848 487 73 41 the
952 487 121 54 pitch
1099 488 45 42 of
1175 488 67 42 his
1264 490 132 41 voice,
1417 502 48 28 or
1497 502 143 41 pause,
1662 503 45 27 as
1730 489 52 41 he
1803 493 175 51 pleased.

366 547 72 44 He
461 564 85 28 was
578 553 128 55 given
729 569 24 27 a
776 557 179 40 nervine
980 558 125 42 tonic,
1127 558 86 42 and
1243 558 329 42 recommended
1604 563 43 37 to
1670 565 66 49 try
1759 560 73 41 the
1862 562 118 44 effect

367 619 47 41 of
446 633 25 29 a
503 620 115 44 little
656 624 201 44 Bromide
894 626 44 41 of
975 626 244 43 Potassium
1257 628 144 42 before
1438 628 234 54 beginning
1709 628 73 42 the
1813 630 165 44 service.

367 690 104 42 This
493 705 95 29 case
611 693 37 42 is
670 694 143 43 rather
829 696 285 54 complicated
1131 712 8 37 ;
1170 698 78 41 but
1270 699 56 41 its
1345 698 114 42 chief
1481 699 165 40 feature
1665 711 135 29 seems
1818 703 42 36 to
1877 699 102 45 have

367 759 107 43 been
508 775 25 28 a
555 763 153 43 failure
735 765 44 40 of
810 779 155 41 power,
986 767 86 41 and
1103 768 44 40 of
1179 768 327 41 co-ordination,
1530 767 45 41 in
1607 767 72 42 the
1711 767 267 59 Respiratory

368 832 170 52 portion
576 834 46 40 of
655 834 73 42 the
767 835 122 41 vocal
921 837 277 42 mechanism.
1262 839 89 41 The
1388 837 212 42 difficulty
1637 839 46 39 of
1713 838 267 58 articulating

368 903 162 41 certain
554 911 259 35 consonants
836 906 85 40 and
953 907 159 41 vowels
1135 921 136 28 seems
1293 913 43 36 to
1359 908 187 41 indicate
1568 907 96 42 that
1694 907 73 42 the
1789 908 190 44 innerva-

368 972 89 41 tion
483 973 46 40 of
557 973 74 41 the
655 974 103 41 Oral
788 975 291 43 Articulative
1102 977 272 42 Mechanism
1409 991 83 27 was
1515 977 88 41 also
1635 982 43 36 to
1701 991 115 28 some
1838 988 143 34 extent

368 1042 235 42 disturbed.

430 1113 51 40 In
522 1114 242 41 connexion
806 1115 108 41 with
956 1115 73 42 the
1071 1121 113 37 most
1225 1117 164 54 typical
1431 1116 84 42 and
1557 1131 194 27 common
1794 1118 107 41 form
1942 1122 41 38 of

368 1184 164 55 fatigue
565 1185 209 49 neurosis,
806 1186 91 51 viz.,
930 1186 178 42 writer's
1142 1201 156 41 cramp,
1331 1187 35 42 it
1398 1188 37 41 is
1467 1201 96 28 now
1595 1187 98 43 well
1724 1189 257 41 ascertained

368 1253 98 41 that
487 1267 175 41 persons
685 1255 96 41 who
803 1269 71 28 are
897 1256 189 55 subjects
1115 1258 46 40 of
1188 1258 305 41 neurasthenia
1515 1272 69 27 are
1609 1272 113 28 more
1744 1258 237 55 frequently

370 1324 85 41 and
484 1324 134 55 easily
642 1326 182 41 affected
857 1327 56 54 by
937 1327 73 42 the
1043 1328 219 41 condition
1295 1328 106 41 than
1432 1342 175 40 persons
1639 1328 44 41 of
1713 1334 144 36 strong
1888 1342 92 28 con-

370 1395 213 41 stitution.
646 1396 45 40 It
722 1396 36 41 is
790 1396 89 42 also
913 1397 158 41 known
1104 1398 96 41 that
1225 1403 243 50 temporary
1491 1412 294 27 nervousness,
1807 1398 101 41 such
1940 1413 41 27 as

370 1465 139 55 might
531 1465 51 42 be
605 1466 216 54 produced
846 1467 57 55 by
925 1468 73 41 the
1020 1482 203 40 presence
1251 1468 47 42 of
1325 1482 55 28 an
1412 1468 213 51 onlooker,
1648 1474 247 49 aggravates
1915 1469 68 41 the

371 1537 219 41 condition
625 1537 65 41 for
721 1537 73 41 the
827 1538 105 41 time
965 1538 136 55 being.
1166 1538 245 42 Reasoning
1442 1539 108 40 from
1583 1541 86 39 this
1701 1538 192 54 analogy,
1925 1552 57 29 we

371 1621 100 41 may
494 1607 166 42 believe
693 1607 95 41 that
819 1608 319 42 Neurasthenia
1170 1609 85 41 and
1287 1622 284 28 nervousness
1602 1622 99 27 may
1723 1608 89 41 also
1843 1614 68 35 act
1941 1623 40 27 as

370 1677 300 54 predisposing
691 1691 148 28 causes
869 1678 45 41 of
944 1677 73 43 the
1045 1678 239 55 Laryngeal
1305 1679 179 40 Fatigue
1506 1678 226 41 Neuroses.
1793 1678 88 41 The
1903 1683 79 36 two

370 1761 119 28 cases
506 1747 85 41 last
608 1747 220 42 described
847 1762 114 27 seem
978 1752 44 37 to
1040 1749 175 41 confirm
1235 1749 86 41 this
1339 1748 260 42 conclusion,
1618 1761 44 28 as
1680 1747 103 42 both
1802 1748 180 54 patients

370 1817 192 42 asserted
584 1818 95 41 that
701 1818 114 41 their
836 1832 285 28 nervousness
1143 1819 257 54 aggravated
1423 1818 114 41 their
1558 1831 251 41 symptoms.

431 1888 51 40 In
502 1888 73 41 the
600 1893 232 36 treatment
854 1890 46 39 of
918 1888 59 41 all
999 1889 106 41 such
1127 1903 116 27 cases
1260 1890 46 40 of
1325 1889 179 54 Fatigue
1521 1888 219 51 Neurosis,
1757 1886 225 56 prolonged

369 1963 88 37 rest
480 1959 110 40 from
611 1958 284 55 professional
919 1959 116 41 work
1057 1959 37 41 is
1116 1958 296 42 undoubtedly
1436 1958 73 42 the
1531 1958 171 42 leading
1730 1958 254 50 indication;

371 2029 85 42 and
480 2029 87 41 this
585 2035 87 36 rest
689 2029 156 41 should
867 2029 51 42 be
940 2029 130 42 taken
1096 2029 130 54 early,
1242 2029 143 41 before
1409 2029 72 41 the
1503 2029 121 40 habit
1646 2030 46 39 of
1709 2028 272 42 break-down

370 2100 77 41 has
470 2100 172 41 become
665 2099 234 42 confirmed
922 2100 57 54 by
1001 2101 201 53 frequent
1233 2099 240 41 repetition.
1535 2098 143 42 When
1709 2096 273 56 professional

370 2170 108 54 duty
502 2169 36 43 is
570 2170 208 42 resumed,
801 2170 74 42 the
897 2175 187 50 greatest
1116 2184 95 27 care
1234 2169 154 42 should
1420 2169 52 41 be
1494 2169 130 41 taken
1647 2174 43 36 to
1712 2168 125 41 avoid
1870 2181 112 28 over-

370 2240 135 43 strain
523 2256 9 36 ;
573 2241 84 40 and
696 2241 73 41 the
805 2241 176 41 method
1025 2241 46 41 of
1109 2240 192 42 delivery
1339 2239 154 42 should
1536 2239 51 41 be
1631 2244 110 35 most
1782 2237 198 53 carefully

369 2311 207 41 attended
608 2317 55 35 to.
726 2311 255 41 Something
1019 2325 114 27 more
1165 2310 89 41 will
1286 2310 52 41 be
1371 2310 91 41 said
1493 2323 131 27 about
1661 2309 120 41 these
1812 2314 170 35 matters

368 2381 234 56 presently.
682 2381 53 41 In
773 2395 117 27 some
929 2395 128 27 cases,
1089 2381 74 41 the
1201 2394 75 27 use
1318 2380 44 40 of
1402 2393 191 27 massage
1630 2378 84 41 and
1752 2387 231 43 electricity

368 2453 79 40 has
488 2451 110 42 been
640 2450 207 42 attended
889 2458 107 34 with
1043 2450 109 56 good
1197 2451 158 41 effects.
1437 2449 144 41 When
1624 2448 74 42 the
1744 2448 166 54 patient
1949 2446 33 40 is

368 2536 158 41 young,
549 2521 84 41 and
666 2534 45 28 as
743 2526 74 50 yet
848 2535 46 27 so
916 2520 114 41 little
1062 2520 271 41 accustomed
1366 2524 43 36 to
1432 2519 167 41 clerical
1634 2519 141 41 duties
1806 2532 46 27 as
1874 2523 41 35 to
1937 2516 46 41 be

370 2591 190 43 agitated
602 2591 85 41 and
730 2604 184 28 nervous
956 2590 157 41 during
1156 2590 113 41 their
1309 2591 303 52 performance,
1645 2589 21 41 I
1709 2588 127 41 think
1877 2587 34 41 it
1949 2586 33 40 is

370 2661 250 44 reasonable
653 2666 43 36 to
729 2660 213 55 prescribe
969 2660 67 41 for
1066 2659 91 42 him
1180 2674 25 27 a
1235 2659 115 42 little
1371 2659 203 42 Bromide
1596 2660 47 40 of
1671 2658 253 48 Potassium,
1944 2654 44 42 of

371 2732 142 43 which
536 2746 24 27 a
583 2731 137 43 single
735 2731 100 41 dose
851 2744 98 27 may
970 2730 51 41 be
1039 2729 130 42 taken
1187 2729 92 41 half
1295 2743 55 27 an
1368 2729 107 41 hour
1492 2729 142 41 before
1656 2728 159 42 service
1831 2727 151 54 begins.

607 2891 271 55 Pharyngeal
903 2890 191 42 Troubles
1114 2889 51 55 of
1177 2889 286 41 Professional
1495 2888 258 42 Voice-users.

428 3011 83 41 We
543 3023 96 29 now
672 3022 118 29 come
822 3014 43 36 to
898 3006 195 43 consider
1123 3020 55 29 an
1210 3005 201 43 affection
1442 3004 97 43 that
1569 3005 36 41 is
1637 3002 193 44 believed
1862 3007 42 36 to
1934 2999 48 42 be

369 3081 240 58 peculiarly
657 3093 174 28 ommon
854 3091 156 42 among
1038 3090 352 42 clergymenso
1412 3074 128 44 much
1564 3089 57 38 so,
1643 3073 166 50 indeed,
1831 3075 92 38 that
1951 3068 33 41 it
