2107 3450
706 289 187 34 METHOD
927 291 53 32 OF
1013 289 318 33 CASE-TAKING.

1760 274 85 49 371

183 413 173 56 inquire
379 413 98 42 how
499 412 76 43 the
606 412 224 43 functions
853 412 48 42 of
929 411 106 43 each
1068 425 71 28 are
1173 409 198 44 affected.
1437 408 91 44 The
1552 409 226 43 functions
1801 409 45 43 of

184 485 75 42 the
282 485 174 43 various
479 498 170 30 centres
671 484 177 43 overlap
871 483 107 43 each
1001 482 126 43 other
1148 486 74 39 too
1239 481 135 43 much
1396 481 67 42 for
1484 480 101 44 this.
1649 480 47 43 It
1715 481 39 43 is
1776 481 68 42 far

184 557 152 42 better,
360 557 23 42 I
406 557 143 42 think,
570 557 47 41 in
640 556 75 42 the
739 556 94 42 first
853 555 213 43 instance,
1089 558 45 39 to
1156 558 74 53 get
1251 553 61 43 all
1344 552 76 44 the
1447 553 112 43 facts
1581 552 49 43 of
1647 552 77 44 the
1747 566 97 30 case

184 628 189 43 without
403 628 220 44 reference
656 633 44 37 to
733 628 76 42 the
842 641 183 29 centres,
1049 626 87 43 and
1169 625 105 57 only
1298 625 108 43 then
1433 629 45 39 to
1502 625 201 43 consider
1725 628 120 39 what

183 701 208 43 evidence
413 702 107 42 they
542 700 136 43 afford
701 714 47 29 as
771 705 45 38 to
840 700 75 43 the
938 698 248 44 functional
1220 697 229 44 condition
1471 697 48 43 of
1548 697 107 43 each
1688 696 45 43 of
1769 696 76 43 the

185 780 182 36 centres.
429 774 61 42 To
521 780 76 50 get
628 777 47 38 at
707 773 74 42 the
812 773 110 42 facts
946 772 45 43 of
1022 773 76 42 the
1131 785 111 30 case,
1264 770 77 44 the
1363 774 160 39 easiest
1546 769 181 44 method
1749 769 50 51 is,
1823 769 23 41 I

185 845 142 52 think,
352 851 43 37 to
419 846 102 42 take
553 845 107 43 each
693 844 47 43 of
771 844 74 44 the
874 848 89 40 two
1001 844 135 43 forms
1172 843 47 43 of
1246 842 171 58 speech,
1455 842 77 43 the
1567 842 169 57 spoken
1759 840 88 43 and

183 917 76 43 the
292 918 189 53 written,
503 918 272 56 separately;
807 917 88 43 and
929 922 107 38 with
1071 916 154 44 regard
1258 921 45 38 to
1334 916 135 43 them,
1501 920 46 38 to
1579 915 175 57 inquire
1782 914 62 58 (1)

184 989 96 42 how
325 990 74 43 the
433 991 173 55 patient
639 991 192 43 receives
866 990 87 43 and
987 990 262 56 interprets;
1296 989 61 56 (2)
1404 988 99 43 how
1538 987 54 44 he
1630 1001 215 44 produces

186 1061 304 58 volitionally;
522 1062 67 58 (3)
622 1063 47 42 in
694 1063 74 42 the
802 1077 98 29 case
933 1063 44 41 of
1012 1076 168 42 spoken
1207 1061 173 57 speech,
1402 1060 101 43 how
1524 1060 55 43 he
1602 1065 174 52 repeats
1799 1073 49 29 or

186 1133 178 55 echoes;
398 1134 99 43 and,
519 1134 47 43 in
588 1135 76 42 the
688 1149 97 28 case
809 1135 45 41 of
875 1138 180 39 written
1078 1133 172 57 speech,
1267 1133 101 42 how
1391 1132 54 43 he
1469 1132 147 43 writes
1640 1135 44 39 to
1708 1131 138 43 dicta-

186 1205 106 54 tion,
316 1207 86 42 and
425 1207 148 43 writes
595 1207 113 43 from
731 1222 122 42 copy.

246 1279 103 42 Full
370 1280 285 43 information
677 1295 121 42 upon
819 1280 124 43 these
965 1284 148 52 points
1141 1278 93 44 will
1257 1293 128 29 cover
1416 1277 155 44 nearly
1592 1277 77 43 the
1702 1276 143 43 whole

183 1351 171 55 ground
386 1352 45 42 of
462 1352 75 43 the
570 1352 402 56 symptomatology
995 1352 44 42 of
1071 1365 194 29 aphasia.
1331 1348 87 45 Let
1449 1364 53 28 us
1534 1354 74 52 try
1637 1353 46 38 to
1715 1361 131 29 make

184 1437 25 28 a
231 1437 119 29 more
373 1424 193 43 detailed
588 1428 103 39 note
714 1428 135 38 about
880 1424 100 42 how
1002 1423 109 43 such
1134 1422 289 43 information
1445 1422 38 43 is
1510 1426 46 38 to
1578 1422 55 42 be
1655 1420 193 57 brought

183 1499 89 47 out,
295 1496 129 43 when
447 1511 64 28 we
534 1511 71 28 are
629 1496 256 43 examining
905 1510 27 28 a
954 1510 98 28 case
1075 1495 112 43 after
1209 1495 91 42 this
1322 1493 193 45 method.

243 1638 181 43 Spoken
457 1639 328 57 Speech.—(1.)
819 1639 112 43 How
967 1640 39 42 is
1042 1640 37 42 it
1112 1638 184 43 received
1321 1637 93 44 and
1439 1637 296 57 interpreted?
1799 1637 47 43 Is

182 1711 74 43 the
280 1711 179 58 hearing
480 1713 110 56 good
608 1715 16 41 ?
686 1713 91 42 The
800 1712 184 57 hearing
1005 1712 133 56 being
1159 1711 125 57 good,
1305 1711 38 43 is
1365 1711 124 43 there
1513 1725 89 42 any
1624 1709 223 58 difficulty

181 1783 46 43 in
248 1784 294 44 interpreting
563 1785 76 43 the
662 1785 208 43 meaning
892 1785 48 43 of
959 1786 142 42 words
1124 1784 134 44 heard
1284 1783 382 56 (word-deafness)
1684 1785 15 41 ?
1753 1783 93 43 The

180 1857 204 55 patient's
407 1858 160 56 replies
590 1862 45 38 to
658 1858 240 57 questions,
922 1872 111 29 even
1055 1857 37 43 if
1124 1857 124 44 these
1281 1856 161 44 replies
1475 1871 75 29 are
1582 1856 128 43 made
1739 1856 108 56 only

179 1929 59 57 by
259 1935 186 51 gesture,
467 1930 94 43 will
583 1931 121 42 show
726 1930 201 44 whether
949 1945 47 29 or
1019 1935 78 38 not
1126 1930 56 43 he
1214 1929 299 43 understands
1536 1929 120 42 what
1678 1929 36 42 is
1739 1929 105 43 said.

179 2002 96 42 Ask
295 2002 94 43 him
413 2008 44 37 to
480 2008 83 51 put
585 2007 77 39 out
684 2003 70 43 his
777 2007 177 53 tongue,
976 2008 45 38 to
1055 2003 106 43 shut
1186 2003 71 42 his
1280 2016 115 43 eyes,
1418 2007 45 38 to
1486 2016 100 43 give
1618 2001 70 43 his
1713 2001 132 52 hand,

178 2078 78 40 etc.
319 2075 72 43 He
427 2075 159 43 should
619 2075 91 43 also
745 2076 54 42 be
832 2076 144 43 tested
1009 2075 212 57 specially
1244 2089 46 28 as
1313 2079 44 38 to
1381 2074 70 43 his
1474 2088 147 43 power
1643 2074 45 43 of
1710 2074 135 43 inter-

178 2147 174 55 preting
383 2162 143 28 nouns
561 2147 89 43 and
682 2148 140 43 verbs.
886 2148 98 42 Ask
1017 2148 91 42 him
1143 2153 45 37 to
1211 2146 148 44 touch,
1382 2161 83 28 one
1487 2147 60 56 by
1570 2161 94 29 one,
1687 2161 47 28 as
1767 2146 77 43 the

179 2226 120 49 parts
331 2234 73 29 are
438 2220 172 43 named,
632 2221 69 42 his
734 2235 116 39 nose,
874 2235 85 38 ear,
983 2235 91 42 eye,
1097 2220 116 44 chin,
1235 2225 81 38 etc.
1379 2219 100 43 Ask
1511 2219 92 43 him
1635 2226 44 36 to
1703 2224 73 38 try
1800 2225 44 37 to

178 2292 185 43 whistle,
386 2297 44 38 to
454 2292 105 43 shut
580 2292 69 43 his
673 2307 113 42 eyes,
810 2297 45 38 to
888 2292 138 44 smile,
1050 2306 79 30 etc.
1195 2292 44 43 If
1271 2292 76 43 the
1375 2292 227 43 examiner
1630 2292 214 57 carefully

177 2364 184 43 refrains
382 2364 114 43 from
517 2364 154 56 giving
693 2364 76 44 the
790 2364 174 57 patient
986 2365 134 51 hints,
1144 2365 57 57 by
1225 2368 178 53 gesture
1427 2379 49 28 or
1508 2365 258 57 expression
1800 2365 47 43 of

178 2441 311 39 countenance,
525 2437 45 42 of
607 2437 120 43 what
760 2437 38 43 is
836 2436 189 53 wanted,
1063 2438 76 43 the
1177 2437 208 44 recorded
1423 2452 194 29 answers
1650 2442 46 39 to
1734 2438 109 43 such

176 2509 227 56 questions
426 2509 93 44 will
550 2510 194 44 indicate
777 2510 200 44 whether
1010 2510 347 44 word-deafness
1389 2511 38 43 is
1457 2516 194 52 present,
1675 2511 88 43 and
1795 2511 49 43 in

175 2581 119 44 what
315 2583 166 56 degree.

236 2655 78 54 (2.)
346 2655 111 43 How
489 2655 40 43 is
564 2656 38 43 it
637 2654 247 58 'produced?
947 2655 150 44 When
1136 2656 123 44 there
1297 2656 38 44 is
1373 2657 287 57 pronounced
1697 2662 145 38 motor

176 2727 191 55 aphasia,
389 2728 86 43 and
498 2729 160 43 speech
680 2729 37 43 is
739 2728 190 44 reduced
951 2732 46 40 to
1020 2743 25 29 a
1067 2730 227 57 recurring
1315 2734 244 41 utterance,
1574 2745 83 29 one
1681 2745 48 29 or
1751 2735 88 39 two

175 2799 190 43 familiar
387 2801 153 52 words,
561 2801 99 54 and,
683 2816 120 42 upon
836 2801 214 44 occasion,
1083 2816 56 29 an
1173 2803 240 43 emotional
1445 2818 49 29 or
1526 2803 314 45 conventional

177 2873 264 55 expression,
459 2873 75 44 the
557 2874 141 43 whole
716 2874 267 44 vocabulary
1001 2874 45 43 of
1068 2874 77 44 the
1167 2875 174 57 patient
1364 2876 160 44 should
1546 2877 53 43 be
1623 2876 216 57 carefully

176 2944 132 43 noted
331 2945 138 44 down.
532 2945 162 54 When,
715 2946 48 44 in
796 2947 142 44 either
966 2951 144 40 motor
1132 2962 48 29 or
1211 2949 205 57 auditory
1440 2949 193 57 aphasia,
1651 2950 126 43 there
1799 2949 39 44 is

174 3029 26 29 a
221 3017 297 44 considerable
542 3019 278 58 vocabulary,
845 3034 63 29 we
931 3020 221 43 should—

232 3089 80 54 (a.)
344 3089 169 44 Eecord
536 3091 142 44 words
701 3106 48 29 or
770 3093 179 56 phrases
972 3092 48 43 of
1040 3093 76 43 the
1138 3094 174 56 patient
1334 3094 201 57 showing
1557 3094 210 44 evidence
1790 3095 46 43 of

175 3159 215 46 defective
432 3176 146 43 power
620 3163 48 44 of
706 3164 293 46 articulation.
1064 3166 86 44 For
1181 3166 216 58 example,
1433 3180 65 31 we
1536 3166 160 45 should
1731 3172 105 39 note
