2411 3372
128 184 101 48 Die
262 182 313 63 Erklärung
609 183 173 50 dieses
816 183 314 63 Erbganges
1163 184 112 50 und
1310 186 179 49 seiner
1521 184 329 63 Ergebnisse
1885 182 171 50 findet
2091 181 105 51 sich

60 257 195 57 sofort,
300 274 159 29 wenn
505 274 125 29 man
677 255 105 49 sich
832 255 85 50 die
964 255 316 50 Erbformel
1329 256 94 50 der
1471 256 200 50 beiden
1718 254 479 63 Ausgangssorten

59 325 320 50 klarmacht:
418 327 109 49 Das
567 326 316 50 dominante
918 326 273 51 Merkmal
1228 328 136 49 Gelb
1403 331 76 46 sei
1514 330 99 46 mit
1651 327 45 50 G
1731 326 335 58 bezeichnet,
2105 325 91 49 das

61 398 428 62 entsprechende
525 401 269 47 rezessive
829 398 153 50 Grün
1015 401 98 47 mit
1147 420 46 43 g,
1226 399 162 50 Rund
1420 403 98 45 mit
1553 399 45 49 R
1631 399 112 49 und
1776 398 212 62 runzlig
2022 400 99 46 mit
2155 417 40 27 r.

58 473 101 48 Die
192 470 478 62 Ausgangssorten
705 470 95 49 der
834 470 773 59 Stammeltern-Generation,
1643 471 95 48 der
1770 469 428 56 P-Generation,

59 542 178 50 haben
271 542 111 50 also
419 542 84 50 die
535 540 259 51 Formeln
827 542 195 50 GGRR
1054 543 112 49 und
1199 562 124 44 ggrr
1359 543 145 63 (jede
1538 542 209 63 Anlage
1780 544 70 47 ist
1883 544 53 59 ja
1972 540 226 63 doppelt

59 615 390 63 vorhanden!);
484 615 89 49 bei
608 615 95 49 der
736 615 374 63 Reifeteilung
1144 616 137 48 wird
1315 616 95 49 der
1447 615 258 63 doppelte
1743 614 454 50 Chromosomen¬

61 701 112 38 satz
201 689 92 48 auf
321 687 84 50 die
432 687 191 49 Hälfte
650 687 403 63 herabgesetzt:
1082 688 101 49 Die
1210 688 340 49 Keimzellen
1578 688 120 49 sind
1721 706 113 30 nun
1861 686 96 50 GR
1981 686 114 50 und
2121 705 74 43 gr.

60 761 111 50 Aus
199 760 167 50 ihnen
397 759 244 50 entsteht
673 759 84 49 die
789 770 145 39 erste
964 759 777 53 Nachkommen-Generation
1773 758 140 63 (F-1)
1945 761 99 47 mit
2076 758 123 50 dem

59 832 299 50 wiederum
401 831 299 62 doppelten
743 830 550 51 Chromosomensatz
1338 831 176 63 GgRr.

130 916 97 49 Bei
267 916 94 49 der
400 915 393 63 Reifeteilung,
831 934 57 31 so
927 915 94 50 hat
1058 914 222 51 Mendel
1319 934 397 44 angenommen
1754 913 113 49 und
1906 914 85 49 die
2032 913 166 50 Chro¬

60 986 581 64 mosomenforschung
695 986 290 59 bewiesen,
1039 987 222 49 werden
1318 988 84 48 die
1459 986 286 55 einzelnen
1800 984 249 64 Anlagen
2104 1004 94 29 un¬

62 1061 268 63 abhängig
362 1061 377 49 voneinander
775 1062 93 48 auf
902 1061 84 49 die
1019 1061 341 50 Keimzellen
1392 1061 240 49 verteilt.
1666 1060 102 49 Die
1801 1061 117 47 vier
1952 1059 150 50 Gene
2138 1057 62 59 G,

63 1153 44 43 g,
147 1134 62 57 R,
248 1153 25 29 r
313 1133 147 48 kann
500 1153 142 39 man,
681 1153 158 29 wenn
877 1136 193 47 immer
1112 1137 86 46 ein
1237 1133 274 49 Merkmal
1549 1134 93 47 für
1679 1130 178 51 Farbe
1897 1131 113 49 und
2050 1133 148 46 eines

61 1206 91 49 für
187 1205 165 50 Form
389 1207 215 47 vereint
639 1205 222 57 werdeд
899 1206 190 59 sollen,
1124 1209 101 48 wie
1263 1208 141 62 folgt
1441 1207 405 51 kombinieren:

752 1314 95 50 GR
995 1315 76 51 Gr
1219 1316 78 63 gR
1446 1336 59 44 gr

130 1424 162 50 Diese
342 1422 882 66 Anlagenzusammenstellungen
1270 1425 223 50 werden
1543 1426 110 50 also
1707 1425 129 50 auch
1887 1426 84 50 die
2021 1427 180 50 reifen

62 1496 342 49 Keimzellen
438 1496 97 49 der
567 1495 464 51 F-l-Generation
1067 1498 314 49 aufweisen.
1414 1497 175 49 Wenn
1624 1498 146 49 dann
1806 1497 243 65 derartig
2085 1517 114 31 aus¬

63 1580 293 51 gestattete
411 1568 303 50 männliche
768 1568 113 50 und
933 1567 278 52 weibliche
1265 1569 340 50 Keimzellen
1659 1570 542 58 zusammentreffen,

65 1641 175 63 ergibt
279 1640 105 51 sich
422 1641 308 63 folgendes:

132 2506 128 50 Man
315 2507 179 50 erhält
549 2508 110 50 also
716 2507 261 51 sechzehn
1030 2508 386 49 verschiedene
1471 2507 592 63 Gen-Verbindungen,
2119 2507 84 49 die

66 2578 128 51 aber
233 2599 103 30 nur
373 2583 56 46 in
467 2583 117 47 vier
623 2580 423 53 verschiedenen
1084 2581 620 62 Erscheinungsformen
1745 2580 299 58 auftreten,
2083 2579 122 49 weil

65 2652 86 52 die
189 2652 359 50 dominanten
583 2652 249 65 Anlagen
869 2652 44 50 G
946 2653 113 49 und
1096 2653 44 49 R
1176 2654 94 49 das
1309 2652 201 50 äußere
1547 2652 125 49 Bild
1707 2652 345 49 bestimmen.
2088 2651 116 49 Nur

66 2724 140 60 dort,
238 2745 81 29 wo
356 2725 85 50 die
476 2725 151 50 Gene
660 2727 92 48 für
788 2725 85 50 die
909 2728 307 47 rezessiven
1248 2724 307 50 Merkmale
1590 2724 153 49 Grün
1776 2723 113 49 und
1921 2723 283 62 Runzelig,

63 2815 80 31 wo
186 2817 28 43 g
254 2797 113 49 und
407 2818 25 29 r
473 2798 227 63 doppelt
741 2797 321 50 vorhanden
1103 2798 138 59 sind,
1281 2797 220 49 können
1543 2799 75 47 sie
1661 2795 129 50 auch
1833 2795 275 49 äußerlich
2150 2797 55 46 in

64 2868 368 66 Erscheinung
461 2883 198 37 treten.
690 2870 113 49 Auf
834 2871 146 49 diese
1011 2869 177 51 Weise
1220 2869 243 51 entsteht
1494 2868 92 51 das
1617 2867 256 50 zunächst
1904 2868 301 62 eigenartig

66 2943 330 50 anmutende
426 2942 512 51 Zahlenverhältnis
966 2944 332 48 9:3:3:1.

131 3020 107 50 Das
276 3020 219 51 Schema
534 3022 95 49 auf
665 3021 144 50 Seite
845 3023 67 48 24
946 3020 143 50 oben
1125 3022 142 62 zeigt
1302 3019 134 53 noch
1473 3018 202 53 einmal
1713 3017 357 63 anschaulich,
2106 3018 98 49 wie

67 3091 172 55 dieses
274 3094 517 53 Zahlenverhältnis
828 3093 332 50 entstanden
1194 3096 90 48 ist:
