2107 3450
477 308 182 32 MENTAL
692 306 218 32 PERCEPTS
943 306 55 31 OF
1031 304 199 34 OBJECTS.
1599 294 83 43 231

29 445 145 43 gence,
207 431 143 42 which
377 431 121 42 takes
521 430 260 56 cognizance
804 430 55 51 of,
882 430 120 41 fixes,
1036 427 88 43 and
1156 440 161 43 groups
1340 426 200 57 together
1565 426 121 44 these

29 503 293 56 impressions,
360 517 46 29 so
443 517 46 28 as
532 507 45 37 to
614 502 112 42 form
765 501 128 43 Ideas
932 501 111 42 from
1081 499 135 51 them,
1259 498 38 43 is
1334 503 80 37 not
1455 513 25 28 a
1518 499 169 56 faculty

29 576 98 42 that
158 576 37 42 is
218 575 210 56 specially
460 574 209 43 localized
701 574 47 42 in
781 573 75 43 the
888 573 193 43 anterior
1109 576 110 53 part,
1252 585 49 29 or
1332 571 47 42 in
1412 570 76 43 the
1521 570 167 44 middle

30 661 46 27 or
123 647 46 41 in
217 647 73 41 the
334 647 212 55 posterior
592 651 111 51 part,
747 646 47 41 of
833 645 74 43 the
956 644 395 43 brain-substance,
1395 643 81 42 but
1524 643 38 42 is
1606 656 82 29 one

30 719 97 42 that
164 718 179 43 belongs
377 723 45 37 to
460 719 75 41 the
574 724 149 37 cortex
760 731 47 29 as
846 731 25 28 a
903 716 151 43 whole.
1120 716 45 42 It
1189 715 146 43 would
1368 729 164 42 appear
1565 719 44 38 to
1635 714 53 43 be

31 805 117 27 more
172 790 233 56 especially
432 789 240 44 connected
696 796 105 36 with
827 789 74 43 the
926 803 118 29 more
1071 788 250 57 superficial
1353 787 146 57 layers
1534 787 45 42 of
1612 787 76 43 the

29 867 174 37 cortex;
233 863 82 41 but
336 862 75 43 the
435 862 207 43 evidence
663 862 48 42 in
734 862 155 42 favour
912 876 109 29 even
1045 861 45 43 of
1120 861 98 43 that
1251 860 278 56 supposition
1551 860 38 43 is
1612 865 79 38 not

30 934 188 56 entirely
240 934 259 43 conclusive.
564 935 46 42 It
642 935 37 42 is
713 935 58 55 by
805 934 88 43 this
926 934 243 57 pervading
1202 934 182 56 faculty,
1408 934 75 42 the
1516 932 173 44 Intelli-

29 1020 145 42 gence,
198 1007 95 42 that
317 1007 73 42 the
413 1007 163 57 images
600 1022 70 28 are
693 1007 179 43 revived
905 1007 87 43 and
1025 1008 133 42 taken
1194 1020 261 43 cognizance
1478 1006 55 43 of,
1558 1006 131 42 while

31 1077 106 57 they
159 1083 74 51 yet
257 1079 168 42 remain
446 1079 52 41 in
519 1084 103 38 situ.

92 1151 44 42 It
159 1151 36 42 is
218 1166 98 28 now
338 1151 224 57 generally
586 1151 200 43 believed
819 1151 96 43 that
948 1152 35 42 if
1015 1165 81 29 one
1130 1151 46 43 of
1206 1151 75 43 the
1315 1149 181 44 cortical
1518 1155 172 38 centres

31 1223 65 41 for
118 1225 430 56 sense-impressions
572 1239 110 29 were
708 1224 247 43 extirpated
988 1224 113 42 from
1134 1223 108 43 both
1275 1222 314 57 hemispheres,
1612 1222 77 43 the

30 1301 116 37 store
169 1297 47 41 of
235 1297 229 42 memories
486 1297 198 42 amassed
707 1302 46 37 at
776 1296 98 43 that
896 1300 148 39 centre
1068 1295 147 43 would
1246 1296 52 42 be
1323 1295 167 43 utterly
1513 1295 176 42 obliter-

29 1367 103 42 ated
166 1367 112 42 from
316 1368 73 42 the
413 1368 133 42 mind.
612 1368 68 42 On
721 1368 89 42 this
849 1367 173 43 subject
1060 1367 67 42 Dr
1162 1367 172 42 Ferrier
1371 1369 209 53 says:—"
1600 1366 91 42 The

30 1439 271 43 destruction
336 1441 48 40 of
414 1440 74 42 the
522 1439 145 43 visual
702 1444 162 46 centre,
898 1439 229 42 therefore,
1167 1443 78 37 not
1280 1437 107 56 only
1424 1438 153 42 makes
1615 1437 77 43 the

29 1511 248 42 individual
320 1512 124 41 blind
485 1511 360 56 presentatively,
890 1511 81 42 but
1024 1510 124 42 blind
1203 1509 398 56 representatively
1645 1524 48 27 or

30 1583 176 57 ideally,
230 1583 82 43 and
348 1584 59 41 all
439 1584 246 42 cognitions
717 1584 95 42 into
846 1583 146 42 which
1025 1582 145 43 visual
1204 1582 247 43 characters
1484 1589 126 35 enter
1642 1581 48 43 in

32 1662 95 49 part
151 1672 45 25 or
220 1656 152 52 whole,
396 1656 175 43 become
597 1656 203 42 mangled
833 1670 48 28 or
907 1655 242 57 imperfect,
1173 1669 47 28 or
1253 1669 72 28 are
1350 1654 166 57 utterly
1540 1655 153 42 rooted

31 1733 77 39 out
130 1729 47 42 of
195 1728 388 44 consciousness."1

90 1801 230 56 Granting,
343 1801 119 43 then,
485 1801 97 43 that
605 1815 80 29 our
707 1801 196 56 primary
926 1800 86 42 and
1047 1805 115 38 most
1185 1800 158 56 simple
1367 1806 250 37 cognitions
1650 1800 46 43 of

32 1874 148 56 things
206 1888 72 29 are
300 1874 167 43 merely
491 1874 73 42 the
587 1874 160 42 results
771 1874 44 42 of
837 1873 90 43 this
950 1873 172 43 revival
1145 1873 88 43 and
1256 1873 213 57 blending
1491 1875 48 42 of
1568 1888 127 29 sense

30 1947 177 56 images,
230 1947 86 42 and
340 1951 97 38 that
458 1946 76 43 the
556 1961 139 41 group
723 1947 47 41 of
788 1946 166 56 images
977 1945 265 44 constitutes
1276 1945 47 44 in
1356 1946 91 43 fact
1480 1947 76 43 the
1589 1947 108 43 Idea

31 2019 48 41 in
102 2033 78 28 our
201 2019 146 42 minds
371 2018 144 43 which
542 2022 248 39 represents
814 2018 75 42 the
912 2017 156 57 Thing,
1090 2017 64 44 let
1187 2033 51 28 us
1272 2033 100 28 now
1403 2018 104 44 look
1540 2025 46 37 at
1619 2020 75 42 the

34 2090 184 42 relation
241 2091 45 41 of
308 2091 89 42 this
419 2091 99 41 idea
541 2091 46 41 of
607 2105 56 27 an
685 2090 146 42 object
853 2094 44 38 to
921 2090 58 42 its
1003 2104 139 29 name.

94 2164 54 41 In
183 2163 73 42 the
289 2164 95 41 first
418 2163 133 55 place,
574 2163 36 42 it
643 2162 158 43 should
836 2163 51 42 be
921 2162 132 43 noted
1088 2162 98 43 that
1220 2162 74 43 the
1328 2163 159 57 simple
1519 2165 100 43 idea
1652 2167 47 41 of

33 2250 25 27 a
92 2239 199 38 concrete
330 2235 143 56 object
511 2249 103 43 may
648 2235 53 43 be
734 2234 217 57 perfectly
991 2234 185 44 distinct
1212 2235 48 42 in
1299 2235 76 44 the
1408 2237 137 51 mind,
1583 2252 111 29 even

33 2307 129 43 when
195 2321 64 29 we
285 2307 125 43 have,
433 2308 66 42 for
520 2307 76 42 the
629 2307 121 51 time,
783 2307 166 55 utterly
985 2307 221 56 forgotten
1240 2307 75 44 the
1348 2308 179 57 object's
1551 2324 141 29 name.

32 2379 231 57 Although
287 2394 63 29 we
373 2394 73 28 are
469 2384 78 38 not
569 2379 132 43 liable
734 2384 45 37 to
813 2379 140 56 forget
986 2379 74 43 the
1093 2393 153 29 names
1284 2380 49 42 of
1366 2394 203 30 common
1609 2383 87 43 and

31 2452 190 43 familiar
247 2453 178 56 objects,
449 2466 64 29 we
534 2451 125 44 have,
682 2455 115 40 most
820 2452 45 42 of
889 2466 61 36 us,
973 2451 88 43 had
1083 2452 261 56 experience
1367 2454 48 41 of
1443 2454 253 54 forgetting,

29 2525 67 42 for
118 2539 25 28 a
166 2525 84 43 few
274 2529 205 48 minutes,
503 2524 74 43 the
602 2539 157 42 proper
781 2538 129 29 name
934 2524 45 43 of
1001 2538 119 30 some
1145 2525 194 43 familiar
1360 2533 333 37 acquaintance.

33 2595 79 45 We
147 2596 130 43 know
310 2596 110 52 that,
446 2596 47 42 in
525 2596 124 43 these
683 2610 353 30 circumstances,
1060 2596 76 43 the
1168 2597 170 43 mental
1371 2598 144 57 image
1549 2600 47 42 of
1625 2600 70 44 his

30 2669 269 55 personality
326 2668 113 44 loses
472 2669 199 57 nothing,
698 2669 48 43 in
779 2669 287 43 distinctness
1100 2670 87 43 and
1221 2670 336 56 completeness,
1581 2673 113 43 from

30 2741 74 42 the
126 2741 86 43 loss
236 2741 46 42 of
302 2741 75 42 the
399 2755 142 29 name.
608 2741 43 43 It
674 2741 37 43 is
734 2755 48 29 so
806 2742 109 42 with
938 2742 155 43 regard
1116 2747 44 38 to
1184 2743 267 56 everything
1474 2745 47 42 of
1547 2746 146 43 which

31 2813 74 43 the
128 2814 123 42 mind
274 2828 80 28 can
377 2814 113 42 form
513 2828 24 28 a
561 2814 116 43 clear
699 2814 88 43 and
816 2814 187 44 distinct
1024 2815 143 57 image
1191 2830 47 29 or
1259 2831 218 43 memory:
1512 2833 64 29 we
1610 2833 82 29 can

30 2884 131 43 think
183 2886 47 42 of
257 2886 37 42 it
316 2885 176 58 clearly,
514 2901 111 28 even
653 2887 128 43 when
804 2887 76 43 the
904 2887 119 43 word
1056 2888 253 56 expressive
1333 2890 45 42 of
1399 2890 37 43 it
1468 2890 38 44 is
1529 2891 66 43 for
1617 2891 76 44 the

28 2963 195 38 moment
245 2958 229 58 forgotten.
541 2960 23 42 I
588 2959 172 44 believe
784 2959 99 44 that
904 2960 38 42 if
962 2974 65 29 we
1050 2960 88 44 had
1170 2975 57 29 no
1258 2962 143 43 words
1434 2967 46 39 to
1513 2977 181 43 express

30 3030 105 42 such
159 3031 166 43 actions
349 3045 45 29 as
418 3031 206 57 walking,
647 3032 207 58 running,
878 3046 47 29 or
947 3032 167 58 flying;
1136 3048 49 28 or
1206 3034 109 43 such
1339 3035 173 44 colours
1535 3050 47 29 as
1604 3036 91 52 red,

687 3181 12 23 1
728 3181 62 47 Op.
812 3180 71 46 cil,
902 3193 34 36 p.
960 3182 80 35 429.
