1895 3217
561 266 185 32 MEMOIR
779 267 53 33 OF
865 269 200 35 BUFFON.

1436 268 60 46 17

784 3165 21 52 I

134 389 48 46 in
216 395 135 50 1782,
383 406 107 47 only
521 407 69 30 six
620 408 129 46 years
778 395 145 45 before
952 396 70 45 his
1051 396 152 54 death,
1241 398 91 45 and
1362 400 134 46 when

135 467 57 46 he
215 469 143 44 began
379 474 46 40 to
454 468 85 46 feel
561 485 110 46 very
696 471 200 61 severely
934 478 80 39 the
1036 478 193 40 tortures
1253 473 50 47 of
1317 489 27 30 a
1366 475 130 61 pain-

136 542 66 47 ful
225 545 198 62 malady.
490 547 177 61 Dming
709 553 78 40 the
831 563 198 46 progi'ess
1066 547 50 48 of
1144 555 80 40 the
1263 550 138 55 work,
1440 552 57 45 he

138 637 184 45 appears
345 623 92 45 also
454 629 46 40 to
524 624 115 45 have
655 625 109 60 kept
783 641 61 44 up
862 631 102 39 that
978 625 299 62 unremitting
1290 642 207 45 perseve-

136 714 131 30 rance
291 699 145 46 which
469 700 313 46 characterises
815 707 79 40 the
927 701 199 61 pursuits
1158 701 51 47 of
1237 703 70 45 his
1342 704 156 45 earlier

136 792 146 46 years,
302 777 90 46 and
412 777 58 45 he
492 776 38 47 is
554 777 97 46 said
673 784 46 40 to
741 777 116 47 have
881 779 235 45 employed
1139 778 202 47 fourteen
1363 780 134 46 hours

138 855 124 61 daily
280 855 47 45 in
350 854 181 62 writing
553 855 91 45 and
666 861 153 55 study,
844 854 121 46 until
983 856 246 60 compelled
1246 857 62 60 by
1325 856 107 60 pain
1451 863 45 40 to

136 931 120 46 limit
278 933 70 44 his
373 932 236 46 exertions.

201 1010 212 44 Previous
445 1016 46 39 to
521 1016 78 39 the
629 1009 277 61 publication
929 1007 50 48 of
1008 1009 79 45 the
1120 1008 96 46 first
1244 1025 181 31 volume
1454 1009 52 47 of

135 1084 71 47 his
240 1086 201 46 Natural
463 1086 208 61 History,
704 1085 166 47 Buffon
893 1101 94 30 was
1010 1086 189 45 enabled
1232 1092 47 40 to
1301 1086 196 46 increase

136 1163 70 45 his
230 1163 215 45 domestic
473 1162 188 61 felicity,
685 1164 63 59 by
772 1177 27 30 a
820 1161 218 46 marriage
1061 1162 114 45 with
1197 1177 27 30 a
1245 1162 110 61 lady
1383 1169 114 39 with

137 1241 151 44 whom
305 1241 57 44 he
379 1240 92 46 had
487 1241 114 44 been
619 1238 64 46 for
697 1254 120 30 some
831 1245 112 39 time
958 1238 281 46 acquainted.
1283 1239 56 45 In
1357 1245 137 48 1752,

135 1318 57 45 he
221 1317 195 45 married
450 1316 338 47 Mademoiselle
822 1315 129 47 Saint
995 1315 144 53 Belin,
1178 1315 116 54 who,
1324 1317 173 60 though

135 1402 195 38 without
345 1394 190 54 fortune,
551 1393 231 61 possessed
799 1392 327 60 qualifications
1149 1392 149 45 which
1314 1393 182 44 render-

135 1475 55 45 ed
225 1475 78 44 the
338 1473 238 61 happiness
612 1470 51 46 of
688 1471 81 44 her
802 1468 209 46 husband
1044 1468 275 46 undoubted.
1407 1469 89 47 She

134 1551 177 62 eagerly
334 1549 208 47 followed
567 1548 79 45 the
672 1553 121 40 train
816 1545 50 48 of
879 1546 191 45 honours
1105 1545 148 45 which
1277 1560 94 30 was
1393 1560 104 31 now

133 1629 199 61 brightly
366 1626 255 62 expanding
654 1639 121 30 upon
818 1623 111 54 him,
976 1622 90 45 and
1109 1621 207 46 watched
1360 1637 136 46 every

136 1713 97 54 step
272 1704 150 47 which
463 1703 58 45 he
564 1702 161 62 gained
769 1707 115 39 with
927 1698 119 46 fresh
1091 1698 220 62 anxiety;
1353 1714 142 46 many

135 1799 129 46 years
294 1797 120 31 seem
442 1781 108 45 thus
578 1786 47 39 to
653 1779 117 45 have
799 1779 113 43 been
942 1775 156 61 passed
1131 1774 47 46 in
1213 1781 125 55 great
1368 1781 126 39 tran-

136 1860 198 60 quillity,
366 1858 89 45 and
477 1862 179 56 present
686 1870 59 30 an
771 1853 220 46 unvaried
1016 1858 177 39 routine
1222 1850 51 46 of
1293 1852 201 44 research

137 1937 90 44 and
260 1935 201 45 addition
494 1940 46 37 to
573 1938 79 38 the
692 1945 145 29 works
877 1929 149 43 which
1069 1942 118 30 were
1231 1926 261 61 advancing.

136 2014 177 58 During
328 2011 79 45 the
419 2009 157 45 height
595 2005 48 48 of
657 2006 91 45 this
762 2004 148 47 bright
928 2018 158 39 career,
1104 2003 58 45 he
1185 2018 93 30 was
1300 2002 194 46 honour-

136 2090 54 47 ed
221 2089 114 45 with
363 2086 152 45 marks
545 2083 50 47 of
615 2080 290 63 approbation
934 2080 62 60 by
1024 2094 142 46 many
1196 2077 49 47 of
1266 2084 77 39 the
1367 2094 127 31 sove-

134 2166 145 46 reigns
311 2163 50 47 of
386 2163 191 59 Europe,
607 2160 91 45 and
719 2160 62 59 by
803 2156 79 46 the
911 2155 183 46 learned
1124 2154 199 46 societies
1353 2155 50 46 of
1422 2155 70 46 his

136 2257 203 31 country.
411 2240 57 44 In
495 2243 137 47 1771,
659 2234 135 46 Louis
819 2233 138 46 XIV.
989 2230 225 46 confen-ed
1246 2246 119 45 upon
1395 2230 97 46 him

134 2320 79 44 the
237 2317 259 47 distinction
518 2312 49 47 of
593 2311 193 60 erecting
813 2310 71 45 his
914 2313 143 40 estate
1085 2306 95 46 into
1211 2322 28 29 a
1269 2307 190 60 Compte
1474 2323 15 37 ;

135 2397 103 51 and,
279 2392 193 60 inviting
513 2391 98 44 him
642 2394 47 39 to
723 2385 343 52 Fontainbleau,
1102 2382 171 46 wished
1314 2382 98 45 him
1444 2389 47 39 to

135 2477 151 41 accept
308 2477 78 39 the
410 2469 122 45 office
556 2464 50 47 of
615 2463 356 48 Administrator
993 2459 50 45 of
1057 2459 78 45 the
1151 2459 176 45 Forests
1350 2458 48 45 in
1419 2457 71 46 his

135 2549 264 51 dominions,
425 2542 148 49 which
596 2539 164 49 Buffon
781 2539 208 44 however
1014 2550 189 31 refused.
