1933 3302
1615 145 52 39 45

538 149 193 32 Störungen
755 149 58 31 des
839 147 355 41 Verdauungskanale,

72 261 253 38 Temperatur
355 258 181 37 40—41"
572 257 198 38 erreichte.
828 255 111 38 Auch
970 254 205 38 Fischer
1209 254 69 38 sah
1314 254 61 38 bei
1405 265 126 26 einem
1560 251 107 39 Falle

72 314 58 38 die
151 312 218 38 Krankheit
398 315 69 35 mit
487 310 274 38 Schüttelfrost
788 309 203 39 beginnen.
1040 307 73 38 Die
1134 307 384 49 Temperaturhühen
1541 318 127 25 waren

72 367 111 37 meist
220 381 70 24 nur
328 378 176 26 massige.
563 364 79 37 Der
671 363 111 39 Gang
819 364 65 36 des
914 361 156 39 Fiebers
1102 374 78 24 war
1215 360 53 38 im
1298 360 272 49 Allgemeinen
1606 359 61 38 ein

72 421 189 37 durchaus
284 417 356 52 unregelmässiger.
690 417 189 38 Fischer
903 416 108 50 giebt
1031 429 59 31 an,
1123 415 66 37 das
1211 414 137 38 Fieber
1368 414 99 38 habe
1488 413 179 50 Anfangs

71 475 113 37 meist
213 475 72 36 den
305 472 210 39 Charakter
537 471 104 37 einer
661 470 190 39 Continua
880 469 157 51 gehabt,
1069 467 112 39 dabei
1201 467 59 39 oft
1285 467 111 38 einen
1415 467 129 39 hohen
1565 466 103 39 Grad

73 527 162 39 erreicht
270 526 78 38 und
384 525 99 38 nach
520 523 146 39 einiger
700 523 84 39 Zeit
822 524 72 38 den
930 522 214 38 Charakter
1181 521 105 38 einer
1321 520 217 39 Remittens
1576 521 93 37 oder

73 581 159 37 Hectica
270 591 290 38 angenommen.
624 577 221 38 Heiberg
873 577 78 37 und
982 576 156 38 Heine
1169 574 231 38 versuchten
1430 574 235 45 vergeblich,

74 648 66 24 aus
178 634 107 37 ihren
315 630 423 40 Temperaturtabellen
777 631 109 38 einen
917 630 131 49 Typus
1085 630 66 37 der
1180 628 357 50 Fieberbewegung
1572 627 95 39 fest-

73 688 195 37 zustellen.
326 686 183 37 Meistens
546 684 94 38 fand
669 684 157 38 Heine
863 684 60 38 die
953 682 151 39 Curven
1132 681 311 51 unregelmässig
1485 682 93 46 „wie
1609 682 59 38 die

73 741 164 48 Alpen",
280 753 40 24 er
348 737 251 39 beobachtete
629 738 92 37 aber
749 738 99 37 auch
876 737 106 38 nicht
1011 740 122 34 selten
1176 735 228 38 hektischen
1434 734 134 51 Typus
1599 737 71 36 mit

71 793 311 50 regelmässigen,
414 791 253 38 abendlichen
696 791 332 38 Exacerbationen
1057 790 78 38 und
1164 789 317 51 morgendlichen
1517 788 151 38 Remis-

73 860 131 24 sionen
232 845 58 38 bis
321 844 180 39 37—36"
529 844 194 39 hinunter.
772 844 92 38 Man
893 845 104 37 kann
1025 844 130 37 ferner
1185 843 140 38 ebenso
1346 855 129 37 wenig
1505 842 71 38 wie
1605 842 65 39 bei

74 902 161 47 eitrigen
266 899 225 46 Processen,
523 898 164 50 Typhen
717 911 69 25 etc.
824 899 73 37 den
931 897 89 39 vSatz
1056 897 220 38 aufstellen,
1310 897 86 38 dass
1431 897 67 37 das
1530 895 139 39 Fieber

74 966 45 24 zu
149 954 65 36 der
233 952 176 38 Schwere
438 953 79 37 und
537 951 266 39 Ausbreitung
832 952 64 38 des
916 951 347 38 Hospitalbrandes
1293 953 94 35 stets
1417 951 39 37 in
1486 951 184 37 directem

72 1006 262 39 Verhältnisse
364 1006 118 38 stehe,
517 1006 98 37 wohl
636 1019 91 24 aber
743 1005 95 38 wird
859 1005 59 37 die
939 1004 297 51 Abhängigkeit
1266 1004 200 38 desselben
1488 1017 73 25 von
1583 1004 87 37 dem

74 1060 189 38 örtlichen
282 1060 182 37 Processe
484 1059 218 38 überhaupt
732 1059 170 37 dadurch
932 1059 193 37 erwiesen,
1158 1059 87 37 dass
1266 1071 40 25 es
1327 1058 71 38 mit
1426 1058 145 37 diesem
1599 1057 70 38 be-

75 1116 126 48 ginnt,
246 1113 179 38 meistens
455 1113 183 37 während
673 1113 125 37 seiner
827 1112 129 38 Dauer
992 1112 132 37 anhält
1159 1113 78 37 und
1271 1114 70 35 mit
1370 1111 200 38 Aufhören
1603 1111 68 38 der

75 1166 306 39 Localaflfection,
413 1167 47 37 da
480 1179 58 25 wo
565 1165 328 50 Complicationen
922 1165 319 51 ausgeschlossen
1271 1166 94 45 sind,
1397 1168 157 47 prompt
1583 1178 86 25 ver-

77 1221 221 37 schwindet.
356 1219 69 39 Oft
459 1233 132 37 genug
626 1220 144 37 konnte
809 1219 83 38 eine
929 1219 217 50 gelungene
1178 1219 193 51 Aetzuug,
1413 1219 144 38 welche
1597 1219 74 37 den

77 1287 146 38 ganzen
251 1273 127 39 Heerd
408 1279 195 33 zerstörte,
635 1274 66 37 das
731 1273 137 38 Fieber
896 1275 71 35 mit
996 1272 125 38 einem
1151 1272 165 51 Schlage
1346 1273 194 38 coupiren.
1590 1272 78 38 Zu-

78 1327 152 38 weilen,
270 1328 206 37 besonders
513 1327 40 37 in
591 1327 73 37 den
700 1327 166 37 leichten
894 1326 165 38 Formen
1096 1327 71 37 mit
1201 1339 189 38 geringen
1421 1326 247 38 Gewebszer-

78 1386 220 45 störungen,
328 1381 110 37 hörte
468 1381 66 37 das
553 1380 137 38 Fieber
718 1380 133 38 früher
880 1380 69 37 auf
975 1380 55 37 als
1061 1380 60 37 die
1141 1379 311 39 LocalafFection,
1484 1381 78 37 und
1582 1394 86 24 um-

78 1435 164 50 gekehrt
269 1435 250 37 überdauerte
550 1434 65 37 das
636 1434 136 37 Fieber
801 1434 72 37 den
893 1433 304 38 Hospitalbrand
1226 1434 38 37 in
1286 1434 197 37 schweren
1502 1433 169 38 Formen

78 1487 70 37 mit
167 1487 369 39 Unterminirungen
564 1488 78 37 und
663 1487 120 38 tiefen
805 1487 160 50 Gängen
986 1490 84 35 etc.,
1101 1487 92 38 oder
1213 1488 62 37 bei
1295 1487 242 38 Eiterungen
1557 1490 114 35 unter

80 1540 122 38 einem
237 1541 310 37 losgestossenen
575 1540 238 38 Aetzschorf.
872 1540 86 38 Von
996 1541 74 37 den
1105 1541 461 50 Begleiterscheinungen
1605 1541 66 37 des

77 1593 157 38 Fiebers
262 1595 96 36 wird
394 1593 161 39 leichter
589 1595 57 37 bis
680 1594 251 38 intensiverer
962 1594 278 38 Kopfschmerz
1279 1597 184 35 erwähnt.
1523 1594 45 38 In
1598 1595 74 37 den

79 1647 236 38 schwereren
346 1647 164 38 Formen
542 1648 152 37 wurden
724 1647 96 38 auch
849 1647 188 46 Delirien,
1076 1647 322 39 Schlaflosigkeit
1428 1648 77 38 und
1535 1661 136 37 grosse

79 1699 297 39 Aufgeregtheit
394 1701 241 37 beobachtet.
685 1701 78 37 Der
782 1701 92 37 Puls
895 1701 95 37 wird
1010 1702 188 48 frequent,
1232 1702 98 37 doch
1357 1702 85 37 hält
1463 1715 82 24 sich
1566 1701 105 39 seine

79 1753 194 49 Frequenz
303 1754 68 37 auf
395 1754 187 50 mässiger
611 1754 122 38 Höhe.
791 1755 72 37 Die
894 1754 121 46 Haut,
1054 1754 287 39 Gesichtsfarbe
1371 1757 79 36 und
1480 1755 190 39 Schleim-

79 1807 115 38 häute
225 1808 148 37 werden
403 1807 53 37 als
487 1807 211 38 auffallend
726 1808 104 38 blass
860 1809 78 37 und
969 1808 164 38 blutleer
1162 1809 235 40 bezeichnet.

468 1968 33 37 2,
532 1966 214 40 Störungen
775 1967 64 39 des
868 1968 415 39 Verdauungstractns.

210 2072 113 38 Diese
352 2073 147 38 fehlten
520 2074 61 38 bei
600 2075 153 37 keinem
772 2075 106 38 Falle
899 2088 73 25 von
992 2089 73 24 nur
1085 2076 137 50 irgend
1242 2075 164 38 welcher
1426 2075 243 51 Bedeutung.

84 2125 264 50 Regelmässig
368 2127 102 37 steht
490 2128 60 37 ein
570 2129 107 37 stark
697 2131 277 48 ausgeprägter
995 2128 269 39 Gastricismus
1285 2130 53 36 im
1360 2129 309 38 Vordergrunde,

86 2178 66 36 der
180 2178 68 37 mit
276 2182 112 34 unter
417 2181 72 36 den
519 2184 126 35 ersten
674 2181 251 50 Symptomen
955 2183 162 37 auftritt.
1166 2183 80 37 Der
1275 2181 164 50 Appetit
1466 2182 51 38 ist
1545 2188 125 44 plötz-

86 2230 75 37 lich
190 2232 308 47 verschwunden,
531 2235 65 37 der
625 2235 120 37 Durst
772 2236 122 49 pflegt
924 2236 196 37 erheblich
1149 2249 46 24 zu
1225 2236 92 37 sein.
1366 2236 72 37 Die
1459 2235 133 51 Zunge
1622 2237 51 37 ist

86 2283 63 38 bei
177 2284 71 37 den
275 2284 207 40 leichteren
509 2287 134 38 Fällen
671 2288 107 38 nicht
805 2290 171 36 trocken,
1008 2289 97 37 doch
1134 2302 101 24 zeigt
1265 2289 54 37 sie
1350 2289 178 50 Anfangs
1557 2293 116 34 meist

88 2336 110 38 einen
226 2337 146 46 dicken,
403 2339 363 49 gelblich-weissen,
796 2342 180 38 lockeren
996 2342 133 50 Beleg,
1161 2343 104 37 kann
1294 2342 91 38 aber
1414 2343 99 38 auch
1542 2346 130 35 später

87 2390 158 37 trocken
273 2391 78 37 und
379 2392 113 50 rissig
511 2394 163 37 werden.
723 2394 71 38 Die
814 2395 202 37 Patienten
1044 2396 143 49 klagen
1216 2396 95 37 über
1340 2396 111 38 einen
1475 2397 197 50 pappigen

90 2441 244 40 Geschmack.
383 2444 43 37 In
457 2446 72 37 den
557 2446 214 39 intensiven
800 2448 133 37 Fällen
962 2462 34 23 v.
1018 2448 168 38 Pitha's
1219 2463 76 23 war
1324 2449 60 38 die
1405 2450 133 49 Zunge
1567 2451 103 37 heiss

87 2496 79 36 und
193 2497 167 46 trocken,
393 2499 191 37 entweder
612 2500 109 37 weiss
751 2501 90 37 oder
869 2502 214 50 schmutzig
1112 2503 123 37 braun
1263 2502 143 51 belegt.
1455 2503 216 39 Besonders

87 2548 313 52 hervorgehoben
431 2552 93 37 wird
560 2566 75 24 von
671 2553 239 39 zahlreichen
939 2554 174 39 Autoren
1149 2556 124 38 neben
1308 2556 249 50 allgemeiner
1587 2557 83 38 Ab-

89 2602 313 50 geschlagenheit
435 2605 77 37 und
542 2605 349 51 UnbehagUchkeit
927 2608 58 37 ein
1017 2608 139 38 Gefühl
1185 2623 74 24 von
1288 2610 131 37 Druck
1453 2611 77 36 und
1559 2610 111 38 Voll-

90 2655 80 37 sein
204 2656 51 36 im
283 2656 272 50 Epigastrium.
613 2659 203 38 Fischer
849 2661 135 38 betont
1019 2662 59 37 die
1107 2662 464 50 Druckempfindlichkeit
1606 2665 65 37 des

91 2708 292 49 Epigastriums.
444 2725 30 24 v.
505 2711 144 39 Pitha
677 2715 103 48 sagt,
812 2714 86 38 dass
929 2714 121 39 dieses
1082 2715 140 39 Gefühl
1252 2729 74 24 von
1355 2716 142 44 Druck,
1525 2718 43 49 ja
1595 2731 76 25 von

90 2761 302 38 Wundschmerz
421 2763 50 38 im
500 2765 265 51 Epigastrium
799 2766 61 38 bei
894 2767 152 38 keinem
1075 2769 358 50 ausgesprochenen
1461 2769 107 38 Falle
1597 2784 76 25 von

90 2814 300 50 Hospitalbrand
427 2817 147 50 gefehlt
608 2819 110 38 habe.
775 2819 166 39 Hiermit
968 2835 78 24 war
1083 2825 94 35 stets
1215 2823 96 36 auch
1348 2835 132 37 grosse
1518 2823 152 39 Druck-

93 2868 336 48 empfindlichkeit,
475 2870 57 38 oft
559 2872 69 37 mit
661 2872 219 47 Brechreiz,
920 2875 66 37 der
1013 2874 122 51 Regio
1171 2875 230 49 epigastrica
1436 2877 233 39 verbunden.

92 2919 219 53 Heiberg
345 2922 144 49 spricht
521 2924 61 38 bei
618 2926 66 37 der
721 2926 205 50 allerdings
955 2928 88 38 sehr
1071 2929 165 38 leichten
1265 2928 202 50 Epidemie
1496 2943 71 25 nur
1595 2945 77 25 von
