2113 3404
316 278 82 42 132

813 296 86 31 THE
931 297 243 33 DISORDERS
1207 299 51 31 OF
1290 296 173 35 SPEECH.

313 409 176 53 athlete,
512 413 249 54 previously
784 415 147 52 dumb,
946 417 109 42 who,
1073 431 54 28 on
1150 418 217 42 detecting
1389 418 88 41 foul
1500 418 101 55 play
1620 418 123 42 when
1765 420 162 56 casting

312 479 85 44 lots
419 481 65 43 for
515 497 25 28 a
570 490 179 46 contest,
772 486 215 56 suddenly
1009 488 146 54 spoke,
1176 487 158 55 calling
1359 488 214 42 attention
1608 493 43 37 to
1686 489 72 41 the
1789 490 136 56 guilty

312 556 128 50 party
462 554 85 42 and
571 559 42 38 to
637 556 66 42 his
725 561 78 37 act.
868 557 168 42 Gellius
1059 557 105 41 adds
1187 557 95 41 that
1303 557 54 42 he
1380 557 132 54 spoke
1537 558 120 55 quite
1689 558 133 56 freely
1844 561 82 42 and

313 620 159 57 clearly
494 637 100 29 ever
615 625 258 42 afterwards.
936 627 65 40 Dr
1023 624 211 43 Bastian's
1258 625 291 43 observations
1585 640 114 41 upon
1731 627 72 42 the
1837 642 91 30 case

312 705 72 29 are
406 706 105 42 very
533 694 264 43 interesting.
861 696 70 41 He
963 695 150 42 thinks
1146 695 97 41 that
1274 695 164 55 Speech
1469 695 76 43 has
1577 696 107 42 been
1719 700 208 52 practised

313 763 57 55 by
392 777 47 29 so
462 778 131 42 many
614 766 270 54 generations
907 765 46 42 of
982 779 99 28 men
1105 764 95 42 that
1231 764 73 43 the
1335 778 144 42 power
1509 766 45 41 of
1582 767 154 54 speech
1767 768 36 42 is
1835 782 91 28 now

311 833 217 42 inherited
543 835 55 56 by
618 836 103 42 each
737 836 255 55 succeeding
1005 835 250 56 generation
1270 835 155 43 almost
1439 850 45 28 as
1499 836 34 42 if
1551 836 72 42 the
1638 842 68 38 act
1720 838 42 42 of
1776 839 150 42 speech

312 917 111 29 were
438 919 53 27 an
507 905 252 43 instinctive
774 906 83 41 and
873 906 236 42 automatic
1124 919 105 38 one;
1250 905 86 42 and
1352 906 93 42 that
1459 907 43 41 in
1519 907 72 42 the
1607 908 163 42 normal
1785 911 141 40 condi-

311 973 95 41 tion
419 975 47 40 of
478 975 156 55 things,
648 976 225 41 including
888 989 24 27 a
926 975 167 41 normal
1108 974 219 42 condition
1342 976 45 40 of
1398 975 175 56 hearing
1587 977 83 41 and
1685 977 72 42 the
1771 980 157 39 mental

313 1044 211 52 faculties,
547 1045 73 42 the
657 1050 253 50 productive
942 1045 346 56 speech-centres
1320 1046 135 55 easily
1485 1046 120 43 learn
1637 1052 43 37 to
1712 1047 82 42 call
1817 1049 112 42 forth

311 1113 74 43 the
407 1115 205 54 requisite
636 1121 282 37 movements,
940 1129 229 29 whenever
1190 1115 73 42 the
1286 1115 203 56 requisite
1506 1116 112 42 level
1634 1117 43 41 of
1699 1119 230 41 structural

309 1184 305 56 development
648 1186 77 42 has
762 1187 109 41 been
906 1185 194 43 reached.
1162 1186 90 42 The
1287 1200 145 41 young
1468 1187 187 42 swallow
1696 1188 142 42 leaves
1874 1189 54 42 its

310 1259 98 38 nest
430 1256 85 42 and
536 1255 93 44 flies
651 1257 339 55 automatically,
1013 1257 127 41 when
1172 1256 35 41 it
1239 1256 36 41 is
1309 1261 166 37 mature
1512 1258 169 41 enough
1712 1262 44 37 to
1788 1258 53 41 do
1873 1273 53 28 so.

310 1326 90 42 The
431 1341 147 41 young
610 1327 129 42 child,
771 1328 36 41 if
837 1328 37 41 it
905 1328 52 41 be
990 1327 165 41 normal
1188 1326 45 41 in
1256 1331 215 37 structure
1501 1327 85 41 and
1618 1327 310 53 development,

310 1408 197 44 presents
539 1398 245 42 something
821 1400 47 40 of
897 1398 73 42 the
1003 1412 116 28 same
1151 1397 234 42 automatic
1417 1398 180 55 facility,
1618 1397 46 43 in
1698 1400 229 52 acquiring,

310 1472 45 36 at
388 1468 72 42 the
492 1483 155 40 proper
679 1469 117 42 time,
828 1469 74 41 the
940 1471 268 39 movements
1249 1468 47 41 of
1328 1467 166 55 speech.
1557 1468 143 42 When
1737 1483 25 27 a
1798 1470 129 42 slight

310 1538 290 56 abnormality
617 1539 228 43 interferes
864 1539 105 41 with
987 1539 73 41 the
1078 1538 142 41 action
1238 1538 44 41 of
1298 1537 72 43 the
1393 1538 353 55 speech-centres,
1764 1540 33 40 it
1820 1554 109 36 may,

310 1608 66 41 Dr
397 1608 181 41 Bastian
601 1608 162 42 thinks,
796 1608 47 42 in
881 1623 117 28 some
1031 1621 116 29 cases
1182 1607 52 41 be
1271 1621 221 28 overcome
1526 1608 56 54 by
1621 1608 73 42 the
1726 1608 201 42 stimulus

310 1678 47 40 of
389 1682 148 51 strong
573 1678 202 42 emotion,
811 1679 143 41 which
993 1692 99 27 may
1128 1677 131 42 break
1301 1677 125 42 down
1469 1692 25 27 a
1531 1678 158 42 barrier
1721 1678 93 42 that
1857 1679 70 42 the

312 1748 167 42 weaker
502 1749 227 41 volitional
751 1749 203 42 stimulus
977 1748 76 42 has
1077 1747 131 42 failed
1231 1752 42 37 to
1296 1752 234 50 penetrate.

371 1890 117 42 Case
511 1890 316 54 II.—{Private
852 1889 128 55 Case.)
1041 1889 263 55 Intelligence
1324 1890 114 54 fair,
1460 1890 68 41 hut
1553 1890 135 55 speech
1718 1891 210 53 extremely

310 1959 200 56 defective.
571 1961 172 54 Lalling
778 1975 97 40 very
908 1959 424 56 prominent.—Boy,
1369 1959 106 55 aged
1512 1959 129 56 eight,
1673 1960 128 42 fairly
1832 1961 96 41 well

309 2045 161 41 grown,
506 2031 101 42 does
648 2036 77 36 not
765 2030 101 42 look
903 2029 210 43 imbecile.
1186 2029 159 42 Father
1387 2034 131 36 states
1564 2029 96 42 that
1701 2030 52 42 he
1796 2031 131 54 began

310 2101 211 42 speaking
563 2106 45 37 at
654 2101 74 42 the
774 2101 127 42 usual
948 2101 117 41 time,
1107 2100 79 41 but
1237 2100 124 42 made
1412 2100 113 42 little
1568 2114 204 41 progress.
1846 2101 81 41 His

311 2172 275 55 intelligence
628 2172 37 41 is
712 2171 251 42 considered
1009 2171 58 41 by
1108 2170 74 42 the
1230 2170 141 42 father
1414 2175 43 36 to
1505 2170 50 42 be
1603 2175 75 37 not
1720 2171 118 54 quite
1883 2185 44 27 so

310 2241 148 55 bright
479 2256 46 28 as
558 2243 97 41 that
675 2242 48 41 of
750 2242 73 41 the
865 2241 122 41 other
1020 2240 205 42 children.
1288 2240 89 42 The
1411 2241 95 54 boy,
1528 2240 209 42 however,
1761 2241 167 40 attends

311 2311 146 42 school
494 2312 107 42 with
638 2312 74 42 the
744 2311 156 43 others,
942 2311 86 41 and
1070 2325 79 27 can
1190 2310 119 42 learn
1341 2310 68 42 his
1449 2310 188 53 lessons;
1679 2311 127 42 being
1835 2311 93 41 able

312 2387 44 37 to
388 2383 270 42 understand
690 2387 117 37 what
839 2382 52 41 lie
926 2382 121 41 reads
1080 2382 46 40 in
1159 2381 133 42 books
1324 2386 120 51 quite
1476 2381 109 51 well,
1617 2381 207 42 although
1855 2387 74 35 not

313 2452 96 42 able
432 2456 43 38 to
496 2466 248 42 pronounce
766 2452 74 41 the
864 2451 146 42 words.
1073 2451 89 42 The
1195 2456 86 37 test
1312 2457 224 37 sentences
1568 2452 43 41 of
1643 2451 72 42 the
1752 2451 176 55 Physio-

313 2522 156 55 logical
490 2523 222 55 Alphabet
734 2522 118 42 show
876 2526 96 37 that
993 2521 55 42 he
1070 2535 79 28 can
1171 2536 247 40 pronounce
1449 2536 46 42 p,
1519 2524 47 42 b,
1587 2523 84 41 and
1694 2533 63 39 in,
1784 2522 82 41 and
1891 2520 35 50 t,

315 2593 44 42 d,
383 2594 85 40 and
502 2603 35 30 n
570 2598 121 50 quite
713 2592 96 42 well
830 2609 8 35 ;
870 2592 79 41 but
985 2591 95 42 that
1115 2591 52 42 he
1200 2595 157 38 cannot
1382 2605 245 41 pronounce
1648 2590 46 52 k,
1716 2602 44 42 g,
1786 2606 46 27 or
1853 2602 75 42 rig.

315 2661 60 41 Of
406 2662 72 42 the
515 2662 251 42 Fricatives,
802 2661 55 43 he
890 2675 78 28 can
1000 2674 248 41 pronounce
1278 2660 63 43 sh
1372 2662 84 41 and
1487 2661 72 42 zh,
1590 2661 26 42 f
1639 2661 291 55 (sometimes),

313 2729 17 43 1
365 2732 296 55 (sometimes),
686 2730 46 48 h,
755 2729 74 44 ch,
853 2731 85 41 and
968 2741 46 42 y.
1078 2730 70 42 He
1181 2736 158 37 cannot
1370 2745 244 41 pronounce
1641 2742 62 40 W,
1724 2743 45 31 V,
1791 2730 59 44 th
1869 2731 47 55 (J)

313 2801 59 44 th
389 2803 63 55 (2),
482 2813 37 32 s,
551 2816 46 28 or
617 2812 38 32 z.
720 2802 69 42 He
811 2815 119 42 gives
954 2801 72 42 the
1046 2800 217 42 numerals
1285 2812 188 38 as—un,
1495 2802 120 49 two,
1637 2800 74 51 he,
1734 2801 110 49 hoa,
1867 2799 61 50 hi,

311 2874 89 51 hit,
424 2873 171 48 hoten,
622 2871 152 54 eight,
801 2882 128 39 nine,
954 2870 100 49 ten,
1086 2870 187 49 eatten,
1305 2870 82 51 tel,
1414 2870 207 45 hirteen.
1684 2872 86 43 The
1796 2871 131 44 fathei

316 2958 83 28 was
415 2943 130 56 given
577 2956 25 27 a
633 2955 109 41 copy
763 2941 47 42 of
838 2940 74 42 the
944 2939 321 56 Physiological
1295 2939 237 55 Alphabet,
1565 2943 140 41 which
1739 2957 83 28 was
1857 2955 69 29 ex-

312 3013 175 57 plained
509 3017 43 38 to
574 3011 118 42 him;
713 3010 85 43 and
819 3010 54 43 he
896 3024 86 28 was
1004 3009 148 43 shown
1185 3009 95 42 how
1305 3014 41 37 to
1379 3010 121 42 teach
1533 3011 167 56 patient
1730 3012 72 41 the
1835 3024 89 42 pro-

310 3098 252 30 nunciation
586 3083 44 42 of
653 3083 72 42 the
749 3082 214 43 defective
987 3083 271 41 consonants.
