2113 3404
399 206 85 42 380

899 221 88 31 THE
1018 222 242 34 DISORDERS
1291 225 54 32 OF
1376 226 173 33 SPEECH.

458 335 118 44 Case
599 338 32 42 I.
669 339 226 55 (Personal
918 340 317 58 Observation.)
1298 344 99 43 Case
1418 346 49 54 of
1482 345 245 43 Evanescent
1746 346 265 55 Hemiplegia

399 409 89 41 and
501 409 211 56 ApJiasia,
733 411 79 41 due
834 416 38 37 to
904 412 239 42 Unilateral
1168 413 349 45 CerebriHa.—M.
1536 417 146 50 R.,aet.
1704 416 65 43 15,
1783 430 25 28 a
1823 417 82 55 girl
1921 417 93 41 who

399 477 86 43 had
516 479 111 43 been
659 481 228 55 employed
921 496 46 28 as
999 497 24 27 a
1057 483 117 42 clerk
1208 483 43 44 in
1288 486 72 41 the
1384 485 197 57 Register
1604 487 145 51 Office,
1781 487 97 50 and,
1898 501 115 28 more

400 550 207 56 recently,
628 565 46 29 as
696 565 55 28 an
773 552 207 42 assistant
1000 552 45 43 in
1068 567 24 28 a
1115 554 244 54 drysalter's
1381 556 117 55 shop.
1560 557 227 42 Admitted
1816 562 43 37 to
1880 557 135 42 Ward

401 620 71 51 33,
493 634 56 28 on
570 621 127 55 April
722 623 118 51 14th,
864 623 124 41 1891.

459 691 354 55 History.—Had
849 693 108 41 been
987 693 153 55 falling
1168 694 63 41 off
1254 695 45 41 in
1328 695 149 42 health
1507 696 66 42 for
1603 711 25 28 a
1647 711 127 41 year;
1804 696 77 43 her
1901 697 114 42 chief

398 762 260 55 complaints
692 762 129 55 being
856 762 230 50 headache,
1108 763 154 43 failure
1284 765 43 41 of
1359 766 204 55 eyesight,
1584 767 219 43 lassitude,
1826 772 114 37 want
1971 769 46 40 of

398 833 205 53 appetite,
640 833 210 54 polyuria,
889 833 86 41 and
1012 834 199 54 frequent
1247 836 240 42 sensations
1523 837 44 41 of
1608 838 228 42 chilliness.
1914 838 99 41 Had

398 903 158 54 sought
577 903 149 42 advice
749 904 131 41 about
913 904 76 41 her
1020 904 197 54 eyesight
1248 909 45 37 at
1325 905 73 42 the
1429 907 91 54 Eye
1551 907 286 55 Department
1868 908 46 41 of
1942 908 72 42 the

398 971 140 55 Eoyal
571 972 243 55 Infirmary,
836 973 85 41 and
953 973 109 41 been
1099 973 91 41 told
1225 974 72 41 the
1328 974 153 42 failure
1514 976 45 40 of
1588 976 194 42 eyesight
1814 990 85 28 was
1932 976 81 42 due

400 1047 43 36 to
480 1042 75 42 the
587 1043 221 42 condition
840 1044 46 41 of
920 1044 76 41 her
1032 1044 172 54 general
1239 1044 159 42 health.
1460 1046 82 40 For
1578 1046 119 54 eight
1731 1046 104 55 days
1872 1046 142 42 before

399 1113 76 42 her
497 1113 246 52 admission,
765 1114 86 42 had
884 1115 107 41 been
1023 1114 158 42 unable
1203 1119 44 37 to
1269 1129 52 41 go
1343 1120 75 37 out
1440 1119 43 38 to
1505 1115 76 43 her
1602 1116 117 41 daily
1743 1116 125 41 work.
1931 1117 82 40 For

398 1184 120 42 three
550 1185 44 41 of
630 1185 122 42 these
789 1185 118 55 days,
929 1184 85 42 had
1051 1185 220 42 remained
1306 1185 171 42 indoors
1509 1191 44 36 at
1584 1186 78 42 her
1693 1187 206 54 lodgings,
1921 1187 90 40 dull

397 1255 85 41 and
514 1255 185 42 listless;
730 1255 86 42 and
849 1255 117 42 then,
987 1269 56 27 on
1074 1255 74 42 the
1181 1255 77 41 9th
1280 1255 44 42 of
1351 1255 140 55 April,
1521 1256 83 42 five
1632 1256 105 42 days
1765 1256 142 42 before
1936 1257 76 41 her

397 1326 251 42 admission,
669 1326 85 42 had
776 1340 109 41 gone
917 1326 125 42 home
1074 1326 58 41 by
1154 1326 110 41 train
1298 1330 44 37 to
1374 1326 75 42 her
1481 1326 201 42 mother's
1703 1327 145 41 house,
1872 1328 138 40 which

398 1410 87 28 was
519 1396 189 42 situated
741 1397 47 40 in
824 1396 73 42 the
931 1396 211 41 outskirts
1174 1396 43 41 of
1248 1396 74 42 the
1355 1396 99 55 city.
1517 1397 101 41 Had
1641 1397 190 41 vomited
1861 1397 46 41 in
1939 1397 72 41 the

396 1467 212 55 morning,
630 1467 146 41 before
808 1466 186 41 starting
1025 1479 54 28 on
1103 1465 75 42 her
1204 1467 195 53 journey.
1463 1466 143 42 When
1628 1467 46 41 in
1696 1467 73 42 the
1791 1467 124 50 train,
1939 1467 75 42 she

396 1538 194 41 fainted;
622 1538 78 40 but
722 1550 87 28 was
842 1536 153 55 kindly
1017 1536 132 41 taken
1182 1536 124 42 home
1341 1537 55 41 by
1417 1540 86 38 two
1534 1541 212 51 strangers
1780 1537 94 41 who
1904 1552 109 27 were

396 1607 233 42 travelling
661 1607 47 41 in
743 1607 72 41 the
853 1620 116 28 same
1002 1606 186 55 carriage
1213 1606 103 41 with
1338 1606 86 42 her.
1487 1600 145 49 When
1663 1607 75 42 she
1769 1607 169 41 arrived
1968 1611 45 37 at

395 1679 78 41 her
493 1678 204 42 mother's
719 1677 146 42 house,
881 1677 75 41 she
976 1690 84 28 was
1084 1676 238 56 extremely
1337 1677 121 42 weak
1479 1677 85 41 and
1585 1677 172 42 listless,
1775 1678 83 41 and
1881 1678 131 41 spoke

395 1763 105 27 very
521 1747 140 42 little;
695 1747 80 41 but
796 1747 76 41 she
897 1760 84 28 was
1004 1751 77 37 not
1101 1746 236 55 paralysed.
1400 1747 119 42 Next
1541 1747 96 55 day,
1658 1747 207 42 however,
1889 1761 122 27 when

396 1820 76 42 she
495 1832 87 28 was
605 1818 129 42 being
755 1817 127 41 lifted
899 1821 76 37 out
991 1817 47 41 of
1056 1817 93 50 bed,
1166 1817 75 41 she
1263 1817 75 42 fell
1362 1817 183 42 towards
1567 1817 73 42 the
1658 1817 114 56 right
1793 1818 115 41 side;
1929 1818 84 41 and

397 1890 38 41 it
455 1903 88 28 was
564 1889 106 41 then
692 1887 175 42 noticed
889 1887 96 42 that
1007 1888 119 41 there
1151 1901 85 28 was
1257 1901 105 29 very
1383 1887 116 42 little
1523 1901 143 41 power
1697 1888 46 41 of
1772 1893 246 36 movement

399 1961 46 41 in
467 1960 78 42 her
565 1959 118 55 right
703 1958 79 42 leg.
845 1958 127 41 Later
993 1957 46 41 in
1062 1957 73 42 the
1158 1957 96 55 day,
1275 1957 85 42 loss
1388 1957 43 42 of
1462 1971 142 41 power
1627 1971 85 28 was
1733 1957 89 42 also
1843 1958 172 41 noticed

400 2032 45 40 in
484 2031 73 42 the
593 2030 118 41 right
747 2043 116 27 arm;
899 2028 85 41 and
1020 2028 48 41 in
1099 2028 74 41 the
1205 2028 186 42 evening
1421 2028 75 42 she
1532 2028 86 41 had
1653 2028 172 42 become
1861 2035 156 34 almost

399 2101 255 56 speechless,
676 2114 45 28 so
745 2099 107 42 that,
873 2099 48 41 in
942 2098 148 56 trying
1119 2103 43 37 to
1184 2098 133 55 speak
1348 2098 348 55 spontaneously,
1717 2112 46 27 or
1783 2097 47 43 in
1852 2112 164 28 answer

399 2177 43 36 to
474 2170 236 57 questions,
732 2169 75 42 she
840 2168 126 42 could
999 2168 102 55 only
1133 2182 74 41 say
1237 2168 170 55 "Aye."
1467 2168 134 42 Three
1633 2168 105 55 days
1770 2176 246 33 afterwards

399 2242 77 42 she
497 2255 88 28 was
607 2244 97 38 sent
725 2244 44 37 to
792 2239 74 42 the
889 2238 140 56 Royal
1051 2238 242 42 Infirmary.

459 2311 115 44 State
594 2325 53 28 on
669 2309 456 42 Admission.—There
1148 2322 86 28 was
1255 2308 108 42 total
1385 2308 208 55 paralysis
1615 2309 44 41 of
1691 2308 71 42 the
1784 2308 114 55 right
1928 2322 87 27 arm

401 2383 85 41 and
507 2382 81 55 leg,
610 2380 85 42 and
717 2380 90 41 also
829 2393 104 28 very
957 2378 176 42 marked
1156 2378 210 55 paralysis
1398 2379 45 41 of
1474 2379 73 41 the
1579 2378 130 42 lower
1740 2378 92 41 half
1865 2379 45 40 of
1943 2378 72 41 the

399 2457 119 38 right
540 2451 92 42 side
654 2451 46 41 of
728 2450 74 42 the
829 2450 102 40 face.
993 2450 83 40 For
1108 2448 73 42 the
1213 2448 91 42 first
1335 2449 120 41 three
1487 2448 104 55 days
1624 2448 73 41 the
1730 2453 285 37 temperature

402 2537 86 28 was
520 2521 145 43 102o-5
696 2521 70 52 F.;
798 2519 97 42 and,
917 2533 46 27 so
994 2518 102 42 long
1126 2533 45 27 as
1203 2518 74 42 the
1309 2518 118 42 fever
1457 2518 149 42 lasted,
1629 2519 72 41 the
1732 2519 166 54 patient
1931 2533 85 27 was

404 2608 104 28 very
531 2592 92 42 dull
646 2591 85 42 and
753 2590 172 49 listless,
947 2590 173 53 passing
1152 2588 57 41 all
1242 2589 275 40 evacuations
1548 2588 323 55 involuntarily.
1933 2588 84 42 She

402 2678 88 29 was
511 2676 105 41 very
639 2661 182 54 drowsy,
843 2659 84 41 and
958 2658 112 42 slept
1101 2672 24 27 a
1156 2661 118 51 great
1305 2657 104 42 deal.
1474 2657 67 43 On
1580 2658 128 54 being
1744 2658 153 42 roused
1933 2658 83 40 and

402 2735 166 56 spoken
589 2737 57 38 to,
674 2744 76 30 she
772 2729 171 43 seemed
973 2727 219 57 generally
1216 2732 43 37 to
1293 2733 261 36 understand
1588 2727 115 42 what
1737 2742 83 27 was
1852 2728 90 41 said
1974 2733 43 35 to

402 2806 103 42 her;
535 2805 80 41 but
637 2816 75 29 she
734 2800 248 43 sometimes
1004 2798 130 42 failed
1156 2802 44 37 to
1222 2797 53 42 do
1297 2811 58 36 so,
1376 2799 175 54 putting
1573 2802 76 38 out
1669 2798 76 42 her
1767 2804 167 49 tongue,
1956 2798 65 40 for

404 2889 211 41 example,
647 2887 125 27 when
809 2870 134 42 asked
981 2874 43 37 to
1061 2868 113 43 close
1212 2869 74 41 her
1321 2883 109 41 eyes.
1493 2869 128 51 Once,
1655 2870 121 40 when
1811 2869 144 41 shown
1995 2880 19 30 a

406 2946 175 44 written
602 2946 175 40 request
798 2945 44 37 to
863 2943 81 52 put
965 2943 77 38 out
1063 2939 76 41 her
1162 2943 169 50 tongue,
1353 2938 75 42 she
1451 2938 260 55 interpreted
1735 2938 36 41 it
1801 2937 218 50 correctly,

403 3019 86 44 and
522 3014 174 44 obeyed.
759 3012 89 41 The
882 3024 143 43 power
1059 3010 43 41 of
1135 3009 238 58 producing
1406 3009 152 58 speech
1595 3021 84 31 was
1713 3022 153 29 almost
1898 3007 120 43 anni-
