2113 3404
869 227 86 33 THE
988 229 241 33 DISOKDKKS
1261 233 53 29 OF
1346 234 177 31 SPEECH.

370 3029 145 52 pound
550 3024 216 46 Varieties
798 3021 44 43 of
873 3017 215 58 Aphasia;
1119 3016 64 53 (2)
1218 3020 43 37 to
1295 3019 109 37 treat
1435 3014 45 41 of
1510 3013 72 41 the
1615 3013 94 41 best
1742 3011 170 42 method
1945 3012 46 40 of

370 342 139 43 selves
531 357 46 28 as
600 345 92 41 firm
716 359 25 28 a
764 347 185 54 position
982 363 46 27 as
1061 347 95 47 that
1187 350 44 44 of
1261 352 98 41 No.s.
1389 353 34 49 1,
1447 354 36 49 2,
1505 354 84 41 and
1611 354 39 51 3,
1674 368 60 27 we
1757 359 157 37 cannot
1943 359 46 37 at

368 417 176 50 present
575 428 101 42 say;
710 415 76 45 but
810 417 33 42 it
866 418 34 41 is
934 420 290 43 nevertheless
1256 418 157 47 certain
1451 422 94 45 that
1578 423 71 42 the
1675 423 128 42 study
1827 424 43 40 of
1902 425 86 41 this

370 482 303 45 classification
699 486 153 43 affords
876 487 199 44 valuable
1097 489 163 43 lessons
1282 491 44 41 in
1352 491 71 42 the
1446 492 188 42 analysis
1665 494 46 40 of
1741 493 72 41 the
1844 507 143 40 symp-

369 556 113 41 toms
514 556 46 41 of
587 556 188 55 aphasia,
798 557 83 41 and
916 557 122 56 helps
1061 564 43 36 to
1126 560 172 54 explain
1333 562 312 43 combinations
1676 563 44 41 of
1751 576 238 42 symptoms

371 623 107 51 that,
503 624 183 42 without
709 626 87 42 this
819 627 314 52 classification,
1157 630 141 41 would
1324 631 49 41 be
1394 631 299 42 inexplicable.

429 695 90 42 The
540 695 85 42 last
647 697 45 39 of
711 696 278 43 Lichtheim's
1008 699 209 51 varieties,
1232 700 78 42 No.
1336 701 37 51 7,
1389 706 203 49 presents,
1607 717 45 27 as
1672 718 60 27 we
1751 703 107 42 have
1875 717 113 38 seen,

370 779 52 27 an
459 766 256 54 apparently
749 767 186 54 possible
968 768 107 40 form
1109 770 43 39 of
1183 770 239 42 subcortical
1453 778 138 35 motor
1627 774 186 53 aphasia,
1848 776 137 38 whose

370 834 339 43 characteristics
731 849 71 28 are
825 836 82 41 due
930 840 43 38 to
997 837 72 42 the
1091 838 310 43 circumstance
1425 840 96 41 that
1540 841 101 55 only
1664 856 79 28 one
1765 848 66 36 set
1851 844 45 40 of
1915 843 73 41 the

371 906 125 41 fibres
532 906 43 40 in
609 906 241 42 connexion
886 907 104 41 with
1024 907 73 42 the
1141 913 136 36 motor
1310 915 146 36 centre
1489 911 74 41 has
1595 911 104 42 been
1734 918 72 36 cut
1836 927 152 36 across,

372 976 93 44 viz.,
498 976 74 42 the
603 983 66 35 set
702 977 142 41 whose
876 977 197 42 function
1107 978 36 41 is
1178 983 44 37 to
1253 993 164 42 convey
1450 980 72 42 the
1559 983 246 41 commands
1841 984 46 40 of
1916 983 71 42 the

371 1052 137 36 motor
530 1047 322 55 speech-centre
875 1048 43 40 in
943 1048 168 41 Broca's
1141 1049 435 43 convolution—that
1606 1052 49 50 is,
1675 1052 44 42 of
1750 1052 73 42 the
1846 1058 141 37 centre

371 1118 223 41 B—down
613 1118 185 42 towards
816 1118 72 42 the
905 1133 153 40 organs
1076 1120 46 40 of
1136 1120 272 41 articulation
1429 1122 83 40 and
1533 1122 242 54 phonation.
1823 1123 72 41 All
1915 1124 72 42 the

370 1189 124 42 other
525 1192 87 39 sets
634 1189 45 41 of
704 1189 259 54 connecting
995 1190 125 41 fibres
1151 1203 81 38 are,
1253 1190 46 41 in
1322 1190 87 41 this
1443 1192 118 50 form,
1585 1193 222 53 preserved
1839 1194 145 41 intact.

370 1261 89 41 But
481 1260 36 41 it
538 1259 155 43 should
716 1260 51 42 be
791 1260 261 41 understood
1070 1260 95 41 that
1187 1260 86 42 this
1299 1260 36 42 is
1358 1265 75 37 not
1456 1261 71 42 the
1550 1262 102 54 only
1673 1263 185 54 possible
1881 1264 105 40 form

371 1331 45 40 of
432 1329 257 43 subcortical
705 1334 139 37 motor
858 1329 186 55 aphasia.
1089 1329 67 42 On
1178 1330 71 41 the
1267 1336 211 50 contrary,
1490 1331 36 41 it
1539 1331 35 42 is
1591 1332 120 54 quite
1726 1332 184 55 possible
1925 1333 64 41 for

370 1417 24 26 a
426 1401 136 41 lesion
595 1401 44 41 in
673 1400 74 42 the
773 1400 128 42 white
936 1405 156 37 matter
1122 1401 188 41 beneath
1338 1402 169 41 Broca's
1541 1402 274 42 convolution
1849 1408 43 36 to
1915 1408 72 36 cut

371 1487 141 28 across
535 1472 57 42 all
616 1472 73 42 the
711 1472 171 41 various
915 1476 86 38 sets
1033 1472 47 41 of
1107 1472 257 54 connecting
1395 1473 126 41 fibres
1555 1473 93 41 that
1670 1487 68 28 are
1760 1473 162 42 related
1945 1479 43 36 to

371 1545 44 40 it.
480 1542 53 42 In
557 1544 105 41 such
686 1557 24 27 a
733 1557 107 27 case,
863 1542 73 42 the
958 1556 104 41 grey
1085 1545 155 38 matter
1272 1542 44 41 of
1347 1542 168 42 Broca's
1547 1548 273 36 convolution
1847 1543 137 41 would

371 1615 52 41 be
446 1621 75 35 cut
542 1614 62 42 off
621 1614 108 40 from
763 1614 56 40 its
849 1612 264 42 connexions
1136 1612 101 40 with
1272 1612 58 41 all
1364 1612 71 41 the
1469 1613 120 41 other
1624 1613 153 55 speech
1810 1627 178 35 centres,

371 1685 86 41 and
479 1699 89 27 also
592 1684 109 41 from
734 1684 57 40 its
825 1681 265 43 connexions
1115 1687 103 35 with
1243 1681 72 42 the
1347 1681 151 56 higher
1520 1687 165 37 centres
1711 1683 60 40 for
1794 1682 193 54 thought.

371 1757 64 41 Its
468 1755 299 47 disablement,
799 1752 224 42 therefore,
1059 1751 140 41 would
1231 1751 51 41 be
1315 1751 222 54 complete,
1559 1751 85 41 and
1678 1751 72 42 the
1780 1759 209 46 resulting

369 1840 240 42 symptoms
633 1823 155 43 would,
809 1823 45 41 in
877 1836 131 41 every
1031 1835 107 41 way,
1161 1822 51 41 be
1234 1821 73 41 the
1330 1835 116 27 same
1468 1835 44 27 as
1536 1821 120 41 those
1679 1821 95 41 that
1795 1835 70 27 are
1894 1835 93 40 pro-

369 1897 135 42 duced
529 1897 57 55 by
604 1910 24 28 a
650 1895 137 42 lesion
810 1892 251 55 destroying
1083 1892 73 41 the
1179 1905 101 42 grey
1297 1896 158 37 matter
1477 1892 45 40 of
1540 1890 73 43 the
1635 1895 145 38 centre
1803 1891 35 41 B
1860 1891 128 41 itself.

369 1969 116 40 Thus
518 1971 74 39 cut
623 1967 62 40 off
714 1966 108 40 from
856 1963 59 42 all
948 1963 56 40 its
1036 1961 276 42 connexions,
1344 1961 86 41 and
1462 1960 207 42 rendered
1703 1960 286 55 functionally

369 2041 125 40 inert,
516 2038 73 42 the
620 2050 104 42 grey
747 2039 158 37 matter
936 2034 44 41 of
1012 2033 73 41 the
1117 2036 144 38 centre
1294 2032 36 40 B
1355 2032 140 40 would
1530 2030 237 55 inevitably
1801 2030 186 55 undergo

368 2109 196 56 atrophy.
619 2108 21 41 I
664 2106 110 43 shall
798 2109 147 38 return
971 2110 43 35 to
1034 2103 72 42 the
1124 2103 164 41 subject
1307 2103 44 40 of
1370 2101 254 42 subcortical
1648 2101 187 54 aphasia,
1853 2100 136 51 when,

368 2181 45 41 in
437 2194 25 27 a
484 2180 145 40 future
651 2181 190 50 chapter,
869 2176 15 39 I
920 2174 100 42 take
1046 2187 56 27 up
1125 2173 74 41 the
1221 2171 313 42 consideration
1558 2172 45 40 of
1622 2171 74 41 the
1718 2171 145 41 effects
1894 2185 94 40 pro-

369 2251 137 42 duced
530 2250 56 40 by
610 2248 165 41 disease
798 2245 42 43 in
867 2245 72 41 the
964 2244 170 41 various
1156 2248 118 50 parts
1296 2243 46 40 of
1360 2242 73 41 the
1457 2246 137 37 motor
1616 2241 151 55 speech
1792 2246 117 36 tract.

428 2393 22 41 I
469 2394 117 39 must
605 2403 92 28 now
718 2388 76 41 ask
819 2387 71 40 the
912 2385 150 42 reader
1081 2391 40 34 to
1144 2384 125 41 make
1292 2388 99 36 note
1408 2383 44 41 of
1475 2383 71 40 the
1564 2382 122 54 point
1706 2385 45 38 at
1770 2382 137 41 which
1927 2397 62 27 we

369 2465 110 41 have
501 2460 180 44 arrived.
743 2458 83 41 We
847 2457 111 41 have
981 2454 250 43 considered
1254 2453 73 41 the
1351 2452 196 42 varieties
1569 2453 47 40 of
1639 2451 153 55 simple
1815 2453 175 40 aphasia

368 2536 96 41 that
486 2547 76 28 can
587 2532 52 41 be
671 2527 216 58 produced
911 2527 55 41 by
991 2525 72 42 the
1085 2524 264 42 destruction
1372 2523 44 40 of
1447 2536 24 27 a
1493 2535 136 42 single
1651 2521 154 55 speech
1831 2529 157 44 centre,

368 2619 48 28 or
438 2604 56 41 by
517 2602 74 41 the
625 2599 173 42 cutting
832 2609 141 28 across
1007 2595 43 40 of
1084 2593 256 42 connecting
1375 2592 124 41 fibres
1534 2591 171 54 passing
1738 2596 41 36 to
1802 2605 47 27 or
1881 2592 106 41 from

369 2675 102 44 each
508 2673 46 42 of
585 2672 145 40 them;
772 2667 83 43 and
894 2680 96 27 now
1029 2679 62 27 we
1128 2678 69 27 are
1229 2676 118 28 come
1381 2666 43 37 to
1459 2662 73 41 the
1571 2661 416 56 beginning-of-the

367 2747 182 42 efferent
571 2755 138 28 motor
731 2743 111 37 tract
866 2735 138 44 which
1029 2734 116 42 leads
1168 2733 264 42 downwards
1458 2733 101 39 from
1596 2732 168 41 Broca's
1787 2732 201 42 convolu-

368 2819 90 43 tion
486 2822 42 36 to
552 2815 73 42 the
647 2824 152 30 organs
822 2809 45 41 of
896 2805 274 44 articulation
1203 2804 85 42 and
1320 2802 247 56 phonation.
1630 2803 62 41 At
1714 2803 86 41 this
1822 2802 121 55 point
1967 2803 19 39 I

368 2891 121 40 leave
515 2887 73 41 the
610 2881 155 45 speech
789 2883 112 38 tract
923 2878 64 40 for
1008 2876 73 42 the
1104 2878 185 52 present,
1311 2877 42 38 to
1371 2877 147 38 return
1543 2878 42 36 to
1608 2873 35 41 it
1665 2872 257 42 afterwards.

428 2959 53 43 In
507 2957 73 43 the
616 2951 244 45 meantime,
884 2949 21 41 I
929 2947 104 42 wish
1060 2946 65 55 (1)
1147 2950 43 36 to
1212 2958 75 41 say
1309 2958 24 27 a
1356 2944 80 41 few
1457 2956 135 28 words
1614 2942 132 41 about
1768 2942 72 41 the
1863 2941 124 42 Com-
