1933 3302
647 181 366 34 Inhaltsverzeichniss.
1576 175 53 39 IX

1553 250 74 23 Seite

234 292 346 38 Blutenizieluingen,
614 290 115 37 Kälte,
761 288 138 31 Ligatur
928 286 61 30 der
1011 283 234 32 zuluhrenden
1270 282 251 39 Hauplarterie,

275 337 156 29 trockene
457 334 134 29 Wärme
1587 325 42 38 64

169 376 340 42 Besänftigende,
533 374 274 39 alterirende,
829 369 386 35 desinl'icirende,
1250 368 111 31 doch
1392 371 128 28 nicht

212 420 333 32 ätzendeMittel
1587 411 40 37 65

234 465 256 39 Kataplasmen,
521 461 221 39 Umschläge,
776 462 79 28 lette
889 457 100 38 Oele,
1029 455 177 40 Glycerin,
1238 454 110 39 Seife,
1379 454 141 41 Zucker,

277 507 162 35 Balsame,
464 504 134 40 Styrnx,
621 503 205 30 Theersalbe
1587 497 40 36 65

233 547 283 40 Steinkohltheer,
541 546 186 39 Holzessig,
752 546 154 34 Kreosot,
930 541 234 37 Carbolsäure,
1188 540 220 40 Terpentinöl
1456 565 6 8 .
1511 564 8 9 .
1586 540 41 33 66

235 592 179 40 Kampher,
438 589 322 40 Kampherspiritus,
784 587 261 31 Kampliervvein
1586 584 40 33 67

233 636 132 40 Opium,
389 633 253 39 Hypnotismus,
668 631 253 30 Kohlenpulver
1586 626 41 35 68

233 675 334 42 Quecksilbersalbe,
591 673 184 41 Chlorgas,
799 671 204 33 Chlorkalk,
1028 670 91 31 Natr.
1146 668 235 42 hydrochlor.,
1409 668 109 32 Tinct.

270 719 87 39 jodi.
403 717 196 31 Verdünnte
623 716 146 31 Säuren:
794 714 242 39 Buttermilch,
1061 711 325 33 Citronenschnitte,
1410 710 108 33 Citro-

275 763 163 29 nensäure
1587 756 40 35 69

232 805 114 40 Essig,
378 802 186 31 verdünnte
596 802 193 31 Salzsäure,
823 804 187 28 verdünnte
1041 799 274 40 Salpetersäure,
1348 797 171 41 Alkalien,

276 847 125 30 rothes,
419 846 185 30 schwarzes
622 843 325 41 Quecksilberoxyd.
980 842 109 32 Salze:
1107 850 265 32 salpetersaures
1391 840 127 40 Queck-

276 889 209 39 silberoxyd,
510 898 154 30 -oxydul,
689 887 169 31 Sublimat
1586 885 41 33 70

232 931 163 38 Calomel,
414 931 137 41 Argent.
565 934 90 35 nitr.,
679 929 100 41 Cupr.
797 930 89 38 sulf.,
911 927 232 39 Eisenvitriol,
1170 927 206 39 Bleizucker,
1392 925 127 41 Alaun,

276 975 150 31 Alumin.
451 978 93 34 acet.,
568 973 144 31 Tannin,
736 973 75 30 Kali
838 973 252 39 hyperniangan
1587 971 39 32 71

235 1018 75 30 Kali
336 1018 135 30 chloric.
518 1017 218 31 Mischungen
762 1025 65 21 von
852 1016 140 30 Säuren,
1017 1014 118 31 Salzen
1162 1017 76 27 etc.:
1264 1012 101 41 Aqua
1388 1013 130 32 vulner.

275 1060 176 37 Thedenii,
475 1060 125 39 Liquor
622 1059 131 30 Villati,
777 1059 191 30 chemische
992 1057 177 31 Fermente
1585 1057 41 32 72

165 1104 266 30 Aetzmittel
1585 1101 42 32 72

229 1146 251 31 Vorbereitung
504 1155 58 20 zur
585 1147 157 28 Aetzung
1585 1144 41 32 73

231 1188 181 32 GUiheisen
1585 1187 43 32 74

232 1232 115 31 Heisse
371 1231 260 40 Flüssigkeiten,
654 1230 254 31 Salpetersäure
1586 1230 39 32 75

232 1275 191 37 Salzsäure,
446 1274 281 39 Schwefelsäure,
752 1272 243 39 Chromsäure,
1019 1273 156 39 arsenige
1199 1271 115 40 Säure,
1337 1271 180 32 Antimon-

274 1319 122 29 butter,
419 1317 77 30 Kali
520 1326 93 21 caust
1585 1316 40 32 76

232 1361 135 30 Wiener
389 1361 109 36 Pasta,
523 1358 194 32 Clilorzink,
740 1359 133 31 Plumb.
897 1361 90 28 nitr.,
1013 1358 232 31 Eisenchlorid
1585 1361 40 30 77

230 1404 98 40 Lapis
353 1403 215 38 Hesselbach,
591 1402 114 31 Brom,
728 1401 165 31 Auswahl
918 1402 58 30 des
1002 1400 201 31 Chlorzinks
1584 1402 42 32 78

60 1480 64 29 VI.
148 1481 283 28 BehaiitUiiug
453 1480 77 28 der
552 1480 243 28 Blntungcn
818 1479 117 29 beim
958 1478 344 36 Mospitalbrand
1349 1501 168 9 ....
1585 1478 41 32 79

232 1532 301 40 L^nterbindungen
1584 1531 41 32 79

231 1574 221 30 Blutstillung
491 1574 87 30 ohne
610 1574 281 40 Unterbindung,
924 1573 260 31 Schwierigkeit
1218 1573 55 30 die
1304 1572 120 40 Quelle
1457 1573 60 31 der

272 1617 148 30 Blutung
444 1617 214 29 aufzufinden
1584 1617 40 32 79

230 1659 214 31 Eventuelles
469 1659 180 40 Vorgehen
674 1660 84 29 nacli
785 1659 160 41 heutigen
969 1659 192 39 Principien
1583 1659 40 33 81

60 1734 86 29 Vfl.
170 1735 334 36 Aniputatioiieu
527 1735 115 29 beim
667 1736 344 35 Hospitalbrantl
1585 1735 38 32 81

40 1809 108 28 Vm.
171 1810 154 28 Imicre
348 1811 283 28 Behandlung
654 1811 76 28 des
754 1811 394 36 Hospitalbrandes
1583 1809 42 33 83

79 1884 67 28 IX.
170 1885 324 36 Bemerkungen
518 1893 74 21 zur
614 1886 191 35 Hygiene
829 1886 77 28 des
929 1886 395 35 lIo.<$pitalbrandes
1347 1908 169 7 ....
1583 1885 41 32 85

169 1934 357 32 Geschichtliches
1582 1938 42 32 85

166 1978 305 40 Maassregeln
504 1979 70 31 der
607 1978 196 42 heutigen
827 1979 188 41 Hygiene
1047 1989 130 31 gegen
1203 1980 76 30 den
1303 1979 211 32 Hospital-

212 2021 137 30 brand
1583 2023 40 32 89

230 2063 253 32 Absonderung
506 2065 59 30 der
588 2065 418 40 Hospitalbrandkranken
1583 2067 40 32 90

232 2105 526 43 Krankenzerstreuungssystem
1583 2110 40 32 90

232 2147 218 43 Beseitigung
473 2151 318 40 zurückgelassener
816 2151 116 30 Keime
1582 2153 41 32 90

232 2189 124 32 Gefahr
379 2193 132 30 solcher
535 2197 85 27 trotz
644 2194 58 30 des
726 2194 184 30 modernen
936 2195 264 39 antiseptischen
1225 2195 158 29 Regimes
1455 2219 5 5 .
1507 2219 7 7 .
1582 2196 38 31 91

233 2233 227 32 Desinfection
499 2236 59 30 der
595 2239 62 27 mit
695 2236 264 31 Hospitalbrand
997 2238 35 28 in
1073 2237 202 40 Berührung
1313 2246 202 31 gewesenen

275 2275 232 40 Gegenstände
1581 2281 38 32 91

232 2317 216 44 Beseitigung
460 2320 213 40 versteckter,
690 2322 262 39 verschleppter,
968 2322 94 29 nicht
1081 2322 301 31 wahrnehmbarer
1394 2322 119 31 Keime
1580 2324 40 32 92

99 2392 46 28 X.
170 2393 233 37 Aetiologie
427 2396 88 28 und
537 2397 151 28 Wesen
713 2397 76 29 des
812 2397 393 36 Hospitalbrandes
1582 2398 40 32 93

169 2444 55 30 Ist
248 2445 69 29 der
341 2446 324 40 Hospitalbrand
691 2450 154 29 seinem
869 2449 144 30 Wesen
1045 2450 110 30 nach
1180 2451 99 30 eine
1304 2450 208 42 Gangrän

214 2487 532 43 odereineEntzündung?
1581 2495 40 31 93

171 2529 56 29 Ist
250 2529 70 31 der
345 2531 355 40 Hospitalbrand
727 2535 89 28 eine
841 2536 246 38 contagiöse
1109 2535 46 30 In
1168 2537 220 30 fectionsk
1397 2537 115 30 rank-

215 2571 115 31 heit?
1581 2580 40 32 93

237 2614 294 42 Unbeabsichtigte
555 2617 297 41 Uebertragungen
877 2621 60 28 auf
958 2619 177 31 Menschen
1580 2623 41 32 93

237 2656 245 43 Beabsichtigte
507 2659 297 41 Uebertragungen
830 2663 59 29 auf
911 2663 177 30 Menschen
1580 2665 42 32 94

236 2699 166 32 Versuche
428 2711 41 20 an
493 2700 145 32 Thieren
1580 2709 40 31 95

171 2740 130 32 Ueber
324 2742 64 31 die
411 2744 291 41 Entwicklung
725 2746 67 30 des
817 2747 603 42 Hospitalbrandcontagiums
1451 2774 6 7 .
1505 2774 6 7 .
1579 2751 41 31 96

235 2783 260 40 Hospitalbrand
520 2788 196 30 ausserhalb
741 2788 58 30 der
821 2788 195 42 Hospitäler
1579 2793 40 32 97

236 2826 259 40 Hospitalbrand
520 2831 31 28 in
579 2830 59 30 der
661 2831 230 39 Privatpraxis
1579 2836 41 32 98

236 2868 261 40 Hospitalbrand
522 2882 39 20 zu
585 2871 230 42 Kriegszeiten
1579 2879 41 33 98

171 2911 229 40 Ektogenes
426 2913 222 32 Verhalten
674 2915 69 31 des
768 2916 187 40 Hospital
969 2919 396 41 brandcontagiums
1397 2944 113 8 ...
1578 2922 41 32 98

171 2952 125 31 Saure
321 2954 196 32 Reaction
542 2957 68 31 des
635 2958 289 32 Wundbodens
948 2959 105 32 beim
1080 2961 331 41 Hospitalbrand
1450 2986 6 7 .
1503 2988 7 6 .
1579 2965 39 32 99
