<?xml version="1.0" encoding="UTF-8"?>
<alto xmlns="http://www.loc.gov/standards/alto/ns-v2#" xmlns:xsi="http://www.w3.org/2001/XMLSchema-instance" xsi:schemaLocation="http://www.loc.gov/standards/alto/ns-v2# http://www.loc.gov/standards/alto/alto.xsd">
  <Description>
    <MeasurementUnit>pixel</MeasurementUnit>
    <sourceImageInformation>
      <fileName>b21273911_abbyy.xml</fileName>
    </sourceImageInformation>
    <OCRProcessing ID="OCR_1">
      <preProcessingStep>
        <processingDateTime>2014-10-24T02:15:27</processingDateTime>
        <processingAgency>intranda GmbH, www.intranda.com</processingAgency>
        <processingSoftware>
          <softwareCreator>intranda GmbH, Germany</softwareCreator>
          <softwareName>intranda OCR Module for TaskManager</softwareName>
          <softwareVersion>1.0r42</softwareVersion>
        </processingSoftware>
      </preProcessingStep>
      <ocrProcessingStep>
        <processingSoftware>
          <softwareCreator>ABBYY (BIT Software), Russia</softwareCreator>
          <softwareName>FineReader Engine</softwareName>
          <softwareVersion>10</softwareVersion>
        </processingSoftware>
      </ocrProcessingStep>
    </OCRProcessing>
  </Description>
  <Layout>
    <Page PHYSICAL_IMG_NR="315" ID="PAGE_315" WIDTH="2107" HEIGHT="3450">
      <TopMargin ID="TopMargin_1" HPOS="681" VPOS="253" WIDTH="1165" HEIGHT="54">
        <TextBlock ID="TextBlock_987" HPOS="681" VPOS="253" WIDTH="1165" HEIGHT="54">
          <TextLine ID="TextLine_11837" HPOS="1762" VPOS="254" WIDTH="84" HEIGHT="42">
            <String ID="Word_119848" HPOS="1762" VPOS="254" WIDTH="84" HEIGHT="42" CONTENT="299" />
          </TextLine>
          <TextLine ID="TextLine_11836" HPOS="681" VPOS="253" WIDTH="668" HEIGHT="54">
            <String ID="Word_119845" HPOS="681" VPOS="264" WIDTH="153" HEIGHT="32" CONTENT="MOTOR" />
            <SP ID="SP_108015" HPOS="834" VPOS="264" WIDTH="32" HEIGHT="0" />
            <String ID="Word_119846" HPOS="866" VPOS="264" WIDTH="194" HEIGHT="31" CONTENT="APHASIA" />
            <SP ID="SP_108016" HPOS="1060" VPOS="253" WIDTH="34" HEIGHT="0" />
            <String ID="Word_119847" HPOS="1094" VPOS="253" WIDTH="255" HEIGHT="54" CONTENT="(APHEMIA)." />
          </TextLine>
        </TextBlock>
      </TopMargin>
      <PrintSpace ID="PrintSpace_316" HPOS="174" VPOS="801" WIDTH="1687" HEIGHT="2392">
        <TextBlock ID="TextBlock_986" HPOS="174" VPOS="801" WIDTH="1687" HEIGHT="2392">
          <TextLine ID="TextLine_11838" HPOS="812" VPOS="807" WIDTH="402" HEIGHT="44">
            <String ID="Word_119849" HPOS="812" VPOS="807" WIDTH="285" HEIGHT="43" CONTENT="CHAPTER" />
            <SP ID="SP_108017" HPOS="1097" VPOS="807" WIDTH="37" HEIGHT="0" />
            <String ID="Word_119850" HPOS="1134" VPOS="808" WIDTH="80" HEIGHT="43" CONTENT="XI." />
          </TextLine>
          <TextLine ID="TextLine_11839" HPOS="186" VPOS="935" WIDTH="1662" HEIGHT="46">
            <String ID="Word_119851" HPOS="186" VPOS="935" WIDTH="210" HEIGHT="44" CONTENT="Aphasia" />
            <SP ID="SP_108018" HPOS="396" VPOS="935" WIDTH="33" HEIGHT="0" />
            <String ID="Word_119852" HPOS="429" VPOS="947" WIDTH="49" HEIGHT="31" CONTENT="in" />
            <SP ID="SP_108019" HPOS="478" VPOS="947" WIDTH="44" HEIGHT="0" />
            <String ID="Word_119853" HPOS="522" VPOS="947" WIDTH="229" HEIGHT="32" CONTENT="relation" />
            <SP ID="SP_108020" HPOS="751" VPOS="947" WIDTH="42" HEIGHT="0" />
            <String ID="Word_119854" HPOS="793" VPOS="948" WIDTH="56" HEIGHT="32" CONTENT="to" />
            <SP ID="SP_108021" HPOS="849" VPOS="937" WIDTH="44" HEIGHT="0" />
            <String ID="Word_119855" HPOS="893" VPOS="937" WIDTH="211" HEIGHT="43" CONTENT="Organic" />
            <SP ID="SP_108022" HPOS="1104" VPOS="937" WIDTH="44" HEIGHT="0" />
            <String ID="Word_119856" HPOS="1148" VPOS="938" WIDTH="227" HEIGHT="42" CONTENT="Diseases" />
            <SP ID="SP_108023" HPOS="1375" VPOS="938" WIDTH="44" HEIGHT="0" />
            <String ID="Word_119857" HPOS="1419" VPOS="948" WIDTH="55" HEIGHT="32" CONTENT="of" />
            <SP ID="SP_108024" HPOS="1474" VPOS="948" WIDTH="38" HEIGHT="0" />
            <String ID="Word_119858" HPOS="1512" VPOS="949" WIDTH="89" HEIGHT="31" CONTENT="the" />
            <SP ID="SP_108025" HPOS="1601" VPOS="938" WIDTH="38" HEIGHT="0" />
            <String ID="Word_119859" HPOS="1639" VPOS="938" WIDTH="209" HEIGHT="41" CONTENT="Bkain—" />
          </TextLine>
          <TextLine ID="TextLine_11840" HPOS="211" VPOS="1007" WIDTH="1612" HEIGHT="59">
            <String ID="Word_119860" HPOS="211" VPOS="1007" WIDTH="500" HEIGHT="45" CONTENT="Continued:—Motor" />
            <SP ID="SP_108026" HPOS="711" VPOS="1009" WIDTH="21" HEIGHT="0" />
            <String ID="Word_119861" HPOS="732" VPOS="1009" WIDTH="206" HEIGHT="44" CONTENT="Aphasia" />
            <SP ID="SP_108027" HPOS="938" VPOS="1009" WIDTH="25" HEIGHT="0" />
            <String ID="Word_119862" HPOS="963" VPOS="1009" WIDTH="284" HEIGHT="57" CONTENT="(Aphemia);" />
            <SP ID="SP_108028" HPOS="1247" VPOS="1009" WIDTH="34" HEIGHT="0" />
            <String ID="Word_119863" HPOS="1281" VPOS="1010" WIDTH="298" HEIGHT="43" CONTENT="Conduction" />
            <SP ID="SP_108029" HPOS="1579" VPOS="1010" WIDTH="23" HEIGHT="0" />
            <String ID="Word_119864" HPOS="1602" VPOS="1010" WIDTH="221" HEIGHT="42" CONTENT="Aphasia." />
          </TextLine>
          <TextLine ID="TextLine_11841" HPOS="664" VPOS="1140" WIDTH="711" HEIGHT="56">
            <String ID="Word_119865" HPOS="664" VPOS="1141" WIDTH="169" HEIGHT="42" CONTENT="Motor" />
            <SP ID="SP_108030" HPOS="833" VPOS="1140" WIDTH="31" HEIGHT="0" />
            <String ID="Word_119866" HPOS="864" VPOS="1140" WIDTH="209" HEIGHT="43" CONTENT="Aphasia" />
            <SP ID="SP_108031" HPOS="1073" VPOS="1140" WIDTH="33" HEIGHT="0" />
            <String ID="Word_119867" HPOS="1106" VPOS="1140" WIDTH="269" HEIGHT="56" CONTENT="(Aphemia)." />
          </TextLine>
          <TextLine ID="TextLine_11842" HPOS="251" VPOS="1225" WIDTH="1599" HEIGHT="59">
            <String ID="Word_119868" HPOS="251" VPOS="1231" WIDTH="97" HEIGHT="40" CONTENT="The" />
            <SP ID="SP_108032" HPOS="348" VPOS="1230" WIDTH="35" HEIGHT="0" />
            <String ID="Word_119869" HPOS="383" VPOS="1230" WIDTH="110" HEIGHT="42" CONTENT="form" />
            <SP ID="SP_108033" HPOS="493" VPOS="1229" WIDTH="38" HEIGHT="0" />
            <String ID="Word_119870" HPOS="531" VPOS="1229" WIDTH="47" HEIGHT="42" CONTENT="of" />
            <SP ID="SP_108034" HPOS="578" VPOS="1229" WIDTH="28" HEIGHT="0" />
            <String ID="Word_119871" HPOS="606" VPOS="1229" WIDTH="198" HEIGHT="42" CONTENT="Aphasia" />
            <SP ID="SP_108035" HPOS="804" VPOS="1229" WIDTH="36" HEIGHT="0" />
            <String ID="Word_119872" HPOS="840" VPOS="1243" WIDTH="98" HEIGHT="27" CONTENT="now" />
            <SP ID="SP_108036" HPOS="938" VPOS="1233" WIDTH="33" HEIGHT="0" />
            <String ID="Word_119873" HPOS="971" VPOS="1233" WIDTH="45" HEIGHT="37" CONTENT="to" />
            <SP ID="SP_108037" HPOS="1016" VPOS="1229" WIDTH="30" HEIGHT="0" />
            <String ID="Word_119874" HPOS="1046" VPOS="1229" WIDTH="53" HEIGHT="41" CONTENT="be" />
            <SP ID="SP_108038" HPOS="1099" VPOS="1228" WIDTH="23" HEIGHT="0" />
            <String ID="Word_119875" HPOS="1122" VPOS="1228" WIDTH="256" HEIGHT="42" CONTENT="considered" />
            <SP ID="SP_108039" HPOS="1378" VPOS="1228" WIDTH="24" HEIGHT="0" />
            <String ID="Word_119876" HPOS="1402" VPOS="1228" WIDTH="91" HEIGHT="50" CONTENT="has," />
            <SP ID="SP_108040" HPOS="1493" VPOS="1228" WIDTH="25" HEIGHT="0" />
            <String ID="Word_119877" HPOS="1518" VPOS="1228" WIDTH="57" HEIGHT="55" CONTENT="by" />
            <SP ID="SP_108041" HPOS="1575" VPOS="1225" WIDTH="23" HEIGHT="0" />
            <String ID="Word_119878" HPOS="1598" VPOS="1225" WIDTH="252" HEIGHT="53" CONTENT="Wernicke," />
          </TextLine>
          <TextLine ID="TextLine_11843" HPOS="192" VPOS="1299" WIDTH="1658" HEIGHT="56">
            <String ID="Word_119879" HPOS="192" VPOS="1302" WIDTH="188" HEIGHT="42" CONTENT="Charcot" />
            <SP ID="SP_108042" HPOS="380" VPOS="1302" WIDTH="33" HEIGHT="0" />
            <String ID="Word_119880" HPOS="413" VPOS="1302" WIDTH="85" HEIGHT="41" CONTENT="and" />
            <SP ID="SP_108043" HPOS="498" VPOS="1301" WIDTH="35" HEIGHT="0" />
            <String ID="Word_119881" HPOS="533" VPOS="1301" WIDTH="157" HEIGHT="42" CONTENT="others," />
            <SP ID="SP_108044" HPOS="690" VPOS="1301" WIDTH="28" HEIGHT="0" />
            <String ID="Word_119882" HPOS="718" VPOS="1301" WIDTH="111" HEIGHT="41" CONTENT="been" />
            <SP ID="SP_108045" HPOS="829" VPOS="1300" WIDTH="35" HEIGHT="0" />
            <String ID="Word_119883" HPOS="864" VPOS="1300" WIDTH="165" HEIGHT="42" CONTENT="termed" />
            <SP ID="SP_108046" HPOS="1029" VPOS="1300" WIDTH="34" HEIGHT="0" />
            <String ID="Word_119884" HPOS="1063" VPOS="1300" WIDTH="150" HEIGHT="41" CONTENT="Motor" />
            <SP ID="SP_108047" HPOS="1213" VPOS="1299" WIDTH="31" HEIGHT="0" />
            <String ID="Word_119885" HPOS="1244" VPOS="1299" WIDTH="224" HEIGHT="56" CONTENT="Aphasia;" />
            <SP ID="SP_108048" HPOS="1468" VPOS="1300" WIDTH="34" HEIGHT="0" />
            <String ID="Word_119886" HPOS="1502" VPOS="1300" WIDTH="80" HEIGHT="41" CONTENT="but" />
            <SP ID="SP_108049" HPOS="1582" VPOS="1300" WIDTH="32" HEIGHT="0" />
            <String ID="Word_119887" HPOS="1614" VPOS="1314" WIDTH="46" HEIGHT="27" CONTENT="as" />
            <SP ID="SP_108050" HPOS="1660" VPOS="1300" WIDTH="33" HEIGHT="0" />
            <String ID="Word_119888" HPOS="1693" VPOS="1300" WIDTH="34" HEIGHT="41" CONTENT="it" />
            <SP ID="SP_108051" HPOS="1727" VPOS="1300" WIDTH="36" HEIGHT="0" />
            <String ID="Word_119889" HPOS="1763" VPOS="1314" WIDTH="87" HEIGHT="27" CONTENT="was" />
          </TextLine>
          <TextLine ID="TextLine_11844" HPOS="190" VPOS="1371" WIDTH="1661" HEIGHT="59">
            <String ID="Word_119890" HPOS="190" VPOS="1374" WIDTH="233" HEIGHT="56" CONTENT="originally" />
            <SP ID="SP_108052" HPOS="423" VPOS="1373" WIDTH="24" HEIGHT="0" />
            <String ID="Word_119891" HPOS="447" VPOS="1373" WIDTH="225" HEIGHT="43" CONTENT="described" />
            <SP ID="SP_108053" HPOS="672" VPOS="1373" WIDTH="24" HEIGHT="0" />
            <String ID="Word_119892" HPOS="696" VPOS="1373" WIDTH="57" HEIGHT="55" CONTENT="by" />
            <SP ID="SP_108054" HPOS="753" VPOS="1373" WIDTH="25" HEIGHT="0" />
            <String ID="Word_119893" HPOS="778" VPOS="1373" WIDTH="150" HEIGHT="41" CONTENT="Broca," />
            <SP ID="SP_108055" HPOS="928" VPOS="1371" WIDTH="23" HEIGHT="0" />
            <String ID="Word_119894" HPOS="951" VPOS="1371" WIDTH="87" HEIGHT="42" CONTENT="and" />
            <SP ID="SP_108056" HPOS="1038" VPOS="1371" WIDTH="21" HEIGHT="0" />
            <String ID="Word_119895" HPOS="1059" VPOS="1386" WIDTH="48" HEIGHT="28" CONTENT="as" />
            <SP ID="SP_108057" HPOS="1107" VPOS="1373" WIDTH="25" HEIGHT="0" />
            <String ID="Word_119896" HPOS="1132" VPOS="1373" WIDTH="139" HEIGHT="41" CONTENT="Broca" />
            <SP ID="SP_108058" HPOS="1271" VPOS="1371" WIDTH="23" HEIGHT="0" />
            <String ID="Word_119897" HPOS="1294" VPOS="1371" WIDTH="177" HEIGHT="56" CONTENT="applied" />
            <SP ID="SP_108059" HPOS="1471" VPOS="1371" WIDTH="25" HEIGHT="0" />
            <String ID="Word_119898" HPOS="1496" VPOS="1376" WIDTH="44" HEIGHT="37" CONTENT="to" />
            <SP ID="SP_108060" HPOS="1540" VPOS="1371" WIDTH="23" HEIGHT="0" />
            <String ID="Word_119899" HPOS="1563" VPOS="1371" WIDTH="36" HEIGHT="42" CONTENT="it" />
            <SP ID="SP_108061" HPOS="1599" VPOS="1371" WIDTH="31" HEIGHT="0" />
            <String ID="Word_119900" HPOS="1630" VPOS="1371" WIDTH="74" HEIGHT="42" CONTENT="the" />
            <SP ID="SP_108062" HPOS="1704" VPOS="1371" WIDTH="33" HEIGHT="0" />
            <String ID="Word_119901" HPOS="1737" VPOS="1375" WIDTH="114" HEIGHT="38" CONTENT="term" />
          </TextLine>
          <TextLine ID="TextLine_11845" HPOS="190" VPOS="1443" WIDTH="1662" HEIGHT="58">
            <String ID="Word_119902" HPOS="190" VPOS="1446" WIDTH="233" HEIGHT="55" CONTENT="Aphemia," />
            <SP ID="SP_108063" HPOS="423" VPOS="1446" WIDTH="23" HEIGHT="0" />
            <String ID="Word_119903" HPOS="446" VPOS="1460" WIDTH="134" HEIGHT="27" CONTENT="many" />
            <SP ID="SP_108064" HPOS="580" VPOS="1445" WIDTH="22" HEIGHT="0" />
            <String ID="Word_119904" HPOS="602" VPOS="1449" WIDTH="169" HEIGHT="38" CONTENT="writers" />
            <SP ID="SP_108065" HPOS="771" VPOS="1444" WIDTH="25" HEIGHT="0" />
            <String ID="Word_119905" HPOS="796" VPOS="1444" WIDTH="123" HEIGHT="42" CONTENT="have," />
            <SP ID="SP_108066" HPOS="919" VPOS="1444" WIDTH="21" HEIGHT="0" />
            <String ID="Word_119906" HPOS="940" VPOS="1444" WIDTH="46" HEIGHT="41" CONTENT="in" />
            <SP ID="SP_108067" HPOS="986" VPOS="1444" WIDTH="25" HEIGHT="0" />
            <String ID="Word_119907" HPOS="1011" VPOS="1444" WIDTH="170" HEIGHT="42" CONTENT="honour" />
            <SP ID="SP_108068" HPOS="1181" VPOS="1444" WIDTH="24" HEIGHT="0" />
            <String ID="Word_119908" HPOS="1205" VPOS="1445" WIDTH="46" HEIGHT="40" CONTENT="of" />
            <SP ID="SP_108069" HPOS="1251" VPOS="1444" WIDTH="25" HEIGHT="0" />
            <String ID="Word_119909" HPOS="1276" VPOS="1444" WIDTH="150" HEIGHT="50" CONTENT="Broca," />
            <SP ID="SP_108070" HPOS="1426" VPOS="1443" WIDTH="24" HEIGHT="0" />
            <String ID="Word_119910" HPOS="1450" VPOS="1443" WIDTH="167" HEIGHT="43" CONTENT="wished" />
            <SP ID="SP_108071" HPOS="1617" VPOS="1443" WIDTH="24" HEIGHT="0" />
            <String ID="Word_119911" HPOS="1641" VPOS="1448" WIDTH="43" HEIGHT="37" CONTENT="to" />
            <SP ID="SP_108072" HPOS="1684" VPOS="1444" WIDTH="24" HEIGHT="0" />
            <String ID="Word_119912" HPOS="1708" VPOS="1444" WIDTH="144" HEIGHT="42" CONTENT="retain" />
          </TextLine>
          <TextLine ID="TextLine_11846" HPOS="191" VPOS="1515" WIDTH="1663" HEIGHT="56">
            <String ID="Word_119913" HPOS="191" VPOS="1519" WIDTH="97" HEIGHT="41" CONTENT="that" />
            <SP ID="SP_108073" HPOS="288" VPOS="1519" WIDTH="22" HEIGHT="0" />
            <String ID="Word_119914" HPOS="310" VPOS="1523" WIDTH="123" HEIGHT="37" CONTENT="term." />
            <SP ID="SP_108074" HPOS="433" VPOS="1518" WIDTH="66" HEIGHT="0" />
            <String ID="Word_119915" HPOS="499" VPOS="1518" WIDTH="45" HEIGHT="41" CONTENT="It" />
            <SP ID="SP_108075" HPOS="544" VPOS="1518" WIDTH="32" HEIGHT="0" />
            <String ID="Word_119916" HPOS="576" VPOS="1531" WIDTH="88" HEIGHT="28" CONTENT="was" />
            <SP ID="SP_108076" HPOS="664" VPOS="1516" WIDTH="24" HEIGHT="0" />
            <String ID="Word_119917" HPOS="688" VPOS="1516" WIDTH="210" HEIGHT="55" CONTENT="formerly" />
            <SP ID="SP_108077" HPOS="898" VPOS="1516" WIDTH="33" HEIGHT="0" />
            <String ID="Word_119918" HPOS="931" VPOS="1516" WIDTH="199" HEIGHT="54" CONTENT="objected" />
            <SP ID="SP_108078" HPOS="1130" VPOS="1516" WIDTH="36" HEIGHT="0" />
            <String ID="Word_119919" HPOS="1166" VPOS="1521" WIDTH="44" HEIGHT="37" CONTENT="to" />
            <SP ID="SP_108079" HPOS="1210" VPOS="1516" WIDTH="35" HEIGHT="0" />
            <String ID="Word_119920" HPOS="1245" VPOS="1516" WIDTH="75" HEIGHT="42" CONTENT="the" />
            <SP ID="SP_108080" HPOS="1320" VPOS="1516" WIDTH="34" HEIGHT="0" />
            <String ID="Word_119921" HPOS="1354" VPOS="1521" WIDTH="111" HEIGHT="37" CONTENT="term" />
            <SP ID="SP_108081" HPOS="1465" VPOS="1516" WIDTH="33" HEIGHT="0" />
            <String ID="Word_119922" HPOS="1498" VPOS="1516" WIDTH="225" HEIGHT="55" CONTENT="Aphemia" />
            <SP ID="SP_108082" HPOS="1723" VPOS="1515" WIDTH="32" HEIGHT="0" />
            <String ID="Word_119923" HPOS="1755" VPOS="1515" WIDTH="99" HEIGHT="43" CONTENT="that" />
          </TextLine>
          <TextLine ID="TextLine_11847" HPOS="191" VPOS="1587" WIDTH="1662" HEIGHT="56">
            <String ID="Word_119924" HPOS="191" VPOS="1591" WIDTH="74" HEIGHT="42" CONTENT="the" />
            <SP ID="SP_108083" HPOS="265" VPOS="1590" WIDTH="39" HEIGHT="0" />
            <String ID="Word_119925" HPOS="304" VPOS="1590" WIDTH="129" HEIGHT="41" CONTENT="word," />
            <SP ID="SP_108084" HPOS="433" VPOS="1590" WIDTH="38" HEIGHT="0" />
            <String ID="Word_119926" HPOS="471" VPOS="1590" WIDTH="47" HEIGHT="41" CONTENT="in" />
            <SP ID="SP_108085" HPOS="518" VPOS="1589" WIDTH="38" HEIGHT="0" />
            <String ID="Word_119927" HPOS="556" VPOS="1594" WIDTH="178" HEIGHT="37" CONTENT="ancient" />
            <SP ID="SP_108086" HPOS="734" VPOS="1588" WIDTH="38" HEIGHT="0" />
            <String ID="Word_119928" HPOS="772" VPOS="1588" WIDTH="158" HEIGHT="43" CONTENT="Greek," />
            <SP ID="SP_108087" HPOS="930" VPOS="1587" WIDTH="40" HEIGHT="0" />
            <String ID="Word_119929" HPOS="970" VPOS="1587" WIDTH="85" HEIGHT="42" CONTENT="had" />
            <SP ID="SP_108088" HPOS="1055" VPOS="1587" WIDTH="39" HEIGHT="0" />
            <String ID="Word_119930" HPOS="1094" VPOS="1602" WIDTH="25" HEIGHT="27" CONTENT="a" />
            <SP ID="SP_108089" HPOS="1119" VPOS="1587" WIDTH="39" HEIGHT="0" />
            <String ID="Word_119931" HPOS="1158" VPOS="1587" WIDTH="208" HEIGHT="42" CONTENT="different" />
            <SP ID="SP_108090" HPOS="1366" VPOS="1587" WIDTH="34" HEIGHT="0" />
            <String ID="Word_119932" HPOS="1400" VPOS="1587" WIDTH="87" HEIGHT="42" CONTENT="and" />
            <SP ID="SP_108091" HPOS="1487" VPOS="1587" WIDTH="33" HEIGHT="0" />
            <String ID="Word_119933" HPOS="1520" VPOS="1602" WIDTH="57" HEIGHT="28" CONTENT="an" />
            <SP ID="SP_108092" HPOS="1577" VPOS="1587" WIDTH="34" HEIGHT="0" />
            <String ID="Word_119934" HPOS="1611" VPOS="1587" WIDTH="242" HEIGHT="43" CONTENT="objection-" />
          </TextLine>
          <TextLine ID="TextLine_11848" HPOS="190" VPOS="1660" WIDTH="1664" HEIGHT="57">
            <String ID="Word_119935" HPOS="190" VPOS="1661" WIDTH="97" HEIGHT="43" CONTENT="able" />
            <SP ID="SP_108093" HPOS="287" VPOS="1660" WIDTH="44" HEIGHT="0" />
            <String ID="Word_119936" HPOS="331" VPOS="1660" WIDTH="235" HEIGHT="44" CONTENT="meaning.1" />
            <SP ID="SP_108094" HPOS="566" VPOS="1660" WIDTH="63" HEIGHT="0" />
            <String ID="Word_119937" HPOS="629" VPOS="1660" WIDTH="69" HEIGHT="43" CONTENT="On" />
            <SP ID="SP_108095" HPOS="698" VPOS="1660" WIDTH="36" HEIGHT="0" />
            <String ID="Word_119938" HPOS="734" VPOS="1661" WIDTH="88" HEIGHT="42" CONTENT="this" />
            <SP ID="SP_108096" HPOS="822" VPOS="1661" WIDTH="33" HEIGHT="0" />
            <String ID="Word_119939" HPOS="855" VPOS="1664" WIDTH="198" HEIGHT="39" CONTENT="account," />
            <SP ID="SP_108097" HPOS="1053" VPOS="1660" WIDTH="33" HEIGHT="0" />
            <String ID="Word_119940" HPOS="1086" VPOS="1660" WIDTH="245" HEIGHT="43" CONTENT="Trousseau" />
            <SP ID="SP_108098" HPOS="1331" VPOS="1660" WIDTH="35" HEIGHT="0" />
            <String ID="Word_119941" HPOS="1366" VPOS="1660" WIDTH="217" HEIGHT="56" CONTENT="proposed" />
            <SP ID="SP_108099" HPOS="1583" VPOS="1660" WIDTH="31" HEIGHT="0" />
            <String ID="Word_119942" HPOS="1614" VPOS="1674" WIDTH="48" HEIGHT="28" CONTENT="as" />
            <SP ID="SP_108100" HPOS="1662" VPOS="1674" WIDTH="33" HEIGHT="0" />
            <String ID="Word_119943" HPOS="1695" VPOS="1674" WIDTH="25" HEIGHT="28" CONTENT="a" />
            <SP ID="SP_108101" HPOS="1720" VPOS="1660" WIDTH="32" HEIGHT="0" />
            <String ID="Word_119944" HPOS="1752" VPOS="1660" WIDTH="102" HEIGHT="42" CONTENT="sub-" />
          </TextLine>
          <TextLine ID="TextLine_11849" HPOS="189" VPOS="1730" WIDTH="1666" HEIGHT="59">
            <String ID="Word_119945" HPOS="189" VPOS="1734" WIDTH="156" HEIGHT="42" CONTENT="stitute" />
            <SP ID="SP_108102" HPOS="345" VPOS="1734" WIDTH="23" HEIGHT="0" />
            <String ID="Word_119946" HPOS="368" VPOS="1734" WIDTH="68" HEIGHT="41" CONTENT="for" />
            <SP ID="SP_108103" HPOS="436" VPOS="1734" WIDTH="22" HEIGHT="0" />
            <String ID="Word_119947" HPOS="458" VPOS="1734" WIDTH="35" HEIGHT="41" CONTENT="it" />
            <SP ID="SP_108104" HPOS="493" VPOS="1733" WIDTH="23" HEIGHT="0" />
            <String ID="Word_119948" HPOS="516" VPOS="1733" WIDTH="74" HEIGHT="42" CONTENT="the" />
            <SP ID="SP_108105" HPOS="590" VPOS="1733" WIDTH="25" HEIGHT="0" />
            <String ID="Word_119949" HPOS="615" VPOS="1739" WIDTH="110" HEIGHT="37" CONTENT="term" />
            <SP ID="SP_108106" HPOS="725" VPOS="1733" WIDTH="24" HEIGHT="0" />
            <String ID="Word_119950" HPOS="749" VPOS="1733" WIDTH="209" HEIGHT="42" CONTENT="Aphasia." />
            <SP ID="SP_108107" HPOS="958" VPOS="1730" WIDTH="68" HEIGHT="0" />
            <String ID="Word_119951" HPOS="1026" VPOS="1730" WIDTH="92" HEIGHT="44" CONTENT="But" />
            <SP ID="SP_108108" HPOS="1118" VPOS="1730" WIDTH="21" HEIGHT="0" />
            <String ID="Word_119952" HPOS="1139" VPOS="1732" WIDTH="37" HEIGHT="42" CONTENT="it" />
            <SP ID="SP_108109" HPOS="1176" VPOS="1732" WIDTH="28" HEIGHT="0" />
            <String ID="Word_119953" HPOS="1204" VPOS="1732" WIDTH="78" HEIGHT="42" CONTENT="has" />
            <SP ID="SP_108110" HPOS="1282" VPOS="1732" WIDTH="34" HEIGHT="0" />
            <String ID="Word_119954" HPOS="1316" VPOS="1733" WIDTH="108" HEIGHT="42" CONTENT="been" />
            <SP ID="SP_108111" HPOS="1424" VPOS="1732" WIDTH="37" HEIGHT="0" />
            <String ID="Word_119955" HPOS="1461" VPOS="1732" WIDTH="139" HEIGHT="42" CONTENT="found" />
            <SP ID="SP_108112" HPOS="1600" VPOS="1732" WIDTH="33" HEIGHT="0" />
            <String ID="Word_119956" HPOS="1633" VPOS="1732" WIDTH="99" HEIGHT="43" CONTENT="that" />
            <SP ID="SP_108113" HPOS="1732" VPOS="1732" WIDTH="33" HEIGHT="0" />
            <String ID="Word_119957" HPOS="1765" VPOS="1732" WIDTH="90" HEIGHT="43" CONTENT="this" />
          </TextLine>
          <TextLine ID="TextLine_11850" HPOS="192" VPOS="1804" WIDTH="1660" HEIGHT="59">
            <String ID="Word_119958" HPOS="192" VPOS="1811" WIDTH="123" HEIGHT="46" CONTENT="term," />
            <SP ID="SP_108114" HPOS="315" VPOS="1810" WIDTH="23" HEIGHT="0" />
            <String ID="Word_119959" HPOS="338" VPOS="1810" WIDTH="84" HEIGHT="38" CONTENT="too," />
            <SP ID="SP_108115" HPOS="422" VPOS="1810" WIDTH="23" HEIGHT="0" />
            <String ID="Word_119960" HPOS="445" VPOS="1819" WIDTH="151" HEIGHT="29" CONTENT="occurs" />
            <SP ID="SP_108116" HPOS="596" VPOS="1805" WIDTH="24" HEIGHT="0" />
            <String ID="Word_119961" HPOS="620" VPOS="1805" WIDTH="43" HEIGHT="41" CONTENT="in" />
            <SP ID="SP_108117" HPOS="663" VPOS="1805" WIDTH="27" HEIGHT="0" />
            <String ID="Word_119962" HPOS="690" VPOS="1809" WIDTH="178" HEIGHT="38" CONTENT="ancient" />
            <SP ID="SP_108118" HPOS="868" VPOS="1804" WIDTH="24" HEIGHT="0" />
            <String ID="Word_119963" HPOS="892" VPOS="1804" WIDTH="147" HEIGHT="43" CONTENT="Greek" />
            <SP ID="SP_108119" HPOS="1039" VPOS="1804" WIDTH="24" HEIGHT="0" />
            <String ID="Word_119964" HPOS="1063" VPOS="1804" WIDTH="109" HEIGHT="42" CONTENT="with" />
            <SP ID="SP_108120" HPOS="1172" VPOS="1804" WIDTH="34" HEIGHT="0" />
            <String ID="Word_119965" HPOS="1206" VPOS="1819" WIDTH="24" HEIGHT="27" CONTENT="a" />
            <SP ID="SP_108121" HPOS="1230" VPOS="1805" WIDTH="34" HEIGHT="0" />
            <String ID="Word_119966" HPOS="1264" VPOS="1805" WIDTH="208" HEIGHT="58" CONTENT="meaning" />
            <SP ID="SP_108122" HPOS="1472" VPOS="1805" WIDTH="32" HEIGHT="0" />
            <String ID="Word_119967" HPOS="1504" VPOS="1805" WIDTH="207" HEIGHT="43" CONTENT="different" />
            <SP ID="SP_108123" HPOS="1711" VPOS="1805" WIDTH="32" HEIGHT="0" />
            <String ID="Word_119968" HPOS="1743" VPOS="1805" WIDTH="109" HEIGHT="42" CONTENT="from" />
          </TextLine>
          <TextLine ID="TextLine_11851" HPOS="191" VPOS="1877" WIDTH="1664" HEIGHT="58">
            <String ID="Word_119969" HPOS="191" VPOS="1879" WIDTH="58" HEIGHT="41" CONTENT="its" />
            <SP ID="SP_108124" HPOS="249" VPOS="1877" WIDTH="43" HEIGHT="0" />
            <String ID="Word_119970" HPOS="292" VPOS="1877" WIDTH="186" HEIGHT="43" CONTENT="medical" />
            <SP ID="SP_108125" HPOS="478" VPOS="1877" WIDTH="44" HEIGHT="0" />
            <String ID="Word_119971" HPOS="522" VPOS="1877" WIDTH="112" HEIGHT="43" CONTENT="one.2" />
            <SP ID="SP_108126" HPOS="634" VPOS="1877" WIDTH="82" HEIGHT="0" />
            <String ID="Word_119972" HPOS="716" VPOS="1877" WIDTH="91" HEIGHT="43" CONTENT="The" />
            <SP ID="SP_108127" HPOS="807" VPOS="1877" WIDTH="43" HEIGHT="0" />
            <String ID="Word_119973" HPOS="850" VPOS="1877" WIDTH="258" HEIGHT="56" CONTENT="profession," />
            <SP ID="SP_108128" HPOS="1108" VPOS="1877" WIDTH="44" HEIGHT="0" />
            <String ID="Word_119974" HPOS="1152" VPOS="1877" WIDTH="302" HEIGHT="57" CONTENT="disregarding" />
            <SP ID="SP_108129" HPOS="1454" VPOS="1877" WIDTH="44" HEIGHT="0" />
            <String ID="Word_119975" HPOS="1498" VPOS="1878" WIDTH="126" HEIGHT="42" CONTENT="these" />
            <SP ID="SP_108130" HPOS="1624" VPOS="1878" WIDTH="44" HEIGHT="0" />
            <String ID="Word_119976" HPOS="1668" VPOS="1879" WIDTH="187" HEIGHT="42" CONTENT="original" />
          </TextLine>
          <TextLine ID="TextLine_11852" HPOS="192" VPOS="1949" WIDTH="1660" HEIGHT="57">
            <String ID="Word_119977" HPOS="192" VPOS="1964" WIDTH="239" HEIGHT="42" CONTENT="meaning's," />
            <SP ID="SP_108131" HPOS="431" VPOS="1950" WIDTH="24" HEIGHT="0" />
            <String ID="Word_119978" HPOS="455" VPOS="1950" WIDTH="77" HEIGHT="41" CONTENT="has" />
            <SP ID="SP_108132" HPOS="532" VPOS="1949" WIDTH="24" HEIGHT="0" />
            <String ID="Word_119979" HPOS="556" VPOS="1949" WIDTH="181" HEIGHT="43" CONTENT="decided" />
            <SP ID="SP_108133" HPOS="737" VPOS="1949" WIDTH="24" HEIGHT="0" />
            <String ID="Word_119980" HPOS="761" VPOS="1954" WIDTH="45" HEIGHT="37" CONTENT="to" />
            <SP ID="SP_108134" HPOS="806" VPOS="1949" WIDTH="22" HEIGHT="0" />
            <String ID="Word_119981" HPOS="828" VPOS="1949" WIDTH="144" HEIGHT="42" CONTENT="retain" />
            <SP ID="SP_108135" HPOS="972" VPOS="1949" WIDTH="23" HEIGHT="0" />
            <String ID="Word_119982" HPOS="995" VPOS="1949" WIDTH="106" HEIGHT="42" CONTENT="both" />
            <SP ID="SP_108136" HPOS="1101" VPOS="1949" WIDTH="25" HEIGHT="0" />
            <String ID="Word_119983" HPOS="1126" VPOS="1953" WIDTH="144" HEIGHT="39" CONTENT="terms." />
            <SP ID="SP_108137" HPOS="1270" VPOS="1950" WIDTH="66" HEIGHT="0" />
            <String ID="Word_119984" HPOS="1336" VPOS="1950" WIDTH="201" HEIGHT="55" CONTENT="Aphasia" />
            <SP ID="SP_108138" HPOS="1537" VPOS="1950" WIDTH="22" HEIGHT="0" />
            <String ID="Word_119985" HPOS="1559" VPOS="1950" WIDTH="37" HEIGHT="42" CONTENT="is" />
            <SP ID="SP_108139" HPOS="1596" VPOS="1950" WIDTH="23" HEIGHT="0" />
            <String ID="Word_119986" HPOS="1619" VPOS="1965" WIDTH="99" HEIGHT="27" CONTENT="now" />
            <SP ID="SP_108140" HPOS="1718" VPOS="1952" WIDTH="29" HEIGHT="0" />
            <String ID="Word_119987" HPOS="1747" VPOS="1952" WIDTH="105" HEIGHT="42" CONTENT="used" />
          </TextLine>
          <TextLine ID="TextLine_11853" HPOS="189" VPOS="2020" WIDTH="1665" HEIGHT="59">
            <String ID="Word_119988" HPOS="189" VPOS="2036" WIDTH="48" HEIGHT="28" CONTENT="as" />
            <SP ID="SP_108141" HPOS="237" VPOS="2021" WIDTH="23" HEIGHT="0" />
            <String ID="Word_119989" HPOS="260" VPOS="2021" WIDTH="76" HEIGHT="43" CONTENT="the" />
            <SP ID="SP_108142" HPOS="336" VPOS="2021" WIDTH="21" HEIGHT="0" />
            <String ID="Word_119990" HPOS="357" VPOS="2021" WIDTH="174" HEIGHT="58" CONTENT="generic" />
            <SP ID="SP_108143" HPOS="531" VPOS="2021" WIDTH="23" HEIGHT="0" />
            <String ID="Word_119991" HPOS="554" VPOS="2021" WIDTH="99" HEIGHT="42" CONTENT="title" />
            <SP ID="SP_108144" HPOS="653" VPOS="2021" WIDTH="27" HEIGHT="0" />
            <String ID="Word_119992" HPOS="680" VPOS="2022" WIDTH="64" HEIGHT="41" CONTENT="for" />
            <SP ID="SP_108145" HPOS="744" VPOS="2021" WIDTH="24" HEIGHT="0" />
            <String ID="Word_119993" HPOS="768" VPOS="2021" WIDTH="74" HEIGHT="42" CONTENT="the" />
            <SP ID="SP_108146" HPOS="842" VPOS="2020" WIDTH="20" HEIGHT="0" />
            <String ID="Word_119994" HPOS="862" VPOS="2020" WIDTH="142" HEIGHT="42" CONTENT="whole" />
            <SP ID="SP_108147" HPOS="1004" VPOS="2020" WIDTH="18" HEIGHT="0" />
            <String ID="Word_119995" HPOS="1022" VPOS="2021" WIDTH="47" HEIGHT="41" CONTENT="of" />
            <SP ID="SP_108148" HPOS="1069" VPOS="2021" WIDTH="20" HEIGHT="0" />
            <String ID="Word_119996" HPOS="1089" VPOS="2021" WIDTH="89" HEIGHT="42" CONTENT="this" />
            <SP ID="SP_108149" HPOS="1178" VPOS="2021" WIDTH="18" HEIGHT="0" />
            <String ID="Word_119997" HPOS="1196" VPOS="2035" WIDTH="137" HEIGHT="42" CONTENT="group" />
            <SP ID="SP_108150" HPOS="1333" VPOS="2022" WIDTH="19" HEIGHT="0" />
            <String ID="Word_119998" HPOS="1352" VPOS="2022" WIDTH="48" HEIGHT="41" CONTENT="of" />
            <SP ID="SP_108151" HPOS="1400" VPOS="2021" WIDTH="19" HEIGHT="0" />
            <String ID="Word_119999" HPOS="1419" VPOS="2021" WIDTH="168" HEIGHT="56" CONTENT="Speech" />
            <SP ID="SP_108152" HPOS="1587" VPOS="2021" WIDTH="19" HEIGHT="0" />
            <String ID="Word_120000" HPOS="1606" VPOS="2022" WIDTH="248" HEIGHT="54" CONTENT="Disorders," />
          </TextLine>
          <TextLine ID="TextLine_11854" HPOS="190" VPOS="2092" WIDTH="1665" HEIGHT="57">
            <String ID="Word_120001" HPOS="190" VPOS="2093" WIDTH="87" HEIGHT="42" CONTENT="and" />
            <SP ID="SP_108153" HPOS="277" VPOS="2093" WIDTH="22" HEIGHT="0" />
            <String ID="Word_120002" HPOS="299" VPOS="2093" WIDTH="221" HEIGHT="42" CONTENT="Aphemia" />
            <SP ID="SP_108154" HPOS="520" VPOS="2093" WIDTH="22" HEIGHT="0" />
            <String ID="Word_120003" HPOS="542" VPOS="2093" WIDTH="37" HEIGHT="42" CONTENT="is" />
            <SP ID="SP_108155" HPOS="579" VPOS="2092" WIDTH="23" HEIGHT="0" />
            <String ID="Word_120004" HPOS="602" VPOS="2092" WIDTH="120" HEIGHT="51" CONTENT="used," />
            <SP ID="SP_108156" HPOS="722" VPOS="2092" WIDTH="24" HEIGHT="0" />
            <String ID="Word_120005" HPOS="746" VPOS="2092" WIDTH="56" HEIGHT="56" CONTENT="by" />
            <SP ID="SP_108157" HPOS="802" VPOS="2092" WIDTH="26" HEIGHT="0" />
            <String ID="Word_120006" HPOS="828" VPOS="2107" WIDTH="145" HEIGHT="41" CONTENT="many," />
            <SP ID="SP_108158" HPOS="973" VPOS="2106" WIDTH="24" HEIGHT="0" />
            <String ID="Word_120007" HPOS="997" VPOS="2106" WIDTH="46" HEIGHT="28" CONTENT="as" />
            <SP ID="SP_108159" HPOS="1043" VPOS="2092" WIDTH="26" HEIGHT="0" />
            <String ID="Word_120008" HPOS="1069" VPOS="2092" WIDTH="74" HEIGHT="42" CONTENT="the" />
            <SP ID="SP_108160" HPOS="1143" VPOS="2092" WIDTH="24" HEIGHT="0" />
            <String ID="Word_120009" HPOS="1167" VPOS="2093" WIDTH="178" HEIGHT="55" CONTENT="specific" />
            <SP ID="SP_108161" HPOS="1345" VPOS="2093" WIDTH="23" HEIGHT="0" />
            <String ID="Word_120010" HPOS="1368" VPOS="2099" WIDTH="111" HEIGHT="37" CONTENT="term" />
            <SP ID="SP_108162" HPOS="1479" VPOS="2094" WIDTH="24" HEIGHT="0" />
            <String ID="Word_120011" HPOS="1503" VPOS="2094" WIDTH="68" HEIGHT="42" CONTENT="for" />
            <SP ID="SP_108163" HPOS="1571" VPOS="2094" WIDTH="32" HEIGHT="0" />
            <String ID="Word_120012" HPOS="1603" VPOS="2094" WIDTH="76" HEIGHT="43" CONTENT="the" />
            <SP ID="SP_108164" HPOS="1679" VPOS="2094" WIDTH="33" HEIGHT="0" />
            <String ID="Word_120013" HPOS="1712" VPOS="2100" WIDTH="143" HEIGHT="38" CONTENT="motor" />
          </TextLine>
          <TextLine ID="TextLine_11855" HPOS="192" VPOS="2164" WIDTH="452" HEIGHT="57">
            <String ID="Word_120014" HPOS="192" VPOS="2166" WIDTH="169" HEIGHT="42" CONTENT="variety" />
            <SP ID="SP_108165" HPOS="361" VPOS="2166" WIDTH="23" HEIGHT="0" />
            <String ID="Word_120015" HPOS="384" VPOS="2166" WIDTH="47" HEIGHT="41" CONTENT="of" />
            <SP ID="SP_108166" HPOS="431" VPOS="2164" WIDTH="23" HEIGHT="0" />
            <String ID="Word_120016" HPOS="454" VPOS="2165" WIDTH="190" HEIGHT="42" CONTENT="aphasia." />
          </TextLine>
          <TextLine ID="TextLine_11856" HPOS="250" VPOS="2236" WIDTH="1603" HEIGHT="57">
            <String ID="Word_120017" HPOS="250" VPOS="2238" WIDTH="156" HEIGHT="42" CONTENT="Before" />
            <SP ID="SP_108167" HPOS="406" VPOS="2238" WIDTH="34" HEIGHT="0" />
            <String ID="Word_120018" HPOS="440" VPOS="2238" WIDTH="21" HEIGHT="41" CONTENT="I" />
            <SP ID="SP_108168" HPOS="461" VPOS="2238" WIDTH="33" HEIGHT="0" />
            <String ID="Word_120019" HPOS="494" VPOS="2251" WIDTH="53" HEIGHT="42" CONTENT="go" />
            <SP ID="SP_108169" HPOS="547" VPOS="2251" WIDTH="34" HEIGHT="0" />
            <String ID="Word_120020" HPOS="581" VPOS="2251" WIDTH="55" HEIGHT="27" CONTENT="on" />
            <SP ID="SP_108170" HPOS="636" VPOS="2242" WIDTH="36" HEIGHT="0" />
            <String ID="Word_120021" HPOS="672" VPOS="2242" WIDTH="44" HEIGHT="37" CONTENT="to" />
            <SP ID="SP_108171" HPOS="716" VPOS="2236" WIDTH="33" HEIGHT="0" />
            <String ID="Word_120022" HPOS="749" VPOS="2236" WIDTH="169" HEIGHT="43" CONTENT="discuss" />
            <SP ID="SP_108172" HPOS="918" VPOS="2236" WIDTH="33" HEIGHT="0" />
            <String ID="Word_120023" HPOS="951" VPOS="2236" WIDTH="46" HEIGHT="42" CONTENT="in" />
            <SP ID="SP_108173" HPOS="997" VPOS="2236" WIDTH="35" HEIGHT="0" />
            <String ID="Word_120024" HPOS="1032" VPOS="2251" WIDTH="119" HEIGHT="28" CONTENT="some" />
            <SP ID="SP_108174" HPOS="1151" VPOS="2236" WIDTH="24" HEIGHT="0" />
            <String ID="Word_120025" HPOS="1175" VPOS="2236" WIDTH="136" HEIGHT="43" CONTENT="detail" />
            <SP ID="SP_108175" HPOS="1311" VPOS="2236" WIDTH="24" HEIGHT="0" />
            <String ID="Word_120026" HPOS="1335" VPOS="2237" WIDTH="76" HEIGHT="43" CONTENT="the" />
            <SP ID="SP_108176" HPOS="1411" VPOS="2237" WIDTH="22" HEIGHT="0" />
            <String ID="Word_120027" HPOS="1433" VPOS="2238" WIDTH="352" HEIGHT="45" CONTENT="characteristics" />
            <SP ID="SP_108177" HPOS="1785" VPOS="2238" WIDTH="23" HEIGHT="0" />
            <String ID="Word_120028" HPOS="1808" VPOS="2240" WIDTH="45" HEIGHT="43" CONTENT="of" />
          </TextLine>
          <TextLine ID="TextLine_11857" HPOS="187" VPOS="2309" WIDTH="1665" HEIGHT="57">
            <String ID="Word_120029" HPOS="187" VPOS="2310" WIDTH="217" HEIGHT="55" CONTENT="aphemia," />
            <SP ID="SP_108178" HPOS="404" VPOS="2310" WIDTH="25" HEIGHT="0" />
            <String ID="Word_120030" HPOS="429" VPOS="2310" WIDTH="35" HEIGHT="40" CONTENT="it" />
            <SP ID="SP_108179" HPOS="464" VPOS="2310" WIDTH="24" HEIGHT="0" />
            <String ID="Word_120031" HPOS="488" VPOS="2323" WIDTH="113" HEIGHT="41" CONTENT="may," />
            <SP ID="SP_108180" HPOS="601" VPOS="2309" WIDTH="25" HEIGHT="0" />
            <String ID="Word_120032" HPOS="626" VPOS="2309" WIDTH="21" HEIGHT="41" CONTENT="I" />
            <SP ID="SP_108181" HPOS="647" VPOS="2309" WIDTH="25" HEIGHT="0" />
            <String ID="Word_120033" HPOS="672" VPOS="2309" WIDTH="142" HEIGHT="51" CONTENT="think," />
            <SP ID="SP_108182" HPOS="814" VPOS="2309" WIDTH="25" HEIGHT="0" />
            <String ID="Word_120034" HPOS="839" VPOS="2309" WIDTH="53" HEIGHT="42" CONTENT="be" />
            <SP ID="SP_108183" HPOS="892" VPOS="2309" WIDTH="24" HEIGHT="0" />
            <String ID="Word_120035" HPOS="916" VPOS="2309" WIDTH="48" HEIGHT="42" CONTENT="of" />
            <SP ID="SP_108184" HPOS="964" VPOS="2309" WIDTH="18" HEIGHT="0" />
            <String ID="Word_120036" HPOS="982" VPOS="2309" WIDTH="246" HEIGHT="57" CONTENT="advantage" />
            <SP ID="SP_108185" HPOS="1228" VPOS="2309" WIDTH="24" HEIGHT="0" />
            <String ID="Word_120037" HPOS="1252" VPOS="2314" WIDTH="44" HEIGHT="37" CONTENT="to" />
            <SP ID="SP_108186" HPOS="1296" VPOS="2309" WIDTH="22" HEIGHT="0" />
            <String ID="Word_120038" HPOS="1318" VPOS="2309" WIDTH="103" HEIGHT="43" CONTENT="look" />
            <SP ID="SP_108187" HPOS="1421" VPOS="2309" WIDTH="25" HEIGHT="0" />
            <String ID="Word_120039" HPOS="1446" VPOS="2309" WIDTH="66" HEIGHT="43" CONTENT="for" />
            <SP ID="SP_108188" HPOS="1512" VPOS="2309" WIDTH="21" HEIGHT="0" />
            <String ID="Word_120040" HPOS="1533" VPOS="2325" WIDTH="26" HEIGHT="27" CONTENT="a" />
            <SP ID="SP_108189" HPOS="1559" VPOS="2315" WIDTH="26" HEIGHT="0" />
            <String ID="Word_120041" HPOS="1585" VPOS="2315" WIDTH="195" HEIGHT="39" CONTENT="moment" />
            <SP ID="SP_108190" HPOS="1780" VPOS="2315" WIDTH="26" HEIGHT="0" />
            <String ID="Word_120042" HPOS="1806" VPOS="2317" WIDTH="46" HEIGHT="37" CONTENT="at" />
          </TextLine>
          <TextLine ID="TextLine_11858" HPOS="186" VPOS="2381" WIDTH="1665" HEIGHT="60">
            <String ID="Word_120043" HPOS="186" VPOS="2383" WIDTH="74" HEIGHT="42" CONTENT="the" />
            <SP ID="SP_108191" HPOS="260" VPOS="2382" WIDTH="35" HEIGHT="0" />
            <String ID="Word_120044" HPOS="295" VPOS="2382" WIDTH="120" HEIGHT="42" CONTENT="work" />
            <SP ID="SP_108192" HPOS="415" VPOS="2382" WIDTH="36" HEIGHT="0" />
            <String ID="Word_120045" HPOS="451" VPOS="2382" WIDTH="141" HEIGHT="42" CONTENT="which" />
            <SP ID="SP_108193" HPOS="592" VPOS="2382" WIDTH="34" HEIGHT="0" />
            <String ID="Word_120046" HPOS="626" VPOS="2382" WIDTH="36" HEIGHT="42" CONTENT="is" />
            <SP ID="SP_108194" HPOS="662" VPOS="2382" WIDTH="35" HEIGHT="0" />
            <String ID="Word_120047" HPOS="697" VPOS="2396" WIDTH="99" HEIGHT="28" CONTENT="now" />
            <SP ID="SP_108195" HPOS="796" VPOS="2381" WIDTH="22" HEIGHT="0" />
            <String ID="Word_120048" HPOS="818" VPOS="2381" WIDTH="133" HEIGHT="57" CONTENT="being" />
            <SP ID="SP_108196" HPOS="951" VPOS="2381" WIDTH="32" HEIGHT="0" />
            <String ID="Word_120049" HPOS="983" VPOS="2382" WIDTH="114" HEIGHT="43" CONTENT="done" />
            <SP ID="SP_108197" HPOS="1097" VPOS="2382" WIDTH="24" HEIGHT="0" />
            <String ID="Word_120050" HPOS="1121" VPOS="2382" WIDTH="58" HEIGHT="57" CONTENT="by" />
            <SP ID="SP_108198" HPOS="1179" VPOS="2382" WIDTH="25" HEIGHT="0" />
            <String ID="Word_120051" HPOS="1204" VPOS="2382" WIDTH="75" HEIGHT="43" CONTENT="the" />
            <SP ID="SP_108199" HPOS="1279" VPOS="2382" WIDTH="26" HEIGHT="0" />
            <String ID="Word_120052" HPOS="1305" VPOS="2382" WIDTH="335" HEIGHT="56" CONTENT="Experimental" />
            <SP ID="SP_108200" HPOS="1640" VPOS="2382" WIDTH="24" HEIGHT="0" />
            <String ID="Word_120053" HPOS="1664" VPOS="2384" WIDTH="187" HEIGHT="43" CONTENT="Physio-" />
          </TextLine>
          <TextLine ID="TextLine_11859" HPOS="183" VPOS="2454" WIDTH="1666" HEIGHT="59">
            <String ID="Word_120054" HPOS="183" VPOS="2455" WIDTH="153" HEIGHT="42" CONTENT="logists" />
            <SP ID="SP_108201" HPOS="336" VPOS="2454" WIDTH="34" HEIGHT="0" />
            <String ID="Word_120055" HPOS="370" VPOS="2454" WIDTH="45" HEIGHT="41" CONTENT="in" />
            <SP ID="SP_108202" HPOS="415" VPOS="2454" WIDTH="35" HEIGHT="0" />
            <String ID="Word_120056" HPOS="450" VPOS="2454" WIDTH="247" HEIGHT="42" CONTENT="connexion" />
            <SP ID="SP_108203" HPOS="697" VPOS="2454" WIDTH="37" HEIGHT="0" />
            <String ID="Word_120057" HPOS="734" VPOS="2454" WIDTH="107" HEIGHT="42" CONTENT="with" />
            <SP ID="SP_108204" HPOS="841" VPOS="2454" WIDTH="37" HEIGHT="0" />
            <String ID="Word_120058" HPOS="878" VPOS="2454" WIDTH="74" HEIGHT="43" CONTENT="the" />
            <SP ID="SP_108205" HPOS="952" VPOS="2454" WIDTH="36" HEIGHT="0" />
            <String ID="Word_120059" HPOS="988" VPOS="2454" WIDTH="265" HEIGHT="57" CONTENT="physiology" />
            <SP ID="SP_108206" HPOS="1253" VPOS="2454" WIDTH="39" HEIGHT="0" />
            <String ID="Word_120060" HPOS="1292" VPOS="2455" WIDTH="45" HEIGHT="42" CONTENT="of" />
            <SP ID="SP_108207" HPOS="1337" VPOS="2455" WIDTH="43" HEIGHT="0" />
            <String ID="Word_120061" HPOS="1380" VPOS="2455" WIDTH="75" HEIGHT="43" CONTENT="the" />
            <SP ID="SP_108208" HPOS="1455" VPOS="2455" WIDTH="38" HEIGHT="0" />
            <String ID="Word_120062" HPOS="1493" VPOS="2461" WIDTH="141" HEIGHT="37" CONTENT="motor" />
            <SP ID="SP_108209" HPOS="1634" VPOS="2456" WIDTH="37" HEIGHT="0" />
            <String ID="Word_120063" HPOS="1671" VPOS="2456" WIDTH="178" HEIGHT="43" CONTENT="speech-" />
          </TextLine>
          <TextLine ID="TextLine_11860" HPOS="182" VPOS="2525" WIDTH="476" HEIGHT="45">
            <String ID="Word_120064" HPOS="182" VPOS="2541" WIDTH="149" HEIGHT="28" CONTENT="centre" />
            <SP ID="SP_108210" HPOS="331" VPOS="2526" WIDTH="24" HEIGHT="0" />
            <String ID="Word_120065" HPOS="355" VPOS="2526" WIDTH="44" HEIGHT="42" CONTENT="in" />
            <SP ID="SP_108211" HPOS="399" VPOS="2526" WIDTH="27" HEIGHT="0" />
            <String ID="Word_120066" HPOS="426" VPOS="2526" WIDTH="73" HEIGHT="43" CONTENT="the" />
            <SP ID="SP_108212" HPOS="499" VPOS="2525" WIDTH="22" HEIGHT="0" />
            <String ID="Word_120067" HPOS="521" VPOS="2525" WIDTH="137" HEIGHT="43" CONTENT="brain." />
          </TextLine>
          <TextLine ID="TextLine_11861" HPOS="244" VPOS="2598" WIDTH="1605" HEIGHT="58">
            <String ID="Word_120068" HPOS="244" VPOS="2600" WIDTH="44" HEIGHT="41" CONTENT="It" />
            <SP ID="SP_108213" HPOS="288" VPOS="2598" WIDTH="23" HEIGHT="0" />
            <String ID="Word_120069" HPOS="311" VPOS="2598" WIDTH="101" HEIGHT="50" CONTENT="will," />
            <SP ID="SP_108214" HPOS="412" VPOS="2598" WIDTH="24" HEIGHT="0" />
            <String ID="Word_120070" HPOS="436" VPOS="2598" WIDTH="46" HEIGHT="42" CONTENT="of" />
            <SP ID="SP_108215" HPOS="482" VPOS="2598" WIDTH="19" HEIGHT="0" />
            <String ID="Word_120071" HPOS="501" VPOS="2613" WIDTH="165" HEIGHT="37" CONTENT="course," />
            <SP ID="SP_108216" HPOS="666" VPOS="2599" WIDTH="18" HEIGHT="0" />
            <String ID="Word_120072" HPOS="684" VPOS="2599" WIDTH="53" HEIGHT="42" CONTENT="be" />
            <SP ID="SP_108217" HPOS="737" VPOS="2599" WIDTH="24" HEIGHT="0" />
            <String ID="Word_120073" HPOS="761" VPOS="2599" WIDTH="135" HEIGHT="43" CONTENT="borne" />
            <SP ID="SP_108218" HPOS="896" VPOS="2599" WIDTH="23" HEIGHT="0" />
            <String ID="Word_120074" HPOS="919" VPOS="2599" WIDTH="45" HEIGHT="42" CONTENT="in" />
            <SP ID="SP_108219" HPOS="964" VPOS="2599" WIDTH="28" HEIGHT="0" />
            <String ID="Word_120075" HPOS="992" VPOS="2599" WIDTH="124" HEIGHT="42" CONTENT="mind" />
            <SP ID="SP_108220" HPOS="1116" VPOS="2599" WIDTH="23" HEIGHT="0" />
            <String ID="Word_120076" HPOS="1139" VPOS="2599" WIDTH="99" HEIGHT="43" CONTENT="that" />
            <SP ID="SP_108221" HPOS="1238" VPOS="2599" WIDTH="26" HEIGHT="0" />
            <String ID="Word_120077" HPOS="1264" VPOS="2600" WIDTH="226" HEIGHT="56" CONTENT="monkeys," />
            <SP ID="SP_108222" HPOS="1490" VPOS="2600" WIDTH="23" HEIGHT="0" />
            <String ID="Word_120078" HPOS="1513" VPOS="2601" WIDTH="87" HEIGHT="42" CONTENT="and" />
            <SP ID="SP_108223" HPOS="1600" VPOS="2601" WIDTH="24" HEIGHT="0" />
            <String ID="Word_120079" HPOS="1624" VPOS="2601" WIDTH="75" HEIGHT="43" CONTENT="the" />
            <SP ID="SP_108224" HPOS="1699" VPOS="2601" WIDTH="24" HEIGHT="0" />
            <String ID="Word_120080" HPOS="1723" VPOS="2602" WIDTH="126" HEIGHT="43" CONTENT="other" />
          </TextLine>
          <TextLine ID="TextLine_11862" HPOS="182" VPOS="2670" WIDTH="1665" HEIGHT="60">
            <String ID="Word_120081" HPOS="182" VPOS="2670" WIDTH="186" HEIGHT="43" CONTENT="animals" />
            <SP ID="SP_108225" HPOS="368" VPOS="2670" WIDTH="34" HEIGHT="0" />
            <String ID="Word_120082" HPOS="402" VPOS="2671" WIDTH="329" HEIGHT="55" CONTENT="experimented" />
            <SP ID="SP_108226" HPOS="731" VPOS="2671" WIDTH="32" HEIGHT="0" />
            <String ID="Word_120083" HPOS="763" VPOS="2686" WIDTH="131" HEIGHT="41" CONTENT="upon," />
            <SP ID="SP_108227" HPOS="894" VPOS="2686" WIDTH="23" HEIGHT="0" />
            <String ID="Word_120084" HPOS="917" VPOS="2686" WIDTH="73" HEIGHT="28" CONTENT="are" />
            <SP ID="SP_108228" HPOS="990" VPOS="2676" WIDTH="24" HEIGHT="0" />
            <String ID="Word_120085" HPOS="1014" VPOS="2676" WIDTH="78" HEIGHT="38" CONTENT="not" />
            <SP ID="SP_108229" HPOS="1092" VPOS="2671" WIDTH="22" HEIGHT="0" />
            <String ID="Word_120086" HPOS="1114" VPOS="2671" WIDTH="210" HEIGHT="44" CONTENT="endowed" />
            <SP ID="SP_108230" HPOS="1324" VPOS="2671" WIDTH="29" HEIGHT="0" />
            <String ID="Word_120087" HPOS="1353" VPOS="2672" WIDTH="106" HEIGHT="43" CONTENT="with" />
            <SP ID="SP_108231" HPOS="1459" VPOS="2672" WIDTH="25" HEIGHT="0" />
            <String ID="Word_120088" HPOS="1484" VPOS="2673" WIDTH="166" HEIGHT="43" CONTENT="human" />
            <SP ID="SP_108232" HPOS="1650" VPOS="2673" WIDTH="25" HEIGHT="0" />
            <String ID="Word_120089" HPOS="1675" VPOS="2674" WIDTH="172" HEIGHT="52" CONTENT="speech," />
          </TextLine>
          <TextLine ID="TextLine_11863" HPOS="182" VPOS="2743" WIDTH="1664" HEIGHT="53">
            <String ID="Word_120090" HPOS="182" VPOS="2743" WIDTH="86" HEIGHT="43" CONTENT="and" />
            <SP ID="SP_108233" HPOS="268" VPOS="2743" WIDTH="24" HEIGHT="0" />
            <String ID="Word_120091" HPOS="292" VPOS="2743" WIDTH="109" HEIGHT="51" CONTENT="that," />
            <SP ID="SP_108234" HPOS="401" VPOS="2743" WIDTH="21" HEIGHT="0" />
            <String ID="Word_120092" HPOS="422" VPOS="2743" WIDTH="230" HEIGHT="53" CONTENT="therefore," />
            <SP ID="SP_108235" HPOS="652" VPOS="2743" WIDTH="23" HEIGHT="0" />
            <String ID="Word_120093" HPOS="675" VPOS="2744" WIDTH="75" HEIGHT="43" CONTENT="the" />
            <SP ID="SP_108236" HPOS="750" VPOS="2744" WIDTH="24" HEIGHT="0" />
            <String ID="Word_120094" HPOS="774" VPOS="2750" WIDTH="149" HEIGHT="37" CONTENT="centre" />
            <SP ID="SP_108237" HPOS="923" VPOS="2745" WIDTH="23" HEIGHT="0" />
            <String ID="Word_120095" HPOS="946" VPOS="2745" WIDTH="46" HEIGHT="41" CONTENT="in" />
            <SP ID="SP_108238" HPOS="992" VPOS="2744" WIDTH="20" HEIGHT="0" />
            <String ID="Word_120096" HPOS="1012" VPOS="2744" WIDTH="74" HEIGHT="43" CONTENT="the" />
            <SP ID="SP_108239" HPOS="1086" VPOS="2744" WIDTH="18" HEIGHT="0" />
            <String ID="Word_120097" HPOS="1104" VPOS="2745" WIDTH="151" HEIGHT="43" CONTENT="brains" />
            <SP ID="SP_108240" HPOS="1255" VPOS="2745" WIDTH="19" HEIGHT="0" />
            <String ID="Word_120098" HPOS="1274" VPOS="2745" WIDTH="45" HEIGHT="43" CONTENT="of" />
            <SP ID="SP_108241" HPOS="1319" VPOS="2745" WIDTH="22" HEIGHT="0" />
            <String ID="Word_120099" HPOS="1341" VPOS="2745" WIDTH="123" HEIGHT="43" CONTENT="these" />
            <SP ID="SP_108242" HPOS="1464" VPOS="2745" WIDTH="24" HEIGHT="0" />
            <String ID="Word_120100" HPOS="1488" VPOS="2746" WIDTH="189" HEIGHT="44" CONTENT="animals" />
            <SP ID="SP_108243" HPOS="1677" VPOS="2746" WIDTH="25" HEIGHT="0" />
            <String ID="Word_120101" HPOS="1702" VPOS="2748" WIDTH="144" HEIGHT="42" CONTENT="which" />
          </TextLine>
          <TextLine ID="TextLine_11864" HPOS="182" VPOS="2814" WIDTH="1665" HEIGHT="60">
            <String ID="Word_120102" HPOS="182" VPOS="2814" WIDTH="312" HEIGHT="57" CONTENT="anatomically" />
            <SP ID="SP_108244" HPOS="494" VPOS="2814" WIDTH="33" HEIGHT="0" />
            <String ID="Word_120103" HPOS="527" VPOS="2817" WIDTH="286" HEIGHT="55" CONTENT="corresponds" />
            <SP ID="SP_108245" HPOS="813" VPOS="2817" WIDTH="40" HEIGHT="0" />
            <String ID="Word_120104" HPOS="853" VPOS="2817" WIDTH="107" HEIGHT="42" CONTENT="with" />
            <SP ID="SP_108246" HPOS="960" VPOS="2817" WIDTH="45" HEIGHT="0" />
            <String ID="Word_120105" HPOS="1005" VPOS="2817" WIDTH="75" HEIGHT="43" CONTENT="the" />
            <SP ID="SP_108247" HPOS="1080" VPOS="2817" WIDTH="46" HEIGHT="0" />
            <String ID="Word_120106" HPOS="1126" VPOS="2822" WIDTH="140" HEIGHT="38" CONTENT="motor" />
            <SP ID="SP_108248" HPOS="1266" VPOS="2818" WIDTH="44" HEIGHT="0" />
            <String ID="Word_120107" HPOS="1310" VPOS="2818" WIDTH="331" HEIGHT="56" CONTENT="speech-centre" />
            <SP ID="SP_108249" HPOS="1641" VPOS="2818" WIDTH="44" HEIGHT="0" />
            <String ID="Word_120108" HPOS="1685" VPOS="2820" WIDTH="47" HEIGHT="42" CONTENT="of" />
            <SP ID="SP_108250" HPOS="1732" VPOS="2820" WIDTH="40" HEIGHT="0" />
            <String ID="Word_120109" HPOS="1772" VPOS="2820" WIDTH="75" HEIGHT="43" CONTENT="the" />
          </TextLine>
          <TextLine ID="TextLine_11865" HPOS="185" VPOS="2886" WIDTH="1659" HEIGHT="62">
            <String ID="Word_120110" HPOS="185" VPOS="2886" WIDTH="161" HEIGHT="42" CONTENT="human" />
            <SP ID="SP_108251" HPOS="346" VPOS="2886" WIDTH="30" HEIGHT="0" />
            <String ID="Word_120111" HPOS="376" VPOS="2886" WIDTH="181" HEIGHT="55" CONTENT="subject," />
            <SP ID="SP_108252" HPOS="557" VPOS="2886" WIDTH="28" HEIGHT="0" />
            <String ID="Word_120112" HPOS="585" VPOS="2887" WIDTH="103" HEIGHT="43" CONTENT="does" />
            <SP ID="SP_108253" HPOS="688" VPOS="2887" WIDTH="28" HEIGHT="0" />
            <String ID="Word_120113" HPOS="716" VPOS="2892" WIDTH="78" HEIGHT="39" CONTENT="not" />
            <SP ID="SP_108254" HPOS="794" VPOS="2888" WIDTH="25" HEIGHT="0" />
            <String ID="Word_120114" HPOS="819" VPOS="2888" WIDTH="115" HEIGHT="56" CONTENT="fully" />
            <SP ID="SP_108255" HPOS="934" VPOS="2888" WIDTH="30" HEIGHT="0" />
            <String ID="Word_120115" HPOS="964" VPOS="2889" WIDTH="263" HEIGHT="43" CONTENT="correspond" />
            <SP ID="SP_108256" HPOS="1227" VPOS="2889" WIDTH="33" HEIGHT="0" />
            <String ID="Word_120116" HPOS="1260" VPOS="2890" WIDTH="106" HEIGHT="42" CONTENT="with" />
            <SP ID="SP_108257" HPOS="1366" VPOS="2890" WIDTH="34" HEIGHT="0" />
            <String ID="Word_120117" HPOS="1400" VPOS="2890" WIDTH="35" HEIGHT="42" CONTENT="it" />
            <SP ID="SP_108258" HPOS="1435" VPOS="2890" WIDTH="30" HEIGHT="0" />
            <String ID="Word_120118" HPOS="1465" VPOS="2891" WIDTH="379" HEIGHT="57" CONTENT="physiologically." />
          </TextLine>
          <TextLine ID="TextLine_11866" HPOS="182" VPOS="2957" WIDTH="1665" HEIGHT="63">
            <String ID="Word_120119" HPOS="182" VPOS="2958" WIDTH="88" HEIGHT="42" CONTENT="Yet" />
            <SP ID="SP_108259" HPOS="270" VPOS="2957" WIDTH="34" HEIGHT="0" />
            <String ID="Word_120120" HPOS="304" VPOS="2957" WIDTH="75" HEIGHT="43" CONTENT="the" />
            <SP ID="SP_108260" HPOS="379" VPOS="2957" WIDTH="35" HEIGHT="0" />
            <String ID="Word_120121" HPOS="414" VPOS="2959" WIDTH="371" HEIGHT="55" CONTENT="correspondence" />
            <SP ID="SP_108261" HPOS="785" VPOS="2959" WIDTH="37" HEIGHT="0" />
            <String ID="Word_120122" HPOS="822" VPOS="2960" WIDTH="36" HEIGHT="43" CONTENT="is" />
            <SP ID="SP_108262" HPOS="858" VPOS="2960" WIDTH="36" HEIGHT="0" />
            <String ID="Word_120123" HPOS="894" VPOS="2960" WIDTH="87" HEIGHT="43" CONTENT="real" />
            <SP ID="SP_108263" HPOS="981" VPOS="2960" WIDTH="38" HEIGHT="0" />
            <String ID="Word_120124" HPOS="1019" VPOS="2961" WIDTH="85" HEIGHT="42" CONTENT="and" />
            <SP ID="SP_108264" HPOS="1104" VPOS="2961" WIDTH="37" HEIGHT="0" />
            <String ID="Word_120125" HPOS="1141" VPOS="2961" WIDTH="127" HEIGHT="53" CONTENT="close," />
            <SP ID="SP_108265" HPOS="1268" VPOS="2961" WIDTH="39" HEIGHT="0" />
            <String ID="Word_120126" HPOS="1307" VPOS="2976" WIDTH="108" HEIGHT="29" CONTENT="even" />
            <SP ID="SP_108266" HPOS="1415" VPOS="2962" WIDTH="38" HEIGHT="0" />
            <String ID="Word_120127" HPOS="1453" VPOS="2962" WIDTH="366" HEIGHT="58" CONTENT="physiologically" />
            <SP ID="SP_108267" HPOS="1819" VPOS="2962" WIDTH="20" HEIGHT="0" />
            <String ID="Word_120128" HPOS="1839" VPOS="2980" WIDTH="8" HEIGHT="37" CONTENT=";" />
          </TextLine>
          <TextLine ID="TextLine_11867" HPOS="181" VPOS="3026" WIDTH="1663" HEIGHT="61">
            <String ID="Word_120129" HPOS="181" VPOS="3028" WIDTH="197" HEIGHT="51" CONTENT="because," />
            <SP ID="SP_108268" HPOS="378" VPOS="3026" WIDTH="23" HEIGHT="0" />
            <String ID="Word_120130" HPOS="401" VPOS="3026" WIDTH="166" HEIGHT="57" CONTENT="though" />
            <SP ID="SP_108269" HPOS="567" VPOS="3026" WIDTH="25" HEIGHT="0" />
            <String ID="Word_120131" HPOS="592" VPOS="3028" WIDTH="104" HEIGHT="56" CONTENT="they" />
            <SP ID="SP_108270" HPOS="696" VPOS="3028" WIDTH="20" HEIGHT="0" />
            <String ID="Word_120132" HPOS="716" VPOS="3034" WIDTH="162" HEIGHT="37" CONTENT="cannot" />
            <SP ID="SP_108271" HPOS="878" VPOS="3030" WIDTH="22" HEIGHT="0" />
            <String ID="Word_120133" HPOS="900" VPOS="3030" WIDTH="136" HEIGHT="55" CONTENT="speak" />
            <SP ID="SP_108272" HPOS="1036" VPOS="3030" WIDTH="23" HEIGHT="0" />
            <String ID="Word_120134" HPOS="1059" VPOS="3030" WIDTH="295" HEIGHT="57" CONTENT="articulately," />
            <SP ID="SP_108273" HPOS="1354" VPOS="3030" WIDTH="19" HEIGHT="0" />
            <String ID="Word_120135" HPOS="1373" VPOS="3031" WIDTH="124" HEIGHT="43" CONTENT="these" />
            <SP ID="SP_108274" HPOS="1497" VPOS="3031" WIDTH="23" HEIGHT="0" />
            <String ID="Word_120136" HPOS="1520" VPOS="3032" WIDTH="187" HEIGHT="43" CONTENT="animals" />
            <SP ID="SP_108275" HPOS="1707" VPOS="3032" WIDTH="24" HEIGHT="0" />
            <String ID="Word_120137" HPOS="1731" VPOS="3033" WIDTH="113" HEIGHT="43" CONTENT="have" />
          </TextLine>
          <TextLine ID="TextLine_11868" HPOS="231" VPOS="3132" WIDTH="1561" HEIGHT="55">
            <String ID="Word_120138" HPOS="231" VPOS="3132" WIDTH="12" HEIGHT="24" CONTENT="1" />
            <SP ID="SP_108276" HPOS="243" VPOS="3132" WIDTH="30" HEIGHT="0" />
            <String ID="Word_120139" HPOS="273" VPOS="3132" WIDTH="37" HEIGHT="37" CONTENT="It" />
            <SP ID="SP_108277" HPOS="310" VPOS="3132" WIDTH="18" HEIGHT="0" />
            <String ID="Word_120140" HPOS="328" VPOS="3137" WIDTH="127" HEIGHT="32" CONTENT="meant" />
            <SP ID="SP_108278" HPOS="455" VPOS="3132" WIDTH="17" HEIGHT="0" />
            <String ID="Word_120141" HPOS="472" VPOS="3132" WIDTH="157" HEIGHT="48" CONTENT="infamy." />
            <SP ID="SP_108279" HPOS="629" VPOS="3132" WIDTH="217" HEIGHT="0" />
            <String ID="Word_120142" HPOS="846" VPOS="3134" WIDTH="14" HEIGHT="21" CONTENT="2" />
            <SP ID="SP_108280" HPOS="860" VPOS="3134" WIDTH="27" HEIGHT="0" />
            <String ID="Word_120143" HPOS="887" VPOS="3134" WIDTH="37" HEIGHT="36" CONTENT="It" />
            <SP ID="SP_108281" HPOS="924" VPOS="3134" WIDTH="18" HEIGHT="0" />
            <String ID="Word_120144" HPOS="942" VPOS="3139" WIDTH="128" HEIGHT="33" CONTENT="meant" />
            <SP ID="SP_108282" HPOS="1070" VPOS="3135" WIDTH="18" HEIGHT="0" />
            <String ID="Word_120145" HPOS="1088" VPOS="3135" WIDTH="206" HEIGHT="38" CONTENT="dumbness" />
            <SP ID="SP_108283" HPOS="1294" VPOS="3135" WIDTH="18" HEIGHT="0" />
            <String ID="Word_120146" HPOS="1312" VPOS="3136" WIDTH="96" HEIGHT="37" CONTENT="from" />
            <SP ID="SP_108284" HPOS="1408" VPOS="3136" WIDTH="17" HEIGHT="0" />
            <String ID="Word_120147" HPOS="1425" VPOS="3137" WIDTH="76" HEIGHT="37" CONTENT="fear" />
            <SP ID="SP_108285" HPOS="1501" VPOS="3137" WIDTH="14" HEIGHT="0" />
            <String ID="Word_120148" HPOS="1515" VPOS="3150" WIDTH="41" HEIGHT="23" CONTENT="or" />
            <SP ID="SP_108286" HPOS="1556" VPOS="3138" WIDTH="13" HEIGHT="0" />
            <String ID="Word_120149" HPOS="1569" VPOS="3140" WIDTH="223" HEIGHT="47" CONTENT="perplexity." />
          </TextLine>
        </TextBlock>
      </PrintSpace>
    </Page>
  </Layout>
</alto>
