2113 3404
318 231 84 41 184

817 244 87 34 THIS
936 246 242 34 DISORDERS
1211 249 52 30 OF
1295 249 174 32 SPEECH.

374 361 89 43 But
484 361 120 44 these
627 363 423 57 semi-independent
1079 367 166 42 actions
1277 368 85 41 and
1393 368 185 55 changes
1607 368 44 42 in
1675 369 72 43 the
1779 371 151 42 speech

315 444 166 43 organs,
502 433 165 56 though
699 434 238 56 important
966 436 48 42 in
1045 436 272 53 themselves,
1339 438 113 55 play,
1485 453 53 26 on
1571 438 73 42 the
1677 439 149 51 whole,
1854 441 77 42 but

314 515 26 28 a
375 503 236 57 secondary
648 509 106 50 part.
818 505 53 41 In
909 506 73 42 the
1024 508 203 54 majority
1258 508 45 41 of
1339 521 117 29 cases
1492 508 47 42 of
1571 508 163 42 mental
1767 509 164 43 disease

315 573 105 56 they
452 589 70 28 are
554 579 77 37 not
661 576 294 54 prominently
987 577 232 43 exhibited.
1281 578 89 42 The
1409 578 196 42 function
1635 578 47 42 of
1709 578 223 51 language,

315 643 47 44 ill
385 644 73 44 the
480 646 202 54 majority
705 645 44 41 of
779 658 129 30 cases,
931 646 139 42 shows
1101 647 115 42 little
1248 648 294 55 independent
1572 649 180 41 activity
1774 650 46 40 of
1845 650 87 40 this

315 720 99 37 sort.
478 716 65 41 Its
565 715 215 41 activities
803 729 81 37 are,
906 716 66 40 for
992 715 74 43 the
1088 721 113 37 most
1222 725 108 46 part,
1351 718 46 40 in
1419 718 123 42 strict
1572 718 361 43 correspondence

317 785 106 42 with
455 786 121 41 those
608 786 44 40 of
683 785 74 42 the
789 785 133 50 mind,
944 785 143 42 whose
1118 786 190 42 disorder
1338 787 37 42 it
1406 788 173 41 mirrors
1611 788 104 41 with
1748 788 186 55 striking

315 855 179 56 fidelity.
557 855 112 43 Still,
687 855 119 41 these
823 855 294 54 independent
1138 869 47 28 or
1206 856 419 55 semi-independent
1657 858 212 41 activities
1891 860 47 39 of

316 926 74 42 the
412 925 329 56 speech-organs
764 925 175 41 deserve
971 929 44 37 to
1047 925 52 41 be
1131 925 209 55 carefully
1362 926 182 42 studied,
1566 941 45 27 as
1643 927 102 54 they
1767 941 70 28 are
1860 935 75 34 not

317 996 103 55 only
444 996 237 54 important
703 995 78 41 but
812 994 240 56 extremely
1074 995 265 55 interesting.
1400 996 132 55 They,
1555 996 207 51 however,
1783 997 152 42 render

317 1066 75 42 the
415 1066 170 41 subject
606 1065 97 42 that
720 1078 64 28 we
806 1064 108 42 have
936 1078 98 27 now
1056 1068 44 37 to
1124 1064 197 42 consider
1342 1078 114 29 more
1474 1065 281 55 complicated
1778 1066 103 41 than
1901 1067 34 41 it

319 1136 144 41 would
487 1135 228 42 otherwise
736 1135 65 41 be.
865 1134 68 42 On
956 1134 113 42 their
1091 1139 183 36 account
1295 1134 155 42 chiefly
1468 1135 35 41 it
1522 1134 88 41 will
1632 1135 50 42 be
1705 1136 228 42 expedient

320 1207 65 41 for
410 1220 50 28 us
484 1212 44 36 to
550 1205 100 41 look
672 1210 45 36 at
744 1204 72 42 the
848 1204 165 42 Speech
1045 1205 46 41 of
1120 1204 73 42 the
1226 1204 158 42 Insane
1415 1205 108 41 from
1555 1204 161 42 several
1739 1205 198 42 different

320 1283 145 50 points
488 1276 44 41 of
552 1276 122 41 view.
738 1275 23 41 I
783 1288 181 41 propose
987 1274 294 42 therefore:—

380 1349 75 55 (1.)
491 1348 58 40 To
573 1360 126 27 make
721 1345 74 42 the
826 1345 129 41 Mind
988 1358 77 28 our
1095 1345 94 41 first
1220 1344 264 54 standpoint,
1505 1344 82 42 and
1616 1349 43 37 to
1690 1345 96 54 give
1809 1360 23 26 a
1855 1346 78 42 few

320 1418 288 43 illustrations
634 1417 47 41 of
708 1415 75 43 the
817 1415 174 41 faithful
1025 1428 179 28 manner
1235 1414 46 40 in
1304 1413 141 42 which
1467 1413 73 42 the
1571 1414 189 42 disorder
1787 1415 44 41 of
1861 1415 74 42 the

322 1489 122 43 mind
465 1488 37 41 is
524 1485 207 43 mirrored
753 1485 44 41 in
821 1485 74 41 the
919 1484 153 54 speech
1095 1484 46 41 of
1161 1483 72 42 the
1256 1483 178 54 patient.

379 1561 79 55 (2.)
489 1559 61 41 To
582 1560 112 39 treat
730 1555 46 42 of
807 1553 539 43 Speech-Hallucinations
1378 1553 85 41 and
1495 1553 122 42 other
1647 1553 211 44 disorders
1890 1554 44 42 of

320 1632 144 42 action
506 1629 95 42 that
643 1641 71 27 are
756 1631 89 36 met
883 1629 104 36 with
1024 1624 47 41 in
1111 1623 194 55 insanity
1342 1623 45 40 in
1421 1623 239 42 connexion
1698 1623 106 42 with
1846 1623 84 42 dis-

322 1702 230 42 turbances
575 1698 46 41 of
640 1697 75 42 the
736 1694 175 44 cortical
932 1707 354 41 speech-centres.

383 1771 76 56 (3.)
491 1770 60 40 To
573 1772 112 37 treat
707 1763 241 57 separately
965 1764 44 40 of
1030 1763 73 41 the
1127 1762 222 42 affections
1370 1762 44 41 of
1436 1761 154 55 speech
1612 1761 43 41 in
1678 1762 232 42 Dementia
1929 1777 9 36 ;

323 1855 194 40 showing
548 1840 108 40 how,
679 1837 44 40 in
758 1835 105 42 such
895 1847 129 29 cases,
1045 1833 74 41 the
1151 1832 132 54 decay
1313 1832 43 41 of
1388 1831 153 55 speech
1572 1832 38 41 is
1648 1831 150 43 slower
1830 1832 106 42 than

321 1914 74 41 the
421 1911 134 42 decay
578 1907 46 43 of
651 1905 210 55 thought;
892 1903 85 41 and
1008 1902 110 50 how,
1138 1901 47 41 in
1216 1915 117 28 some
1364 1901 46 40 of
1438 1900 130 52 them,
1590 1899 74 42 the
1695 1900 163 43 disease
1895 1902 46 39 of

324 1985 74 41 the
435 1978 165 45 mental
642 1990 146 29 cortex
825 1987 175 29 spreads
1036 1971 267 42 downwards
1340 1970 92 41 into
1475 1970 120 41 those
1636 1970 102 42 cells
1780 1971 46 41 of
1863 1970 73 42 the

323 2067 146 30 cortex
493 2056 97 37 that
612 2049 108 40 form
743 2046 74 41 the
839 2043 224 43 executive
1085 2055 139 28 motor
1255 2054 166 29 centres
1443 2040 65 41 for
1529 2040 283 51 articulation,
1836 2040 100 42 thus

323 2136 179 31 causing
525 2121 72 41 the
619 2129 265 44 appearance
906 2115 46 41 of
977 2127 54 28 an
1054 2126 198 28 ominous
1274 2119 212 47 paralytic
1508 2110 186 42 element
1714 2111 45 41 in
1781 2112 154 40 articu-

323 2196 150 41 lation,
497 2197 95 38 that
617 2190 38 40 is
682 2188 46 42 of
758 2186 73 43 the
862 2198 187 42 greatest
1080 2182 275 56 significance
1378 2181 103 41 both
1503 2181 327 54 diagnostically
1852 2182 83 40 and

323 2261 350 61 prognostically.

391 2414 299 46 Illustrations
719 2411 50 41 of
794 2410 64 42 the
889 2419 178 30 manner
1097 2405 49 41 in
1177 2404 132 41 ivhich
1342 2404 223 53 Lawjxuuje
1598 2403 178 41 Mirrors
1807 2404 64 40 the

854 2476 225 45 Condition
1110 2475 50 41 of
1185 2475 64 40 the
1279 2473 136 41 Mind.

381 2598 356 52 "Observation,"
785 2611 99 41 says
935 2590 275 57 Griesinger,1
1251 2590 175 40 "shows
1475 2589 94 42 that
1616 2588 73 43 the
1729 2589 209 43 immense

325 2680 202 51 majority
554 2673 46 41 of
628 2668 165 44 mental
824 2667 187 41 diseases
1043 2675 246 30 commence
1319 2659 107 42 with
1457 2673 25 27 a
1513 2664 110 37 state
1655 2659 47 42 of
1729 2660 210 54 profound

323 2742 236 48 emotional
600 2738 261 58 perversion,
898 2736 47 41 of
982 2749 25 26 a
1043 2731 249 55 depressing
1327 2729 86 42 and
1448 2729 226 42 sorrowful
1710 2735 227 37 character.

324 2815 203 47 Guislain
561 2826 85 27 was
679 2809 74 42 the
786 2809 92 40 first
913 2811 44 36 to
999 2802 215 43 elucidate
1251 2799 85 43 this
1374 2799 149 55 highly
1557 2799 254 55 interesting
1841 2799 98 51 fact,

324 2888 85 44 and
441 2898 127 30 make
590 2883 36 41 it
656 2885 45 37 at
732 2878 58 42 all
822 2873 268 46 serviceable.
1154 2871 57 42 Of
1241 2871 57 41 its
1328 2869 171 56 general
1528 2874 270 45 correctness,
1821 2869 117 42 there

322 2974 80 29 can
434 2957 52 42 be
509 2967 55 29 no
588 2950 158 43 doubt;
777 2946 85 43 and
893 2959 61 27 we
983 2957 79 28 can
1094 2941 107 41 have
1234 2953 54 27 no
1321 2939 229 41 hesitation
1583 2938 45 41 in
1661 2938 206 55 speaking
1897 2939 46 40 of

514 3046 13 24 1
554 3045 142 39 Mental
715 3043 194 45 Patholorjn
926 3040 73 36 and
1020 3035 247 49 Therapeutics
1284 3035 110 48 (New
1413 3033 87 48 Syd.
1521 3033 107 47 Soc),
1646 3044 33 36 p.
1700 3035 79 34 210.
