2411 3372
203 240 44 16 1ЯГ

171 261 112 93 Ж)

524 234 21 49 р

511 310 49 49 X

526 620 46 50 Fl

957 195 407 58 Nachkommen
1460 194 316 55 einheitlich
1871 194 475 72 grau-langflüglig

954 275 243 59 wurden,
1238 294 111 30 war
1391 274 133 49 nach
1569 273 123 49 dem
1736 284 182 37 ersten
1961 271 381 52 Mendelschen

957 347 195 51 Gesetz
1192 367 64 29 zu
1297 357 270 39 erwarten
1607 363 264 45 gewesen.
1909 343 121 50 Daß
2070 346 109 49 sich
2220 345 126 49 aber

956 423 56 46 in
1045 420 96 49 der
1171 421 229 47 zweiten
1431 416 740 63 Nachkommengeneration
2202 417 142 49 nicht

958 493 86 49 die
1086 490 379 50 Verhältnisse
1510 490 92 49 des
1643 488 466 50 Erbsenversuchs
2154 488 190 58 „Gelb¬

957 563 139 50 rund
1149 560 52 52 X
1254 561 426 63 Grün-runzlig"
1727 563 100 46 mit
1872 558 158 50 ihren
2074 563 115 47 vier
2232 580 111 30 ver¬

955 635 324 51 schiedenen
1366 633 477 50 Kombinationen
1930 632 415 60 wiederholten,

958 709 105 49 daß
1091 706 268 50 vielmehr
1387 726 105 29 nur
1520 704 87 50 die
1634 704 203 50 beiden
1867 703 318 50 elterlichen
2213 704 130 49 Aus¬

957 780 386 64 gangsformen
1386 778 205 49 wieder
1634 777 302 57 auftraten,
1980 775 172 50 damit
2193 776 151 49 hatte

955 850 257 50 niemand
1285 850 304 64 gerechnet.
1658 850 102 48 Die
1830 848 203 49 beiden
2105 849 238 48 anderen

955 923 495 49 Kombinationen:
1549 918 591 65 Schwarz-langflüglig
2233 920 110 49 und

955 993 624 64 Grau-iStummelflüglig
1664 1012 182 29 waren
1934 991 407 64 ausgeblieben!

955 1067 149 49 Aber
1141 1067 229 62 Morgan
1412 1066 134 49 fand
1588 1065 88 49 die
1713 1064 220 62 Lösung
1974 1063 93 51 des
2108 1063 233 50 Rätsels:

957 1160 57 29 er
1059 1139 211 49 konnte
1322 1137 328 60 feststellen,
1702 1137 106 49 daß
1862 1136 87 49 die
1999 1135 347 63 Erbanlagen

957 1210 146 50 Grau
1162 1209 112 50 und
1333 1209 344 64 Langflüiglig
1735 1208 138 60 hier,
1935 1206 241 51 Schwarz
2232 1207 113 49 und

957 1281 458 64 Stummelflüglig
1462 1282 125 50 dort
1631 1284 195 46 immer
1872 1298 313 31 zusammen
2232 1279 112 49 auf¬

957 1367 199 37 treten.
1186 1354 84 49 Sie
1301 1355 178 48 lassen
1508 1353 108 50 sich
1645 1353 163 59 nicht,
1837 1354 100 46 wie
1969 1371 52 30 es
2053 1352 94 49 das
2178 1351 167 49 dritte

954 1426 407 63 Mendelgesetz
1388 1425 234 60 fordert,
1648 1423 563 51 auseinanderreißen
2235 1423 110 49 und

206 1500 106 48 frei
344 1499 404 60 kombinieren,
780 1499 122 49 weil
934 1501 75 47 sie
1042 1501 56 46 in
1128 1501 52 59 je
1214 1500 179 47 einem
1425 1497 360 50 Chromosom
1815 1496 201 63 liegen:
2053 1494 148 51 Grau
2233 1495 110 49 und

205 1570 319 64 langflüglig
557 1573 56 46 in
648 1573 195 58 einem,
878 1570 240 50 Schwarz
1150 1571 113 49 und
1298 1569 450 64 stummelflüglig
1781 1571 57 46 in
1873 1570 179 47 einem
2087 1568 256 49 anderen.

205 1644 161 48 Diese
397 1644 146 49 nicht
571 1642 488 50 kombinierbaren
1087 1642 349 63 Erbanlagen
1466 1642 121 49 sind
1619 1639 389 65 „gekoppelt".
2038 1640 107 49 Das
2178 1640 167 49 dritte

206 1714 344 51 Mendelsche
592 1714 195 50 Gesetz
825 1715 188 50 mußte
1056 1714 111 50 also
1209 1717 121 46 eine
1371 1733 138 30 neue
1548 1713 243 63 Fassung
1829 1712 352 49 bekommen:
2224 1710 121 49 Alle

206 1787 322 60 Merkmale,
559 1788 167 49 deren
757 1786 150 50 Gene
938 1788 145 49 nicht
1115 1807 67 29 an
1213 1786 249 50 dasselbe
1494 1785 359 51 Chromosom
1882 1784 294 64 gebunden
2206 1782 141 59 sind,

205 1859 267 50 vererben
519 1861 106 49 sich
669 1859 354 64 unabhängig
1069 1859 396 59 voneinander,
1511 1858 224 49 können
1784 1858 132 58 also,
1962 1876 158 29 wenn
2167 1859 77 47 sie
2291 1857 56 46 in

206 1934 153 47 einer
408 1930 337 50 Generation
795 1931 371 49 miteinander
1214 1930 323 50 verbunden
1587 1949 201 40 waren,
1836 1932 57 46 in
1943 1928 97 49 der
2089 1928 258 49 nächsten

206 2015 254 50 getrennt
506 2004 302 59 auftreten;
850 2006 78 46 im
970 2003 242 64 gleichen
1255 2003 360 49 Chromosom
1658 2000 333 65 gekoppelte
2036 1999 149 50 Gene
2230 1999 115 49 hin¬

205 2095 171 44 gegen
414 2077 221 49 werden
673 2076 146 49 nicht
859 2075 105 49 frei
1004 2075 355 49 kombiniert.

274 2160 150 49 Aber
475 2160 87 50 die
615 2159 394 65 Aufregungen
1060 2180 93 29 um
1205 2160 88 50 die
1345 2160 298 65 Kreuzung
1696 2160 532 66 „Grau-langflüglig
2288 2158 52 53 X

207 2231 750 64 Schwarz-stummelflüglig"
1000 2232 201 50 sollten
1239 2235 101 47 niit
1380 2233 179 50 dieser
1597 2233 126 50 sehr
1761 2234 454 49 einleuchtenden
2253 2233 92 49 Er¬

206 2304 234 63 klärung
467 2305 134 49 noch
628 2304 145 50 nicht
798 2305 87 48 ihr
912 2304 151 50 Ende
1091 2305 277 62 gefunden
1394 2304 194 50 haben.
1616 2305 263 49 Plötzlich
1906 2306 231 48 nämlich
2165 2305 180 49 tauch¬

206 2387 90 37 ten
337 2375 89 50 bei
465 2375 397 50 wiederholten
903 2376 313 49 Versuchen
1259 2377 131 48 doch
1434 2379 87 47 ein
1562 2396 134 43 paar
1736 2377 610 63 langflüglig-schwarze

204 2448 221 63 Fliegen
458 2449 94 48 auf
581 2449 113 49 und
725 2448 199 50 ebenso
959 2451 175 60 einige
1167 2449 658 63 grau-stummelflüglige,
1858 2449 85 49 die
1977 2449 131 50 doch
2142 2451 203 61 eigent¬

204 2521 99 49 lich
353 2521 132 49 nach
536 2520 95 50 der
682 2520 350 64 Neufassung
1085 2520 90 51 des
1229 2521 205 48 dritten
1484 2520 470 64 Mendelgesetzes
2007 2520 338 58 „verboten"

203 2611 197 31 waren.
445 2592 116 50 Wie
604 2592 198 49 sollten
847 2592 142 49 denn
1034 2592 84 49 die
1161 2595 55 45 in
1261 2593 102 48 den
1409 2589 430 54 Chromosomen
1882 2593 287 62 liegenden
2212 2592 131 49 Erb¬

203 2664 261 50 faktoren
496 2667 136 59 jetzt
665 2665 94 49 auf
793 2665 199 49 einmal
1024 2666 109 47 frei
1165 2664 339 50 kombiniert
1535 2665 224 49 worden
1793 2664 149 50 sein?
1977 2664 86 51 Sie
2097 2665 247 49 konnten

204 2737 131 49 doch
366 2737 144 49 nicht
540 2738 109 48 frei
677 2740 74 46 im
781 2736 257 50 Zellkern
1070 2736 395 49 herumfahren
1496 2736 115 50 und
1641 2737 105 50 sich
1778 2749 435 48 zusammentun,
2244 2739 100 47 wie

205 2830 53 30 es
284 2810 164 48 ihnen
473 2808 275 51 beliebte?

271 2888 231 65 Morgan
543 2891 135 49 fand
720 2891 129 49 auch
892 2892 93 48 für
1028 2891 145 49 diese
1217 2890 386 64 Rätselfragen
1645 2894 120 47 eine
1809 2891 211 64 geniale
2064 2890 275 51 Antwort:

200 2963 102 49 Die
337 2962 296 64 Trennung
667 2962 362 64 gekoppelter
1063 2962 247 64 Anlagen
1344 2966 69 48 ist
1447 2984 104 29 nur
1588 2963 266 60 denkbar,
1888 2983 159 30 wenn
2082 2964 260 50 zwischen

201 3035 101 49 den
363 3035 264 49 einander
686 3034 465 64 entsprechenden
1213 3035 431 51 Chromosomen
1705 3035 194 51 Stücke
1962 3035 380 64 ausgetauscht

196 3107 235 50 werden.
457 3107 163 51 Diese
645 3107 185 50 kühne
854 3106 235 51 Theorie
1116 3108 91 50 des
1233 3107 843 58 „Erbfaktoren-Austausches"
2103 3109 107 50 ließ
2237 3107 101 52 sich

1233 3253 67 49 26
