2113 3404
454 239 83 41 258

953 257 86 30 THE
1073 257 240 31 DISOUDEKS
1345 259 53 30 OF
1430 259 172 33 SPEECH.

452 368 227 59 involving
719 372 47 42 in
807 374 105 42 each
960 374 265 44 mechanism
1266 377 74 42 the
1382 378 245 42 coordinate
1669 380 142 41 action
1852 381 43 41 of
1937 394 127 41 many

454 441 194 43 muscles.
711 443 136 43 There
862 445 36 41 is
913 445 101 41 thus
1031 451 76 36 not
1124 446 102 54 only
1244 447 293 42 coordination
1556 449 43 41 of
1616 449 72 42 the
1705 464 80 28 one
1805 451 260 42 mechanism

456 509 104 42 with
585 511 73 43 the
680 513 133 53 other,
832 514 78 42 but
932 515 89 41 also
1044 515 293 43 coordination
1360 518 45 40 of
1425 517 71 42 the
1514 518 161 42 several
1697 520 213 41 muscular
1926 534 141 27 move-

456 587 142 36 ments
631 583 45 41 in
709 584 102 41 each
846 585 262 42 mechanism
1143 585 106 44 with
1274 601 80 29 one
1375 588 186 42 another.
1625 589 192 42 Further,
1838 590 45 41 in
1905 590 165 52 speed),

456 664 103 28 over
587 652 85 41 and
706 653 134 42 above
875 654 72 42 the
979 660 84 36 two
1087 656 129 41 forms
1238 657 43 41 of
1312 657 294 42 coordination
1642 658 100 42 thus
1774 658 219 42 exhibited
2025 659 44 40 in

455 721 74 42 the
567 723 232 41 formation
832 724 46 41 of
905 725 74 41 the
1012 725 290 51 sound-units,
1324 727 119 42 there
1465 729 35 40 is
1524 742 23 27 a
1572 728 113 42 third
1709 728 120 42 form,
1850 729 219 41 exhibited

456 791 46 41 in
525 792 74 42 the
620 799 301 49 arrangement
943 795 46 41 of
1017 795 73 42 the
1112 796 119 42 units
1254 797 91 41 into
1370 798 135 41 words
1527 798 85 41 and
1634 798 184 54 phrases.
1879 799 102 41 This
2008 812 62 28 we

455 875 100 42 may
579 862 94 52 call,
694 863 35 41 if
761 863 73 42 the
856 864 153 55 phrase
1037 865 36 41 is
1096 865 233 44 allowable,
1352 867 73 42 the
1449 867 305 42 Coordination
1776 869 43 40 of
1841 869 227 55 Sequence.

456 931 137 42 These
615 932 276 44 distinctions
915 935 120 49 have,
1052 935 23 41 I
1098 936 142 50 think,
1257 936 187 43 hitherto
1466 938 108 42 been
1595 942 70 38 too
1689 939 127 41 much
1838 945 232 37 neglected.

458 1002 53 40 In
533 1002 123 42 order
678 1003 95 41 that
794 1004 74 42 the
890 1005 149 42 reader
1061 1019 98 41 may
1177 1020 70 28 see
1269 1006 113 42 their
1403 1007 86 42 real
1512 1008 274 54 importance,
1803 1008 63 43 let
1886 1023 67 27 me
1971 1009 99 42 here

457 1086 132 40 pause
621 1073 66 41 for
718 1088 24 28 a
775 1082 203 44 moment,
1010 1081 44 36 to
1087 1077 129 41 recall
1253 1082 43 36 to
1333 1077 68 43 his
1438 1078 122 42 mind
1591 1079 74 42 the
1696 1079 170 56 leading
1897 1080 170 42 speech-

457 1142 214 43 disorders
704 1144 95 42 that
821 1145 109 42 have
953 1146 174 55 already
1152 1148 106 41 been
1281 1148 260 42 considered,
1564 1149 84 41 and
1671 1157 43 34 to
1740 1163 69 28 see
1842 1150 93 41 how
1969 1150 101 55 they

456 1227 70 28 are
549 1214 105 42 each
676 1215 164 43 related
872 1222 43 36 to
938 1217 73 41 the
1034 1222 83 36 two
1139 1218 294 43 Mechanisms
1467 1219 85 42 and
1585 1220 74 42 the
1696 1220 118 42 three
1850 1221 147 41 Forms
2030 1220 43 41 of

458 1284 319 44 Coordination.

517 1355 53 41 In
594 1355 119 53 brief,
737 1357 119 51 then,
876 1357 36 41 it
933 1372 99 28 may
1055 1359 51 41 be
1128 1359 259 42 repeated—

518 1426 35 41 1.
587 1426 111 42 That
721 1427 289 57 Stammering
1030 1429 37 42 is
1091 1429 82 42 due
1197 1435 42 36 to
1268 1443 25 28 a
1314 1430 112 41 fault
1446 1430 46 41 in
1516 1430 71 42 the
1610 1430 291 42 coordination
1925 1432 42 41 of
1998 1431 73 43 the

457 1509 80 29 one
559 1497 269 42 mechanism
852 1498 105 42 with
980 1500 73 41 the
1076 1500 130 41 other.

518 1568 35 39 2.
587 1567 110 41 That
719 1567 44 41 in
787 1568 249 54 Hysterical
1058 1569 204 54 Aphonia
1284 1569 120 42 there
1427 1570 35 41 is
1485 1570 237 41 functional
1748 1570 157 53 paresis
1929 1571 45 40 of
1999 1571 72 40 the

457 1635 122 41 vocal
601 1636 265 42 mechanism
890 1638 113 42 only.

516 1706 38 41 3.
587 1706 111 41 That
720 1707 45 40 in
791 1707 252 56 Hysterical
1075 1708 184 42 Mutism
1282 1709 119 42 there
1423 1709 37 42 is
1483 1709 239 42 functional
1748 1710 323 54 paralysis,—in

458 1782 111 36 most
591 1791 129 37 cases,
742 1778 44 41 of
808 1778 73 42 the
903 1779 121 41 vocal
1049 1779 265 41 mechanism
1336 1779 99 55 only
1453 1794 9 38 ;
1483 1779 46 42 in
1552 1793 128 36 some,
1702 1780 217 53 probably,
1936 1781 45 40 of
1999 1780 71 42 the

457 1847 88 41 oral
577 1847 275 42 articulative
876 1849 264 41 mechanism
1163 1849 102 54 only
1284 1863 8 37 ;
1324 1849 84 41 and
1423 1849 45 41 in
1491 1863 24 27 a
1537 1849 94 50 few,
1654 1850 217 53 probably,
1894 1850 43 41 of
1968 1850 102 41 both

458 1919 299 41 mechanisms.

515 1989 39 41 4.
587 1988 111 42 That
719 1989 46 40 in
787 1988 172 56 Lalling
980 2003 62 28 we
1066 1989 248 55 have—(a.)
1346 1989 55 41 In
1425 1989 80 41 bad
1528 2003 128 28 cases,
1673 2003 24 27 a
1718 1993 20 17 "
1755 1990 110 54 baby
1883 1990 188 50 speech,"

456 2059 48 41 in
535 2058 142 42 which
715 2059 58 41 all
806 2059 120 42 three
961 2060 131 41 forms
1124 2060 44 41 of
1199 2059 295 42 coordination
1528 2074 71 27 are
1630 2073 46 28 so
1708 2059 223 42 defective,
1963 2060 106 41 from

458 2133 117 37 want
597 2129 44 41 of
666 2128 241 43 education,
929 2130 96 41 that
1047 2129 136 43 words
1205 2143 69 28 are
1295 2130 238 52 truncated,
1556 2130 211 54 scamped,
1789 2130 84 41 and
1895 2131 175 49 slurred,

456 2214 46 28 so
520 2214 45 28 as
588 2204 43 37 to
655 2200 51 42 be
729 2200 155 42 almost
907 2215 47 27 or
975 2207 237 48 altogether
1233 2200 344 55 unintelligible;
1612 2201 65 53 (&.)
1715 2201 51 40 In
1797 2200 129 54 slight
1943 2214 127 36 cases,

457 2286 25 26 a
502 2270 214 56 lingering
749 2271 141 41 defect
921 2271 130 55 (from
1084 2271 226 54 imperfect
1341 2271 247 41 education)
1619 2271 45 40 in
1695 2270 74 42 the
1796 2270 186 42 internal
2003 2284 67 28 co-

457 2341 245 43 ordination
725 2342 46 40 of
788 2342 75 41 the
885 2341 90 42 oral
997 2341 272 41 articulative
1292 2341 275 41 mechanism,
1586 2340 139 42 which
1747 2340 190 55 displays
1953 2340 117 42 itself

457 2414 46 40 in
520 2412 72 42 the
609 2411 225 54 imperfect
852 2411 330 55 pronunciation
1197 2411 43 41 of
1257 2411 162 41 certain
1435 2410 183 42 difficult
1636 2409 316 43 letter-sounds,
1966 2410 102 41 such

458 2498 45 26 as
523 2493 26 30 r
569 2497 46 27 or
633 2480 29 52 1,
684 2495 46 27 or
749 2480 37 42 k
807 2496 46 26 or
872 2491 44 43 g.

516 2555 38 41 5.
587 2554 112 41 That
720 2554 44 40 in
790 2552 195 42 Slurring
1008 2565 62 28 we
1093 2551 108 41 have
1223 2565 54 27 an
1307 2551 277 54 impairment
1618 2565 46 27 or
1694 2549 299 56 degeneration
2026 2550 40 39 in

458 2624 74 41 the
548 2622 188 42 internal
760 2621 295 42 coordination
1079 2621 45 40 of
1143 2620 72 41 the
1239 2619 84 42 oral
1349 2619 271 42 articulative
1639 2632 274 36 mechanism,
1932 2617 133 42 which

455 2699 157 37 results
644 2693 44 41 in
725 2692 72 42 the
830 2691 194 41 slovenly
1059 2689 274 42 articulation
1367 2690 42 40 of
1443 2690 73 41 the
1550 2703 117 28 more
1700 2688 183 42 difficult
1913 2689 45 41 of
1995 2688 71 41 the

455 2765 138 55 single
624 2761 321 44 letter-sounds,
968 2760 84 42 and
1084 2761 44 41 of
1159 2760 111 41 their
1301 2760 339 51 combinations;
1671 2773 45 28 so
1748 2759 105 49 that,
1876 2759 44 40 in
1952 2771 114 29 some

454 2847 200 43 respects,
686 2831 276 43 articulation
1006 2830 139 42 shows
1187 2844 23 27 a
1243 2830 303 41 retrogression
1583 2829 183 42 towards
1804 2829 72 41 the
1917 2828 148 53 lalling

455 2901 278 43 articulation
757 2899 46 42 of
822 2898 208 42 children.

514 2974 35 41 6.
583 2972 111 41 That
716 2971 45 40 in
785 2970 72 41 the
882 2966 461 58 Syllable-Stumbling
1365 2967 43 41 of
1439 2966 168 55 general
1634 2965 207 55 paralysis
1875 2978 60 27 we
1958 2964 106 41 have

451 3051 77 35 not
559 3043 101 42 only
691 3056 25 27 a
749 3039 238 55 stumbling
1019 3038 229 42 repetition
1281 3038 46 40 of
1354 3036 215 56 syllables,
1602 3036 79 42 but
1713 3035 88 42 also
1833 3049 24 27 a
1888 3034 174 42 distinct
