2411 3372
806 431 168 52 Wie
999 429 130 53 die
1155 427 221 54 Oene
1399 428 316 52 wirken

266 672 111 50 Aus
416 672 121 49 dem
571 669 300 51 Verhalten
909 668 94 50 der
1039 666 377 50 Erbfaktoren
1452 665 90 50 bei
1581 665 95 50 der
1714 664 613 69 Röntgenbestrahlung

195 745 175 50 haben
412 743 442 57 amerikanische,
896 740 251 50 deutsche
1188 739 112 49 und
1338 738 266 50 russische
1642 737 267 50 Forscher
1946 740 56 46 in
2040 744 287 60 ungemein

195 816 430 63 scharfsinnigen
670 809 420 68 Überlegungen
1132 812 126 50 sehr
1301 809 422 51 weitreichende
1769 809 383 66 Folgerungen
2195 813 133 49 über

198 889 91 50 das
325 889 181 49 wahre
544 888 194 49 Wesen
776 886 95 50 der
909 886 148 49 Gene
1096 883 190 50 ziehen
1323 883 236 49 können.
1599 882 221 50 Danach
1857 885 70 47 ist
1966 885 87 47 ein
2091 884 114 50 Gen
2243 887 83 47 ein

196 961 409 63 ungewöhnlich
665 959 350 62 kompliziert
1075 956 360 62 aufgebautes
1496 954 710 51 Riesen-Eiweiß-Molekül
2260 987 63 6 —

198 1034 91 50 das
327 1033 167 49 selbst
529 1031 202 50 wieder
769 1051 92 30 aus
899 1031 222 48 äußerst
1158 1028 382 49 verwickelten
1577 1026 355 60 Bausteinen,
1971 1027 102 50 den
2110 1028 215 50 Amino¬

196 1124 212 41 säuren,
449 1114 521 52 zusammengesetzt
1011 1105 84 46 ist.
1140 1101 160 55 Jedes
1345 1100 115 50 Gen
1505 1100 94 63 (im
1641 1098 287 50 normalen
1972 1099 352 51 Chromosom

195 1198 103 29 nur
325 1190 137 37 etwa
490 1180 86 47 ein
602 1173 581 66 zwanzigtausendstel
1209 1173 321 49 Millimeter
1558 1172 181 62 groß!)
1769 1171 94 49 hat
1889 1171 436 51 wahrscheinlich

197 1253 156 46 einen
390 1262 163 38 etwas
592 1248 237 50 anderen
864 1247 240 49 Aufbau.
1142 1245 174 49 Wenn
1353 1247 87 47 ein
1476 1242 635 65 Röntgenstrahl-Schuß
2150 1247 85 47 ein
2272 1264 54 30 so

196 1322 409 62 kompliziertes
653 1321 211 62 Gefüge
911 1319 160 58 trifft,
1118 1339 56 30 so
1224 1317 113 64 gibt
1385 1337 53 30 es
1485 1316 271 49 natürlich
1804 1315 263 60 Schäden;
2115 1316 211 59 Atome,

197 1394 434 63 Atomgrup})en,
655 1392 378 50 Molekülteile
1059 1389 219 51 werden
1308 1410 66 29 an
1400 1391 158 48 einen
1587 1389 241 49 anderen
1853 1387 154 50 Platz
2036 1389 290 62 geworfen,

198 1467 91 51 das
325 1465 444 51 Riesenmolekül
805 1469 151 60 gerät
990 1467 55 46 in
1080 1462 361 63 Unordnung,
1476 1461 113 49 und
1625 1461 85 49 die
1745 1460 167 63 Folge
1951 1459 177 50 davon
2162 1463 69 47 ist
2263 1489 62 10 —

197 1542 118 47 eine
346 1539 291 49 Mutation.

265 1621 116 50 Wie
408 1621 146 59 aber,
578 1641 56 30 so
659 1622 147 62 fragt
830 1641 141 39 man,
994 1621 164 49 wirkt
1185 1619 91 52 das
1303 1620 115 50 Gen
1443 1640 112 29 nun
1579 1621 133 50 nach
1739 1620 212 50 außen?
1977 1620 118 51 Wie
2120 1621 207 50 kommt

196 1713 72 41 es,
308 1694 103 49 daß
450 1696 87 47 ein
574 1712 57 31 so
668 1696 252 61 winziges
958 1693 455 49 Eiweißmolekül
1453 1693 86 50 die
1578 1692 377 64 Augenfarbe,
1996 1693 85 51 die
2119 1693 207 64 Flügel¬

197 1767 144 49 form
367 1779 136 36 etwa
530 1769 153 46 einer
706 1766 182 64 Fliege
914 1766 297 60 bestimmt,
1230 1765 106 50 daß
1364 1766 88 49 die
1471 1764 151 51 Gene
1648 1765 318 63 überhaupt
1995 1766 103 50 alle
2129 1766 197 49 äußere

194 1839 366 63 Erscheinung
596 1839 111 49 und
745 1839 102 49 alle
882 1838 473 63 Lebenstätigkeit
1389 1837 405 50 beeinflussen?
1834 1837 63 49 In
1936 1837 392 50 allerneuester

195 1911 119 50 Zeit
342 1911 180 49 haben
550 1931 97 29 vor
678 1911 160 49 allem
868 1911 251 49 deutsche
1150 1910 261 50 Forscher
1437 1940 72 4 —
1538 1910 97 49 der
1664 1911 239 62 Zoologe
1935 1909 198 51 Alfred
2164 1909 164 49 Kühn

195 1985 111 48 und
364 1984 96 49 der
516 1983 293 50 Chemiker
862 1983 516 63 Nobelpreisträger
1432 1983 174 49 Adolf
1662 1982 341 59 Butenandt,
2058 1982 160 50 beide
2274 1984 54 46 in

194 2054 286 64 Tübingen
521 2085 68 5 —
634 2056 129 49 auch
810 2056 93 49 auf
947 2056 146 49 diese
1138 2056 164 49 letzte
1347 2055 172 64 Frage
1566 2058 122 47 eine
1733 2055 256 49 Antwort
2036 2054 292 64 gefunden.

196 2128 75 50 Zu
305 2128 158 49 ihren
497 2128 310 49 Versuchen
842 2148 168 43 zogen
1046 2130 74 47 sie
1154 2128 90 50 die
1281 2128 328 49 Mehlmotte
1645 2128 191 59 heran,
1872 2127 112 49 und
2023 2147 66 29 an
2125 2127 205 49 diesem

198 2200 413 64 Schmetterling
643 2201 246 49 konnten
918 2204 78 46 eie
1029 2201 355 59 nachweisen,
1417 2202 106 48 daß
1559 2201 87 49 die
1681 2199 150 51 Gene
1867 2200 215 49 einzeln
2114 2200 111 49 und
2257 2201 69 47 im

197 2270 457 66 wechselseitigen
696 2272 466 63 Zusammenspiel
1207 2274 88 49 die
1339 2273 240 64 Bildung
1621 2272 350 50 bestimmter
2013 2270 316 51 Wirkstoffe

196 2346 365 58 veranlassen,
592 2345 439 49 wahrscheinlich
1062 2345 186 49 indem
1280 2348 75 47 sie
1390 2346 93 49 das
1515 2345 209 50 Eiweiß
1760 2346 97 48 der
1889 2344 149 50 Zelle
2074 2343 255 50 chemisch

197 2416 381 50 beeinflussen.
615 2418 160 49 Diese
812 2417 317 50 Wirkstoffe
1164 2447 71 4 —
1269 2438 126 29 man
1433 2430 173 37 nennt
1644 2421 76 47 sie
1757 2417 241 63 Enzyme
2037 2416 134 50 oder
2206 2415 122 49 Fer¬

196 2501 180 37 mente
420 2519 71 4 —
534 2501 219 37 steuern
799 2489 280 51 ihrerseits
1126 2489 206 51 wieder
1376 2491 88 49 die
1512 2490 346 49 zahlreichen
1905 2489 423 63 komplizierten

199 2561 328 50 chemischen
561 2562 305 63 Vorgänge,
902 2563 86 48 die
1023 2565 55 46 in
1114 2563 96 49 der
1242 2563 167 60 Zelle,
1440 2566 59 46 in
1535 2563 106 49 den
1677 2563 272 63 größeren
1984 2560 344 50 Zellverbän¬

199 2633 121 62 den,
370 2635 104 49 den
522 2634 271 50 Geweben
840 2636 112 49 und
1003 2636 273 63 Organen,
1327 2635 280 51 ablaufen.
1650 2635 159 50 Wird
1861 2637 89 47 ein
2001 2633 116 50 Gen
2165 2632 165 52 durch

198 2708 119 49 eine
357 2705 275 52 Mutation
671 2709 312 60 verändert,
1025 2728 55 31 so
1123 2709 126 50 fällt
1291 2711 93 49 das
1425 2710 262 50 Ferment
1730 2730 112 39 aus,
1880 2709 115 49 und
2037 2709 88 49 die
2166 2707 164 62 Folge

196 2779 86 60 ist,
334 2780 103 49 daß
490 2781 129 49 auch
670 2781 86 49 die
809 2781 291 50 chemische
1151 2781 462 52 Reaktionskette
1664 2782 408 50 unterbrochen
2121 2783 91 48 ist:
2263 2777 67 50 Es

196 2850 208 52 kommt
452 2872 63 29 zu
565 2853 687 65 Stoffwechselstörungen,
1301 2856 87 49 die
1439 2856 278 49 äußerlich
1767 2876 64 29 zu
1881 2854 283 49 erkennen
2212 2850 116 52 sind

195 2925 111 49 und
331 2924 381 51 Rückschlüsse
740 2926 27 49 d
780 2927 158 48 arauf
963 2927 265 60 zulassen,
1252 2928 198 50 welche
1464 2927 297 60 Reaktion,
1786 2927 226 50 welches
2039 2923 291 53 steuernde

196 2994 255 53 Ferment
490 2999 111 49 und
643 2999 222 50 welches
908 2998 116 50 Gen
1069 3001 340 62 ausgefallen
1450 3004 89 57 ist,
1582 3001 94 50 das
1721 3001 176 49 dieses
1938 2999 261 50 Ferment
2240 3014 92 31 zur

197 3069 320 65 Verfügung
548 3072 216 63 gestellt
793 3072 112 49 hat.
935 3071 150 50 Aber
1112 3073 121 50 hier
1263 3073 170 50 steckt
1463 3073 135 50 noch
1632 3074 131 49 alles
1792 3076 59 47 in
1883 3071 108 50 den
2021 3071 309 62 Anfängen.

195 3141 168 56 Jeder
392 3143 109 64 Tag
532 3144 185 64 bringt
748 3164 139 30 neue
916 3143 417 64 Erkenntnisse,
1365 3147 160 48 schon
1556 3146 182 50 haben
1769 3144 275 52 Versuche
2076 3147 102 46 mit
2209 3142 122 50 dem

1228 3292 66 47 30
