2125 3612
1604 267 53 45 79

630 272 210 43 writer's
873 282 161 32 champ.

61 411 66 42 As
160 416 43 37 to
237 410 73 42 the
343 407 295 57 comparative
673 406 237 55 frequency
944 404 44 41 of
1021 402 104 43 each
1160 402 44 41 of
1243 401 75 42 the
1352 400 123 43 three
1510 400 148 48 forms,

22 481 95 43 ?rof.
138 482 175 54 Berger,
332 480 46 41 in
397 479 75 42 the
489 477 151 43 article
662 490 136 29 above
821 473 190 45 referred
1033 479 57 47 to,
1108 487 137 29 states
1267 471 110 51 that,
1393 471 46 42 of
1461 472 56 41 64
1540 486 120 28 cases

21 552 125 42 v'hich
171 566 119 28 came
315 565 139 28 under
476 549 68 43 his
566 563 96 28 own
687 547 291 44 observation,
1004 545 57 42 24
1083 544 213 56 belonged
1322 548 43 37 to
1400 543 74 42 the
1503 544 157 56 purely

21 623 236 55 Spasmodic
271 622 194 55 Variety,
482 622 53 41 10
556 635 107 28 were
681 633 120 29 cases
819 619 45 42 of
878 617 201 44 Writer's
1096 617 144 56 Palsy,
1257 615 88 43 and
1362 615 24 42 8
1405 629 112 29 were
1537 629 119 30 cases

20 694 26 43 if
68 694 198 43 Writer's
288 693 262 43 Trembling.
615 692 90 42 The
728 690 245 44 remaining
1007 689 56 42 22
1088 703 112 28 were
1223 687 227 56 examples
1473 688 45 41 of
1540 701 116 29 com-

21 766 201 44 binations
245 766 45 41 of
311 770 86 37 two
420 779 47 28 or
484 764 60 42 all
563 764 121 42 three
702 763 45 42 of
765 762 74 43 the
863 762 137 43 above
1026 763 143 41 forms.
1220 760 238 55 Including
1475 773 120 29 some
1618 760 45 42 of

21 832 57 66 [he
101 837 231 43 combined
355 851 131 28 cases,
508 836 36 42 it
567 849 88 29 was
679 834 138 43 found
840 835 98 42 that
961 849 147 28 spasm
1139 833 226 44 exhibited
1397 832 123 43 itself
1544 847 117 29 more

29 924 20 28 r
69 909 86 43 less
177 910 47 42 in
248 910 57 42 34
327 910 47 42 of
392 909 74 43 the
490 908 58 43 64
570 922 129 29 cases.
763 907 44 43 A
830 908 84 42 few
931 907 142 43 words
1097 922 100 41 may
1213 907 53 43 be
1284 906 95 43 said
1402 906 136 42 about
1556 906 107 43 each

19 982 30 44 >f
73 982 73 42 the
167 981 176 43 leading
366 980 216 43 varieties.

64 1053 32 42 I.
134 1054 85 41 The
241 1053 246 43 Spasmodic
510 1053 351 43 Form.—When
886 1053 74 43 the
983 1053 172 56 patient
1179 1052 35 43 is
1237 1051 195 57 engaged
1468 1051 45 42 in
1548 1056 116 38 writ-

19 1140 70 42 ng,
112 1140 146 42 spasm
281 1131 89 38 sets
392 1126 46 41 in
461 1126 48 41 in
532 1140 80 28 one
635 1140 47 28 or
703 1125 169 44 several
904 1126 47 42 of
981 1125 74 43 the
1090 1125 188 42 muscles
1310 1124 98 42 that
1435 1138 70 28 are
1534 1124 132 56 being

19 1198 101 43 ised.
187 1196 263 46 Sometimes
482 1198 36 42 it
548 1198 37 42 is
609 1198 74 42 the
706 1198 178 42 Flexors
907 1197 98 43 that
1027 1211 71 29 are
1121 1196 196 43 affected,
1340 1196 86 42 and
1450 1196 107 42 then
1592 1197 74 42 the

16 1257 74 55 len
122 1270 37 42 is
191 1269 319 56 involuntarily
533 1269 183 56 grasped
741 1269 106 42 with
876 1273 122 52 great
1027 1265 124 46 force'
1175 1268 197 42 between
1406 1268 75 42 the
1505 1269 159 41 thumb

29 1340 60 44 nd
115 1341 168 55 fingers,
307 1355 47 28 or
378 1341 72 42 the
473 1341 157 41 thumb
653 1341 37 42 is
713 1341 107 42 bent
841 1340 198 56 strongly
1063 1340 190 41 inwards
1277 1354 119 40 upon
1433 1340 75 42 the
1531 1341 131 55 palm.

18 1408 251 49 Sometimes
292 1412 35 42 it
349 1412 36 42 is
409 1412 74 42 the
500 1413 252 41 Extensors,
776 1412 87 42 and
886 1412 106 42 then
1016 1413 75 41 the
1113 1411 134 42 index
1272 1412 136 56 finger
1431 1426 47 27 or
1502 1412 158 43 thumb

16 1499 23 29 b
71 1485 299 43 straightened
402 1488 77 39 out
511 1484 88 42 and
631 1484 165 42 carried
828 1488 137 52 apart,
987 1497 47 29 so
1068 1483 98 42 that
1198 1483 75 42 the
1306 1497 85 41 pen
1425 1498 105 42 may
1551 1484 108 56 drop

16 1560 97 40 from
132 1558 74 42 the
225 1557 128 42 hand.
417 1556 91 43 The
526 1571 169 27 spasms
715 1557 102 41 thus
836 1557 206 41 affecting
1060 1555 75 43 the
1153 1555 181 43 Flexors
1352 1570 48 27 or
1418 1556 243 44 Extensors

13 1615 89 57 \iay
126 1630 51 42 be
200 1637 140 34 either
362 1628 119 42 tonic
504 1643 47 27 or
574 1627 164 43 clonic:
773 1628 43 41 in
844 1628 74 42 the
941 1627 133 43 latter
1103 1641 97 28 case
1234 1626 74 43 the
1339 1629 171 54 fingers,
1528 1627 134 53 hand,

19 1715 30 32 ir
91 1717 108 28 even
240 1701 138 42 whole
421 1715 104 37 arm,
564 1700 178 43 become
785 1700 185 42 affected
1013 1699 110 43 with
1158 1699 290 56 involuntary
1481 1700 178 56 jerking

19 1778 244 39 novenient.
329 1773 45 41 It
397 1787 99 27 may
519 1773 53 41 be
595 1772 107 52 said,
725 1772 216 42 however,
958 1771 98 43 that
1080 1771 118 42 tonic
1222 1785 148 29 cramp
1394 1771 36 43 is
1453 1772 67 42 far
1541 1787 120 29 more

17 1834 185 56 iommon
222 1844 109 43 than
353 1844 142 43 clonic
513 1844 190 55 jerking,
721 1844 142 42 which
882 1843 38 44 is
939 1847 93 39 met
1050 1848 106 37 with
1177 1842 106 57 only
1300 1857 97 28 now
1415 1843 87 43 and
1521 1844 139 43 again.

63 1918 59 41 II.
161 1918 85 41 The
273 1917 248 41 Tremulous
545 1916 309 42 Form.—This
876 1915 186 56 variety,
1087 1915 140 42 which
1261 1915 37 42 is
1331 1915 75 43 the
1429 1921 117 37 most
1567 1931 96 28 rare

19 1989 27 42 'f
68 1989 76 42 the
165 1989 134 41 three,
323 1989 36 41 is
383 1987 272 43 constituted
678 1987 58 55 by
760 1987 75 42 the
868 2000 260 29 occurrence
1161 1986 47 42 of
1238 1986 239 57 trembling
1509 1987 45 42 of
1586 1987 76 43 the

18 2059 116 42 •and,
156 2058 86 43 and
265 2073 118 28 more
405 2057 237 56 especially
666 2058 44 41 of
734 2058 73 42 the
831 2058 264 56 fore-finger,
1118 2057 233 42 whenever
1385 2057 73 43 the
1489 2058 173 55 patient

31 2136 183 37 ttempts
237 2135 45 38 to
305 2135 134 37 write.
503 2129 63 43 At
590 2130 107 50 first,
720 2130 36 41 it
778 2129 37 43 is
839 2134 78 37 not
946 2144 47 27 so
1017 2128 166 44 utterly
1209 2128 269 44 destructive
1508 2131 45 41 of
1585 2131 76 43 the

18 2204 327 55 vriting-power
382 2216 47 28 as
461 2201 39 43 is
537 2202 143 42 either
712 2202 45 41 of
795 2201 75 43 the
910 2210 86 34 two
1035 2201 127 43 other
1201 2202 133 42 forms
1353 2218 9 36 ;
1410 2201 91 52 but,
1541 2216 47 29 as
1625 2202 38 43 it

29 2276 201 42 dvances,
252 2276 37 41 it
311 2274 150 42 makes
485 2273 75 43 the
582 2273 300 58 handwriting
906 2288 117 28 more
1047 2273 87 43 and
1164 2288 120 28 more
1309 2273 242 44 tremulous
1573 2275 89 42 and

18 2362 122 42 vavy,
162 2347 117 42 until
305 2351 46 38 at
379 2346 86 43 last
496 2346 37 42 it
565 2346 152 42 makes
750 2346 36 42 it
810 2351 122 51 quite
958 2345 205 57 illegible.
1228 2346 142 42 Lewis
1403 2350 127 39 notes
1565 2351 97 38 that

19 2420 56 42 he
100 2420 249 55 fore-finger
374 2433 111 42 may,
508 2419 48 41 in
579 2432 119 29 some
722 2432 132 29 cases,
878 2419 165 42 remain
1077 2432 119 29 more
1227 2433 46 28 or
1294 2418 86 43 less
1405 2419 257 52 tremulous,

18 2507 93 27 tven
136 2492 127 42 when
289 2491 73 42 the
386 2491 172 56 patient
582 2491 35 41 is
642 2496 76 36 not
743 2490 176 42 writing
941 2489 87 43 and
1051 2490 75 42 the
1151 2489 118 43 hand
1294 2490 36 42 is
1353 2493 47 39 at
1422 2496 99 37 rest.

20 2580 3 20 i
60 2563 87 42 III.
185 2563 84 41 The
291 2563 226 42 Paralytic
538 2562 298 43 Form.—The
870 2561 177 44 leading
1080 2562 169 42 feature
1282 2562 47 42 of
1358 2561 89 43 this
1482 2563 111 42 form
1623 2563 37 44 is

18 2635 139 44 ample
197 2639 118 38 want
351 2635 48 42 of
433 2639 141 38 motor
611 2649 159 42 power,
810 2634 228 43 exhibited
1071 2635 58 56 by
1162 2634 76 43 the
1267 2634 120 42 hand
1421 2634 130 44 when
1583 2635 77 44 the

18 2707 151 46 latient
207 2707 36 42 is
280 2707 193 56 engaged
510 2706 47 42 in
589 2707 188 42 writing.
842 2707 84 42 For
958 2706 60 43 all
1050 2706 126 43 other
1198 2706 363 56 manipulations,
1584 2707 76 43 the

18 2784 124 39 notor
164 2793 167 42 powers
354 2780 47 42 of
432 2779 75 43 the
530 2779 118 43 hand
677 2793 101 42 may
801 2778 54 44 be
893 2779 279 56 unimpaired
1192 2795 9 37 ;
1246 2780 92 41 but,
1372 2779 48 42 in
1452 2793 26 29 a
1509 2793 151 30 severe

17 2860 92 44 jase,
132 2865 55 28 no
210 2865 155 28 sooner
387 2850 79 43 has
489 2850 75 44 the
587 2850 173 56 patient
782 2851 133 43 taken
939 2865 87 42 pen
1049 2851 47 42 in
1118 2851 132 42 hand,
1268 2850 86 43 and
1377 2851 128 43 made
1528 2866 24 28 a
1578 2853 82 42 few

19 2919 148 46 itrokes
187 2923 106 41 with
312 2923 47 50 it,
373 2922 109 44 than
500 2923 54 43 he
571 2923 112 43 finds
700 2923 72 43 the
793 2930 140 36 motor
948 2938 146 41 power
1111 2924 47 41 of
1173 2923 68 43 his
1259 2923 118 42 hand
1397 2924 162 56 ebbing
1574 2924 87 43 fast

18 3003 118 47 iway,
158 3009 46 28 so
228 2995 97 42 that
347 2995 224 55 presently
596 2996 35 41 it
654 3010 100 41 may
779 2996 52 42 be
854 2995 161 43 almost
1046 2995 258 42 impossible
1329 2994 66 42 for
1416 2994 108 52 him,
1546 3010 112 28 even

18 3073 86 37 I'itli
129 3066 74 43 the
226 3072 190 51 greatest
439 3067 137 42 effort,
610 3072 44 37 to
689 3068 124 42 write
848 3082 24 28 a
907 3067 142 43 single
1087 3067 142 43 letter.
1292 3067 368 56 Accompanying

19 3135 67 49 his
110 3139 271 57 progressive
403 3139 86 43 loss
522 3140 47 42 of
604 3145 141 38 motor
776 3154 157 42 power,
959 3139 123 43 there
1118 3139 39 43 is
1195 3154 55 27 an
1290 3138 248 57 increasing
1572 3139 87 42 and
