2107 3450
823 275 164 32 VISUAL
1021 276 209 30 APHASIA.

1771 265 76 41 341

196 397 73 42 the
305 397 134 43 head;
471 398 85 42 and
590 397 55 43 he
677 396 189 44 suffered
901 395 294 43 occasionally
1220 396 109 41 from
1364 395 238 57 giddiness,
1624 395 132 55 being
1779 401 77 49 apt

197 474 43 35 to
272 472 170 52 stagger
474 467 38 44 if
539 468 54 43 he
623 467 158 43 turned
806 466 181 56 sharply
1011 466 43 42 in
1081 466 204 42 walking.
1351 465 70 43 On
1443 470 190 37 account
1655 466 47 41 of
1731 465 124 43 these

194 544 256 50 symptoms,
475 540 53 43 he
565 540 84 42 had
683 540 110 42 been
828 555 25 25 a
886 539 171 55 patient
1091 538 46 42 in
1170 553 75 27 my
1268 537 162 43 Wards
1466 538 108 41 from
1603 537 253 43 November

196 612 105 41 11th
327 612 67 41 till
422 611 243 44 December
689 613 81 42 1st,
796 611 112 43 1885
927 627 8 37 ;
960 612 89 51 but,
1070 611 166 42 though
1262 611 22 41 I
1309 610 111 42 have
1445 609 82 42 full
1550 615 125 38 notes
1700 610 44 42 of
1767 610 88 43 this

194 684 162 42 illness,
382 684 21 41 I
427 685 110 42 need
562 690 76 37 not
661 685 100 42 here
789 684 99 56 give
912 684 173 42 further
1108 683 169 42 details.
1345 683 20 42 I
1391 682 112 43 shall
1528 682 105 56 only
1657 697 77 29 say
1759 688 97 37 that

192 755 54 43 he
284 757 229 43 recovered
557 757 73 43 the
668 771 148 43 power
852 757 45 41 in
938 756 74 43 the
1047 756 119 42 hand
1201 755 88 43 and
1320 756 101 42 foot.
1487 754 68 44 On
1580 755 177 43 leaving
1780 754 74 43 the

191 826 247 60 Infirmary,
462 828 213 43 however,
699 829 53 42 he
786 828 136 43 found
947 828 182 43 himself
1153 828 161 42 unable
1338 833 43 37 to
1405 842 171 28 resume
1599 827 70 43 his
1694 828 161 42 former

190 900 257 55 occupation
488 914 46 28 as
573 900 120 42 clerk
731 900 47 42 of
814 900 153 43 works.
1045 900 72 42 He
1151 899 81 43 felt
1264 899 98 43 that
1394 899 55 43 he
1481 898 88 43 had
1607 914 56 27 no
1702 898 152 57 longer

191 971 220 43 sufficient
430 972 166 43 mental
615 987 160 42 energy
794 972 65 42 for
881 973 47 42 it.
983 972 72 43 He
1079 972 227 43 therefore,
1323 972 116 42 after
1463 972 88 41 this
1576 972 120 42 time,
1715 971 139 42 main-

193 1043 148 42 tained
360 1043 180 44 himself
554 1045 57 55 by
629 1044 234 43 collecting
880 1050 209 37 accounts
1110 1044 63 43 for
1192 1043 255 43 mercantile
1463 1058 112 27 men.
1626 1043 71 42 He
1717 1043 136 41 found

192 1115 179 43 himself
400 1117 122 56 quite
553 1117 97 42 able
676 1123 42 36 to
742 1117 54 42 do
821 1117 100 43 this,
945 1131 46 28 as
1014 1117 69 42 his
1106 1131 167 41 powers
1298 1117 46 41 of
1364 1116 179 42 reading
1566 1115 87 42 and
1680 1120 175 51 writing

193 1189 86 42 and
305 1190 46 42 of
371 1190 179 56 making
574 1205 59 27 up
657 1195 209 37 accounts
884 1204 113 28 were
1020 1204 46 28 as
1088 1194 76 52 yet
1187 1188 260 57 apparently
1470 1188 289 56 unimpaired.

253 1261 67 43 On
355 1262 75 42 the
466 1263 105 41 12th
606 1263 46 41 of
680 1263 248 42 December
964 1262 127 42 1889,
1117 1261 51 43 he
1203 1261 138 42 called
1376 1266 44 36 at
1448 1260 75 43 the
1548 1260 236 56 Infirmary
1808 1263 44 38 to

190 1333 159 42 inform
389 1349 67 28 me
489 1334 97 42 that
618 1339 134 37 about
784 1334 66 42 six
889 1334 142 42 weeks
1065 1333 252 56 previously
1343 1333 53 41 he
1430 1332 86 42 had
1550 1332 85 42 had
1658 1347 24 26 a
1704 1347 148 28 severe

189 1405 176 43 seizure.
430 1406 151 42 About
616 1406 188 56 midday,
834 1406 124 42 when
994 1405 54 43 he
1083 1420 85 27 was
1205 1405 192 55 walking
1430 1405 44 40 in
1512 1405 72 41 the
1621 1410 147 47 street,
1798 1405 55 43 he

190 1477 84 42 had
308 1479 218 41 suddenly
550 1479 80 41 felt
658 1478 135 56 giddy
816 1478 85 42 and
927 1477 192 42 inclined
1144 1481 45 38 to
1214 1477 88 51 fall,
1326 1476 265 57 everything
1614 1478 239 55 appearing

189 1554 44 37 to
271 1551 122 40 swim
436 1551 142 41 before
620 1550 67 43 his
726 1564 129 42 eyes;
893 1550 93 52 but,
1019 1549 114 43 after
1166 1549 264 56 supporting
1463 1549 181 42 himself
1677 1564 116 42 upon
1829 1565 24 26 a

187 1621 159 41 railing
380 1621 64 41 for
475 1621 97 42 half
591 1636 52 27 an
670 1621 122 51 hour,
818 1621 52 41 he
905 1621 83 41 had
1025 1621 141 41 begun
1204 1625 43 37 to
1270 1619 85 43 feel
1382 1620 154 52 better,
1559 1620 99 53 and,
1684 1621 166 57 though

187 1691 91 43 still
300 1692 114 56 light
437 1693 45 41 in
507 1692 75 43 the
606 1692 124 43 head,
752 1692 87 42 had
864 1692 107 42 been
997 1691 110 53 able,
1131 1691 156 43 slowly
1311 1691 87 42 and
1424 1691 107 42 with
1556 1691 232 57 difficulty,
1808 1698 43 35 to

188 1764 112 42 walk
340 1765 138 43 home.
542 1765 92 43 Ten
672 1765 107 57 days
818 1770 112 37 after
969 1765 89 42 this
1096 1764 181 43 seizure,
1316 1764 54 43 he
1403 1764 141 43 began
1577 1769 44 38 to
1657 1765 80 43 feel
1778 1765 73 43 the

186 1836 140 44 whole
358 1837 117 57 right
514 1837 92 43 side
640 1837 47 42 of
721 1837 75 42 the
831 1837 115 42 body
982 1836 98 43 cold
1113 1836 87 42 and
1233 1836 171 56 heavy;
1433 1835 75 43 the
1542 1836 236 43 difference
1809 1839 47 40 of

185 1909 221 42 sensation
446 1910 44 41 in
528 1910 74 42 the
641 1915 85 37 two
761 1909 117 43 sides
911 1909 133 43 being
1077 1924 47 27 so
1155 1909 178 42 marked
1360 1909 107 51 that,
1491 1914 43 37 to
1558 1923 77 29 use
1661 1910 67 42 his
1751 1925 100 27 own

186 1983 266 54 expression,
473 1982 55 44 he
552 1982 80 43 felt
653 1998 46 27 as
722 1983 36 41 if
780 1997 25 27 a
828 1982 154 56 plumb
1006 1982 89 42 line
1119 1982 128 42 down
1273 1982 73 42 the
1370 1982 166 42 middle
1559 1981 45 43 of
1639 1982 72 43 the
1739 1983 111 42 head

186 2054 85 42 and
298 2054 134 42 trunk
455 2054 84 42 had
560 2054 175 42 divided
762 2055 91 41 him
879 2054 95 42 into
999 2060 85 36 two
1108 2052 163 43 halves.
1337 2053 91 42 The
1453 2053 150 42 tactile
1627 2056 222 40 sensation

186 2127 42 40 in
256 2127 73 42 the
364 2127 117 56 right
513 2127 93 43 side
639 2126 174 44 seemed
847 2132 43 36 to
925 2126 181 42 himself
1135 2130 45 38 to
1203 2126 53 42 be
1288 2125 210 54 blunted;
1531 2126 81 43 but
1634 2127 217 43 objective

185 2199 300 42 examination
523 2204 46 38 at
608 2199 73 43 the
720 2199 251 56 Infirmary,
1009 2213 119 28 some
1167 2198 144 42 weeks
1349 2199 271 42 afterwards,
1659 2199 75 42 did
1774 2206 77 37 not

185 2273 179 41 confirm
399 2272 88 42 this
520 2272 271 56 impression.
858 2271 45 43 It
936 2286 86 28 was
1057 2276 45 37 at
1137 2270 89 43 this
1257 2270 121 53 time,
1400 2274 75 39 ten
1499 2271 108 56 days
1630 2272 113 42 after
1777 2273 73 43 the

184 2343 179 43 seizure,
378 2345 93 41 that
488 2345 49 42 he
553 2344 234 42 discovered
803 2344 92 42 that
913 2344 48 42 he
977 2357 88 29 was
1081 2343 270 43 word-blind.
1418 2343 70 43 He
1505 2343 128 43 could
1652 2349 79 38 not
1748 2346 100 42 read

184 2431 108 28 even
318 2416 68 43 his
409 2431 99 28 own
531 2432 139 27 name.
734 2416 64 43 At
821 2416 106 43 first,
945 2416 54 43 he
1024 2430 87 29 was
1134 2431 110 27 even
1264 2416 277 42 letter-blind
1559 2433 9 36 ;
1593 2417 90 52 but,
1704 2418 146 43 before

183 2490 175 42 coming
374 2494 45 38 to
439 2490 73 42 the
533 2490 233 42 Infirmary
787 2504 53 27 on
863 2489 73 43 the
958 2488 108 43 12th
1084 2489 47 42 of
1150 2488 256 51 December,
1426 2488 55 43 he
1504 2488 84 43 had
1614 2491 235 42 recovered

183 2562 268 43 sufficiently
476 2567 43 38 to
543 2563 52 42 be
618 2561 97 44 able
749 2566 44 38 to
827 2562 224 42 recognise
1084 2561 73 43 the
1189 2561 136 42 letters
1346 2561 312 57 individually,
1682 2564 166 42 though

185 2632 51 43 he
261 2633 126 43 could
412 2635 102 41 read
539 2649 55 27 no
617 2634 140 43 single
781 2633 117 43 word
923 2634 190 42 without
1136 2634 95 42 first
1253 2632 192 57 spelling
1468 2634 45 42 it.

242 2705 314 45 Examination
594 2707 45 43 of
678 2707 73 43 the
789 2721 102 29 eyes
935 2712 45 37 at
1023 2706 89 43 this
1150 2706 108 42 time
1297 2706 177 43 showed
1521 2707 163 56 typical
1729 2709 119 42 right

183 2779 336 57 Homonymous
574 2780 334 57 Hemianopsia,
951 2779 107 43 with
1112 2779 182 43 marked
1346 2780 272 42 contraction
1675 2781 44 42 of
1773 2782 74 44 the

183 2852 245 56 remaining
451 2852 81 43 left
564 2852 151 44 halves
739 2853 44 41 of
807 2852 74 43 the
904 2852 125 43 fields
1053 2852 46 42 of
1123 2852 155 42 vision.
1344 2851 91 43 The
1458 2853 277 43 contraction
1761 2869 86 30 was

183 2937 47 28 so
252 2923 180 44 marked
456 2923 96 43 that
571 2924 74 43 the
663 2924 173 57 patient
853 2939 88 28 saw
962 2924 149 43 things
1129 2938 47 28 as
1193 2924 36 42 if
1251 2924 180 57 looking
1449 2930 46 36 at
1514 2924 120 43 them
1656 2928 190 42 through

183 3008 25 28 a
243 2995 116 44 tube.
421 2994 184 57 Though
640 2995 278 52 word-blind,
941 2995 75 44 the
1050 2995 173 57 patient
1257 3010 87 27 was
1382 3000 77 38 not
1493 2996 216 56 agraphia
1775 2998 72 44 He

183 3067 250 52 continued,
458 3067 170 52 indeed,
651 3073 43 37 to
720 3069 122 42 write
866 3083 25 27 a
914 3068 278 57 remarkably
1214 3068 111 57 good
1350 3068 200 43 business
1579 3069 143 54 hand;
1760 3073 86 42 and

182 3139 54 43 he
260 3139 125 44 made
412 3153 100 29 very
541 3140 81 42 few
647 3140 211 43 mistakes
882 3141 43 41 in
958 3140 202 57 spelling,
1183 3140 106 43 such
1315 3154 47 29 as
1386 3140 55 43 he
1465 3140 72 43 did
1566 3141 126 43 make
1716 3143 132 58 being
