2113 3404
328 219 82 40 346

808 235 85 31 THE
931 235 239 32 DISORDERS
1203 237 53 30 OF
1290 237 175 33 SPEECH.

328 361 86 28 was
447 352 20 18 "
483 362 23 28 a
540 355 112 37 most
673 351 266 44 determined
973 353 328 56 Highlander;"
1339 356 84 41 and
1447 356 71 42 the
1542 355 90 42 face
1657 354 80 41 had
1761 367 24 27 a
1807 353 135 41 deter-

332 418 144 42 mined
500 422 259 41 expression.

390 488 340 58 Unfortunately
755 493 21 40 I
800 492 72 42 did
896 498 75 37 not
1004 498 85 38 test
1122 494 66 43 his
1222 509 142 41 power
1398 495 44 41 of
1471 500 173 49 writing
1675 491 272 50 sufficiently,

332 571 45 29 as
410 558 22 42 I
473 574 85 29 was
598 562 136 42 afraid
771 564 46 40 of
845 564 259 55 exhausting
1140 564 101 43 him.
1317 566 87 41 But
1442 566 21 41 I
1499 570 74 51 got
1608 565 90 41 him
1735 569 44 37 to
1817 567 132 45 write,

335 628 102 41 with
482 629 68 42 his
582 632 236 41 somewhat
857 633 119 41 weak
1015 633 117 55 right
1167 634 125 50 hand,
1330 634 66 41 his
1433 648 96 27 own
1565 633 214 42 Christian
1815 645 134 28 name.

334 697 69 42 He
437 699 25 41 d
469 699 40 41 id
553 714 45 28 so
641 700 43 44 in
728 702 116 55 large
886 703 84 41 and
1013 703 236 42 tremulous
1293 704 239 41 characters
1571 704 95 40 that
1700 717 69 27 are
1804 701 146 54 barely

336 767 168 43 legible.

395 837 160 56 Spoken
577 840 353 55 Speech.—There
954 857 84 27 was
1062 857 54 27 no
1143 843 174 42 marked
1352 843 150 42 degree
1524 843 45 40 of
1597 842 357 51 word-deafness;

338 908 79 42 but
439 909 120 43 there
583 925 86 27 was
691 925 25 27 a
747 912 134 55 slight
912 913 152 41 degree
1097 913 44 41 of
1172 915 46 50 it,
1254 913 139 41 which
1427 926 85 28 was
1545 913 148 41 shown
1726 926 121 27 when
1881 911 71 41 the

339 978 169 54 patient
548 993 83 28 was
668 981 139 41 tested
846 981 106 41 with
989 982 75 41 the
1100 996 148 27 names
1286 982 43 41 of
1371 988 197 35 concrete
1609 982 155 54 things.
1827 980 127 50 Thus,

342 1048 122 41 when
491 1049 20 40 I
534 1050 131 42 asked
689 1051 90 41 him
803 1057 42 36 to
869 1052 141 41 touch,
1043 1066 44 27 as
1123 1052 20 41 I
1178 1052 153 41 named
1365 1052 103 41 each
1501 1058 107 48 part,
1643 1052 65 40 his
1739 1064 102 38 nose,
1871 1064 83 39 eye-

341 1118 136 49 brows,
516 1119 134 51 beard,
688 1126 93 45 etc.,
819 1122 52 41 he
906 1122 117 41 often
1057 1122 124 41 made
1215 1122 206 41 mistakes
1453 1122 43 40 in
1535 1136 113 26 what
1680 1121 51 41 he
1764 1120 190 41 touched.

341 1189 137 42 There
519 1205 83 27 was
645 1192 177 41 marked
864 1192 209 42 Amnesia
1110 1192 46 41 of
1190 1193 73 41 the
1307 1206 145 27 names
1495 1192 42 41 of
1579 1206 173 40 persons
1789 1192 82 40 and
1915 1190 42 42 of

342 1265 196 37 concrete
562 1261 156 56 things.
781 1263 116 42 Thus
921 1264 73 41 the
1017 1264 166 54 patient
1205 1269 117 35 often
1346 1262 130 41 failed
1500 1267 42 36 to
1566 1262 125 42 recall
1713 1262 73 41 the
1813 1276 144 27 names

343 1330 47 40 of
429 1330 67 42 his
534 1337 169 36 nearest
741 1332 216 42 relations,
990 1334 84 40 and
1107 1333 126 41 could
1268 1338 75 35 not
1383 1347 121 26 name
1537 1331 169 42 articles
1743 1331 42 40 of
1825 1330 132 41 furni-

345 1405 94 37 ture
463 1401 94 41 that
582 1416 108 28 were
713 1403 177 54 pointed
913 1408 76 37 out
1010 1409 43 36 to
1076 1403 100 41 him.
1240 1404 51 40 In
1317 1403 308 41 conversation,
1647 1402 52 41 he
1728 1416 82 25 was
1843 1411 115 31 often

345 1472 189 42 arrested
556 1473 54 55 by
638 1473 84 42 this
746 1474 302 55 forgetfulness
1071 1474 43 42 of
1140 1488 149 28 nouns.
1351 1474 116 41 Here
1489 1474 35 40 is
1546 1487 25 27 a
1592 1471 113 43 little
1727 1472 65 41 bit
1813 1472 42 40 of
1891 1486 67 39 my

346 1543 299 42 conversation
680 1544 106 41 with
818 1544 101 42 him.
983 1545 144 41 "How
1162 1544 74 42 did
1269 1558 86 41 you
1387 1558 116 28 sleep
1535 1543 83 42 last
1649 1541 188 56 night?"
1898 1540 60 40 "I

345 1619 75 48 got
440 1626 25 28 a
487 1613 193 56 sleeping
702 1614 126 56 thing
850 1614 85 42 late
956 1614 46 42 in
1027 1615 71 41 the
1123 1614 205 41 morning.
1392 1614 44 41 It
1456 1614 36 41 is
1514 1613 177 41 making
1708 1626 66 28 me
1792 1611 170 41 heavier

347 1684 85 41 and
457 1685 171 42 useless.
691 1685 45 42 It
757 1685 154 42 looked
936 1700 100 27 very
1060 1686 128 41 much
1213 1691 42 36 to
1278 1700 66 26 me
1367 1685 84 41 last
1472 1684 124 41 night
1617 1698 45 26 as
1684 1683 36 40 if
1739 1683 119 41 there
1878 1695 84 27 was

347 1768 25 27 a
393 1754 114 42 little
532 1755 241 42 modifying
795 1756 46 41 of
860 1756 72 42 the
954 1782 58 4 —
1034 1756 91 42 Oh!
1158 1757 21 40 I
1206 1755 117 42 don't
1354 1756 126 40 know
1516 1754 92 41 how
1645 1754 20 40 I
1697 1752 112 42 can't
1841 1765 123 27 name

349 1825 120 42 these
493 1825 181 55 things."
736 1826 162 42 "Have
919 1841 87 41 you
1028 1841 84 40 any
1140 1827 100 54 pain
1262 1827 46 40 in
1340 1840 108 41 your
1476 1825 108 41 head
1617 1823 160 42 now?"
1839 1822 128 51 "No;

348 1895 121 43 there
492 1896 36 42 is
550 1911 24 27 a
597 1897 258 55 stupidness,
873 1897 85 42 and
981 1903 76 36 not
1078 1912 45 27 so
1142 1897 120 42 clear.
1327 1898 100 40 Last
1444 1896 135 55 night,
1599 1909 83 27 was
1700 1908 102 40 very
1820 1892 145 55 stupid

350 1967 84 41 and
468 1966 127 43 dull."
658 1968 126 42 "Tell
807 1983 67 27 me
899 1969 114 41 what
1035 1982 85 41 you
1143 1967 82 43 feel
1247 1982 45 27 as
1315 1967 169 54 regards
1506 1980 108 41 your
1640 1964 187 55 speech."
1889 1967 78 36 "It

352 2038 143 41 would
519 2039 50 41 be
591 2039 251 54 impossible
864 2039 64 41 for
953 2053 65 27 me
1042 2046 42 34 to
1107 2039 126 55 bring
1254 2052 58 27 up
1336 2038 72 41 the
1431 2050 145 27 names
1594 2036 43 41 of
1661 2035 119 41 those
1797 2033 169 42 articles

352 2108 98 42 that
486 2123 71 28 are
594 2111 108 40 used
735 2111 62 40 for
829 2111 146 55 acting
1006 2124 116 40 upon
1154 2109 167 42 speech.
1384 2107 137 43 Could
1554 2111 75 36 not
1660 2119 123 28 name
1816 2118 77 27 one
1926 2104 45 40 of

354 2177 129 43 them.
548 2178 44 42 It
613 2178 36 41 is
672 2179 168 54 getting
863 2192 134 28 worse
1019 2178 85 41 and
1129 2176 166 42 worse."

412 2248 141 55 Apart
575 2249 110 41 from
707 2249 74 41 the
803 2249 192 41 amnesia
1017 2249 46 41 of
1082 2262 149 27 nouns,
1255 2247 118 41 there
1398 2260 84 26 was
1504 2259 54 27 no
1582 2244 220 53 hesitancy
1826 2243 44 39 in
1896 2241 73 41 the

355 2319 201 55 patient's
592 2324 242 37 utterance;
868 2319 119 41 there
1013 2332 83 28 was
1119 2332 54 27 no
1196 2330 303 40 stammering;
1530 2314 82 42 and
1636 2313 100 55 only
1761 2326 93 27 now
1886 2311 81 41 and

357 2390 124 41 again
521 2404 85 27 was
644 2390 120 42 there
801 2404 21 27 a
862 2389 132 42 slight
1031 2389 221 41 thickness
1285 2388 43 40 of
1359 2385 154 56 speech
1549 2383 217 56 (slurring)
1799 2382 46 40 in
1876 2395 94 40 pro-

358 2462 218 42 nouncing
598 2477 24 26 a
645 2462 115 41 word
782 2476 47 27 or
850 2460 192 43 syllable.
1104 2459 126 42 "With
1252 2459 68 40 his
1344 2456 105 43 total
1472 2454 387 44 Word-Blindness
1888 2452 83 41 and

359 2536 265 52 consequent
645 2532 202 41 inability
872 2538 41 34 to
937 2531 99 42 read
1062 2544 83 40 any
1182 2528 168 55 printed
1381 2541 46 27 or
1459 2530 169 37 written
1664 2523 126 49 word,
1823 2523 34 41 it
1889 2536 84 27 was

360 2603 255 42 interesting
652 2611 44 32 to
734 2605 189 39 contrast
959 2600 74 41 the
1072 2599 214 42 readiness
1324 2596 104 41 with
1468 2595 135 41 which
1644 2594 51 41 he
1729 2592 242 55 recognised

361 2674 138 42 words
531 2673 121 43 when
687 2673 103 41 they
824 2686 106 28 were
964 2675 112 38 spelt
1107 2669 127 42 aloud
1268 2673 42 36 to
1342 2667 101 41 him.
1507 2666 156 41 Shown
1698 2662 71 44 the
1804 2662 168 55 printed

363 2745 113 44 word
509 2750 77 37 cat,
617 2744 54 41 he
710 2743 123 41 made
871 2756 24 27 a
938 2755 183 27 mistake
1164 2738 103 42 with
1312 2751 125 41 every
1470 2736 127 41 letter
1628 2735 44 40 in
1705 2732 183 56 spelling
1919 2731 58 48 it;

363 2820 79 41 but
486 2831 123 27 when
655 2815 71 42 the
768 2814 149 41 letters
962 2826 106 28 were
1116 2815 112 37 spelt
1269 2808 128 42 aloud
1442 2811 43 37 to
1527 2807 103 43 him,
1673 2805 79 39 and
1798 2803 50 40 he
1890 2814 86 29 was

363 2888 131 45 asked
529 2891 117 39 what
684 2886 35 41 it
756 2898 97 28 was,
889 2883 54 42 he
975 2882 106 55 said,
1113 2886 117 36 "cat,
1261 2880 46 41 of
1336 2877 182 51 course,"
1553 2875 101 42 with
1689 2874 72 42 the
1791 2876 186 52 greatest

365 2960 226 44 readiness.

425 3031 52 42 In
513 3029 86 43 this
632 3025 219 44 condition
885 3024 72 41 the
995 3025 167 55 patient
1194 3018 218 43 remained
1453 3018 61 40 for
1550 3029 131 30 about
1719 3015 94 40 four
1845 3026 131 42 years.
