2125 3612
264 259 310 36 STAMMERING,
606 260 93 30 AND
732 259 89 30 THE
855 258 145 32 STUDY
1034 258 54 32 OF
1122 260 88 29 THE
1243 259 245 32 ALPHABET.
1651 249 53 42 25

49 380 97 43 well
172 385 43 38 to
236 381 99 56 give
358 381 74 43 the
455 380 126 57 pupil
603 379 108 43 such
733 393 26 29 a
788 379 119 43 word
932 391 46 34 as
1001 377 178 58 street,
1210 378 85 42 and
1330 379 78 41 ask
1442 377 92 46 him
1557 379 146 43 which

46 452 47 40 of
108 452 56 42 its
187 452 151 43 letters
362 453 94 41 first
478 452 199 42 contains
700 450 132 42 voice.
899 450 45 41 If
973 449 55 43 he
1061 449 79 43 has
1172 449 180 43 learned
1385 449 75 42 the
1492 450 211 43 alphabet

45 522 110 43 well,
175 522 52 45 he
249 523 87 44 will
356 524 128 41 know
506 528 95 36 that
619 522 74 42 the
711 522 95 41 first
825 521 149 42 voiced
993 521 130 42 letter
1140 522 35 42 is
1193 532 38 30 r.
1288 521 168 42 Should
1476 521 86 42 this
1581 522 120 42 word

45 592 49 44 be
119 593 186 45 difficult
322 595 44 42 of
388 608 351 42 pronunciation,
757 593 55 42 he
828 592 91 42 will
943 592 54 42 do
1014 592 100 43 well
1131 597 45 37 to
1191 592 189 56 practise
1400 592 94 42 first
1509 592 75 43 the
1602 607 99 41 pro-

43 666 255 41 nunciation
335 667 47 41 of
412 665 123 43 reet,
562 665 85 42 and
684 664 107 44 then
827 669 72 37 try
927 663 166 43 street
1126 663 132 51 itself,
1281 663 213 56 touching
1526 663 64 43 off
1624 664 74 42 the

39 738 52 41 St
116 751 101 41 very
245 737 162 57 lightly
439 737 87 43 and
558 737 217 41 throwing
804 736 75 42 the
906 737 123 42 voice
1059 736 152 42 boldly
1234 736 94 41 into
1359 735 75 43 the
1456 745 53 42 r;
1533 735 87 42 and
1652 750 47 29 so

39 817 107 34 with
165 809 125 42 other
308 809 138 43 words
467 817 105 33 with
592 808 144 42 which
751 807 56 44 he
821 822 101 42 may
942 808 110 43 have
1068 808 169 43 similar
1251 807 265 44 difficulties.
1569 807 131 43 With

37 881 75 42 the
134 881 71 42 aid
228 881 45 42 of
295 881 73 42 the
391 885 87 38 two
500 885 88 38 sets
612 880 44 42 of
678 885 241 38 sentences,
942 880 75 43 the
1040 880 205 43 teaching
1266 880 45 42 of
1343 894 23 29 a
1393 895 149 41 young
1564 885 135 38 stam-

35 965 142 29 merer
209 952 37 42 is
279 952 56 42 by
361 967 54 27 no
448 966 150 28 means
625 951 199 43 difficult.
889 952 72 43 He
986 952 92 42 will
1101 966 105 28 soon
1229 952 133 42 know
1386 952 74 42 the
1490 951 209 57 alphabet

34 1037 104 41 very
177 1023 249 56 familiarly,
460 1024 87 42 and
586 1022 91 44 will
714 1024 52 42 be
801 1024 137 42 easily
974 1024 126 42 made
1133 1029 45 37 to
1212 1024 272 42 understand
1517 1024 74 42 the
1619 1024 79 42 all-

35 1094 243 55 important
304 1094 258 43 distinction
596 1095 198 42 between
827 1094 75 43 the
936 1095 151 42 letters
1121 1095 98 42 that
1252 1095 178 42 contain
1454 1095 123 42 voice
1609 1095 88 42 and

37 1165 125 43 those
185 1166 97 42 that
303 1181 72 28 are
398 1167 221 43 voiceless.

98 1236 38 41 5.
167 1235 148 43 When
354 1236 122 42 there
512 1237 36 40 is
586 1250 25 27 a
648 1235 218 43 tendency
904 1250 55 27 on
999 1236 75 42 the
1111 1240 100 51 part
1249 1236 45 41 of
1331 1235 75 43 the
1440 1235 175 56 patient
1650 1241 44 36 to

35 1312 190 50 attempt
249 1307 156 42 speech
422 1308 110 40 from
555 1321 56 27 an
635 1312 151 50 empty
806 1307 136 43 chest,
960 1307 55 42 he
1033 1307 159 42 should
1217 1307 52 42 be
1291 1307 248 42 instructed
1563 1316 43 33 to
1631 1307 65 42 fill

34 1377 75 43 the
147 1378 122 42 chest
305 1379 58 54 by
390 1379 263 41 inspiration
687 1383 45 37 at
765 1378 189 42 suitable
983 1378 225 42 intervals.
1285 1379 44 41 It
1363 1379 37 42 is
1435 1379 260 50 wonderful,

34 1449 214 42 however,
280 1449 99 42 how
402 1449 167 43 seldom
601 1449 134 41 much
768 1449 196 42 training
993 1450 47 41 of
1069 1449 89 42 this
1192 1448 111 42 kind
1335 1449 38 42 is
1407 1449 219 56 required,
1658 1450 35 40 if

34 1520 74 42 the
131 1520 171 55 patient
323 1520 78 42 has
423 1520 183 56 grasped
629 1520 74 42 the
726 1525 123 50 great
871 1519 218 56 principle
1112 1519 97 42 that
1231 1519 56 42 he
1306 1523 120 38 must
1447 1520 127 55 speak
1590 1525 106 37 with

31 1593 118 41 voice.
213 1592 127 42 With
374 1592 88 42 this
495 1591 216 56 principle
739 1591 101 43 well
873 1591 270 43 established
1174 1592 47 41 in
1256 1591 68 42 his
1359 1592 134 51 mind,
1516 1591 56 43 he
1604 1592 88 42 fills

31 1663 68 42 his
122 1663 122 43 chest
267 1664 66 41 for
353 1663 123 43 voice
508 1668 262 51 production
793 1662 307 43 instinctively
1124 1663 129 42 when
1286 1678 25 26 a
1345 1678 95 27 new
1465 1663 161 56 supply
1650 1664 45 42 of

31 1736 66 42 air
117 1736 38 42 is
177 1735 178 43 needed.
1106 1767 6 19 ,

91 1809 35 41 6.
162 1808 54 42 In
239 1807 60 43 all
322 1822 118 28 cases
464 1807 144 43 where
633 1807 73 43 the
730 1807 172 56 patient
924 1807 38 43 is
985 1807 48 43 of
1061 1821 189 29 nervous
1275 1807 307 52 constitution,
1604 1808 89 43 and

30 1884 76 50 apt
129 1884 44 37 to
197 1880 52 42 be
273 1879 234 56 depressed
529 1893 47 28 or
597 1884 82 50 put
703 1884 77 37 out
812 1879 45 41 of
891 1878 152 43 health
1080 1879 59 55 by
1172 1878 110 43 such
1315 1893 153 28 causes
1500 1893 47 29 as
1579 1879 115 42 have

29 1952 177 43 already
227 1952 111 43 been
361 1951 298 43 enumerated,
681 1951 36 42 it
741 1951 91 41 will
856 1951 52 42 be
933 1951 99 42 well
1056 1951 66 42 for
1154 1951 76 42 the
1262 1951 235 56 physician
1525 1956 45 38 to
1604 1965 86 42 pay

30 2024 162 55 special
216 2024 219 42 attention
458 2028 46 38 to
526 2023 76 43 the
624 2022 206 56 patient's
853 2022 154 43 health
1038 2022 89 42 and
1159 2023 128 42 mode
1320 2024 48 41 of
1396 2023 91 52 life,
1510 2023 100 52 and,
1634 2024 60 56 by

32 2096 141 42 tonics
211 2095 86 42 and
336 2095 120 42 tonic
494 2095 209 56 regimen,
740 2094 55 42 do
828 2095 264 55 everything
1128 2095 49 41 in
1205 2095 70 42 his
1313 2109 148 42 power
1499 2100 43 38 to
1580 2096 112 43 raise

30 2168 76 42 the
130 2181 186 28 nervous
340 2172 102 37 tone
465 2167 87 41 and
574 2167 197 55 improve
794 2166 76 43 the
891 2167 176 56 general
1090 2167 236 43 condition.

91 2239 36 45 7.
163 2240 53 41 In
246 2253 118 28 cases
392 2239 44 42 of
469 2238 278 56 exceptional
779 2238 231 57 difficulty,
1031 2239 37 41 it
1091 2238 104 53 will,
1218 2239 202 55 perhaps,
1443 2240 53 43 be
1520 2241 101 43 well
1644 2246 44 38 to

28 2311 279 43 recommend
331 2311 97 42 that
451 2311 74 42 the
560 2310 172 56 patient
770 2310 159 42 should
965 2311 53 42 be
1056 2310 156 56 placed
1252 2312 138 42 under
1427 2326 25 28 a
1489 2318 120 37 tutor
1642 2328 47 28 or

27 2384 235 56 specialist,
295 2383 97 43 who
428 2383 77 43 has
540 2384 108 42 time
687 2387 43 38 to
769 2382 156 43 devote
965 2383 132 42 much
1131 2384 221 42 attention
1385 2388 46 39 to
1465 2385 68 43 his
1567 2385 122 56 daily

27 2455 172 42 tuition.
265 2455 45 42 It
331 2455 37 42 is
392 2463 285 34 unfortuuate
698 2454 107 51 that,
823 2459 45 38 at
890 2458 190 52 present,
1097 2460 116 37 most
1231 2456 47 42 of
1297 2456 126 43 those
1442 2456 97 43 who
1558 2457 129 42 make

25 2541 26 29 a
76 2527 214 56 specialty
313 2527 47 42 of
390 2526 76 44 the
503 2532 238 38 treatment
778 2527 45 42 of
860 2528 288 42 stammering
1185 2542 73 28 are
1293 2542 181 43 persons
1499 2537 189 35 without

26 2599 214 42 scientific
282 2599 193 56 training
522 2614 47 27 or
616 2599 270 55 knowledge.
964 2600 142 42 Many
1144 2601 45 41 of
1236 2600 122 43 them
1398 2601 112 43 have
1547 2607 141 37 secret

25 2671 202 42 methods
251 2671 143 42 which
418 2671 105 43 they
548 2671 105 42 bind
679 2671 114 43 their
814 2671 151 57 pupils
988 2678 78 36 not
1088 2676 45 39 to
1157 2673 206 57 divulge;
1389 2673 87 43 and
1500 2688 119 28 some
1643 2673 48 43 of

1 2753 4 51 j
26 2742 121 42 them
170 2742 125 43 teach
318 2743 116 42 their
466 2742 148 57 pupils
649 2748 45 37 to
727 2743 128 42 make
894 2744 289 56 exaggerated
1221 2758 279 30 movements
1532 2745 46 43 of
1609 2745 77 42 the

1 2835 3 20 :
24 2815 86 55 lips
128 2815 84 42 and
234 2815 91 42 face
345 2815 126 43 when
490 2815 183 56 talking.
721 2814 55 43 So
800 2814 103 57 long
920 2830 47 28 as
987 2816 75 42 the
1082 2821 198 51 mystery
1299 2816 86 43 and
1404 2831 175 29 secrecy
1595 2819 48 41 of
1662 2831 25 28 a

25 2887 177 43 method
226 2888 36 42 is
286 2893 286 37 maintained,
591 2887 73 43 the
688 2887 291 57 imagination
998 2889 44 41 of
1066 2888 75 43 the
1164 2893 259 39 stammerer
1445 2890 37 42 is
1507 2889 179 43 worked

27 2972 116 41 upon
161 2974 9 38 ;
192 2958 85 43 and
295 2959 33 42 if
350 2959 54 42 he
427 2958 77 44 has
527 2959 253 42 confidence
803 2959 46 42 in
874 2959 74 43 the
971 2960 193 56 remedy,
1182 2961 91 42 this
1292 2975 107 41 very
1420 2960 267 52 confidence,

29 3029 85 42 and
138 3030 74 43 the
230 3044 183 29 courage
431 3030 36 43 it
483 3030 122 57 gives
624 3030 107 52 him,
747 3031 128 56 bring
894 3031 147 52 about,
1060 3037 121 37 often
1200 3031 187 57 enough,
1404 3031 182 43 marked
1605 3031 84 42 im-

29 3109 256 47 provement
308 3101 45 44 in
377 3102 68 43 his
468 3102 171 43 speech.
686 3103 90 42 But
791 3103 74 42 the
886 3103 325 55 improvement
1234 3103 37 43 is
1290 3103 104 57 only
1411 3108 249 50 temporary
1679 3117 8 39 ;

1478 3174 27 29 D
