2113 3404
920 252 86 32 THE
1038 253 242 34 DISORDERS
1313 255 52 32 OF
1397 257 173 32 SPEECH.

424 237 86 41 394

424 381 95 27 now
543 368 176 57 making
741 382 24 31 a
786 370 81 42 few
890 378 122 36 notes
1034 387 45 27 as
1104 379 41 35 to
1170 374 71 42 the
1263 375 202 43 relations
1488 378 44 40 of
1560 378 176 54 aphasia
1758 382 42 36 to
1833 377 203 52 insanity,

425 436 22 42 I
471 437 111 42 shall
605 452 98 42 pass
725 453 100 29 over
846 440 74 43 the
944 442 91 42 first
1056 443 46 41 of
1120 443 120 43 these
1263 450 84 37 two
1369 446 154 43 classes
1555 451 248 51 altogether,
1825 446 85 42 and
1939 461 99 28 con-

428 508 84 42 fine
534 522 74 42 my
631 511 214 41 attention
870 517 43 36 to
936 511 73 42 the
1032 514 166 42 second.

487 577 45 42 It
554 578 90 42 will
666 579 51 42 be
739 580 166 55 readily
929 581 259 43 understood
1206 583 95 42 that
1322 584 71 42 the
1416 585 197 42 varieties
1630 586 46 41 of
1694 586 188 54 insanity
1903 586 137 42 which

427 662 70 28 are
530 655 114 36 most
677 655 75 50 apt
785 655 43 37 to
861 652 50 41 be
944 653 283 53 complicated
1259 654 58 56 by
1343 655 71 41 the
1447 669 250 29 occurrence
1728 658 46 40 of
1803 656 238 42 functional

428 719 177 55 aphasia
636 734 70 28 are
744 721 122 42 those
903 722 45 40 in
982 722 142 42 which
1157 723 119 43 there
1312 725 36 41 is
1380 726 177 41 obvious
1594 726 244 42 depression
1885 727 42 40 of
1969 726 73 41 the

428 804 185 28 nervous
637 791 191 55 energies
852 791 46 41 of
919 791 73 43 the
1021 793 133 42 brain.
1217 795 89 41 The
1338 795 247 54 depression
1617 797 43 39 of
1691 810 155 41 energy
1869 810 98 41 may
1990 797 52 41 be

427 860 172 55 lasting,
631 875 45 27 as
712 861 46 40 in
801 861 135 42 senile
979 862 219 42 dementia
1240 864 85 41 and
1366 865 45 40 in
1454 865 174 42 chronic
1670 865 293 42 melancholia,
1995 881 46 26 or

428 945 101 41 may
552 932 52 41 be
631 935 255 51 temporary,
916 946 46 28 as
994 933 110 41 after
1135 948 80 28 one
1247 948 45 27 or
1323 935 123 41 other
1471 935 43 41 of
1545 935 73 43 the
1650 950 229 28 numerous
1911 936 130 42 forms

428 1002 47 41 of
494 1016 185 28 nervous
702 1002 163 42 seizure
889 1003 141 42 which
1052 1003 74 43 the
1154 1004 151 42 insane
1337 1019 71 28 are
1440 1005 235 56 peculiarly
1698 1011 74 36 apt
1803 1011 43 36 to
1878 1007 163 53 experi-

429 1086 104 28 ence
556 1073 108 40 from
687 1072 105 42 time
814 1076 44 38 to
880 1073 115 43 time.
1058 1074 80 41 Let
1159 1088 51 28 us
1241 1075 100 41 look
1373 1075 65 41 for
1468 1089 25 27 a
1523 1081 192 36 moment
1735 1081 45 36 at
1804 1076 72 42 the
1899 1076 144 42 effects

429 1143 45 41 of
496 1143 104 42 each
623 1143 43 41 of
688 1143 122 42 these
832 1146 86 39 two
941 1143 156 43 classes
1119 1144 44 42 of
1185 1145 252 42 conditions.

491 1283 35 43 1.
561 1282 276 43 Conditions
861 1293 53 31 of
945 1284 197 42 Lasting
1173 1285 282 42 Depression
1478 1296 52 31 of
1551 1285 213 42 Nervous
1793 1285 182 41 Energy
1997 1296 48 30 in

429 1353 376 42 Insanity.—We
841 1353 110 43 have
987 1354 174 56 already
1198 1355 249 42 considered
1484 1355 72 42 the
1593 1355 153 42 speech
1782 1355 188 41 troubles
2001 1355 44 41 of

431 1424 174 42 chronic
647 1424 229 42 dementia,
912 1424 84 41 and
1033 1424 108 43 have
1179 1439 101 28 seen
1319 1425 94 42 that
1449 1439 24 27 a
1510 1430 93 37 true
1640 1426 189 41 amnesic
1870 1426 174 40 aphasia

430 1495 110 41 from
577 1495 105 41 time
721 1501 42 35 to
802 1496 106 40 time
945 1496 189 41 exhibits
1170 1496 119 41 itself
1329 1497 44 41 in
1410 1497 105 41 such
1552 1497 226 41 dementia,
1810 1497 84 41 and
1931 1510 113 29 more

432 1565 244 55 especially,
707 1565 196 55 perhaps,
935 1566 46 40 in
1013 1580 79 27 one
1125 1566 45 41 of
1199 1567 57 41 its
1288 1566 334 42 varieties—the
1653 1567 142 41 senile.
1870 1566 175 50 Indeed,

431 1649 24 27 a
488 1636 162 41 certain
684 1642 180 35 amount
895 1636 46 41 of
969 1636 190 42 amnesia
1191 1636 43 42 of
1264 1651 153 40 proper
1449 1651 145 28 names
1625 1637 36 41 is
1693 1650 45 28 so
1772 1650 196 28 common
1999 1637 45 40 in

430 1706 221 42 advanced
673 1721 77 27 age
772 1707 96 41 that
899 1707 36 41 it
966 1720 100 41 may
1089 1707 51 41 be
1172 1707 92 41 said
1295 1712 44 36 to
1372 1708 50 41 be
1455 1707 153 42 almost
1640 1721 24 26 a
1695 1707 164 41 normal
1885 1707 160 54 pheno-

432 1791 167 28 menon.
663 1777 87 41 But
786 1778 138 41 when,
955 1777 45 40 in
1035 1777 74 41 the
1141 1777 117 55 aged,
1291 1777 73 42 the
1400 1777 162 42 mental
1599 1791 160 40 powers
1797 1777 171 42 become
1999 1791 46 28 so

432 1847 226 43 enfeebled
688 1848 95 41 that
812 1847 73 42 the
917 1848 168 54 patient
1115 1861 99 41 may
1248 1848 51 41 be
1331 1848 219 41 described
1573 1862 44 26 as
1640 1848 126 54 being
1788 1848 73 41 the
1883 1848 166 53 subject

432 1919 47 41 of
507 1919 135 41 senile
677 1918 229 42 dementia,
930 1918 72 41 the
1035 1918 188 41 amnesic
1255 1918 175 41 aphasia
1462 1918 37 41 is
1534 1918 115 41 often
1672 1931 115 28 more
1819 1918 229 55 strikingly

433 1988 236 43 exhibited.
733 1989 44 41 It
807 2002 101 41 may
946 1988 52 42 be
1037 1988 246 54 constantly
1320 1992 185 50 present,
1541 1988 245 53 displaying
1820 1987 127 51 itself,
1985 1988 71 49 for,

433 2059 211 55 example,
666 2059 47 41 in
735 2072 24 28 a
783 2058 307 42 forgetfulness
1113 2058 44 41 of
1180 2058 72 42 the
1275 2072 147 27 names
1445 2058 44 41 of
1519 2071 195 28 common
1746 2058 172 54 objects,
1939 2071 46 27 or
2015 2057 35 41 it

434 2145 100 28 may
557 2145 127 27 occur
707 2129 102 42 only
832 2129 109 42 from
967 2130 104 40 time
1094 2133 44 37 to
1160 2129 116 41 time,
1298 2129 127 41 when
1457 2129 72 41 the
1562 2129 120 40 brain
1715 2129 35 41 is
1776 2127 273 54 temporarily

434 2202 252 42 exhausted.
748 2200 145 42 Along
917 2207 104 34 with
1055 2199 73 42 the
1160 2199 191 42 amnesia
1373 2198 195 42 verbalis,
1590 2198 119 42 there
1740 2212 109 41 may,
1872 2203 43 35 at
1946 2197 102 41 such

433 2273 140 40 times,
616 2271 52 41 be
709 2284 25 28 a
776 2269 288 42 disablement
1105 2269 43 41 of
1195 2269 274 41 articulation
1512 2267 138 42 which
1697 2267 138 42 shows
1876 2266 58 42 all
1976 2266 71 41 the

434 2355 340 29 characteristics
796 2340 47 41 of
860 2344 139 37 motor
1019 2339 234 54 asynergia.

495 2412 43 41 It
569 2412 36 41 is
637 2425 59 36 so,
717 2424 101 28 also,
840 2410 45 41 in
918 2423 240 28 connexion
1191 2408 106 42 with
1329 2408 72 41 the
1434 2407 162 42 mental
1621 2406 312 42 enfeeblement
1965 2406 82 40 and

435 2482 249 42 depression
722 2485 97 37 that
854 2479 153 42 attend
1049 2493 115 40 upon
1202 2477 297 43 melancholia,
1536 2477 83 41 and
1661 2490 115 28 more
1817 2476 231 55 especially

434 2567 118 28 upon
584 2551 288 42 melancholia
905 2550 106 40 with
1043 2554 150 37 stupor
1224 2548 84 42 and
1340 2548 188 41 mutism.
1591 2547 144 54 Seglas
1772 2546 75 41 has
1880 2547 168 41 studied

435 2624 88 42 this
558 2623 167 42 subject
749 2621 106 41 with
879 2634 105 28 care,
1007 2620 85 41 and
1127 2619 77 41 has
1238 2618 202 41 recorded
1462 2631 24 27 a
1508 2617 180 41 number
1722 2617 43 40 of
1797 2617 253 54 interesting

436 2707 117 29 cases
591 2694 46 40 of
675 2689 287 43 melancholia
996 2689 45 40 in
1078 2689 141 41 which
1254 2700 169 29 various
1457 2686 127 41 kinds
1619 2686 45 40 of
1701 2686 275 41 disturbance
2007 2685 43 41 of

435 2763 158 44 speech
617 2775 108 29 were
751 2758 235 44 observed.1
1047 2758 177 42 Besides
1253 2758 73 41 the
1359 2757 178 41 mutism
1567 2770 46 28 so
1643 2769 194 28 common
1869 2756 43 40 in
1945 2755 103 42 such

436 2847 263 31 cases—due
721 2830 246 44 sometimes
990 2834 43 37 to
1056 2828 262 42 inattention
1336 2832 43 37 to
1402 2826 256 56 everything
1674 2826 78 41 but
1775 2825 72 42 the
1864 2825 185 42 internal

437 2904 337 43 hallucinations
806 2901 84 41 and
923 2899 229 43 delusions,
1187 2897 245 43 sometimes
1464 2902 44 36 to
1540 2896 315 42 enfeeblement
1886 2896 43 40 of
1961 2895 87 40 will

731 3052 11 23 1
768 3051 66 37 Les
852 3050 145 36 troubles
1015 3050 41 35 de
1074 3049 37 36 la
1122 3048 123 48 parole
1262 3048 75 36 chez
1356 3048 44 36 les
1417 3047 154 46 Alitiirfs,
1591 3046 115 48 Chap.
1726 3045 35 36 ii.
