2107 3450
370 294 207 41 APHASIA,
611 293 103 40 ETC.,
746 293 47 32 IN
829 293 220 32 RELATION
1083 294 55 31 TO
1171 294 286 33 FUNCTIONAL
1490 296 259 32 DISORDERS.
1803 284 88 44 403

227 422 245 50 symptoms
510 420 42 38 to
587 414 179 44 chronic
801 414 166 43 chorea,
1000 414 81 42 but
1115 414 205 56 differing
1356 415 111 42 from
1504 415 36 42 it
1575 416 44 42 in
1658 416 74 43 the
1767 431 119 29 more

222 487 169 43 sudden
413 487 87 43 and
523 487 84 44 less
630 486 281 44 coordinated
936 491 155 38 nature
1113 486 48 43 of
1190 486 75 42 the
1289 492 285 38 movements.
1640 487 43 43 A
1705 489 178 42 chronic

222 559 85 43 and
333 559 173 43 usually
530 559 223 43 incurable
777 558 190 56 malady,
988 558 36 42 it
1046 572 151 28 occurs
1231 558 45 41 in
1300 557 60 43 all
1393 557 176 57 degrees
1600 558 44 43 of
1677 565 205 47 severity,

220 631 109 43 from
352 646 25 28 a
402 646 113 28 mere
549 631 109 43 local
691 631 87 43 and
811 635 276 50 momentary
1121 644 159 42 spasm,
1302 630 107 43 such
1445 644 46 29 as
1526 631 74 43 the
1633 632 247 42 spasmodic

218 703 88 43 and
329 703 168 43 violent
518 703 168 43 closure
709 703 44 42 of
780 702 73 43 the
877 702 179 57 eyelids,
1079 716 48 29 or
1160 702 74 43 the
1268 701 171 44 sudden
1472 702 87 42 and
1591 702 287 58 involuntary

221 775 135 57 shrug
397 776 47 42 of
484 790 24 28 a
543 775 219 52 shoulder,
808 790 56 28 up
900 780 44 38 to
978 789 206 29 constant
1216 775 88 43 and
1337 789 149 29 severe
1520 780 274 38 movements
1838 776 47 42 of

221 847 74 43 the
335 847 140 44 whole
507 848 128 56 body,
670 847 164 57 closely
873 847 236 43 analogous
1149 853 43 37 to
1226 847 75 43 the
1335 852 274 38 movements
1647 848 48 42 of
1729 861 150 29 severe

223 919 177 44 chronic
442 920 166 43 chorea.
694 920 54 43 In
793 935 119 28 cases
954 920 49 43 of
1041 920 75 43 the
1159 920 132 43 latter
1323 920 155 57 degree
1522 919 45 43 of
1599 919 204 57 severity,
1846 919 38 43 it

225 991 90 44 will
357 993 215 56 probably
614 994 53 42 be
711 994 137 42 found
893 996 97 40 that
1033 993 158 43 speech
1233 993 37 42 is
1314 998 121 37 often
1479 992 238 43 interfered
1760 992 122 51 with,

222 1063 47 43 in
301 1078 26 28 a
359 1079 184 29 manner
575 1065 169 43 similar
776 1071 44 37 to
856 1070 96 38 that
983 1064 229 44 exhibited
1243 1065 48 41 in
1325 1079 118 28 cases
1467 1064 47 43 of
1532 1078 149 29 severe
1704 1064 180 43 chronic

224 1136 170 44 chorea.

280 1209 91 43 But
403 1211 46 41 in
483 1211 244 43 connexion
765 1216 105 37 with
903 1210 248 43 spasmodic
1178 1210 60 43 tic
1261 1210 124 43 there
1407 1210 37 43 is
1468 1210 90 43 also
1582 1210 296 56 occasionally

221 1280 229 44 exhibited
467 1283 183 42 another
667 1283 321 55 phenomenon,
1004 1282 144 42 which
1166 1295 140 29 seems
1324 1295 134 29 never
1475 1285 44 38 to
1535 1282 53 42 be
1604 1287 91 36 met
1711 1281 107 42 with
1832 1282 46 41 in

219 1354 244 41 connexion
488 1355 105 41 with
612 1355 175 42 chronic
806 1369 166 28 chorea.
1036 1354 106 42 This
1159 1354 37 42 is
1215 1354 320 56 Logospasmus
1555 1354 325 52 Choreiformis,

219 1439 24 27 a
276 1425 169 43 sudden
477 1426 89 42 and
598 1426 288 56 involuntary
919 1426 209 43 emission
1161 1427 44 41 of
1243 1440 119 28 some
1397 1425 240 56 particular
1674 1426 121 42 word
1833 1440 48 27 or

220 1497 182 55 phrase;
439 1498 88 42 and
558 1499 37 42 is
629 1499 74 42 the
738 1499 308 56 phenomenon
1084 1502 46 38 to
1169 1498 145 42 which
1353 1499 76 41 the
1465 1512 131 28 name
1632 1497 247 57 Coprolalia

220 1568 201 57 (/coVyoo?,
453 1570 169 43 ordure,
655 1571 84 42 and
775 1574 171 42 XaXelv,
979 1576 44 37 to
1055 1570 117 57 talk)
1203 1570 38 43 is
1281 1570 144 56 given,
1472 1570 127 43 when
1644 1570 75 43 the
1762 1571 118 41 word

218 1642 249 57 habitually
495 1643 246 43 ejaculated
774 1644 37 41 is
844 1658 24 27 a
901 1643 119 42 dirty
1048 1643 87 42 and
1169 1642 299 57 disreputable
1502 1657 96 37 one,
1625 1657 47 29 as
1704 1642 37 43 it
1774 1657 106 43 very

218 1713 122 42 often
363 1713 47 43 is.

278 1786 56 42 In
348 1786 74 43 the
439 1786 181 57 chapter
635 1801 56 29 on
707 1787 74 43 the
797 1787 158 43 speech
972 1787 44 43 of
1034 1787 75 43 the
1128 1787 175 43 Insane,
1322 1787 23 42 I
1363 1786 113 43 have
1495 1786 180 44 already
1688 1801 192 29 referred

219 1863 44 37 to
287 1859 88 43 this
399 1861 173 41 curious
601 1860 324 56 phenomenon,
949 1860 88 42 and
1060 1864 44 38 to
1127 1860 76 42 the
1226 1859 268 43 indications
1517 1860 46 42 of
1585 1860 228 43 weakness
1836 1862 45 41 of

216 1932 168 43 mental
417 1933 181 42 balance
621 1933 99 42 that
742 1947 71 29 are
836 1932 176 44 usually
1037 1932 141 43 found
1200 1932 246 44 associated
1468 1932 110 43 with
1600 1932 37 43 it
1658 1933 48 42 in
1730 1947 149 29 severe

219 2017 119 30 cases
361 2004 45 42 of
427 2005 249 56 spasmodic
698 2005 71 43 tic.

264 2180 202 56 Aphasia
488 2182 51 41 in
559 2182 185 42 relation
766 2187 39 38 to
827 2182 185 42 Megrim
1034 2181 229 43 Headache
1285 2181 91 43 and
1399 2185 40 39 to
1460 2180 163 57 Simple
1646 2181 188 44 Nervous

901 2255 284 42 Exhaustion.

274 2370 55 42 In
364 2370 207 56 ordinary
606 2370 204 57 Megrim,
834 2370 144 43 which
1014 2371 37 43 is
1087 2384 47 30 so
1169 2370 245 57 extremely
1448 2384 216 38 common,
1697 2371 179 43 aphasic

212 2441 281 44 disturbance
528 2442 47 43 of
609 2442 159 43 speech
803 2443 37 42 is
874 2457 106 29 very
1013 2457 104 28 rare.
1184 2443 44 42 It
1262 2443 37 42 is
1334 2442 87 43 less
1455 2457 106 38 rare,
1591 2442 215 44 however,
1828 2442 47 43 in

213 2513 118 43 what
363 2528 71 29 are
468 2514 140 44 called
641 2515 76 42 the
749 2519 21 17 "
785 2515 311 43 accompanied
1113 2514 20 17 "
1167 2515 288 43 forms,the
1488 2515 136 42 forms
1656 2515 46 41 in
1730 2515 144 43 which

211 2585 75 44 the
309 2587 221 44 headache
551 2587 39 44 is
612 2588 312 56 accompanied
957 2588 143 43 either
1131 2588 60 56 by
1213 2587 275 57 ophthalmic
1518 2587 278 57 phenomena
1829 2601 47 29 or

213 2658 57 56 by
293 2660 165 55 paresis
480 2660 44 43 of
547 2674 81 29 one
651 2660 92 43 side
766 2661 47 42 of
833 2661 75 43 the
931 2660 127 43 body.
1121 2660 152 43 When
1304 2660 123 43 there
1460 2660 37 42 is
1523 2660 167 57 paresis
1723 2660 47 43 of
1799 2659 75 44 the

213 2731 117 57 right
368 2732 93 43 side
496 2733 47 42 of
577 2732 74 44 the
687 2732 128 58 body,
851 2732 124 44 there
1018 2733 37 43 is
1099 2740 122 36 often
1255 2733 91 43 also
1379 2733 180 56 aphasic
1593 2733 282 43 disturbance

212 2803 44 42 of
277 2804 156 56 speech
450 2820 10 37 ;
492 2804 86 43 and
601 2804 45 43 in
671 2819 119 29 cases
813 2805 47 43 of
877 2809 22 17 "
918 2810 275 52 ophthalmic
1218 2804 219 58 megrim,"
1461 2819 111 29 even
1598 2805 128 43 when
1750 2805 123 43 there

209 2875 37 43 is
269 2890 56 29 no
349 2876 260 59 hemiplegia
631 2877 176 57 paresis,
830 2878 181 56 aphasic
1043 2878 283 43 disturbance
1359 2879 46 42 of
1437 2877 156 44 speech
1618 2878 37 42 is
1689 2883 78 38 not
1790 2892 83 29 un-

210 2961 212 31 common.

269 3021 53 41 In
356 3021 273 57 ophthalmic
663 3023 195 57 megrim,
886 3023 74 43 the
994 3024 282 43 disturbance
1307 3024 46 42 of
1386 3023 143 43 vision
1564 3022 176 57 usually
1774 3037 97 42 pre-

207 3095 125 44 cedes
356 3096 75 44 the
453 3101 126 39 onset
602 3098 47 42 of
668 3097 75 44 the
765 3097 234 44 headache.
1063 3097 66 44 As
1160 3097 37 43 is
1221 3097 101 43 well
1346 3097 176 42 known,
1544 3097 37 42 it
1603 3103 118 36 often
1747 3096 125 43 takes

210 3167 74 43 the
328 3169 111 42 form
478 3170 48 42 of
559 3183 25 29 a
624 3176 248 50 temporary
912 3169 150 43 attack
1106 3169 47 42 of
1194 3169 321 56 homonymous
1559 3167 312 57 hemianopsia.
