1933 3302
296 165 264 33 Hospitalbrand
587 165 52 31 bei
664 165 131 31 offenen
820 163 140 31 Stellen,
985 161 127 31 welche
1138 164 93 28 nicht
1255 160 158 32 Wunden
1439 159 86 31 sind.

1665 160 51 38 23

192 275 23 36 5
245 273 212 40 Nekrosen,
490 272 142 38 welche
654 286 60 24 am
738 272 74 45 11.,
838 272 72 44 11.,
945 271 73 44 11.,
1051 270 76 45 20.,
1160 269 76 46 49.,
1268 269 53 38 im
1341 267 282 41 Durchschnitt
1653 280 63 24 am

247 328 103 45 20,4.
385 328 118 42 Tage,

191 391 23 37 8
245 391 292 38 Tuberkulosen
557 390 76 37 und
654 389 144 50 Lupus,
832 388 143 38 welche
997 400 61 25 am
1079 388 49 45 3.,
1152 387 48 46 4.,
1234 388 48 44 5.,
1316 388 49 45 G.,
1398 389 49 44 6.,
1479 387 49 45 6.,
1561 386 48 46 8.,
1634 385 77 48 24,,

244 445 54 37 im
326 443 278 39 Durchschnitt
633 457 61 23 am
726 444 75 46 7,7.
833 442 119 45 Tage,

191 511 21 35 2
243 509 123 38 offene
386 507 233 39 Carcinome,
650 506 145 39 welche
816 520 61 25 am
899 508 49 44 5.,
972 506 47 37 8.,
1042 505 53 38 im
1116 504 280 39 Durchschnitt
1417 518 61 24 am
1501 505 76 44 6,5.
1601 503 110 52 Tage

242 562 99 38 nach
370 563 66 37 der
464 560 221 38 Aufnahme
715 575 48 23 an
793 560 305 38 Hospitalbrand
1128 559 246 37 erkrankten.

238 658 185 38 Weniger
451 656 141 38 Werth
631 656 126 38 haben
800 657 39 37 in
878 656 239 39 Fischer's
1155 655 231 38 Epidemien
1427 655 61 38 die
1518 654 196 52 Angaben

107 713 68 37 der
203 711 83 38 Zeit
315 712 66 36 der
410 710 207 38 Infection,
657 711 88 37 weil
783 711 61 37 bei
875 711 67 37 der
971 710 182 38 besseren
1183 709 179 50 Hygiene
1393 708 84 39 eine
1507 708 204 51 Hospital-

106 764 308 39 brandinlection
454 764 61 38 ein
554 764 75 38 viel
670 767 209 36 seltenerer
917 763 293 39 unglücklicher
1254 762 128 39 Zufall
1420 776 80 25 war
1548 762 56 38 als
1648 762 64 39 bei

106 832 34 23 V.
171 817 157 38 Pitha.
385 817 87 38 Wir
499 818 130 38 finden
656 818 64 38 bei
748 817 206 39 Fischer
982 817 182 39 folgende
1194 817 121 38 Data:

187 892 24 37 4
241 891 269 51 Operationen,
541 892 143 38 welche
715 905 61 25 am
800 893 46 45 1.,
881 892 75 47 10.,
990 892 101 37 101.,
1125 892 89 37 122.
1236 890 107 51 Tage
1373 891 99 39 nach
1503 891 66 38 der
1600 890 105 40 Ope-

239 946 125 38 ration
393 960 46 23 an
470 945 304 39 Hospitalbrand
804 946 247 38 erkrankten.

163 1010 47 38 10
240 1009 199 39 Wunden,
481 1010 145 38 welche
663 1023 63 25 am
755 1010 50 46 5„
838 1010 74 47 10.,
948 1011 73 47 12.,
1057 1010 74 47 15.,
1164 1011 76 46 27.,
1274 1010 76 48 38.,
1384 1011 75 47 74.,
1493 1011 77 47 83.,
1605 1010 103 48 138.,

243 1064 88 37 149.
363 1063 119 47 Tage,

161 1128 48 37 10
239 1127 140 39 Ulcera
407 1128 131 38 cruris,
570 1128 144 38 welche
744 1141 62 24 am
832 1129 75 46 37.,
940 1129 76 46 38.,
1049 1129 76 46 50.,
1157 1129 76 46 53.,
1267 1130 75 46 72.,
1374 1129 76 47 94.,
1476 1129 101 46 130.,
1603 1129 102 47 160.,

242 1183 101 45 207.,
377 1182 90 38 287.
498 1181 118 46 Tage,

163 1247 44 36 11
239 1246 279 50 Phlegmonen,
548 1246 206 48 Abscesse,
786 1247 240 39 Furunkeln,
1058 1247 145 38 welche
1234 1261 63 24 am
1328 1248 48 47 7.,
1411 1248 73 46 10.,
1520 1249 74 46 11.,
1628 1248 75 47 11.,

243 1301 73 45 11.,
351 1301 74 45 12.,
455 1300 77 47 27.,
563 1301 76 46 38.,
670 1301 76 47 48.,
780 1301 75 38 64.,
888 1302 61 36 72.
982 1301 117 47 Tage,

187 1365 22 36 2
239 1363 201 40 Nekrosen
469 1365 77 38 und
575 1365 226 39 Periostitis,
834 1366 144 38 welche
1009 1379 63 25 am
1104 1366 73 38 16.,
1212 1366 88 37 124.
1333 1365 119 48 Tage,

190 1430 18 36 1
239 1428 274 47 Harnabscess,
544 1430 166 38 welcher
738 1445 62 23 am
830 1432 62 36 36.
924 1431 117 46 Tage,

186 1493 22 36 2
238 1493 248 37 tuberkulöse
521 1494 213 38 abscedirte
762 1494 152 38 Drüsen
952 1495 79 38 und
1061 1494 455 52 Congestionsabscesse,
1557 1495 147 39 welche

239 1559 63 24 am
333 1547 73 44 11.,
441 1547 59 37 16.
532 1547 118 38 Tage,

184 1611 23 35 2
236 1609 132 50 Lupus
398 1611 252 49 syphiliticus,
682 1612 145 38 welche
857 1627 63 23 am
950 1614 48 36 2.,
1032 1614 89 36 112.
1154 1613 118 39 Tage,

184 1674 22 36 2
236 1673 238 51 Leprafälle,
513 1676 144 38 welche
696 1690 62 24 am
795 1676 81 47 43.,
910 1676 61 39 54.
1003 1677 107 51 Tage
1147 1678 101 38 nach
1285 1679 68 37 der
1390 1677 224 40 Aufnahme
1654 1692 51 25 an

236 1727 303 50 Hospitalbrand
568 1731 246 37 erkrankten.

186 1792 19 36 1
238 1791 208 46 Carcinom,
477 1794 165 38 welches
673 1808 61 24 am
763 1795 33 37 1.
818 1795 107 52 Tage
954 1796 100 38 nach
1084 1796 67 38 der
1170 1795 224 40 Aufnahme
1425 1811 50 24 an
1495 1797 207 50 Hospital-

238 1846 121 38 brand
388 1848 217 37 erkrankte.

230 1951 71 37 Bei
342 1951 136 39 Zeiss
518 1953 125 51 zeigte
685 1954 83 39 sich
809 1955 40 38 in
886 1957 22 36 2
938 1956 229 48 Epidemien
1205 1958 67 38 der
1306 1957 309 51 Hospitalbrand
1653 1973 49 24 an

102 2003 206 51 folgenden
338 2005 190 39 örtlichen
556 2006 243 41 Affectionen
827 2009 204 39 localisirt:

772 2096 26 31 1.
825 2095 175 40 Epidemie
1045 2097 29 31 2.
1101 2097 176 40 Epidemie
1323 2098 203 30 Zusammen

265 2142 180 39 Wunden

267 2194 227 42 Geschwüre
579 2211 13 15 »

265 2247 190 41 Abscesse

266 2301 187 39 Bubonen

265 2354 177 50 Erysipel
471 2358 77 37 und
577 2359 264 40 Phlegmonen

265 2408 332 41 Verbrennungen

269 2459 108 40 Ohne
407 2462 152 40 Wunde

232 2564 81 40 Aus
354 2567 129 39 diesen
510 2568 192 53 Angaben
731 2573 148 50 ergiebt
908 2574 82 39 sich
1020 2579 69 35 mit
1119 2576 216 40 Sicherheit
1373 2579 67 38 der
1469 2578 107 48 Satz,
1608 2580 88 39 dass

103 2617 89 39 sehr
211 2619 369 54 verschiedenartige
598 2623 502 56 Continuitätstrennungen
1121 2631 66 37 der
1206 2631 370 50 Körperoberfläche
1598 2633 96 38 Ein-

102 2672 280 49 gangspforten
411 2675 63 37 des
503 2676 346 50 Hospitalbrandes
878 2683 154 37 werden
1060 2684 166 38 können.

232 2724 55 38 Zu
326 2727 177 39 weiteren
545 2730 172 38 sicheren
755 2731 206 41 Schlüssen
1004 2737 84 37 sind
1132 2738 60 37 die
1221 2737 192 51 Angaben
1456 2755 45 23 zu
1539 2742 154 38 unvoll-

104 2777 172 51 ständig,
317 2779 95 38 doch
441 2781 148 40 scheint
618 2797 49 33 es,
700 2785 87 38 dass
817 2786 183 41 frischere
1030 2790 182 39 Wunden
1240 2791 161 39 leichter
1428 2795 78 37 und
1536 2794 159 40 diffuser

105 2831 214 38 erkranken
349 2832 54 38 als
433 2835 74 37 alte
538 2835 438 53 Granulationsflächen,
1017 2843 85 38 dass
1141 2844 136 38 nächst
1313 2846 169 39 frischen
1511 2848 181 39 Wunden

104 2883 91 38 aber
242 2885 113 37 akute
399 2888 76 36 und
517 2890 246 39 tuberkulöse
805 2892 238 54 Eiterungen
1090 2897 117 38 leicht
1253 2911 87 25 vom
1388 2899 306 40 Hospitalbrand

104 2937 179 49 ergriffen
313 2939 162 38 werden.

878 2149 50 37 14

1150 2151 47 37 19

1390 2152 50 38 33

905 2203 21 37 7

1148 2204 47 38 11

1391 2205 49 38 18

904 2256 22 38 8

1148 2258 49 37 13

1390 2258 48 38 21

904 2309 22 37 6

1147 2311 49 37 14

1389 2312 51 38 20

903 2363 22 36 2

1173 2365 23 37 6

1416 2366 22 37 8

1173 2418 22 37 3

1415 2420 23 37 3

904 2469 22 37 2

1175 2471 18 37 1

1415 2473 23 37 3
