2113 3404
798 279 86 31 THE
916 280 241 35 DISORDERS
1189 283 53 32 OF
1273 283 173 35 SPEECH.

310 263 83 42 IGO

308 393 69 44 his
408 395 169 44 readers
609 396 96 44 that
736 411 109 30 even
881 399 198 45 civilized
1110 401 193 44 children
1334 402 91 43 will
1462 404 246 45 sometimes
1738 407 131 44 "coin
1898 425 24 29 a

306 465 210 57 language
538 467 46 42 of
615 468 113 42 their
759 483 108 38 own,
899 469 47 43 in
979 470 141 43 which
1150 472 75 42 the
1256 476 188 39 element
1475 474 47 42 of
1543 478 313 54 onomatopoeia
1885 481 35 43 is

306 536 149 56 barely
477 538 270 52 traceable,"1
765 539 87 43 and
875 539 94 43 that
992 541 271 43 uneducated
1285 542 261 44 deaf-mutes
1568 545 89 42 will
1678 548 240 45 sometimes

305 608 339 57 spontaneously
659 608 145 44 devise
821 610 227 42 articulate
1062 610 160 43 sounds
1240 611 138 42 which
1395 612 102 56 they
1513 627 97 42 may
1627 629 73 29 use
1714 630 45 29 as
1777 632 143 31 names

307 678 66 42 for
404 678 115 42 their
547 678 175 53 friends,
745 684 90 45 etc.,
857 683 22 18 "
895 680 141 41 which
1069 680 160 42 sounds
1261 695 69 28 are
1362 684 258 56 necessarily
1643 685 205 45 destitute
1879 691 42 41 of

306 763 86 42 any
414 750 215 42 imitative
661 749 174 56 origin."
897 750 71 42 He
989 750 102 42 does
1122 756 77 37 not
1230 765 70 29 see
1321 755 22 19 "
1360 752 98 56 why
1489 754 35 41 it
1555 754 154 44 should
1742 756 50 43 be
1823 758 98 44 held

307 820 303 56 antecedently
643 821 252 55 impossible
927 821 96 41 that
1044 822 223 54 primitive
1301 837 99 28 man
1434 838 76 28 can
1543 825 109 43 have
1675 827 134 43 found
1839 843 81 42 any

307 892 123 42 other
460 905 150 29 means
642 891 44 41 of
724 891 116 42 word
870 891 229 42 formation
1134 891 105 43 than
1272 893 95 42 that
1399 894 140 42 which
1570 896 36 42 is
1638 897 197 55 supplied
1866 900 54 54 by

308 960 236 56 mimicry."

364 1032 74 41 Mr
468 1032 151 41 Farrar
649 1031 163 55 objects
845 1032 225 55 decidedly
1097 1036 44 38 to
1174 1032 73 44 the
1280 1034 161 53 notion,
1463 1037 228 54 expressed
1722 1038 57 56 by
1810 1038 109 45 Prof.

306 1102 175 50 Miiller,
503 1102 87 41 and
620 1102 258 55 apparently
900 1117 199 27 common
1132 1108 44 37 to
1207 1108 114 38 most
1346 1105 285 55 philologists,
1653 1107 94 43 that
1779 1111 142 41 verbal

305 1187 46 27 or
371 1176 22 18 "
408 1172 262 56 predicative
685 1173 21 16 "
728 1179 127 46 roots,
878 1173 106 42 such
1010 1187 46 28 as
1078 1178 20 16 "
1113 1175 141 55 going,
1275 1176 188 55 moving,
1485 1177 171 56 tasting,
1678 1180 114 48 etc.,"
1816 1194 105 29 were

304 1244 74 42 the
405 1243 181 43 earliest.
650 1243 102 43 This
786 1249 43 37 to
861 1243 92 43 him
985 1244 37 42 is
1053 1244 332 44 inconceivable.
1447 1246 90 43 The
1567 1248 226 43 invention
1825 1251 43 40 of
1898 1265 24 28 a

304 1315 105 42 verb
432 1319 21 16 "
467 1314 190 56 requires
684 1328 24 27 a
728 1319 166 51 greater
915 1314 124 43 effort
1060 1315 47 41 of
1134 1315 265 43 abstraction
1421 1316 105 42 than
1550 1317 93 43 that
1665 1319 44 41 of
1739 1333 25 28 a
1793 1333 128 38 noun,

304 1386 66 41 for
386 1385 227 56 obviously
630 1399 63 28 we
714 1390 116 37 must
850 1384 110 43 have
977 1385 267 55 generalized
1264 1387 107 41 from
1393 1386 244 44 individual
1654 1389 266 54 phenomena

304 1457 145 42 before
487 1470 63 27 we
587 1469 80 29 can
708 1469 173 41 express
923 1455 120 42 them
1080 1456 196 56 verbally
1311 1457 139 42 under
1486 1457 73 43 the
1596 1459 241 43 conditions
1878 1462 45 40 of

303 1527 177 51 motion,
502 1526 157 51 action,
681 1540 47 27 or
753 1526 229 42 existence.
1045 1559 152 10 ...
1258 1527 44 41 It
1322 1527 192 55 requires
1547 1528 79 42 but
1646 1529 73 42 the
1742 1530 178 43 feeblest

303 1611 145 42 power
469 1597 44 42 of
543 1601 348 37 abstraction—a
922 1610 143 40 power
1086 1597 223 54 possessed
1331 1611 108 28 even
1461 1598 58 55 by
1541 1598 237 43 idiots—to
1799 1615 76 28 use
1896 1616 24 27 a

304 1682 126 28 name
453 1682 45 27 as
521 1667 73 42 the
616 1667 96 55 sign
734 1666 46 42 of
798 1680 24 28 a
844 1667 268 54 conception,
1133 1681 77 40 e.g.,
1228 1671 43 37 to
1294 1681 75 28 say
1391 1671 9 17 '
1415 1667 132 53 sun';
1578 1673 43 37 to
1644 1683 75 27 say
1741 1673 9 18 '
1768 1671 152 51 sheen,'

304 1753 45 27 as
372 1738 73 42 the
467 1737 262 43 description
752 1736 43 42 of
816 1750 24 27 a
862 1736 302 55 phenomenon
1186 1751 198 28 common
1406 1743 44 37 to
1472 1738 57 41 all.
1553 1739 174 56 shining
1749 1741 170 42 objects,

302 1810 37 41 is
361 1823 25 28 a
407 1809 151 41 higher
580 1808 148 42 effort;
758 1806 85 42 and
870 1811 43 37 to
935 1820 76 41 say
1032 1811 10 16 '
1057 1811 45 37 to
1124 1807 148 51 shine,'
1294 1821 46 29 as
1372 1809 247 41 expressive
1642 1810 45 40 of
1715 1810 73 42 the
1811 1817 108 37 state

302 1893 47 28 or
370 1884 81 37 act,
472 1879 37 41 is
541 1877 153 56 higher
725 1876 127 43 still."
914 1876 69 42 He
1006 1876 152 42 thinks
1180 1876 74 43 the
1276 1884 162 36 correct
1462 1878 108 41 view
1594 1883 42 37 to
1659 1879 51 42 be
1732 1879 96 43 that
1850 1881 69 43 the

302 1954 115 38 roots
439 1964 46 28 or
505 1948 140 44 words
668 1948 93 41 first
782 1947 108 42 used
921 1947 57 55 by
1002 1947 74 42 the
1098 1947 222 54 primitive
1342 1949 242 42 child-man
1607 1949 122 42 stood
1751 1950 64 42 for
1836 1965 83 42 any

301 2020 85 42 and
409 2032 130 42 every
556 2022 97 52 part
669 2018 44 40 of
735 2017 168 55 speech,
920 2031 46 28 as
987 2021 45 37 to
1056 2016 88 42 this
1167 2017 84 55 day
1267 2017 36 42 is
1321 2018 74 42 the
1417 2032 95 28 case
1533 2019 45 41 in
1597 2018 95 42 that
1712 2018 206 43 language

301 2091 47 42 of
365 2090 191 43 arrested
572 2088 316 54 development,
902 2087 74 43 the
995 2087 198 43 Chinese.
1254 2088 121 42 Even
1392 2089 47 41 in
1457 2102 78 28 our
1552 2095 172 48 present
1741 2090 177 41 English

301 2162 223 55 language,
546 2174 46 28 as
613 2159 74 41 Mr
706 2158 264 55 Wedgwood
994 2157 154 50 shows,
1169 2157 121 43 there
1313 2172 70 29 are
1407 2172 132 42 many
1561 2159 139 42 words
1724 2159 96 42 that
1842 2174 77 28 can

300 2232 53 42 be
386 2231 104 42 used
513 2228 296 44 indifferently
832 2242 46 27 as
911 2242 128 37 noun,
1062 2227 223 55 adjective,
1309 2229 114 49 verb,
1445 2228 171 42 adverb,
1639 2242 46 27 or
1715 2228 200 55 interjec-

301 2303 104 41 tion.
467 2302 43 41 A
530 2301 103 41 loud
654 2298 141 43 bang
816 2299 36 41 is
875 2313 23 27 a
921 2313 116 27 noun
1055 2314 9 37 ;
1095 2296 146 54 Bang
1264 2304 114 36 went
1400 2299 73 41 the
1494 2313 87 40 gun
1599 2301 7 39 !
1637 2299 36 41 is
1701 2312 54 27 an
1787 2299 130 43 inter-

297 2372 190 54 jection;
522 2372 69 41 Do
627 2375 77 38 not
739 2368 141 53 bang
918 2370 73 42 the
1025 2370 113 42 door,
1170 2371 37 41 is
1244 2384 24 27 a
1304 2369 129 42 verb;
1468 2369 70 42 He
1574 2383 77 27 ran
1687 2366 138 56 bang
1862 2386 56 39 up

303 2447 168 37 against
506 2442 74 42 the
617 2442 110 52 wall,
762 2443 37 41 is
836 2457 55 27 an
929 2441 160 43 adverb
1125 2441 247 56 qualifying
1404 2441 74 41 the
1514 2441 104 42 verb
1654 2456 86 29 ran.
1803 2444 44 41 It
1883 2443 35 42 is

303 2513 167 41 further
501 2512 228 54 suggested
753 2512 94 42 that
868 2512 73 42 the
963 2512 221 54 primitive
1208 2511 136 42 words
1367 2511 44 41 of
1441 2510 73 42 the
1538 2511 239 43 child-man
1809 2525 109 39 may,

302 2582 125 41 aided
460 2582 57 41 by
549 2581 73 42 the
653 2581 211 56 language
896 2581 44 41 of
970 2585 182 51 gesture,
1176 2586 90 37 etc.,
1288 2581 110 41 have
1429 2579 85 42 had
1546 2581 104 41 each
1682 2582 73 41 the
1788 2582 128 55 signi-

301 2654 159 40 ficance
482 2651 44 43 of
557 2665 25 27 a
602 2651 121 42 short
744 2650 365 43 sentence,—like
1141 2664 117 29 some
1279 2650 47 42 of
1353 2649 74 43 the
1449 2649 139 43 words
1611 2651 93 41 first
1726 2651 104 43 used
1861 2651 56 54 by

300 2722 193 43 children
512 2722 46 41 of
570 2721 71 42 the
658 2726 175 50 present
849 2721 94 41 day.
1000 2720 145 42 When
1160 2735 24 27 a
1202 2720 117 42 child
1334 2734 98 41 says
1449 2723 21 18 "
1483 2720 100 55 Up"
1606 2725 43 37 to
1667 2721 57 42 its
1742 2721 175 49 mother,

303 2793 106 43 with
426 2792 230 56 appealing
672 2791 100 42 look
789 2791 85 42 and
892 2791 313 42 out-stretched
1222 2804 123 28 arms,
1365 2790 72 42 the
1455 2789 136 56 single
1610 2789 305 58 monosyllable

303 2864 149 44 stands
474 2864 66 40 for
561 2862 74 42 the
658 2862 138 42 whole
818 2866 215 38 sentence,
1055 2866 20 16 "
1091 2861 150 42 Please
1263 2861 100 41 take
1385 2874 69 28 me
1480 2874 59 42 up
1561 2874 55 28 on
1637 2875 108 41 your
1775 2859 143 46 knee."

302 2935 146 43 When
482 2933 222 43 Professor
738 2932 193 56 Preyer's
965 2931 85 55 boy
1083 2930 94 43 said
1208 2935 20 17 "
1243 2930 167 43 Heiss"
1441 2943 47 29 as
1517 2930 55 42 he
1602 2930 154 44 looked
1781 2936 45 37 at
1847 2931 69 42 the

300 3021 134 31 stove,
454 3005 55 42 he
531 3008 147 38 meant
698 3008 44 38 to
764 3017 174 30 express
960 3002 74 43 the
1056 3001 190 57 opinion,
1267 3006 21 16 "
1303 3001 103 42 This
1429 3005 121 39 stove
1572 3002 37 42 is
1632 3001 110 44 hot."

304 3082 11 23 1
335 3082 68 37 See
416 3085 74 33 two
502 3091 96 27 cases
608 3091 149 36 already
768 3077 138 51 quoted
921 3077 93 36 from
1027 3076 58 36 his
1099 3075 111 47 work,
1229 3075 39 36 in
1282 3075 63 37 the
1358 3074 149 49 chapter
1518 3087 100 36 upon
1631 3074 274 50 Baby-Speech.
