1895 3217
529 880 109 37 THE
667 879 181 39 BLACK
879 879 203 39 ORANG.

465 986 248 46 Troglodytes
736 997 113 25 niger
921 985 233 37 Geoffrov.

717 1091 131 35 Plate
872 1091 30 37 I.

135 1195 112 38 Great
267 1195 94 48 Ape,
386 1197 191 36 Pennant
649 1195 235 48 Troglodytes
904 1196 242 47 cliimparizee,
1178 1195 185 49 Geoffroy
1378 1197 118 36 Saint

188 1262 176 44 Hilaire,
398 1261 181 36 Annales
609 1261 54 35 du
699 1261 205 44 Museum,
943 1273 75 23 xix,
1058 1274 32 33 p.
1137 1261 46 35 87
1257 1261 237 47 Troglodytes

190 1330 109 44 iiiger,
329 1329 228 33 Desmarets
588 1326 294 46 Mammalogie,
912 1339 85 33 page
1033 1328 47 33 49
1156 1326 115 36 Black
1306 1325 120 48 Orang
1456 1327 42 35 of

189 1393 137 43 Africa,
349 1392 272 36 Illustrations
644 1391 49 45 of
714 1391 168 46 Zoology
901 1391 47 45 by
969 1391 138 36 James
1134 1391 165 45 Wilson,
1326 1391 96 47 plate
1454 1405 34 21 v.

190 1459 57 33 fig.
283 1458 22 34 2
380 1458 63 34 Dr
486 1456 124 45 Trail,
652 1456 282 36 Transactions
977 1455 47 46 of
1058 1456 241 36 Wernerian
1332 1457 164 44 Society,

192 1523 70 35 vol.
287 1524 49 34 iii.
361 1536 22 33 p
424 1522 32 36 1.

206 1651 116 44 This
340 1650 194 60 singular
551 1650 168 45 animal
737 1651 80 44 has
835 1653 110 43 been
962 1651 257 46 mentioned
1236 1653 62 58 by
1316 1649 176 47 various

140 1727 228 44 travellers
391 1727 142 45 under
553 1734 78 38 the
653 1742 155 30 names
832 1727 50 45 of
908 1727 140 55 Baris,
1084 1728 211 51 Smitten,
1332 1726 163 54 Quim-

140 1818 116 45 pere,
282 1804 89 44 and
394 1802 365 62 Quojas-moras;
796 1805 81 43 but
904 1810 77 39 the
1006 1805 128 44 adult
1156 1811 117 38 state
1296 1802 194 46 remains

141 1880 48 44 in
211 1895 113 30 even
352 1887 171 53 greater
553 1882 224 58 obscurity
800 1887 111 38 than
942 1887 101 38 that
1068 1880 49 46 of
1139 1880 57 45 its
1221 1880 173 45 Asiatic
1424 1894 72 29 re-

143 1963 313 52 presentative,
469 1956 147 44 which
631 1971 68 29 we
715 1956 114 44 shall
842 1963 110 37 next
961 1957 251 43 endeavour
1226 1962 46 38 to
1288 1955 208 47 describe.

149 2032 96 44 The
267 2032 208 44 relations
499 2030 49 45 of
576 2032 60 44 all
668 2032 230 44 travellers
925 2047 127 29 agree
1079 2032 47 44 in
1154 2033 78 43 the
1262 2032 118 43 large
1412 2031 89 44 and

146 2107 215 60 powerful
389 2114 169 38 stature
594 2108 146 44 which
773 2109 89 43 this
894 2108 168 45 animal
1095 2115 182 47 attains,
1314 2109 90 43 and
1435 2124 67 28 we

146 2185 115 44 have
297 2200 135 45 every
468 2199 155 30 reason
659 2191 45 39 to
741 2185 169 45 believe
945 2192 102 38 that
1082 2185 90 45 this
1208 2185 37 45 is
1279 2185 77 44 the
1392 2183 104 54 fact,

147 2262 170 44 though
340 2268 110 54 they
474 2277 72 30 are
571 2277 171 30 always
773 2277 45 30 so
848 2262 153 45 mixed
1029 2278 61 44 up
1125 2262 112 45 with
1267 2269 81 38 the
1382 2277 121 29 mar-

148 2338 183 53 vellous,
352 2339 89 44 and
460 2338 111 45 with
590 2354 205 30 accounts
814 2339 50 45 of
878 2339 117 44 their
1011 2339 147 44 habits
1178 2339 89 44 and
1285 2344 217 53 sagacity,

151 2430 44 29 so
220 2414 204 45 different
448 2413 110 47 from
581 2422 78 38 the
682 2415 238 45 attributes
944 2414 49 46 of
1008 2431 57 28 an
1089 2416 183 52 animal,
1309 2421 101 38 that
1437 2429 66 28 we

150 2498 122 37 must
291 2491 215 60 certainly
530 2491 197 45 consider
749 2499 124 37 them
898 2492 247 44 undecided
1170 2492 191 43 without
1385 2505 120 29 some

152 2581 119 30 more
291 2567 134 45 direct
443 2573 269 54 testimony;
739 2568 102 53 and,
867 2566 108 46 from
1001 2568 116 44 their
1134 2572 214 55 apparent
1367 2565 142 46 incor-
