2113 3404
866 275 86 31 THK
987 277 239 33 DISORDERS
1259 281 53 30 OF
1345 282 175 31 SPEECH.

376 257 82 41 208

376 388 126 42 word.
566 390 89 43 The
678 393 221 43 condition
923 395 75 43 has
1027 397 55 54 by
1107 412 116 29 some
1255 400 255 43 authorities
1534 401 105 43 been
1663 405 164 41 termed
1860 406 130 45 L020-

375 469 198 41 spasmus
606 459 335 56 Choreiformis;
972 464 80 42 but
1084 466 123 42 when
1242 467 71 42 the
1348 468 135 42 words
1515 469 102 42 thus
1649 470 237 55 ejaculated
1918 487 70 29 are

375 526 244 58 habitually
642 531 45 41 of
716 545 24 28 a
762 532 116 56 dirty
901 535 83 41 and
1018 536 292 56 disreputable
1341 538 232 52 character,
1595 540 73 43 the
1699 545 106 39 term
1831 543 157 43 Copro-

374 597 102 43 lalia
499 599 36 41 is
557 602 220 55 generally
799 605 227 53 preferred.
1090 606 44 42 It
1156 607 35 42 is
1222 610 243 53 suggestive
1487 611 47 41 of
1561 611 73 42 the
1668 617 151 37 nature
1841 614 46 40 of
1915 614 73 42 the

373 669 222 43 condition
644 677 42 37 to
729 673 90 42 find
867 675 107 50 that,
1016 676 44 40 in
1095 678 241 53 coprolalia,
1379 693 23 27 a
1449 681 251 43 convulsive
1743 690 248 36 movement

373 739 262 55 (spasmodic
658 742 78 55 tic)
755 744 46 41 of
819 744 73 42 the
915 758 92 28 arm
1030 761 46 26 or
1097 747 91 42 face
1211 748 36 42 is
1270 748 244 56 frequently
1535 752 234 42 associated
1788 753 104 41 with
1916 754 72 43 the

374 810 259 54 ejaculation
687 813 44 40 of
782 814 73 41 the
900 815 126 42 word.
1104 817 221 42 Professor
1366 818 194 54 Charcot,
1603 822 207 52 however,
1852 837 137 29 seems

373 879 192 44 inclined
590 886 42 37 to
655 883 111 41 refer
787 884 232 54 coprolalia
1041 889 44 38 to
1106 899 25 28 a
1153 886 214 56 deranged
1388 889 219 42 condition
1631 892 43 40 of
1699 892 119 42 those
1841 893 148 43 higher

373 955 167 37 centres
564 952 96 41 that
681 966 70 28 are
774 953 73 41 the
870 968 153 41 organs
1047 956 43 40 of
1116 956 201 53 ideation,
1340 959 144 41 rather
1506 960 104 41 than
1635 965 42 36 to
1700 975 24 28 a
1744 976 114 28 mere
1879 963 110 42 local

373 1020 277 42 disturbance
687 1022 44 41 of
772 1022 72 42 the
875 1023 132 42 lower
1044 1030 146 37 centre
1215 1027 63 41 for
1314 1028 154 54 speech
1491 1029 264 54 production.
1818 1032 22 40 I
1878 1033 107 41 have

372 1089 175 56 already
570 1090 124 42 made
718 1106 23 26 a
763 1092 119 41 short
911 1093 213 44 reference
1146 1099 43 37 to
1213 1096 227 55 coprolalia
1462 1098 45 40 in
1531 1099 72 41 the
1625 1100 155 41 second
1802 1106 185 37 chapter.

373 1159 44 42 It
438 1160 36 42 is
499 1161 166 55 worthy
688 1164 46 40 of
768 1164 170 40 remark
960 1165 97 41 that
1087 1166 46 40 in
1166 1180 115 28 some
1309 1167 45 41 of
1388 1167 120 43 these
1531 1183 115 28 cases
1669 1170 73 42 the
1764 1172 165 52 patient
1952 1174 34 40 is

373 1245 45 27 so
443 1231 128 41 much
594 1233 223 53 possessed
839 1234 86 42 and
948 1237 240 40 tormented
1220 1237 55 55 by
1297 1237 73 42 the
1394 1238 461 54 word-hallucination,
1877 1256 45 28 as
1945 1248 43 37 to

371 1301 84 43 feel
487 1302 36 41 it
543 1316 47 28 as
622 1317 25 28 a
668 1307 21 19 "
707 1304 206 43 veritable
930 1306 165 55 foreign
1118 1307 111 55 body
1248 1307 173 56 loading
1439 1308 67 42 his
1529 1310 228 51 stomach,"
1778 1312 136 41 which
1934 1313 52 42 he

372 1373 104 43 tries
498 1378 44 37 to
564 1374 127 54 expel
714 1375 57 54 by
795 1376 145 42 efforts
963 1377 46 41 of
1027 1384 212 35 spitting.1

432 1518 348 42 Superstitious
814 1519 315 43 Significance
1161 1532 231 30 attached
1422 1533 52 30 to
1501 1522 170 42 Words
1694 1534 56 31 by
1771 1535 116 31 some
1914 1526 72 41 In-

373 1599 114 31 sane
519 1590 520 55 Patients.—Everyone
1073 1591 152 42 knows
1258 1591 97 42 that
1390 1606 155 42 among
1582 1594 172 54 peoples
1789 1595 94 41 who
1917 1610 69 28 are

372 1673 165 42 savage,
560 1660 209 55 ignorant,
792 1660 84 41 and
899 1661 314 54 superstitious,
1237 1662 136 41 words
1405 1662 108 42 have
1540 1663 118 41 often
1681 1677 23 27 a
1727 1666 257 39 mysterious

372 1731 84 41 and
480 1731 306 54 superstitious
810 1731 273 55 significance
1107 1732 199 41 attached
1330 1737 42 36 to
1396 1732 128 42 them.
1588 1733 124 42 Some
1731 1748 69 27 are
1817 1735 100 41 held
1942 1742 42 35 to

371 1801 52 41 be
445 1801 145 54 lucky,
613 1801 85 41 and
721 1801 144 42 others
888 1802 218 55 unlucky;
1140 1802 85 41 and
1248 1803 130 41 forms
1397 1804 45 40 of
1462 1803 148 50 words,
1628 1804 117 41 often
1769 1806 216 55 meaning-

370 1871 84 42 less
477 1871 45 41 in
546 1871 274 52 themselves,
843 1885 70 28 are
937 1872 105 42 used
1064 1886 45 27 as
1139 1872 144 54 spells,
1305 1873 280 41 invocations,
1608 1887 45 27 or
1685 1873 300 46 incantations.

372 1942 93 42 One
500 1942 36 42 is
572 1942 212 42 therefore
818 1946 76 37 not
916 1942 219 42 surprised
1169 1946 43 37 to
1235 1942 90 41 find
1361 1942 94 41 that
1488 1943 164 41 similar
1686 1946 298 40 superstitions

368 2012 174 41 abound
565 2025 156 42 among
742 2011 74 43 the
839 2012 184 42 Insane;
1060 2012 92 42 who
1187 2026 69 28 are
1291 2012 100 41 held
1425 2012 57 55 by
1505 2026 115 28 some
1655 2013 250 43 authorities
1942 2020 42 36 to

367 2083 170 42 exhibit
558 2083 47 41 in
640 2096 117 29 some
781 2096 115 28 ways
930 2097 24 27 a
977 2083 107 41 kind
1106 2083 43 41 of
1181 2083 304 41 retrogression
1519 2083 184 41 towards
1727 2083 71 41 the
1830 2097 152 29 savage

366 2158 122 37 state.
553 2153 256 42 Sometimes
845 2167 93 28 new
975 2153 137 42 words
1146 2152 295 56 (neologisms)
1477 2166 69 28 are
1581 2153 206 41 invented
1821 2154 55 54 by
1910 2155 72 41 the

366 2223 165 42 insane,
568 2228 45 37 to
650 2224 97 55 give
781 2224 248 55 expression
1071 2229 44 36 to
1158 2223 74 42 the
1274 2223 217 42 delusions
1534 2223 140 41 which
1711 2223 107 42 have
1851 2224 129 42 taken

366 2294 242 54 possession
655 2295 44 40 of
742 2294 129 42 them.
955 2294 151 41 Lucky
1154 2294 84 41 and
1285 2293 194 55 unlucky
1527 2293 148 50 words,
1723 2294 129 54 spells
1896 2295 85 41 and

365 2365 305 41 incantations,
712 2379 70 27 are
823 2364 90 42 also
956 2370 89 36 met
1089 2363 101 43 with
1231 2377 154 28 among
1421 2363 130 42 them.
1613 2363 200 41 Without
1854 2365 127 55 going

365 2435 93 42 into
482 2435 168 41 further
673 2435 133 41 detail
829 2449 53 27 on
915 2434 86 42 this
1032 2434 178 54 subject,
1235 2434 21 40 I
1281 2448 97 40 may
1401 2438 129 50 quote
1554 2433 71 41 the
1647 2447 165 28 answer
1839 2434 138 43 which

364 2519 26 28 a
423 2505 171 55 patient
628 2505 45 40 in
709 2505 73 41 the
817 2504 138 55 Eoyal
990 2504 254 53 Edinburgh
1287 2503 185 55 Asylum
1514 2517 106 40 gave
1663 2517 48 27 us
1750 2504 124 41 when
1919 2519 58 27 we

363 2574 135 42 asked
532 2574 90 41 him
658 2575 96 40 how
776 2574 101 41 long
899 2574 52 40 he
986 2573 83 41 had
1105 2573 109 41 been
1250 2573 43 40 in
1330 2572 71 42 the
1438 2572 361 42 Institution:—"
1816 2573 66 55 By
1906 2574 71 41 the

364 2645 105 42 time
491 2645 47 41 of
567 2659 110 27 sane,
701 2644 21 41 I
758 2644 109 41 have
889 2644 107 42 been
1033 2643 100 42 here
1169 2643 65 42 six
1269 2656 147 41 years;
1446 2642 57 55 by
1526 2641 73 43 the
1633 2642 104 43 time
1772 2642 44 43 of
1837 2644 140 53 fuiso-

359 2715 189 56 graphic,
571 2715 23 41 I
627 2715 110 41 have
761 2715 106 41 been
898 2714 97 42 here
1020 2718 72 37 ten
1114 2726 148 42 years;
1296 2713 193 41 fourteen
1512 2726 122 41 years
1658 2713 56 55 by
1739 2713 114 42 what
1875 2713 102 56 they

362 2797 84 31 call
472 2784 220 56 penance."
754 2784 69 42 He
858 2783 228 43 explained
1122 2783 95 41 that
1247 2786 21 17 "
1285 2782 317 55 fuisographic"
1635 2783 36 41 is
1706 2783 131 41 "how
1870 2797 107 41 your

361 2856 76 42 life
459 2856 36 42 is
518 2860 79 51 put
620 2853 230 57 together."

407 3010 11 23 1
445 3009 67 36 See
531 3006 136 49 S^glas,
686 3019 34 35 p.
743 3009 67 34 163
830 3019 9 31 ;
869 3006 75 36 also
973 3018 21 24 a
1012 3017 113 36 paper
1142 3005 49 47 by
1211 3004 156 36 Charcot
1386 3003 72 37 and
1490 3004 171 47 Magnan,
1681 3006 20 17 "
1718 3004 53 35 De
1789 3003 185 37 l'Onoma-

358 3067 191 40 tomanie"
566 3067 124 48 (Arch,
712 3066 39 36 de
769 3065 220 47 Neurologie,
1011 3064 119 48 1885).
