2107 3450
1780 261 84 42 305

698 274 151 32 MOTOR
882 274 196 31 APHASIA
1111 263 261 55 (APIIEMIA).

204 395 198 43 confined
448 400 43 38 to
534 395 97 43 bed.
716 395 56 43 In
815 395 90 43 this
948 395 226 42 condition
1220 393 53 44 he
1317 407 89 30 was
1449 393 144 43 seized
1637 397 108 37 with
1791 392 74 43 the

204 466 315 56 phlegmonous
563 467 239 56 erysipelas
845 467 67 41 for
955 465 143 43 which
1143 465 54 43 he
1243 479 87 29 was
1379 465 267 43 transferred
1694 470 45 36 to
1789 464 74 42 the

202 538 187 42 surgical
423 538 116 42 ward
571 538 87 43 and
690 552 153 42 placed
877 537 141 43 under
1050 537 75 43 the
1161 551 96 28 care
1292 537 46 42 of
1372 536 149 43 Broca.
1587 536 64 42 As
1685 549 177 43 already

201 609 108 56 said,
334 610 52 43 he
410 610 100 43 died
531 611 46 42 in
601 615 135 38 about
758 610 85 43 five
866 610 108 42 days
997 614 112 38 after
1131 609 70 42 his
1224 609 252 42 admission.

259 681 64 43 At
358 682 72 43 the
464 687 199 51 autopsy,
697 697 25 27 a
753 697 106 28 very
892 681 228 44 extensive
1154 681 225 43 softening
1411 694 90 29 was
1534 679 138 43 found
1706 679 48 43 in
1786 679 78 43 the

200 753 81 42 left
307 754 285 56 hemisphere.
658 754 45 42 It
735 754 209 43 involved
967 754 75 43 the
1075 758 173 53 greater
1268 757 101 52 part
1391 753 46 42 of
1469 753 74 42 the
1566 751 164 43 frontal
1752 751 112 53 lobe,

200 839 46 28 as
273 824 96 44 well
404 840 44 28 as
483 826 74 43 the
590 841 157 41 corpus
782 827 218 42 striatum,
1025 827 73 42 the
1132 825 153 43 Island
1319 824 45 43 of
1395 824 112 51 Reil,
1530 824 88 42 and
1652 824 74 43 the
1760 837 100 29 con-

199 897 223 44 volutions
459 898 125 57 lying
621 899 129 56 along
792 899 74 43 the
911 899 168 42 margin
1125 899 44 41 of
1213 898 74 42 the
1331 897 186 43 Sylvian
1561 897 163 42 fissure.
1790 895 69 43 On

199 970 164 43 careful
396 971 312 53 examination,
743 972 137 42 Broca
920 986 86 27 was
1039 971 97 42 able
1176 975 44 38 to
1255 970 157 43 satisfy
1451 968 180 44 himself
1669 972 107 46 that,
1814 967 46 41 in

200 1040 88 43 this
322 1046 98 38 vast
451 1056 99 29 area
582 1043 45 42 of
658 1049 234 51 softening,
924 1043 74 42 the
1023 1042 143 42 oldest
1198 1042 175 55 portion
1408 1055 87 29 was
1528 1040 99 44 that
1649 1043 47 39 at
1727 1052 135 28 about

201 1113 73 42 the
298 1114 165 43 middle
487 1114 47 43 of
565 1115 72 42 the
661 1116 163 41 frontal
857 1115 107 43 lobe.
1031 1115 43 41 It
1108 1113 217 56 appeared
1358 1113 181 43 evident
1569 1111 99 42 that
1690 1111 48 41 in
1771 1110 90 42 this

200 1185 360 56 neighbourhood
584 1187 74 43 the
680 1187 223 43 softening
926 1187 85 41 had
1034 1186 96 42 first
1154 1186 157 56 begun,
1334 1184 87 43 and
1445 1185 98 42 that
1564 1185 37 41 it
1620 1197 88 28 was
1730 1196 130 28 when

201 1256 74 43 the
297 1258 223 57 softening
543 1273 86 29 was
662 1259 170 43 limited
869 1264 45 37 to
947 1259 88 42 this
1070 1257 360 43 neighbourhood
1460 1257 99 42 that
1592 1255 74 43 the
1689 1258 173 53 patient

201 1328 85 43 had
329 1330 109 42 been
481 1331 164 56 merely
687 1331 191 55 aphasic,
901 1330 87 42 and
1029 1335 76 37 not
1148 1329 243 55 paralysed.
1455 1328 91 43 The
1590 1341 273 42 subsequent

199 1401 262 58 hemiplegic
494 1403 213 55 paralysis
739 1403 88 42 had
860 1403 111 42 been
998 1401 158 43 caused
1179 1401 59 42 by
1273 1401 75 42 the
1371 1400 235 43 backward
1630 1399 232 43 extension

198 1473 46 42 of
271 1473 76 44 the
369 1475 231 42 softening.
665 1475 118 42 Such
818 1488 87 28 was
939 1473 172 42 Broca's
1155 1471 287 44 explanation
1476 1473 47 41 of
1543 1472 75 43 the
1642 1485 109 37 case,
1774 1471 87 43 and

198 1546 74 42 the
290 1546 283 55 explanation
597 1546 200 43 received
820 1546 192 42 striking
1035 1545 306 43 confirmation
1360 1545 112 42 from
1493 1544 108 44 Case
1620 1544 75 52 IT.,
1715 1543 146 43 which

198 1619 21 41 I
245 1634 97 27 now
363 1619 188 56 proceed
573 1623 45 38 to
641 1619 129 42 make
793 1633 26 28 a
841 1632 103 29 note
967 1618 54 43 of.

256 1762 120 43 Case
399 1763 61 43 II.
491 1763 172 56 (Broca,
685 1763 223 42 Memoires
941 1762 370 56 d'anthropologic,
1336 1776 37 42 p.
1399 1761 245 43 34).—The
1679 1761 184 56 patient,

194 1835 159 43 named
376 1835 177 57 Lelong,
576 1835 216 43 admitted
826 1835 109 43 24th
970 1835 190 43 October
1198 1835 130 42 1861,
1353 1848 87 29 was
1476 1835 56 42 84
1555 1849 127 42 years
1706 1835 45 42 of
1770 1849 90 29 age.

194 1907 72 43 He
289 1907 87 43 had
398 1908 110 43 been
532 1923 24 27 a
577 1908 214 43 labourer.
858 1908 55 42 In
937 1907 131 56 April
1094 1908 132 42 I860,
1245 1907 55 43 he
1324 1907 86 43 had
1433 1907 86 43 had
1537 1922 57 28 an
1612 1913 248 37 apoplectic

195 1979 159 52 stroke,
387 1980 108 43 with
532 1987 248 49 temporary
812 1980 88 43 loss
933 1980 47 42 of
1011 1980 335 43 consciousness
1367 1996 10 38 ;
1412 1979 68 43 for
1515 1980 144 42 which
1693 1980 56 42 he
1772 1980 87 43 had

195 2051 110 43 been
328 2052 168 42 treated
518 2052 46 42 in
588 2052 203 55 hospital.
855 2051 71 43 He
949 2051 88 43 had
1060 2051 232 43 recovered
1316 2052 46 41 in
1385 2066 25 28 a
1428 2052 84 42 few
1531 2051 120 57 days,
1670 2057 190 38 without

194 2138 87 41 any
305 2124 277 57 hemiplegia,
605 2124 166 42 though
804 2123 68 43 his
896 2124 128 42 walk,
1048 2123 191 43 without
1262 2124 130 56 being
1418 2123 130 57 lame,
1575 2139 85 27 was
1695 2139 25 27 a
1742 2124 118 44 little

195 2196 241 43 uncertain.
501 2197 91 42 The
625 2197 160 50 stroke,
816 2195 220 44 however,
1070 2195 85 43 had
1200 2196 211 42 rendered
1450 2195 92 44 him
1581 2196 192 56 aphasic,
1812 2211 48 30 so

193 2268 98 43 that
313 2268 68 43 his
403 2268 266 43 vocabulary
695 2283 86 28 was
804 2268 189 43 reduced
1028 2273 44 38 to
1095 2268 76 43 the
1194 2268 84 43 few
1311 2268 142 43 words
1477 2273 43 37 to
1554 2269 53 42 be
1631 2269 228 57 presently

192 2340 142 43 noted.
399 2341 72 42 He
495 2355 87 29 was
606 2341 46 42 in
675 2341 90 42 this
789 2340 238 43 condition,
1050 2340 99 43 able
1173 2345 44 38 to
1236 2355 53 42 go
1308 2341 146 51 about,
1473 2341 169 56 though
1664 2342 194 52 aphasic,

194 2413 138 43 when,
350 2427 55 28 on
426 2414 73 42 the
523 2413 108 45 27th
655 2413 47 43 of
722 2413 189 43 October
936 2414 128 42 1861,
1087 2413 69 42 six
1180 2413 178 42 months
1382 2420 114 36 after
1519 2412 75 44 the
1617 2414 161 43 stroke,
1800 2413 57 44 lie

190 2485 76 42 fell
288 2485 87 43 and
402 2485 132 43 broke
560 2485 73 43 the
655 2485 114 43 neck
802 2486 45 42 of
869 2485 70 43 his
966 2486 153 42 femur.
1184 2485 46 42 It
1262 2500 88 28 was
1374 2485 67 43 for
1463 2485 90 44 this
1586 2485 151 57 injury
1759 2486 99 43 that

189 2557 54 43 he
267 2572 87 28 was
377 2558 217 42 admitted
618 2562 44 38 to
687 2557 75 44 the
796 2558 175 44 Bicdtre
995 2557 211 44 Hospital
1238 2557 142 43 under
1402 2558 76 43 the
1512 2572 97 29 care
1632 2558 45 43 of
1706 2559 152 53 Broca,

189 2629 86 43 and
298 2631 34 41 it
358 2645 84 28 was
476 2631 110 42 from
621 2631 75 43 the
730 2631 150 43 effects
914 2631 46 42 of
990 2629 90 44 this
1113 2630 152 56 injury
1289 2630 98 42 that
1420 2630 54 43 he
1508 2630 102 44 died
1642 2634 78 40 ten
1747 2631 110 54 days

188 2701 114 43 after
324 2702 250 44 admission.

252 2774 170 43 Broca's
441 2779 125 39 notes
584 2775 133 43 about
735 2776 75 42 the
829 2775 160 57 speech
1007 2775 47 43 of
1068 2774 89 44 this
1174 2775 174 57 patient
1366 2790 72 28 are
1456 2790 107 42 very
1582 2776 275 45 interesting.

191 2845 71 43 He
286 2851 206 50 says:—"
508 2847 61 42 To
592 2848 75 43 the
690 2849 228 55 questions
942 2862 82 29 one
1048 2847 235 44 addressed
1307 2853 44 37 to
1377 2847 91 43 him
1487 2848 56 44 he
1561 2848 169 56 replied
1751 2849 105 56 only

190 2916 49 42 in
272 2915 130 58 signs,
435 2919 311 55 accompanied
783 2920 56 42 by
875 2934 81 28 one
990 2933 48 28 or
1072 2924 88 37 two
1196 2918 212 57 syllables
1446 2919 263 44 articulated
1734 2934 124 29 ener-

190 2987 206 57 getically
445 2989 87 41 and
582 2990 106 42 with
732 3005 25 27 a
800 2991 165 42 certain
1014 2991 137 42 effort.
1239 2990 140 43 These
1427 2989 212 57 syllables
1693 2990 87 42 had
1834 3005 24 28 a

191 3059 218 56 meaning.
473 3059 122 56 They
618 3075 111 29 were
756 3062 172 42 French
954 3061 153 52 words,
1131 3061 93 50 viz.,
1257 3061 87 51 oui,
1364 3074 99 30 non,
1496 3062 80 42 tois
1609 3061 88 55 (for
1719 3064 138 53 Irois),

191 3129 87 43 and
312 3130 197 58 toujours.
574 3131 71 43 He
678 3131 86 44 had
796 3147 25 28 a
853 3132 101 44 fifth
991 3132 116 43 word
1141 3132 147 44 which
1322 3131 55 44 he
1412 3131 281 56 pronounced
1730 3131 127 43 when

1602 3192 25 41 2
1651 3202 28 39 Q
