1895 3217
288 315 60 40 30

848 325 238 33 MONKEYS.

284 459 80 37 the
387 451 333 62 overpowering
742 450 200 62 feelings,
968 453 54 44 do
1047 454 78 44 the
1148 452 283 46 inhabitants
1455 451 49 47 of
1526 452 130 47 those

286 535 100 38 vast
404 544 220 30 nurseries
638 543 176 30 resume
830 535 77 38 the
923 544 193 30 exercise
1131 529 49 46 of
1190 530 117 45 their
1321 531 125 60 daily
1459 529 193 55 routine,

285 607 91 44 and
414 621 116 29 none
571 620 163 45 among
771 611 129 38 them
941 621 169 45 occupy
1144 622 26 29 a
1204 622 121 30 more
1365 606 289 61 conspicuous

285 684 124 60 place
443 683 113 44 than
590 681 92 45 this
717 680 174 63 family.
962 683 98 44 The
1093 698 122 30 more
1249 690 215 39 timorous
1488 690 166 39 attract

286 767 77 37 the
393 760 240 44 observer’s
667 758 226 46 attention
926 760 62 60 by
1011 760 119 44 their
1164 775 274 30 endeavours
1473 760 51 46 of
1549 775 106 31 con-

286 838 221 44 cealment
522 853 14 37 ;
566 836 90 45 and
674 842 78 39 the
770 843 252 54 protrusion
1042 836 50 46 of
1100 852 241 30 numerous
1359 837 120 46 little
1496 837 156 54 heads,

287 914 114 45 with
423 914 150 45 bright
597 914 91 45 and
711 914 231 60 searching
965 929 119 45 eyes,
1110 913 114 46 from
1247 914 168 45 behind
1433 921 78 38 the
1529 914 126 46 thick-

286 994 170 43 boughs
480 992 90 45 and
593 990 172 62 foliage,
801 990 176 61 plainly
1000 991 102 45 tells
1126 997 104 39 that
1253 991 216 61 curiosity
1493 1006 163 31 almost

286 1070 312 44 overbalances
622 1069 78 44 the
724 1066 92 46 fear
839 1065 50 47 of
915 1068 421 60 self-preservation.
1406 1069 98 45 The
1534 1084 124 30 more

286 1144 192 46 forward
501 1145 146 61 again,
673 1143 114 46 force
811 1143 225 46 attention
1058 1145 63 60 by
1144 1151 79 38 the
1247 1160 174 30 shower
1443 1144 50 46 of
1508 1152 149 39 rotten

286 1223 232 53 branches,
562 1221 123 55 fruit,
730 1221 190 53 flowers,
964 1221 91 45 and
1093 1227 123 48 nuts,
1265 1221 90 45 and
1401 1222 257 46 sometimes

286 1299 232 46 materials
558 1298 50 47 of
634 1314 26 30 a
693 1299 88 45 less
820 1299 231 60 agreeable
1089 1299 127 53 kind,
1257 1305 104 39 that
1401 1314 75 30 are
1515 1306 145 40 either

288 1377 196 45 directed
502 1376 191 61 against,
715 1391 47 30 or
778 1382 387 55 unintentionally
1183 1373 80 47 fall
1281 1391 122 38 near,
1420 1382 78 40 the
1514 1376 144 62 object

288 1454 150 45 which
460 1459 108 40 thus
592 1458 187 40 attracts
812 1458 79 39 the
926 1459 226 39 attention
1186 1451 51 47 of
1261 1452 92 45 this
1386 1469 164 46 prying
1584 1469 71 30 as-

289 1532 197 60 sembly;
524 1530 136 45 while
683 1536 79 39 the
792 1530 209 45 annoyed
1029 1528 186 63 feelings
1246 1527 51 48 of
1321 1535 80 40 the
1436 1537 224 39 spectator

289 1623 105 31 soon
427 1607 100 62 give
562 1622 106 46 way
690 1613 47 39 to
771 1606 285 54 admiration,
1089 1612 48 39 at
1172 1607 79 45 the
1286 1606 116 62 light
1436 1607 91 45 and
1558 1607 99 62 airy

287 1700 201 46 gambols
513 1683 49 47 of
587 1691 128 39 those
747 1683 149 46 which
918 1683 135 45 think
1075 1683 273 46 themselves
1377 1685 181 60 beyond
1581 1685 80 45 the

288 1762 133 45 reach
450 1760 50 47 of
526 1762 179 60 danger,
742 1776 48 30 or
822 1776 74 29 are
920 1761 188 44 amused
1131 1767 47 39 at
1201 1767 79 39 the
1302 1776 231 46 grimaces,
1571 1763 91 44 and

289 1845 234 56 gi’otesque
547 1838 237 54 attitudes,
821 1838 91 45 and
944 1836 105 46 half
1074 1844 172 39 threats
1281 1837 51 46 of
1357 1839 128 44 those
1509 1838 47 46 in
1582 1840 79 45 the

289 1916 265 46 immediate
583 1914 206 46 vicinity.
860 1914 111 45 This
1000 1913 196 47 interval
1220 1914 50 46 of
1297 1915 192 62 activity
1513 1916 46 45 in
1584 1917 79 45 the

290 1993 187 47 tropical
500 1992 149 54 forest,
683 1992 112 45 lasts
818 1990 65 47 for
905 2007 27 30 a
956 1992 353 62 comparatively
1334 1993 121 45 short
1479 1995 182 59 period;

292 2087 27 29 a
341 2070 89 46 few
452 2069 208 62 morning
683 2070 90 44 and
797 2069 192 61 evening
1011 2069 135 46 hours
1171 2068 51 48 of
1246 2070 163 45 milder
1431 2071 123 54 heat,
1590 2087 74 30 are

293 2148 224 44 sufficient
551 2153 46 39 to
633 2146 160 60 satisfy
823 2147 62 44 all
918 2147 120 44 their
1071 2153 178 47 wants;
1285 2147 79 45 the
1399 2149 128 43 blaze
1561 2148 51 45 of
1638 2164 27 29 a

293 2223 185 47 vertical
513 2238 99 38 sun,
645 2237 48 30 or
722 2237 27 29 a
778 2222 122 45 short
934 2222 214 61 twilight,
1186 2238 131 45 again
1347 2224 165 45 obliges
1537 2225 127 45 them

293 2308 46 39 to
363 2301 104 45 seek
496 2315 28 30 a
552 2298 207 61 covering
786 2297 113 46 from
922 2297 60 46 its
1005 2299 169 54 beams,
1212 2315 48 30 or
1288 2315 27 30 a
1343 2300 125 61 place
1498 2300 51 46 of
1573 2310 91 38 rest

294 2379 90 45 and
408 2382 195 55 security
628 2374 114 46 from
776 2375 300 61 depredators,
1113 2376 151 46 whose
1298 2383 106 39 turn
1434 2377 36 46 it
1494 2394 104 30 now
1627 2380 39 45 is

294 2462 47 40 to
365 2455 160 60 satisfy
548 2460 79 39 the
651 2452 201 46 cravings
876 2451 50 47 of
940 2459 175 40 nature.

361 2534 93 44 But
471 2538 127 39 there
613 2546 74 30 are
711 2545 121 30 some
851 2529 135 48 tribes
1002 2530 255 63 inhabiting
1273 2531 143 47 South
1436 2531 228 57 America,

298 2610 149 47 which
477 2624 174 32 reverse
681 2607 92 46 this
807 2622 140 40 order,
981 2609 91 45 and
1104 2623 75 32 are
1211 2610 236 46 nocturnal
1477 2610 47 46 in
1548 2612 117 46 their
