1933 3302
235 149 24 37 2

755 151 217 41 Allgemeine
996 151 333 37 Charakterisirung.

366 256 73 39 Die
467 255 190 40 Reaction
695 259 67 37 des
793 258 184 41 Gewebes
1006 262 75 36 und
1112 262 236 39 namentlich
1378 264 60 38 die
1466 264 374 54 Entzündungspro-

235 310 115 38 ducte
381 310 86 38 sind
497 310 104 38 beim
631 311 309 51 Hospitalbrand
971 314 215 50 eigenartig
1215 317 78 37 und
1323 317 170 39 weichen
1522 332 75 25 von
1626 322 119 37 denen
1778 323 61 37 bei

234 363 167 51 eitrigen
441 363 242 40 Infectionen
722 367 222 37 wesentlich
983 368 59 37 ab.
1102 368 78 38 Der
1218 368 306 51 Hospitalbrand
1562 373 70 38 übt
1668 376 69 36 auf
1771 377 68 36 das

234 417 205 51 ergritFene
478 417 164 40 Gewebe
681 420 111 38 einen
828 420 246 39 erheblichen
1115 423 293 39 entzündlichen
1439 425 89 37 Reiz
1559 440 85 33 aus,
1674 429 165 38 welcher

231 471 74 38 mit
334 471 88 37 dem
452 471 173 39 scharfer
654 473 238 38 chemischer
924 474 219 39 Reizmittel
1164 498 48 4 —
1236 475 268 49 Canthariden,
1527 478 146 40 Säuren
1695 485 69 34 etc.
1789 503 47 5 —

233 524 226 51 verglichen
489 527 156 37 werden
682 527 118 37 kann.
858 527 137 38 Dieser
1035 528 89 38 Reiz
1162 530 212 38 veranlasst
1413 532 138 38 einmal
1589 534 111 37 einen
1731 535 110 37 mehr

232 579 94 37 oder
355 579 173 51 weniger
557 581 219 37 intensiven
806 579 193 49 Schmerz,
1030 582 166 38 welcher
1224 583 63 38 bei
1318 585 85 37 dem
1434 589 127 34 ersten
1590 586 151 52 Beginn
1773 589 67 37 der

231 632 222 39 Krankheit
490 647 99 36 ganz
627 634 142 38 örtlich
799 635 163 37 einsetzt
989 636 79 37 und
1105 636 117 50 zeitig
1250 638 71 38 wie
1357 639 138 37 örtlich
1524 640 60 37 ein
1614 644 118 35 steter
1761 642 76 37 Be-

231 687 142 50 gleiter
402 688 68 38 der
499 688 221 37 Krankheit
749 688 61 38 ist.
860 689 56 37 Er
945 689 96 37 wird
1061 690 71 37 mit
1162 690 87 38 dem
1278 691 105 39 einer
1403 692 179 52 Aetzung
1611 695 91 37 oder
1733 708 105 25 eines

230 740 327 40 Insectenstiches
601 742 224 49 verglichen
862 743 78 37 und
970 743 145 38 bildete
1150 744 61 37 bei
1241 745 73 37 den
1350 745 195 39 schweren
1575 747 166 39 Formen
1772 749 67 37 der

232 795 104 38 alten
366 796 87 38 Zeit
482 795 122 38 durch
634 796 105 37 seine
761 795 212 50 Stetigkeit
1003 797 67 37 das
1092 798 285 38 aufreibendste
1407 801 76 35 und
1514 802 324 37 unerträglichste

231 849 206 51 Symptom
476 850 67 37 der
578 849 231 39 Krankheit.
869 850 149 38 Weiter
1055 851 183 51 bedingte
1277 852 65 37 der
1379 852 459 40 Hospitalbrandprocess

231 904 85 38 eine
346 903 213 47 intensive,
592 903 268 39 entzündliche
891 904 241 50 Phlegmone
1163 905 65 38 des
1259 904 204 48 Gewebes,
1494 907 145 38 welche
1669 909 78 37 sich
1780 909 59 38 bis

231 958 70 38 auf
329 958 84 38 eine
442 957 111 38 mehr
583 958 93 37 oder
705 958 171 50 weniger
905 958 125 38 breite
1060 958 103 38 Zone
1193 973 74 24 von
1297 960 67 38 der
1393 959 351 40 Geschwürsfläche
1775 976 61 23 er-

230 1012 183 38 streckte.
472 1012 169 37 Endlich
681 1012 97 38 wird
820 1012 119 38 durch
982 1013 72 37 den
1095 1012 305 51 Hospitalbrand
1438 1013 100 47 eine,
1574 1016 40 48 je
1644 1016 97 37 nach
1772 1017 68 36 der

228 1066 209 38 Intensität
467 1066 68 37 der
564 1065 222 39 Krankheit
815 1066 275 51 geringfügige
1130 1067 58 38 bis
1224 1067 89 38 sehr
1351 1067 217 39 erhebliche
1597 1068 239 39 Exsudation

228 1134 77 24 von
324 1120 503 51 Entzündungsproducten
846 1120 177 38 bewirkt.
1074 1120 115 38 Diese
1217 1121 185 38 letzteren
1429 1122 124 37 haben
1584 1136 61 24 am
1674 1126 163 35 meisten

230 1175 96 37 dazu
364 1174 274 51 beigetragen,
681 1174 88 38 dass
808 1175 67 37 das
905 1174 190 38 klinische
1124 1174 90 38 Bild
1252 1175 67 37 der
1348 1175 218 38 Krankheit
1595 1177 71 36 den
1697 1176 138 51 Augen

228 1242 161 25 unserer
418 1228 222 39 Vorfahren
670 1242 42 24 so
743 1228 89 38 sehr
861 1228 376 38 verschiedenartige
1265 1228 196 38 Gestalten
1492 1230 232 49 dargeboten
1755 1231 80 36 hat.

227 1283 69 38 Ich
334 1282 82 38 will
459 1297 66 23 zur
567 1282 301 38 Erleichterung
910 1283 65 37 des
1021 1282 318 38 Verständnisses
1377 1296 75 24 von
1498 1284 228 37 vornherein
1766 1285 68 37 be-

226 1337 174 38 merken,
434 1338 87 37 dass
543 1337 61 37 die
626 1337 195 37 exsudirte
843 1336 189 38 Substanz
1061 1337 110 37 mehr
1200 1337 91 37 oder
1311 1336 170 50 weniger
1500 1336 89 38 bald
1611 1337 85 37 dem
1718 1337 118 38 schon

227 1394 228 36 erwähnten
471 1391 417 50 Zersetzungsprocess
907 1391 65 37 des
988 1390 348 38 Hospitalbrandes
1360 1390 242 38 anheimfällt
1616 1391 77 37 und
1714 1391 119 37 durch

226 1446 67 38 ihn
333 1445 136 39 weiter
506 1448 208 35 verändert
749 1458 108 25 wird.
916 1443 64 39 An
1018 1444 82 38 sich
1138 1444 103 37 kann
1277 1445 42 49 ja
1357 1444 67 37 das
1453 1443 176 38 Exsudat
1656 1444 108 38 nicht
1793 1457 43 25 so

226 1500 253 38 verschieden
510 1500 95 38 sein,
637 1500 47 37 da
715 1513 39 24 es
783 1512 73 24 nur
886 1512 67 24 aus
985 1499 73 37 den
1085 1497 187 39 Gefässen
1302 1511 187 24 stammen
1519 1498 114 37 kann.
1683 1498 53 37 Es
1766 1498 66 38 be-

227 1555 104 37 steht
359 1555 109 37 nicht
498 1568 68 24 aus
586 1554 122 38 Eiter,
741 1553 168 38 sondern
935 1552 274 50 ursprünglich
1239 1566 67 24 aus
1326 1551 134 38 Fibrin
1490 1552 77 37 und
1598 1566 67 23 aus
1687 1557 149 33 seröser

225 1609 244 38 Flüssigkeit
498 1609 79 37 und
606 1608 140 38 beiden
775 1620 240 25 zusammen,
1046 1606 71 38 mit
1144 1606 111 38 mehr
1289 1606 91 38 oder
1409 1606 169 50 weniger
1606 1606 228 37 reichlicher

225 1664 161 50 zelliger
416 1662 292 39 Beimischung.
766 1661 152 38 Heine
947 1661 84 37 hält
1066 1660 59 38 die
1154 1659 420 50 Fibrinausscheidung
1608 1660 81 45 „die
1720 1659 112 50 diph-

224 1717 231 39 theritische
504 1717 215 37 Infarsion"
772 1716 64 37 für
885 1716 66 37 das
1001 1717 99 35 erste
1149 1713 174 39 Stadium
1381 1714 65 36 der
1492 1713 218 37 Krankheit
1756 1713 77 37 und

224 1773 143 38 nimmt
408 1785 68 24 an,
529 1772 87 37 dass
661 1771 54 37 sie
763 1769 86 51 „bei
884 1770 110 49 jeder
1033 1768 116 38 Form
1191 1781 99 25 ohne
1332 1767 222 38 Ausnahme
1597 1779 234 33 vorkomme,

226 1841 114 24 wenn
371 1826 98 38 auch
498 1840 74 23 nur
602 1838 99 38 ganz
730 1823 321 39 vorübergehend
1083 1823 79 37 und
1190 1822 115 37 kaum
1337 1824 270 47 angedeutet".
1667 1819 58 38 Ob
1754 1834 80 23 nun

227 1881 64 39 bei
329 1882 74 37 den
441 1894 99 37 ganz
574 1892 186 39 geringen
806 1877 450 50 Krankheitsanfängen,
1297 1875 60 38 die
1400 1874 190 51 gelbliche
1628 1874 127 38 Masse
1792 1875 42 36 in

228 1937 74 37 den
333 1937 128 37 ersten
489 1935 290 49 linsengrossen
810 1931 218 40 Grübchen,
1060 1931 48 38 ob
1138 1931 130 37 ferner
1299 1929 60 38 die
1389 1928 266 51 grau-weisse,
1687 1928 145 37 bräun-

226 1991 102 37 liche
365 1990 60 38 bis
463 2002 214 25 schwarze,
717 1987 144 38 viscide
899 1999 92 25 oder
1027 1985 110 38 mehr
1166 1984 157 50 flüssige
1353 1982 305 50 Absonderung,
1689 1981 144 37 welche

226 2045 72 38 wir
327 2044 40 38 in
398 2044 74 38 den
501 2042 169 39 Formen
700 2041 190 38 mittlerer
918 2039 209 38 Intensität
1157 2038 55 38 als
1242 2037 237 49 Bedeckung
1509 2037 65 36 der
1604 2035 228 38 Geschwüre

228 2100 157 37 kennen
422 2098 137 38 lernen
589 2096 174 39 werden,
804 2095 40 37 in
882 2095 66 37 der
977 2093 103 37 That
1120 2106 67 24 aus
1217 2091 133 38 Fibrin
1387 2089 286 50 hervorgehen,
1703 2101 130 25 würde

229 2154 85 38 eine
343 2166 152 38 genaue
525 2150 307 40 Untersuchung
860 2149 41 37 in
931 2148 67 38 der
1026 2147 120 37 Folge
1187 2148 77 36 erst
1294 2144 245 38 entscheiden
1575 2156 165 24 müssen.
1788 2141 45 38 In

229 2209 74 37 den
333 2220 202 26 schweren
554 2205 133 39 Fällen
719 2204 124 50 pflegt
872 2202 83 38 sich
981 2202 66 37 das
1068 2199 134 39 Fibrin
1230 2199 54 37 als
1316 2198 116 38 derbe
1452 2197 106 38 Haut
1587 2196 247 50 aufzulagern

226 2263 79 37 und
336 2261 99 39 auch
474 2261 60 37 die
566 2259 164 39 Gewebe
769 2271 46 24 zu
852 2256 216 38 infiltriren.
1117 2253 116 39 Diese
1268 2250 366 49 „diphtheritischen
1673 2249 159 39 Schich-

226 2318 90 37 ten"
351 2316 157 38 können
549 2314 158 50 längere
743 2311 105 47 Zeit,
885 2312 42 48 ja
955 2321 256 26 wochenlang
1248 2306 183 38 bestehen
1470 2305 172 44 bleiben,
1684 2303 68 38 ehe
1793 2316 41 24 es

227 2385 68 24 zur
323 2370 228 40 Ulceration
579 2369 162 37 kommt.
801 2365 143 39 Sobald
975 2364 103 37 diese
1108 2362 172 50 beginnt,
1312 2360 95 38 wird
1438 2359 59 38 die
1517 2358 199 38 Membran
1747 2359 84 35 ent-

227 2438 131 25 weder
386 2424 40 38 in
455 2420 458 41 zusammenhängenden
944 2417 171 39 Stücken
1154 2419 196 47 abgelöst,
1383 2414 92 38 oder
1504 2426 54 24 sie
1587 2411 153 38 zerfällt
1768 2409 70 38 auf

228 2481 68 37 der
326 2477 260 39 Wundfläche
626 2476 79 38 und
744 2474 168 39 bedeckt
951 2472 103 38 diese
1095 2484 55 24 als
1188 2467 341 50 zäh-schleimige,
1569 2465 134 50 käsige
1743 2464 90 37 oder

226 2533 150 39 breiige
406 2532 129 38 Masse
573 2544 73 24 von
685 2529 332 38 verschiedenster
1045 2525 206 49 Färbung,
1291 2522 161 49 bedingt
1491 2519 119 38 durch
1648 2519 60 37 die
1742 2517 89 38 Bei-

226 2600 203 38 mengung
458 2599 75 25 von
563 2582 285 40 Blutfarbstoff.
907 2580 266 39 Nussbaum
1202 2576 208 39 berichtet:
1448 2574 81 46 „die
1558 2571 273 50 buntfarbigen

229 2642 236 40 Geschwüre
504 2652 120 26 sehen
660 2635 221 41 manchmal
917 2634 72 38 wie
1017 2633 277 39 Metalldrusen
1332 2631 102 36 aus."
1495 2627 56 38 Ist
1588 2627 83 37 dem
1700 2625 132 38 Fibrin

227 2697 112 38 mehr
379 2708 130 26 seröse
538 2691 242 51 Flüssigkeit
808 2689 268 51 beigemengt,
1109 2700 41 25 so
1180 2686 125 38 lagert
1334 2697 38 24 es
1403 2681 81 39 sich
1513 2694 55 24 als
1598 2679 231 51 gelatinöse-

227 2753 93 36 oder
360 2746 355 43 eiweiss-ähnliche
745 2744 129 39 Masse
911 2743 40 37 in
987 2742 79 37 und
1104 2740 70 38 auf
1208 2739 59 38 die
1305 2736 174 39 Gewebe.
1537 2735 46 38 Je
1622 2732 108 39 mehr
1767 2731 66 37 der

226 2803 311 41 Hospitalbrand
577 2815 76 25 von
691 2797 231 41 vornherein
966 2797 72 37 den
1082 2791 289 42 Gewebsgrund
1410 2790 40 38 in
1487 2801 197 39 grösserer
1723 2783 112 39 Tiefe

227 2859 162 39 inficirt,
432 2858 108 39 desto
569 2868 113 26 mehr
711 2852 112 52 quillt
853 2851 142 38 dieser,
1029 2849 219 38 durchsetzt
1276 2847 71 36 mit
1375 2843 346 38 fibrinös-serösem
1752 2838 79 37 Ex-

229 2915 123 38 sudat,
386 2927 43 23 zu
451 2910 262 40 bedeutender
732 2906 214 39 Erhebung
970 2904 96 38 über
1095 2903 60 38 die
1175 2898 256 41 Wundfläche
1453 2898 75 44 auf,
1551 2896 105 38 desto
1676 2891 156 39 rascher

230 2969 87 37 tritt
347 2968 101 37 dann
488 2979 92 25 aber
620 2962 96 40 auch
745 2959 306 41 Nekrotisirung
1086 2957 78 38 und
1193 2955 235 48 Zersetzung
1467 2964 78 32 em,
1584 2960 41 25 so
1655 2947 85 38 dass
1771 2946 59 38 die
