2813 3926
1297 3787 27 48 5

320 364 122 49 One
486 363 60 49 of
585 364 185 48 Henry
811 362 340 49 Wellcome's
1195 361 131 49 aims
1368 376 105 33 was
1517 368 55 41 to
1616 360 213 64 acquire
1872 376 29 33 a
1942 375 136 49 copy
2119 360 59 49 of
2217 376 158 48 every

251 445 296 64 significant
584 443 211 66 printed
831 450 109 42 text
976 442 140 50 from
1150 443 90 49 the
1276 442 201 50 history
1511 442 60 49 of
1602 442 245 49 Western
1883 442 225 49 medical
2145 442 225 49 science.

250 527 392 48 Achievement
662 525 60 49 of
738 525 101 49 this
859 524 309 65 impossible
1190 524 103 49 aim
1313 539 106 34 was
1440 531 51 42 at
1512 524 131 49 least
1662 523 196 64 closely
1877 523 361 65 approached.
2261 524 113 48 The

250 608 263 49 Library's
552 606 283 50 collection
874 606 60 48 of
969 621 129 34 over
1136 606 98 49 600
1273 605 322 49 incunabula
1632 620 106 34 was
1777 605 197 64 largely
2012 605 158 49 made
2209 620 72 34 up
2319 605 60 49 of

250 689 296 49 accessions
569 689 138 48 from
731 688 150 49 three
904 688 211 49 famous
1138 687 203 65 private
1365 687 258 49 libraries,
1648 686 153 50 those
1825 687 59 48 of
1903 686 230 50 William
2156 687 216 58 Morris,

248 773 108 47 J.F.
391 772 196 62 Payne,
619 770 104 49 and
754 771 134 47 Kurt
916 769 183 49 Wolff.
1132 770 147 48 Most
1307 769 60 49 of
1390 769 89 49 the
1508 776 147 57 great
1683 784 184 34 names
1895 768 51 49 in
1974 768 89 49 the
2092 768 201 65 history
2320 768 59 49 of

249 852 262 49 medicine
574 852 139 49 from
776 851 280 65 antiquity,
1119 851 89 49 the
1270 852 290 48 European
1622 850 206 49 Middle
1890 851 167 64 Ages,
2121 850 104 49 and
2286 850 89 49 the

250 934 360 49 Renaissance
634 949 89 34 are
746 933 349 65 represented
1115 933 68 64 by
1204 933 222 49 original
1449 948 61 34 or
1529 932 144 64 early
1694 931 230 50 editions
1945 932 60 49 of
2023 932 137 49 their
2179 932 192 49 works.

247 1017 112 48 The
396 1016 218 49 Library
647 1015 40 49 is
722 1015 337 65 particularly
1093 1015 109 49 rich
1236 1015 51 48 in
1321 1015 173 49 books
1527 1014 60 49 of
1615 1014 90 49 the
1739 1013 347 50 Continental
2119 1021 258 42 scientific

249 1113 356 34 renaissance,
629 1097 104 49 and
754 1097 37 49 it
814 1097 93 49 has
930 1113 28 33 a
978 1097 109 49 fine
1109 1097 284 49 collection
1413 1097 60 48 of
1489 1096 143 64 early
1652 1095 211 65 printed
1884 1096 225 49 medical
2130 1096 174 49 books
2325 1096 51 48 in

250 1180 234 64 English.

310 1328 317 49 Interesting
671 1327 104 49 and
819 1328 143 48 early
1005 1335 321 41 association
1369 1326 181 50 copies
1593 1342 88 33 are
1724 1326 150 49 three
1916 1326 242 49 volumes
2200 1325 170 49 which

240 1410 268 50 belonged
561 1418 55 40 to
671 1409 362 49 Hieronymus
1086 1410 228 48 Miinzer
1366 1406 375 67 (1437-1508),
1795 1415 143 42 town
1990 1407 273 65 physician
2315 1408 59 48 of

240 1492 356 64 Nuremberg,
616 1491 105 49 and
737 1491 129 49 bear
882 1491 78 49 his
977 1499 267 41 signature
1263 1490 104 50 and
1383 1498 175 42 notes,
1576 1490 123 49 viz.,
1719 1505 66 34 an
1799 1488 248 51 Articella
2066 1488 180 65 (1483)
2267 1490 104 49 and

240 1575 89 48 the
351 1574 113 49 first
486 1573 229 50 editions
737 1573 60 49 of
815 1573 241 49 Bernard
1078 1573 60 49 of
1156 1573 276 49 Gordon's
1454 1571 195 50 Lilium
1670 1573 294 48 medicinae
1987 1570 180 65 (1480)
2191 1572 104 49 and
2315 1572 59 48 of

240 1657 89 48 the
346 1656 314 49 Aphorismi
675 1655 292 50 secundum
988 1654 293 50 doctrinam
1304 1653 191 51 Galeni
1513 1652 181 66 (1489)
1714 1654 60 49 of
1787 1654 90 49 the
1896 1654 263 49 medieval
2176 1654 193 49 Jewish

240 1738 271 65 physician
553 1737 104 50 and
698 1737 350 65 philosopher
1087 1738 185 48 Moses
1312 1736 382 49 Maimonides.
1740 1736 251 49 Another
2027 1765 35 4 -
2097 1736 273 49 Johannes

241 1820 253 50 Stoeffler
513 1820 104 49 and
635 1820 231 49 Jacobus
886 1820 253 48 Pflaum's
1155 1818 301 50 Almanack
1476 1835 139 33 nova
1635 1816 181 66 (1499)
1833 1848 36 4 -
1883 1818 94 49 has
1994 1818 90 49 the
2102 1825 268 57 signature

241 1902 59 49 of
313 1903 301 48 Hartmann
632 1902 246 49 Schedel,
897 1902 272 48 Munzer's
1186 1901 171 49 friend
1377 1900 104 50 and
1497 1901 297 64 colleague,
1815 1900 104 49 and
1935 1900 259 65 compiler
2209 1900 60 49 of
2281 1900 89 49 the

240 1984 306 50 celebrated
585 1983 332 50 Nuremberg
957 1982 282 51 Chronicle
1279 1981 203 66 (1493),
1523 1983 60 49 of
1616 1982 171 50 which
1825 1982 90 50 the
1954 1982 219 64 Library
2211 1982 93 50 has
2344 1998 28 33 a

241 2066 195 65 superb
458 2082 156 49 copy,
636 2066 125 49 with
783 2074 414 56 contemporary
1218 2073 175 42 notes,
1416 2065 140 49 from
1577 2065 232 49 William
1830 2064 242 50 Morris's
2095 2064 210 65 library.

301 2182 185 49 Books
505 2181 140 49 from
664 2182 89 49 the
772 2181 265 50 sixteenth
1055 2181 104 50 and
1177 2182 352 49 seventeenth
1547 2182 265 49 centuries
1830 2182 211 50 include
2060 2182 231 50 editions
2308 2183 60 48 of

233 2264 280 57 Aristotle,
540 2263 196 60 Galen,
762 2264 380 65 Hippocrates,
1168 2264 231 59 Rhazes,
1424 2264 301 49 Avicenna,
1751 2264 105 49 and
1877 2264 304 59 Albucasis,
2206 2280 158 49 many

232 2345 60 50 of
328 2345 147 50 them
516 2346 51 48 in
608 2346 90 49 the
739 2354 147 56 great
927 2346 230 49 editions
1198 2346 59 49 of
1294 2346 89 49 the
1425 2346 462 65 scholar-printers
1928 2346 128 50 such
2096 2362 55 34 as
2190 2347 174 49 Aldus

233 2428 296 59 Manutius,
549 2428 231 59 Froben,
801 2428 89 50 the
909 2428 303 50 Estiennes,
1233 2428 89 50 the
1339 2430 215 48 Juntae,
1575 2429 104 49 and
1697 2428 293 50 Oporinus.
2012 2430 59 48 In
2089 2444 272 44 anatomy,

236 2512 89 49 the
362 2526 174 34 works
573 2510 59 50 of
665 2509 266 50 Vesalius,
969 2508 79 50 his
1082 2508 377 65 predecessors
1495 2508 104 49 and
1635 2523 299 34 successors
1971 2523 88 33 are
2094 2506 268 50 included.

237 2595 227 64 Surgery
491 2593 40 50 is
559 2592 349 66 represented
935 2592 68 48 by
1030 2591 90 49 the
1147 2591 175 49 works
1349 2591 61 48 of
1432 2590 364 65 Hieronymus
1822 2589 365 65 Brunschwig,
2217 2590 151 47 Hans

234 2674 305 59 Gersdorff,
584 2674 290 50 Ambroise
918 2676 151 57 Pare,
1113 2675 326 49 Paracelsus,
1482 2675 160 49 Delia
1682 2675 194 50 Croce,
1919 2675 177 50 Pierre
2137 2676 224 58 Franco,

231 2756 273 50 Johannes
538 2756 160 65 Vigo,
734 2757 277 49 Marianus
1045 2757 242 49 Sanctus,
1323 2757 105 49 and
1461 2757 199 50 others.
1697 2757 113 50 The
1844 2757 220 65 Library
2096 2757 41 50 is
2170 2757 109 49 rich
2312 2758 51 48 in

232 2838 173 50 books
427 2854 70 33 on
519 2839 224 49 materia
764 2839 209 49 medica
994 2839 105 49 and
1120 2839 438 65 pharmacology,
1582 2839 105 49 and
1708 2855 273 49 possesses
2004 2855 66 34 an
2092 2840 271 49 extensive

233 2936 160 49 range
422 2921 59 49 of
506 2921 143 64 early
676 2921 212 50 herbals
916 2921 270 50 including
1213 2921 230 50 editions
1471 2922 60 49 of
1555 2922 348 49 Dioscorides
1933 2922 104 49 and
2065 2922 89 49 the
2183 2922 182 49 Mainz

233 3003 202 49 Herbal
452 3003 60 49 of
528 3003 148 59 1491,
695 3003 248 65 together
957 3003 125 49 with
1098 3004 90 49 the
1204 3004 174 49 works
1395 3004 60 49 of
1467 3004 190 59 Fuchs,
1676 3004 191 59 Lobel,
1886 3004 171 60 Bock,
2077 3004 284 57 Dodoens,

234 3084 230 60 Gerard,
507 3085 104 49 and
650 3085 312 50 Parkinson.
1007 3085 231 50 William
1278 3087 261 48 Harvey's
1578 3087 83 48 De
1699 3096 147 40 motu
1886 3088 174 48 cordis
2101 3084 181 66 (1628)
2324 3086 40 50 is

232 3175 236 56 present,
490 3167 105 49 and
611 3167 90 50 the
720 3167 220 65 Library
956 3168 155 49 holds
1129 3168 90 49 the
1236 3168 323 49 foundation
1576 3168 174 49 works
1768 3168 60 49 of
1842 3168 227 50 modern
2086 3168 208 50 science
2312 3168 51 49 in

232 3248 89 50 the
342 3248 114 50 first
478 3249 230 50 editions
730 3250 59 48 of
806 3251 205 58 Bacon,
1035 3249 235 60 Galileo,
1293 3250 220 65 Kepler,
1536 3251 308 58 Descartes,
1867 3251 221 57 Hooke,
2110 3252 251 55 Newton,

233 3331 104 48 and
369 3331 187 64 Boyle.
592 3332 157 48 From
781 3332 133 49 later
942 3332 266 49 centuries
1238 3347 154 34 come
1423 3332 90 49 the
1543 3332 183 50 classic
1755 3332 174 49 works
1960 3332 59 49 of
2046 3333 315 56 Heberden,

233 3414 231 58 Hunter,
491 3414 218 59 Jenner,
738 3414 190 59 Lister,
958 3415 240 48 Pasteur,
1228 3414 104 49 and
1359 3416 307 63 Roentgen,
1694 3422 56 41 to
1776 3415 257 64 highlight
2058 3415 125 49 only
2209 3430 29 34 a
2262 3415 102 49 few

235 3497 211 49 famous
492 3512 203 34 names.
746 3497 298 64 Alongside
1089 3497 90 49 the
1223 3505 147 56 great
1415 3513 185 33 names
1645 3513 88 33 are
1779 3497 89 49 the
1912 3498 174 48 works
2131 3497 60 49 of
2231 3497 137 50 their

236 3579 271 64 forgotten
547 3579 479 64 contemporaries,
1067 3579 226 49 unusual
1333 3587 179 52 tracts,
1554 3579 323 65 pamphlets,
1920 3579 105 49 and
2063 3580 303 48 occasional
