1895 3217
290 302 63 48 60

738 314 90 30 THE
852 315 147 30 BLACK
1026 315 168 32 ORANG.

289 445 62 59 by
386 443 116 46 their
544 442 219 46 ravishers
807 442 47 45 in
894 458 26 29 a
955 441 203 63 frightful
1198 444 232 61 captivity.
1499 445 144 47 These

286 526 168 40 reports
471 519 180 46 confirm
665 526 78 39 the
757 527 247 38 narratives
1020 519 49 46 of
1075 527 78 38 the
1168 536 123 46 early
1302 536 227 46 voyagers^
1542 523 99 45 who

285 598 117 45 have
424 596 120 48 often
566 599 113 44 been
702 597 233 61 suspected
950 596 49 47 of
1014 604 325 54 exaggeration,
1365 599 90 45 and
1473 600 168 45 similar

285 673 111 47 facts
418 675 116 45 have
557 675 112 45 been
691 680 199 55 recently
909 680 164 48 stated,
1092 690 111 46 very
1221 681 418 49 circumstantially,

283 751 65 61 by
368 758 255 55 gentlemen
645 751 102 46 who
768 751 116 46 have
906 751 122 47 lived
1050 752 48 46 in
1121 753 213 45 Western
1357 751 167 47 Afiica.

351 833 15 21 '
380 829 152 45 When
546 828 96 46 first
656 844 80 30 our
753 828 167 45 animal
935 844 124 29 came
1075 845 56 29 on
1146 830 164 54 board,’
1331 846 102 44 says
1449 831 192 60 Captain

286 906 169 60 Payne,
483 911 13 20 ^
518 906 37 45 it
579 920 135 30 shook
735 905 144 45 hands
903 905 114 44 with
1041 920 119 30 some
1191 904 49 46 of
1265 912 77 38 the
1367 906 165 54 sailors,
1557 909 83 43 but

284 981 178 46 refused
484 981 58 45 its
565 982 137 53 hand,
720 981 112 45 with
846 996 151 29 marks
1021 980 49 46 of
1085 997 147 45 anger,
1249 988 45 39 to
1319 989 162 47 others,
1502 990 137 38 with-

284 1064 79 39 out
386 1073 92 46 any
502 1065 215 54 apparent
737 1072 142 30 cause.
926 1057 45 44 It
987 1058 213 59 speedily,
1219 1059 220 53 however,
1458 1060 181 45 became

284 1134 194 45 familiar
486 1134 114 45 with
613 1141 78 39 the
706 1149 129 39 crew,
846 1140 157 39 except
1019 1149 81 30 one
1116 1135 101 60 boy,
1228 1140 45 39 to
1285 1135 147 45 whom
1447 1135 36 45 it
1499 1151 135 29 never

284 1227 94 29 was
395 1211 256 45 reconciled.
696 1211 155 45 When
865 1217 78 40 the
958 1226 217 30 seamen’s
1198 1226 120 30 mess
1334 1227 93 29 was
1449 1213 191 45 brought

284 1304 56 29 on
364 1288 124 54 deck,
508 1288 36 46 it
560 1304 93 29 was
676 1303 28 30 a
726 1293 205 40 constant
954 1294 269 48 attendant;
1250 1288 150 45 would
1422 1304 52 45 go
1498 1290 143 45 round

283 1366 90 44 and
396 1380 201 31 embrace
620 1365 108 45 each
750 1380 172 45 person,
948 1364 135 46 while
1106 1364 36 46 it
1165 1365 179 45 uttered
1371 1365 106 46 loud
1506 1366 130 60 yells,

283 1443 91 44 and
394 1448 112 39 then
533 1448 95 39 seat
651 1440 126 46 itself
805 1456 161 46 among
988 1447 126 39 them
1138 1447 45 39 to
1208 1442 127 44 share
1358 1448 78 38 the
1458 1445 179 42 repast.’

282 1518 155 46 When
461 1533 154 47 angry,
647 1517 38 47 it
715 1524 254 39 sometimes
991 1533 132 29 made
1146 1533 27 29 a
1195 1518 188 60 barking
1404 1518 123 46 noise
1550 1519 90 45 like

284 1612 27 30 a
333 1596 115 61 dog;
474 1602 48 38 at
545 1601 126 39 other
692 1595 134 44 times
843 1594 37 46 it
895 1594 150 45 would
1063 1610 76 45 cry
1156 1595 90 44 like
1265 1610 27 29 a
1308 1595 170 60 pettish
1502 1595 134 54 child,

284 1673 89 45 and
396 1672 171 46 scratch
589 1670 128 46 itself
723 1670 114 46 with
858 1680 123 52 great
995 1671 282 45 vehemence.
1335 1671 46 45 It
1405 1673 235 43 expressed

283 1748 289 54 satisfaction,
604 1748 237 60 especially
865 1763 56 29 on
950 1747 221 61 receiving
1202 1753 300 49 sweetmeats,
1540 1753 14 20 ^
1576 1750 62 59 by

283 1842 28 29 a
333 1826 142 45 sound
502 1825 92 45 like
623 1825 114 53 hem,
766 1823 47 46 in
844 1839 28 30 a
898 1839 133 45 gi-ave
1054 1825 267 43 tonebut
1350 1823 36 45 it
1417 1839 142 31 seems
1591 1832 46 38 to

282 1903 117 44 have
426 1902 119 45 little
574 1900 176 62 variety
777 1901 49 45 in
854 1900 59 45 its
941 1900 136 46 voice.
1145 1901 56 44 In
1231 1916 141 29 warm
1404 1900 233 56 latitudes,

283 1979 37 45 it
344 1995 93 29 was
465 1985 145 39 active
641 1978 90 45 and
758 1976 209 56 cheerful,
999 1978 84 45 but
1105 1978 181 45 became
1316 1977 186 46 languid
1533 1994 47 29 as
1604 1978 36 46 it

282 2056 186 44 receded
490 2054 112 46 fi’om
624 2055 79 45 the
726 2054 138 46 torrid
886 2070 139 38 zone;
1051 2054 90 46 and
1164 2069 56 30 on
1244 2055 296 60 approaching
1563 2071 79 29 our

285 2146 163 39 shores,
480 2131 36 45 it
547 2131 181 45 showed
758 2146 26 29 a
812 2131 141 44 desire
982 2137 46 39 to
1058 2131 115 44 have
1197 2146 27 29 a
1247 2146 141 29 waim
1419 2131 217 52 covering,

285 2208 89 44 and
397 2207 151 45 would
575 2206 81 46 roll
686 2205 128 46 itself
841 2205 213 61 carefully
1077 2222 61 43 up
1165 2206 47 44 in
1243 2221 26 29 a
1299 2207 184 43 blanket
1508 2206 132 44 when

284 2284 38 46 it
343 2283 164 46 retired
529 2289 46 39 to
604 2288 104 40 rest.
776 2283 44 44 It
847 2282 228 60 generally
1099 2282 176 44 walked
1308 2297 56 29 on
1396 2281 59 45 all
1486 2280 118 47 fours
1624 2299 11 36 ;

286 2361 90 45 and
413 2360 194 45 Captain
646 2360 156 59 Payne
837 2358 292 61 particularly
1168 2359 248 53 remarked,
1457 2358 103 46 that
1599 2359 37 45 it

285 2452 137 31 never
441 2435 157 62 placed
619 2441 78 40 the
719 2435 122 61 palm
865 2434 50 46 of
937 2435 77 45 the
1036 2435 144 45 hands
1205 2433 49 47 of
1279 2434 59 45 its
1369 2433 89 47 fore
1489 2442 151 39 extre-

284 2513 151 47 mities
456 2519 47 40 to
525 2519 78 39 the
632 2511 184 63 ground,
845 2513 98 53 but,
976 2511 163 62 closing
1171 2511 59 46 its
1262 2510 112 55 fists,
1406 2512 149 46 rested
1585 2528 55 31 on

286 2592 78 45 the
386 2590 245 53 knuckles;
667 2604 27 31 a
722 2587 317 48 circumstance
1062 2604 90 31 also
1175 2587 176 47 noticed
1381 2589 64 61 by
1471 2590 164 45 Tyson,
