2107 3450
1647 131 83 40 113

430 143 87 33 THE
550 141 144 34 THREE
730 141 250 31 FUNCTIONS
1015 142 53 29 OF
1101 141 88 33 THE
1222 142 142 30 VOIGK.

68 264 47 42 of
144 265 161 56 special
342 278 123 29 sense
503 262 110 42 have
652 262 108 42 been
800 260 302 55 transmitting
1142 260 115 42 their
1295 261 176 42 various
1510 261 135 42 forms
1682 261 45 42 of

66 337 220 41 sensation
305 352 9 36 ;
348 335 72 43 the
453 348 237 28 cutaneous
723 332 250 43 sensibility
1007 332 76 43 has
1118 332 176 42 become
1329 346 117 28 more
1480 330 86 45 and
1601 346 119 28 more

66 407 263 55 developed;
382 406 86 42 and
509 405 179 42 visceral
730 404 246 43 sensations
1021 403 109 43 have
1175 404 109 42 been
1328 403 302 56 experienced,
1674 404 46 40 in

63 479 243 41 connexion
332 478 105 41 with
463 477 71 41 the
568 477 223 41 condition
815 475 46 42 of
893 475 73 43 the
999 475 214 42 digestive
1247 475 87 42 and
1363 475 125 42 other
1526 475 192 42 internal

62 563 167 34 organs.
296 549 43 42 It
376 549 36 41 is
450 563 81 27 one
564 548 47 42 of
641 548 73 42 the
748 547 295 43 far-reaching
1074 548 107 42 laws
1216 548 44 41 of
1295 547 181 42 Nature,
1514 547 97 42 that
1645 548 75 41 the

59 621 120 42 child
216 635 104 28 soon
358 634 278 42 experiences
673 619 199 56 pleasure
910 634 48 28 or
991 620 102 55 pain
1130 621 109 41 from
1274 620 74 42 the
1371 620 175 41 various
1569 633 148 29 sensa-

62 693 116 41 tions
222 693 101 41 thus
366 691 244 56 produced;
657 691 99 52 and,
798 691 182 43 further,
1022 692 98 42 that
1164 692 74 42 the
1284 693 248 41 sensations
1573 690 145 42 which

62 779 97 38 give
202 764 36 42 it
280 765 200 55 pleasure
533 778 71 28 are
659 764 67 42 for
778 764 74 42 the
896 770 115 37 most
1054 773 99 47 part
1197 764 223 56 produced
1464 764 58 55 by
1567 776 153 29 causes

62 836 251 43 favourable
358 842 42 37 to
443 836 165 43 health,
649 836 192 43 whereas
895 836 125 43 those
1071 837 153 56 giving
1272 836 103 56 pain
1419 850 73 28 are
1536 836 66 42 for
1644 834 77 43 the

63 914 114 36 most
213 914 99 50 part
353 908 220 56 produced
618 908 58 57 by
713 923 152 28 causes
908 908 98 43 that
1043 924 71 27 are
1152 909 139 42 really
1329 908 186 42 hurtful.
1581 908 140 42 These

61 981 245 42 sensations
330 981 46 42 of
405 980 199 56 pleasure
635 980 88 43 and
755 981 47 42 of
830 980 103 56 pain
969 995 99 42 may
1092 981 53 42 be
1178 980 208 43 regarded
1418 994 46 29 as
1497 980 75 42 the
1607 980 113 42 first-

61 1052 241 43 developed
335 1052 85 43 and
455 1053 73 42 the
561 1058 114 37 most
707 1053 303 42 rudimentary
1047 1054 132 41 forms
1212 1053 47 42 of
1293 1053 204 42 emotion.
1564 1053 44 41 It
1642 1052 79 42 has

61 1124 110 43 been
195 1125 236 55 appointed
454 1125 57 55 by
534 1125 182 42 Nature,
740 1124 96 42 that
868 1124 74 43 the
977 1124 120 43 child
1130 1125 37 41 is
1201 1139 55 27 no
1290 1139 155 28 sooner
1472 1124 179 42 capable
1680 1124 45 41 of

62 1196 310 55 experiencing
395 1195 119 42 them
548 1194 106 43 than
687 1196 35 40 it
754 1196 37 41 is
825 1195 177 42 capable
1035 1195 92 42 also
1161 1195 47 41 of
1234 1195 255 54 expressing
1521 1195 122 41 them
1677 1200 45 36 to

61 1267 158 42 others.
283 1267 122 42 They
442 1267 91 41 find
574 1267 117 41 their
733 1266 174 42 natural
946 1266 252 42 expression
1235 1266 46 41 in
1319 1266 76 42 the
1429 1266 215 55 language
1679 1267 47 40 of

59 1339 124 41 vocal
208 1343 112 37 tone,
343 1338 128 42 facial
504 1338 267 55 expression,
794 1337 87 42 and
914 1337 148 56 bodily
1084 1342 185 51 gesture.
1334 1337 120 42 Here
1483 1337 106 42 then
1624 1338 38 41 is
1698 1352 26 27 a

60 1410 168 42 Second
252 1410 218 42 Function
494 1409 97 42 that
612 1410 37 41 is
672 1409 238 43 subserved
934 1409 58 56 by
1014 1409 408 56 voice-production
1442 1426 8 26 :
1488 1409 76 42 the
1597 1409 123 42 func-

58 1481 95 42 tion
186 1481 47 42 of
259 1482 269 55 Expressing
560 1481 217 42 Emotion.
842 1481 114 42 How
990 1481 121 43 early
1135 1481 74 42 the
1244 1482 122 42 voice
1400 1495 198 28 assumes
1631 1482 92 41 this

59 1553 212 42 function,
297 1553 86 42 and
407 1552 96 43 how
536 1552 175 56 rapidly
733 1552 34 42 it
791 1552 199 55 acquires
1014 1566 146 42 power
1182 1552 47 41 in
1253 1552 74 42 the
1351 1552 303 56 performance
1677 1552 46 42 of

57 1625 47 42 it,
130 1625 81 42 has
233 1625 109 42 been
366 1624 250 43 illustrated
638 1624 47 42 in
717 1623 75 43 the
824 1623 86 43 last
932 1624 190 55 chapter.
1188 1624 167 56 Crying
1378 1638 107 28 soon
1520 1624 202 43 becomes

61 1696 291 56 wonderfully
390 1696 274 43 expressive:
704 1696 74 42 the
817 1695 217 43 shedding
1070 1696 46 42 of
1153 1700 115 38 tears
1306 1701 206 37 converts
1550 1696 36 42 it
1625 1696 96 42 into

58 1769 199 55 pathetic
281 1769 224 55 weeping;
536 1768 87 42 and
655 1782 118 28 soon,
796 1782 46 28 as
866 1768 164 56 Preyer
1051 1768 148 56 points
1230 1773 87 37 out,
1341 1772 21 17 "
1378 1768 59 56 by
1461 1768 260 52 screaming,

57 1841 196 56 wailing,
275 1840 304 57 whimpering,
602 1840 87 42 and
722 1840 211 56 weeping,
957 1840 151 43 moods
1141 1840 48 42 of
1216 1840 124 56 grief,
1364 1840 152 52 desire,
1542 1840 181 43 hunger,

57 1913 245 42 wilfulness
341 1913 85 42 and
463 1913 91 42 fear
591 1927 71 28 are
698 1913 127 42 made
863 1912 138 57 easily
1040 1912 302 56 intelligible."
1419 1913 165 56 Crying
1617 1913 105 43 thus

55 1985 124 56 gives
217 1985 252 43 expression
509 1990 43 37 to
584 1985 215 42 emotions
822 1984 44 43 of
898 1999 25 28 a
944 1999 119 28 more
1086 1999 47 28 or
1165 1984 86 43 less
1274 1984 174 56 painful
1471 1999 251 40 character;

57 2057 87 42 and
190 2064 108 35 with
341 2057 152 56 crying
535 2072 71 28 are
648 2056 165 43 closely
855 2057 244 42 associated
1137 2057 74 43 the
1251 2057 181 55 equally
1464 2058 256 43 expressive

58 2134 274 37 movements
356 2131 46 40 of
422 2129 74 42 the
521 2129 191 42 features
732 2129 96 42 that
850 2127 111 44 form
983 2128 160 43 almost
1166 2143 56 28 an
1244 2129 189 55 integral
1455 2134 101 51 part
1578 2130 48 42 of
1645 2130 75 42 the

56 2207 81 37 act.
201 2202 90 42 The
315 2201 273 56 pleasurable
611 2201 217 43 emotions
852 2200 92 43 find
967 2215 56 28 no
1045 2201 86 43 less
1161 2201 211 56 eloquent
1394 2202 255 56 expression
1674 2203 46 41 in

58 2274 74 42 the
155 2273 123 43 vocal
312 2273 334 43 cachinnations
679 2273 45 42 of
754 2273 214 56 laughter,
992 2273 87 43 and
1112 2273 46 42 in
1192 2274 75 42 the
1305 2273 133 44 facial
1464 2275 256 43 expression

61 2346 141 42 which
227 2346 36 42 is
297 2353 153 36 united
476 2345 107 44 with
616 2345 134 44 these.
816 2344 170 58 Crying
1007 2346 88 42 and
1127 2345 206 58 laughter
1355 2361 72 28 are
1450 2361 46 28 as
1519 2347 202 56 strongly

58 2420 252 44 contrasted
346 2421 45 41 in
430 2421 115 42 their
583 2420 163 43 sounds
785 2434 46 28 as
866 2419 105 43 they
994 2434 73 28 are
1100 2419 47 42 in
1182 2419 74 43 the
1282 2419 218 43 emotions
1533 2420 107 56 they
1673 2434 47 29 so

58 2493 237 56 efficiently
319 2507 198 42 express:
551 2507 56 29 no
630 2498 87 38 two
740 2492 164 43 sounds
923 2492 128 43 could
1071 2493 52 42 be
1147 2507 119 28 more
1289 2492 207 44 different
1518 2493 107 43 than
1644 2494 76 42 the

59 2565 177 56 wailing
264 2565 211 43 cadences
498 2566 47 41 of
564 2565 210 56 weeping,
797 2565 87 43 and
909 2564 72 44 the
1011 2579 158 42 merry,
1192 2565 189 56 ringing,
1404 2565 169 44 broken
1595 2572 126 37 notes

58 2638 47 41 of
117 2637 209 56 laughter.
381 2636 235 57 Grunting,
633 2651 47 28 as
699 2637 151 42 shown
867 2637 43 41 in
931 2636 74 43 the
1024 2636 87 43 last
1126 2636 194 56 chapter,
1337 2637 36 42 is
1393 2637 184 42 another
1591 2637 127 42 mode

56 2707 45 43 of
143 2707 278 43 inarticulate
464 2709 255 42 expression
763 2708 96 43 that
897 2708 37 42 is
972 2707 254 43 sometimes
1264 2707 108 43 used
1411 2708 58 56 by
1504 2708 212 43 children.

58 2779 194 57 Sighing,
274 2781 223 55 groaning,
520 2780 86 43 and
628 2780 198 57 sobbing,
847 2795 72 29 are
942 2780 91 43 also
1063 2779 164 44 sounds
1251 2781 47 41 of
1316 2794 23 28 a
1363 2780 156 57 highly
1542 2794 176 42 expres-

58 2851 93 43 sive
174 2852 223 43 character
420 2853 97 43 that
539 2868 70 28 are
632 2853 145 56 partly
802 2853 135 43 vocal.

121 2924 201 43 Further,
363 2925 48 42 in
455 2925 220 57 Ordinary
720 2925 167 43 Speech
932 2924 87 43 and
1067 2925 46 41 in
1158 2924 159 43 Public
1363 2925 235 56 Speaking,
1642 2925 74 42 the

60 2997 272 43 "emotional
357 2997 184 44 colour,"
565 3012 46 29 as
646 3013 63 28 we
741 3003 112 38 term
886 2999 49 50 it,
957 2997 197 57 depends
1176 3011 104 41 very
1306 2996 166 57 largely
1495 3012 119 41 upon
1643 2999 74 42 the

1514 3069 24 30 p
