1895 3217
567 357 91 32 THE
681 356 231 33 GUENONS.

1370 344 87 41 113

99 483 113 46 with
236 484 147 45 which
407 490 77 40 the
506 499 220 31 monkeys
750 482 49 48 of
816 483 76 46 the
916 481 121 47 New
1060 479 162 48 World
1245 495 73 30 are
1342 495 95 31 com

98 561 202 45 menced.

575 804 109 38 THE
714 803 279 40 GUENONS.

167 947 246 62 Following
435 947 64 46 for
522 962 79 32 our
627 948 218 61 guidance
875 954 78 39 the
982 952 311 56 arrangement
1317 946 50 47 of
1391 946 79 46 the

102 1040 363 45 quadrumanous
489 1024 191 46 animals
702 1024 214 61 proposed
932 1025 62 60 by
1013 1024 178 54 Cuvier,
1217 1024 150 46 whose
1391 1040 80 29 ex-

102 1108 174 38 tensive
306 1102 259 45 experience
595 1101 91 46 and
708 1102 152 45 varied
884 1117 215 38 research,
1125 1101 158 46 entitle
1305 1102 96 44 him
1424 1107 47 39 to

104 1194 136 45 every
277 1178 266 55 confidence,
591 1194 69 30 we
707 1178 115 46 shall
863 1179 185 60 proceed
1092 1184 111 39 next
1250 1178 114 45 with
1402 1177 70 45 his

105 1256 215 45 brother’s
362 1254 268 62 sub-family
665 1254 50 47 of
748 1256 79 45 the
861 1255 228 54 Guenons,
1126 1271 47 29 or
1206 1254 268 61 long-tailed

108 1347 219 30 monkeys
358 1331 50 46 of
437 1332 79 45 the
546 1332 88 46 Old
664 1332 174 46 World.
927 1333 123 44 Most
1084 1332 230 60 zoologists
1348 1347 125 44 place

108 1415 127 38 them
264 1407 116 46 after
407 1414 79 39 the
516 1423 156 32 orangs
695 1409 90 45 and
805 1408 198 61 gibbons,
1030 1409 89 45 and
1140 1408 131 45 reach
1293 1408 78 45 the
1394 1409 82 44 ba-

108 1486 136 45 boons
283 1486 62 59 by
383 1491 128 40 those
555 1500 164 31 species
760 1486 149 44 where
944 1491 79 39 the
1058 1485 177 45 muzzle
1273 1486 203 44 becomes

110 1576 121 30 more
267 1561 285 61 lengthened,
595 1560 290 57 {Cercocehus
923 1577 170 38 sabeus,
1136 1561 120 61 «Scc.,)
1297 1562 63 60 by
1399 1561 78 45 the

111 1638 174 45 Rhesus
308 1637 224 62 monkey*
557 1638 89 45 and
670 1638 201 60 Barbary
889 1652 97 46 ape,
1005 1637 90 46 and
1117 1644 107 39 thus
1246 1638 131 45 reach
1400 1637 79 45 the

117 1713 312 61 Cynocephali,
454 1714 148 45 which
632 1714 117 45 have
771 1714 79 45 the
878 1714 164 60 largest
1064 1713 130 46 facial
1225 1714 144 61 angle,
1400 1714 79 45 the

112 1790 178 46 nostrils
307 1790 156 61 placed
485 1797 48 39 at
556 1797 78 39 the
658 1796 245 55 extremity
926 1789 50 47 of
989 1797 78 39 the
1089 1806 196 38 muzzle,
1310 1806 170 45 possess

114 1883 28 29 a
163 1868 86 44 less
278 1867 154 61 degree
455 1866 50 47 of
519 1867 295 61 intelligence,
832 1867 91 45 and
938 1867 116 45 have
1073 1867 282 60 dispositions
1374 1867 107 45 akin

115 1950 46 39 to
184 1944 78 44 the
283 1943 172 45 fiercest
479 1943 89 45 and
588 1950 118 38 most
723 1943 164 45 brutal.
953 1943 136 46 With
1105 1949 127 39 these
1248 1949 113 54 they
1379 1958 104 30 con-

120 2020 129 44 clude
271 2020 79 44 the
373 2018 133 46 forms
530 2018 49 46 of
593 2020 78 44 the
696 2019 88 46 Old
805 2019 175 46 World.

188 2096 97 44 The
314 2096 119 44 large
465 2101 267 40 assortment
756 2094 50 47 of
828 2095 191 45 animals
1054 2096 148 44 which
1231 2096 117 45 have
1371 2097 113 44 been

120 2187 156 45 placed
299 2171 45 45 in
368 2172 92 45 this
487 2187 153 46 group,
665 2187 110 46 may
797 2173 54 44 be
877 2173 173 45 tenned
1083 2179 78 39 the
1191 2179 117 39 most
1332 2187 153 47 agree-

121 2250 99 44 able
256 2248 51 46 of
336 2255 78 39 the
507 2250 198 61 monkey
747 2250 141 45 race.”
978 2251 130 60 They
1144 2251 201 44 embrace
1381 2266 104 30 con-

123 2326 215 44 siderable
361 2326 177 61 variety
562 2325 50 47 of
638 2327 136 60 shape
808 2328 90 44 and
932 2327 104 54 size,
1061 2329 82 43 but
1167 2325 121 47 often
1312 2326 174 46 exhibit

123 2400 94 46 furs
241 2401 49 45 of
304 2408 78 39 the
405 2408 192 55 greatest
618 2403 252 46 brightness
894 2405 89 44 and
1005 2406 186 58 beauty,
1213 2404 114 45 with
1351 2404 135 45 forms

125 2484 48 38 at
196 2493 106 30 once
324 2479 114 60 light
461 2479 89 45 and
572 2478 225 62 graceful;
824 2481 135 44 while
982 2480 118 45 their
1117 2480 282 45 dispositions
1414 2494 75 31 are

127 2552 47 46 in
196 2555 177 59 general
396 2555 125 54 mild,
546 2555 213 61 peaceful,
785 2557 88 44 and
897 2555 295 55 affectionate,
1219 2572 61 38 or,
1305 2555 41 46 if
1364 2571 126 31 occa-

554 2660 20 20 •
598 2659 68 38 See
687 2661 159 47 vignette
866 2661 181 48 titlepage.
