1895 3217
1384 307 86 40 105

638 318 90 32 THE
752 317 224 32 SIAMANG.

113 446 161 59 woolly
302 459 109 30 near
443 451 78 38 the
561 444 116 54 skin,
717 443 160 46 united
913 443 46 46 in
988 443 130 45 small
1151 441 131 54 tufts,
1323 442 150 46 which

110 521 176 46 diverge
320 520 277 62 irregularly,
634 520 90 46 and
757 519 113 46 form
902 536 28 29 a
963 535 170 46 shaggy
1158 519 147 46 fleece.
1375 518 98 47 The

111 613 201 32 separate
328 598 120 45 hairs
473 613 73 30 are
569 599 138 44 above
730 604 93 39 two
845 597 153 45 inches
1014 597 118 61 long,
1153 596 90 46 and
1258 611 57 31 on
1333 611 138 46 every

110 681 101 56 part
247 682 158 38 except
438 675 78 45 the
549 674 117 45 head
700 689 75 30 are
810 674 188 61 slightly
1033 688 180 40 curved,
1255 688 46 31 so
1340 687 51 31 as
1425 678 48 40 to

111 767 130 30 cause
276 767 26 30 a
330 757 246 39 somewhat
610 749 184 47 frizzled
828 765 286 46 appearance.
1192 750 98 46 The
1313 749 162 46 mouth

110 828 38 45 is
172 828 134 61 large,
332 828 243 61 extending
598 842 161 30 almost
783 825 112 48 from
919 827 139 45 cheek
1073 833 46 39 to
1143 826 151 46 cheek.
1375 826 101 46 The

111 905 151 45 throat
285 920 185 45 appears
501 920 110 45 very
634 905 152 52 broad,
819 904 91 46 and
938 904 82 45 has
1053 910 79 39 the
1160 903 206 46 outward
1392 918 83 46 ap-

111 997 215 44 pearance
350 980 50 47 of
415 997 27 29 a
460 996 140 30 swoln
614 980 138 62 goitre
776 981 218 46 destitute
1012 980 50 47 of
1075 981 132 54 hair;
1231 979 92 47 this
1340 979 39 47 is
1394 980 81 46 the

111 1058 119 61 large
252 1057 204 62 guttural
479 1073 119 39 sack,
630 1057 149 46 which
811 1057 83 46 has
917 1059 113 45 been
1051 1057 194 47 thought
1269 1063 47 40 to
1340 1063 134 41 assist

111 1142 78 38 the
212 1142 263 54 production
498 1134 50 47 of
569 1142 78 38 the
671 1135 110 45 wild
803 1135 240 45 continued
1064 1134 199 61 howling
1285 1133 51 46 of
1354 1149 122 31 some

112 1227 237 46 monkeys,
375 1211 91 46 and
488 1211 148 46 which
666 1227 185 45 appears
878 1211 188 46 inflated
1096 1211 133 45 when
1262 1217 79 39 the
1375 1210 100 46 ani-

114 1289 93 43 mal
231 1288 121 45 cries.
420 1289 56 44 In
510 1289 78 44 the
620 1287 184 46 females
834 1288 78 45 the
946 1289 148 44 breast
1124 1287 37 46 is
1193 1288 218 45 destitute
1434 1286 50 47 of

114 1365 126 53 hah*;
278 1367 81 43 but
382 1371 78 39 the
488 1380 164 45 species
682 1380 185 45 appears
901 1371 46 39 to
981 1366 54 43 be
1070 1366 171 44 subject
1275 1370 47 39 to
1355 1364 120 45 little

114 1439 52 46 of
179 1448 78 38 the
280 1447 219 39 variation
522 1440 199 46 incident
744 1448 46 38 to
814 1456 46 30 so
882 1456 142 45 many
1048 1440 50 47 of
1111 1441 92 45 this
1225 1441 115 44 tribe
1364 1439 112 47 from

115 1532 79 45 age
211 1533 46 30 or
275 1533 92 31 sex.
435 1518 97 45 The
553 1516 160 62 fingers
737 1516 51 47 of
800 1518 79 44 the
892 1517 145 46 hands
1060 1532 75 31 are
1158 1532 110 45 very
1285 1532 189 39 slender,

115 1594 90 45 and
231 1593 50 46 of
305 1609 267 30 uncommon
603 1593 154 61 length
776 1609 14 38 ;
839 1594 91 45 and
958 1594 79 45 the
1060 1593 238 46 formation
1328 1593 51 46 of
1399 1593 77 46 the

113 1669 103 55 feet,
253 1686 48 29 as
335 1686 69 29 we
434 1670 116 45 have
580 1670 256 61 previously
866 1670 275 54 mentioned,
1175 1670 38 45 is
1246 1676 79 40 the
1358 1677 118 39 most

113 1748 276 44 remarkable
412 1753 221 39 variation
654 1745 114 46 from
790 1753 78 39 the
892 1747 126 45 other
1041 1746 244 46 Gibbons.*

181 1824 96 44 The
299 1823 145 45 active
466 1829 112 40 time
602 1822 50 47 of
665 1823 78 45 the
767 1823 213 61 Siamang
1001 1823 38 45 is
1063 1829 47 40 at
1134 1823 228 46 daybreak
1386 1825 90 43 and

113 1900 213 61 twilight,
364 1900 135 45 when
536 1906 113 55 they
689 1915 73 30 are
802 1899 139 46 found
980 1900 250 45 assembled
1269 1900 47 44 in
1355 1900 121 61 large

115 1977 158 52 bands,
298 1976 89 44 and
398 1977 144 44 "make
563 1976 80 44 the
665 1975 155 45 forests
848 1976 192 44 resound
1064 1975 112 45 with
1199 1976 117 44 their
1337 1976 136 54 howl,

116 2051 47 44 in
195 2066 26 29 a
250 2066 188 29 manner
470 2057 244 47 concerted,
757 2051 147 44 which
939 2051 38 45 is
1012 2050 121 46 often
1166 2051 139 45 heard
1333 2058 48 38 at
1415 2067 59 30 an

116 2127 218 44 immense
379 2127 212 45 distance.
680 2127 175 60 During
897 2127 79 45 the
1020 2127 92 61 day
1154 2133 112 55 they
1301 2128 173 46 remain

114 2205 124 59 quiet
256 2206 90 45 and
363 2205 208 54 inactive,
589 2205 90 45 and
701 2211 123 39 utter
844 2220 57 30 no
924 2204 108 46 cries
1049 2205 151 45 unless
1225 2205 247 47 disturbed.

115 2282 71 59 By
209 2282 78 45 the
311 2282 181 45 Malays
515 2288 111 55 they
649 2297 75 30 are
748 2282 219 60 supposed
988 2288 47 40 to
1058 2283 54 44 be
1143 2282 246 46 conducted
1410 2284 63 60 by

114 2372 27 29 a
163 2358 116 45 head
308 2373 46 29 or
382 2358 129 54 chief,
543 2358 149 45 which
725 2358 37 45 is
797 2358 173 45 always
1003 2365 79 39 the
1117 2364 234 56 strongest,
1381 2360 91 45 and

114 2433 146 45 which
299 2434 38 44 is
376 2449 90 30 also
507 2435 218 60 supposed
762 2441 47 38 to
842 2435 55 45 be
930 2434 324 46 invulnerable.
1322 2435 75 45 He
1431 2435 38 46 is

170 2539 19 20 •
221 2539 76 37 We
330 2553 58 23 are
420 2542 170 35 indebted
619 2548 37 30 to
684 2539 56 37 Dr
758 2539 216 38 Horsfield’s
1002 2539 219 39 Researches
1248 2542 39 36 in
1305 2540 94 37 Java
1417 2543 55 37 for

114 2605 108 36 much
244 2606 39 35 of
298 2606 71 36 this
387 2607 243 37 information.
