2125 3524
340 258 53 44 20

822 270 86 36 THIS
943 273 241 34 DISORDERS
1217 277 53 31 OK
1303 276 174 35 SPEECH.

340 388 204 55 ordinary
567 388 271 56 phenomena
860 391 46 41 of
924 396 304 53 stammering;
1259 396 80 41 but
1356 396 86 42 -the
1474 409 95 29 case
1593 395 22 42 I
1636 396 110 43 have
1775 399 183 42 referred

341 463 58 46 to,
421 459 167 43 besides
621 460 159 56 having
813 461 87 43 this
932 466 242 51 protrusion
1207 466 43 40 of
1284 469 70 38 the
1385 471 170 50 tongue,
1577 468 208 41 stuttered
1812 469 44 39 in
1889 467 71 45 the

344 530 201 55 ordinary
571 546 92 40 way
688 546 114 40 upon
836 533 73 41 the
941 534 255 54 explosives,
1219 535 82 42 and
1336 536 138 42 under
1505 537 73 41 the
1610 538 195 53 ordinary
1833 543 130 36 treat-

346 605 122 37 ment
510 600 171 42 showed
715 615 24 27 a
771 602 177 41 marked
981 603 324 55 improvement.
1368 605 61 41 At
1470 605 73 42 the
1577 619 116 28 same
1725 606 103 41 time
1861 607 34 40 it
1928 608 34 39 is

346 670 206 54 probable
574 670 169 55 enough
768 669 93 44 that
892 672 164 51 chorea,
1079 687 47 27 or
1147 674 160 41 certain
1331 674 109 42 local
1473 676 240 53 spasmodic
1744 676 219 42 affections

347 740 47 40 of
415 739 72 42 the
512 745 151 38 nature
685 741 46 41 of
749 746 140 37 motor
910 743 71 50 tic,
1004 757 97 40 may
1120 743 186 54 produce
1324 744 164 42 similar
1505 745 275 55 involuntary
1800 752 164 48 protru-

349 810 117 41 sions
489 810 43 41 of
554 810 72 42 the
649 815 159 50 tongue
829 811 342 55 independently
1193 813 44 41 of
1258 814 288 55 stammering.

411 949 44 41 C.
491 949 196 55 Overflow
708 950 89 40 into
819 949 65 41 the
915 949 137 55 Vy-pcr
1075 950 275 43 Glottis.—Tn
1381 966 25 27 a
1437 952 82 42 few
1550 966 115 28 cases
1698 952 72 42 the
1801 967 168 41 energy,

351 1018 274 56 imperfectly
649 1018 200 55 supplied
873 1024 43 36 to
938 1020 73 41 the
1034 1020 119 41 vocal
1172 1022 275 41 mechanism,
1468 1022 117 41 flows
1603 1022 275 55 excessively,
1896 1029 75 36 not

352 1088 105 55 only
489 1088 93 42 into
616 1088 75 42 the
724 1102 153 40 organs
909 1088 47 42 of
993 1089 288 51 articulation,
1309 1091 77 41 but
1417 1091 88 41 also
1536 1091 92 41 into
1653 1091 71 42 the
1761 1105 133 41 upper
1926 1106 46 27 or

353 1157 232 42 non-vocal
607 1162 98 50 part
727 1158 47 40 of
804 1158 72 42 the
898 1158 166 54 larynx.
1126 1159 103 42 This
1253 1167 96 46 part
1370 1165 182 36 consists
1574 1160 43 41 of
1639 1160 73 41 the
1738 1165 233 37 structures

353 1227 97 41 that
467 1226 109 42 have
594 1227 74 41 the
685 1226 104 43 false
808 1227 122 42 cords
948 1228 65 41 for
1030 1228 113 41 their
1159 1228 176 42 inferior
1350 1230 198 52 margins,
1564 1229 83 41 and
1667 1229 106 41 have
1788 1229 184 41 beneath

355 1296 119 42 them
506 1296 72 41 the
602 1296 157 41 hollow
782 1310 148 41 spaces
952 1297 137 42 called
1113 1297 73 42 the
1208 1298 229 41 ventricles
1459 1299 44 40 of
1524 1297 235 55 Morgagni.
1822 1297 43 42 It
1888 1312 85 27 was

356 1381 74 40 my
454 1366 108 55 good
586 1367 172 41 fortune
780 1367 84 41 and
887 1367 220 55 privilege,
1128 1368 46 41 in
1194 1368 124 51 1865,
1337 1374 42 36 to
1399 1368 290 41 demonstrate
1708 1368 63 41 for
1788 1367 72 42 the
1882 1368 92 41 first

358 1437 119 50 time,
510 1437 56 55 by
599 1441 270 50 experiment
899 1436 87 42 and
1018 1437 239 43 otherwise,
1279 1438 74 42 the
1385 1438 210 42 Valvular
1624 1438 183 41 Actions
1838 1438 46 40 of
1903 1437 71 42 the

355 1507 169 54 larynx.
587 1508 53 41 In
678 1522 73 40 my
783 1508 255 55 graduation
1087 1509 146 50 thesis,
1265 1510 225 53 presented
1528 1514 44 37 to
1609 1512 72 38 the
1720 1509 254 54 University

356 1578 47 40 of
431 1577 257 57 Edinburgh
722 1578 45 40 in
803 1578 125 42 1865,
950 1578 85 42 and
1065 1579 231 55 published
1327 1580 46 40 in
1405 1579 73 42 the
1509 1580 253 41 Edinburgh
1797 1580 180 40 Medical

355 1647 193 42 Journal
580 1648 67 41 for
684 1648 254 54 September
963 1649 124 42 1866,
1110 1649 22 40 I
1155 1648 186 42 showed,
1363 1648 104 42 with
1500 1650 216 40 reference
1748 1654 44 36 to
1824 1662 79 28 one
1933 1649 47 41 of

356 1716 122 42 these
500 1716 198 42 valvular
719 1718 178 50 actions,
919 1717 96 42 that
1037 1718 87 41 this
1147 1732 135 40 upper
1304 1724 95 49 part
1430 1719 46 40 of
1504 1718 74 41 the
1600 1717 156 42 larynx
1777 1718 36 41 is
1835 1732 23 27 a
1881 1723 93 36 true

356 1786 127 42 valve
515 1786 142 43 which
698 1787 176 42 renders
918 1787 35 41 it
995 1787 187 55 possible
1218 1788 65 41 for
1315 1788 63 41 air
1409 1793 42 37 to
1497 1788 51 41 be
1579 1787 99 42 held
1715 1787 261 42 imprisoned

358 1864 155 33 within
545 1855 74 43 the
651 1856 122 42 chest
805 1856 138 42 under
973 1862 149 50 strong
1142 1871 208 41 pressure,
1371 1857 157 41 during
1550 1857 103 41 such
1676 1863 90 35 acts
1788 1869 45 29 as
1854 1856 122 42 those

359 1927 45 41 of
425 1926 212 42 straining
658 1926 85 41 and
767 1926 72 42 the
871 1928 288 53 compressive
1181 1932 118 50 stage
1324 1927 45 41 of
1399 1927 222 54 coughing.
1684 1924 77 57 My
1784 1940 194 28 observa-

359 1997 115 41 tions
498 1997 108 41 have
630 1997 106 42 been
759 1997 112 54 fully
895 1997 234 42 confirmed
1160 1998 57 40 by
1240 2012 24 26 a
1286 1997 162 42 careful
1479 1997 307 42 investigation
1817 1997 161 41 carried

361 2081 56 28 on
440 2067 239 55 conjointly
704 2068 55 40 by
783 2068 65 40 Dr
870 2068 167 41 Lauder
1059 2067 198 42 Brunton
1280 2068 85 41 and
1390 2068 66 41 Dr
1488 2067 124 42 Cash,
1633 2067 95 41 who
1750 2066 229 56 published

361 2137 114 41 their
506 2136 271 42 conclusions
809 2137 46 41 in
886 2137 75 41 the
991 2137 189 41 Journal
1210 2138 50 54 of
1283 2137 217 41 Anatomy
1530 2137 90 41 and
1649 2136 245 54 Physiology
1932 2135 46 41 in

367 2208 113 40 1883
499 2222 8 37 ;
537 2207 85 41 and
655 2207 121 41 these
807 2207 221 41 observers
1059 2207 109 41 have
1202 2207 177 42 further,
1407 2207 45 41 in
1484 2221 25 27 a
1539 2220 105 28 very
1665 2206 95 41 able
1790 2219 189 37 manner,

365 2277 248 42 illustrated
647 2277 73 41 the
742 2279 142 39 action
908 2277 56 55 by
986 2277 271 55 experiment
1278 2291 53 27 on
1356 2277 72 41 the
1455 2276 128 42 lower
1604 2275 192 49 animals,
1818 2275 85 42 and
1926 2275 56 54 by

365 2347 333 42 investigations
736 2347 93 41 into
866 2346 74 42 the
976 2352 215 37 structure
1222 2347 48 41 of
1302 2347 88 41 this
1427 2351 97 49 part
1562 2346 47 41 of
1637 2345 72 41 the
1750 2345 155 54 larynx
1936 2345 44 41 in

366 2419 202 40 different
600 2417 157 42 classes
791 2417 47 41 of
866 2417 194 40 animals.
1123 2417 59 40 To
1218 2430 85 28 any
1340 2430 80 27 one
1456 2415 96 42 who
1588 2415 121 42 reads
1745 2415 120 41 these
1896 2419 84 37 two

366 2500 166 41 papers,
554 2486 37 41 it
613 2493 117 34 must
751 2486 52 41 be
827 2486 178 42 evident
1028 2485 95 42 that
1145 2485 87 42 this
1253 2485 197 41 valvular
1471 2485 142 41 action
1636 2484 35 41 is
1695 2483 73 42 the
1799 2483 85 42 real
1907 2497 74 27 use

365 2558 48 40 of
441 2557 74 42 the
538 2557 106 41 false
669 2556 121 42 cords
811 2556 84 42 and
919 2556 47 41 of
993 2556 74 41 the
1091 2555 229 43 ventricles
1353 2556 46 41 of
1428 2555 236 55 Morgagni.
1728 2555 43 40 It
1798 2555 36 41 is
1859 2559 43 36 to
1929 2554 50 40 be

365 2627 140 41 hoped
530 2627 94 41 that
646 2634 44 33 at
722 2641 115 26 some
861 2627 146 40 future
1040 2626 104 42 time
1179 2626 73 42 the
1283 2626 212 41 attention
1526 2627 47 40 of
1598 2624 303 55 physiologists
1933 2623 45 41 in

364 2697 87 42 this
474 2702 183 36 country
678 2696 87 41 will
790 2696 49 41 be
862 2695 211 42 attracted
1092 2701 43 36 to
1159 2696 86 42 this
1268 2696 238 55 important
1527 2695 177 42 subject.
1769 2693 57 44 So
1849 2694 64 40 far
1934 2707 44 27 as

363 2769 22 40 I
408 2782 70 27 am
501 2781 149 27 aware,
671 2779 56 29 no
748 2765 211 55 adequate
982 2765 260 42 description
1265 2766 46 41 of
1340 2766 73 41 the
1435 2779 196 27 valvular
1652 2764 163 41 actions
1837 2763 46 41 of
1904 2762 73 41 the

363 2838 159 41 larynx
545 2836 75 42 has
651 2841 76 50 yet
758 2836 108 41 been
896 2835 299 54 incorporated
1217 2835 45 41 in
1295 2835 73 42 the
1391 2834 307 56 physiological
1723 2832 258 43 text-books.

364 2909 104 40 This
492 2908 47 50 is,
561 2907 210 41 however,
792 2909 76 37 not
890 2904 73 42 the
985 2904 121 56 place
1125 2910 42 37 to
1190 2912 123 35 enter
1330 2905 165 42 further
1512 2918 115 40 upon
1650 2903 71 42 the
1743 2902 235 42 discussion

364 2979 48 41 of
440 2978 74 40 the
538 2976 195 41 valvular
754 2976 165 41 actions
941 2976 45 40 of
1007 2974 73 43 the
1101 2975 178 54 larynx;
1310 2975 85 41 and
1420 2976 33 40 it
1476 2974 89 41 will
1587 2974 144 42 suffice
1754 2972 160 54 merely
1936 2976 43 35 to

361 3049 78 43 ask
464 3048 72 43 the
558 3046 179 44 reader's
761 3046 211 42 attention
1007 3049 43 38 to
1083 3045 72 43 the
1187 3060 80 28 one
1300 3046 46 42 of
1374 3045 117 42 them
1525 3045 21 41 I
1579 3045 109 41 have
1723 3038 254 52 mentioned,
