2107 3450
1779 250 84 40 325

700 259 152 32 MOTOR
886 259 192 31 APHASIA
1113 249 256 55 (APHEMIA).

268 383 68 42 On
363 382 104 42 15th
494 382 185 55 August,
701 380 55 42 he
779 379 136 43 sailed
943 380 108 41 from
1077 380 110 42 New
1211 380 134 42 York,
1365 380 46 41 in
1432 394 217 41 company
1669 381 105 42 with
1794 381 69 42 his

205 455 177 42 cousin;
419 453 86 42 and
537 453 45 41 in
626 452 84 42 due
757 453 103 41 time
901 451 52 42 he
986 451 172 43 arrived
1197 450 45 44 in
1280 451 88 42 this
1409 465 199 42 country,
1650 451 86 42 and
1775 466 88 28 was

205 524 214 43 admitted
442 530 44 37 to
511 525 73 42 the
607 523 140 57 Royal
776 523 243 55 Infirmary.

265 597 68 43 On
358 597 68 42 his
458 596 236 43 admission
721 595 126 57 (10th
878 593 293 57 September),
1204 594 36 42 it
1273 608 88 29 was
1395 594 138 42 found
1571 599 97 37 that
1701 593 106 57 only
1840 609 24 27 a

204 669 135 42 slight
355 674 115 37 trace
485 669 46 41 of
544 668 214 42 lameness
775 666 220 44 remained
1013 667 44 41 in
1074 666 73 43 the
1164 666 117 56 right
1296 666 79 43 leg.
1420 666 92 43 The
1529 681 106 37 arm,
1651 666 214 51 however,

205 754 87 29 was
314 739 213 56 seriously
546 739 242 56 paralysed.
853 738 71 43 He
947 738 129 43 could
1101 753 126 28 move
1253 739 68 42 his
1345 739 209 43 shoulder
1572 739 119 55 joint
1716 737 148 52 freely,

208 813 128 44 beitiur
357 812 97 42 able
478 818 43 36 to
544 825 112 29 raise
687 811 74 42 the
784 825 91 28 arm
901 825 104 29 over
1029 811 67 43 his
1120 811 121 43 head.
1307 811 71 43 He
1402 810 129 43 could
1554 825 91 28 also
1667 810 83 44 flex
1776 811 87 41 and

204 884 162 43 extend
390 883 74 42 the
498 883 139 43 elbow
665 883 129 56 joint,
818 883 80 42 but
929 883 55 43 he
1017 883 75 42 did
1116 897 46 29 so
1193 882 156 44 feebly.
1414 883 90 42 The
1530 887 122 37 wrist
1669 882 119 55 joint
1810 881 54 43 he

204 955 128 43 could
372 955 173 43 neither
581 955 87 42 flex
708 970 78 27 nor
823 955 162 43 extend
1026 956 45 41 in
1110 956 75 42 the
1223 955 205 57 slightest
1466 955 163 43 degree.
1697 955 53 42 In
1789 955 76 43 the

206 1029 168 56 fingers,
398 1028 144 43 which
565 1029 55 42 he
649 1029 109 55 kept
781 1028 247 56 habitually
1053 1028 266 43 semiflexed,
1341 1028 123 42 there
1490 1042 86 28 was
1601 1042 105 41 very
1729 1029 137 55 slight

206 1115 144 42 power
382 1101 47 42 of
459 1101 235 56 voluntary
717 1101 174 42 flexion,
915 1101 81 41 but
1018 1115 114 27 none
1157 1101 221 42 whatever
1400 1102 45 40 of
1467 1101 242 42 extension.
1774 1100 91 42 The

208 1174 151 41 mouth
397 1187 89 28 was
521 1173 149 42 drawn
706 1187 108 42 very
836 1172 185 56 slightly
1044 1177 44 38 to
1122 1173 74 42 the
1229 1173 81 42 left
1342 1173 103 43 side,
1470 1172 86 42 and
1591 1173 76 42 the
1691 1177 175 47 tongue,

207 1246 126 42 when
357 1246 252 56 protruded,
632 1245 202 43 deviated
861 1259 102 41 very
989 1245 184 55 slightly
1198 1251 42 35 to
1265 1244 73 42 the
1362 1244 129 57 right.

264 1318 92 42 The
381 1318 122 42 heart
527 1332 87 28 was
638 1317 131 43 much
792 1317 357 56 hypertrophied,
1167 1316 86 42 and
1279 1316 122 43 there
1426 1330 111 28 were
1562 1315 304 45 well-marked

207 1390 139 42 bruits
370 1390 45 42 of
437 1396 146 36 mitral
607 1389 272 43 obstruction
902 1389 86 42 and
1012 1388 332 56 regurgitation.

266 1463 129 41 From
422 1463 74 41 the
520 1467 124 37 notes
667 1463 45 41 of
744 1462 74 42 the
852 1476 108 28 case,
994 1461 144 42 which
1174 1461 110 41 have
1319 1461 107 42 been
1452 1461 135 41 taken
1614 1462 107 40 with
1746 1468 122 49 great

204 1547 96 28 care
325 1533 54 55 by
405 1548 73 26 my
503 1534 160 40 former
687 1532 401 57 house-physician,
1113 1533 65 41 Dr
1200 1532 70 42 W.
1294 1533 45 41 F.
1364 1532 262 51 Eobertson,
1650 1533 22 42 I
1695 1539 173 37 extract

201 1619 26 27 a
251 1605 80 41 few
357 1604 44 42 of
422 1607 76 40 the
521 1604 176 56 leading
721 1605 262 55 particulars
1007 1605 231 55 regarding
1263 1604 73 43 the
1359 1604 208 56 patient's
1592 1605 169 43 speech.

263 1677 66 42 On
358 1677 66 42 his
447 1677 253 51 admission,
722 1677 161 43 almost
901 1677 74 43 the
999 1677 104 42 only
1126 1677 140 42 words
1287 1677 141 42 which
1454 1677 74 43 the
1546 1679 173 55 patient
1738 1679 130 42 could

202 1749 232 43 articulate
472 1749 213 56 correctly
722 1764 111 28 were
864 1764 68 42 yes
964 1750 87 42 and
1083 1765 85 37 no;
1206 1750 80 42 but
1321 1749 55 44 he
1416 1750 126 43 made
1574 1756 214 52 attempts
1822 1757 46 38 to

205 1822 231 42 articulate
460 1837 132 41 many
617 1822 123 42 other
775 1823 152 51 words,
950 1822 87 42 and
1060 1822 35 42 it
1128 1837 88 28 was
1239 1822 237 56 strikingly
1503 1824 245 43 noticeable
1772 1825 97 43 that

205 1894 54 43 he
283 1895 162 56 always
481 1895 219 56 produced
736 1895 163 43 sounds
934 1895 231 56 distinctly
1201 1895 276 53 articulated,
1502 1911 134 28 never
1668 1912 55 27 an
1752 1897 117 43 inar-

203 1967 181 43 ticulate
426 1967 101 42 slur.
612 1968 132 50 Thus,
787 1972 75 38 ten
906 1968 108 55 days
1058 1968 113 41 after
1214 1968 254 51 admission,
1507 1969 126 42 when
1680 1970 53 42 he
1780 1985 87 29 was

202 2039 177 56 already
426 2039 238 57 beginning
708 2046 43 35 to
797 2040 209 55 improve,
1050 2040 54 41 he
1148 2039 107 43 said,
1289 2040 46 41 in
1380 2040 122 55 reply
1538 2046 45 37 to
1626 2043 244 54 questions,

202 2115 20 18 "
240 2112 229 42 Pittsburd
486 2112 20 16 "
540 2112 67 42 for
640 2112 240 56 Pittsburg,
904 2117 20 16 "
941 2112 169 44 Ctoio
1127 2111 19 16 "
1181 2113 66 41 for
1281 2112 217 57 Glasgow,
1520 2118 22 16 "
1558 2114 179 43 Tunnes
1752 2115 22 15 "
1801 2116 67 42 for

205 2184 194 56 Stirling,
441 2188 22 17 "
480 2184 234 43 Skennes"
773 2184 61 43 for
887 2184 272 56 September,
1207 2188 20 17 "
1243 2184 236 43 Toosday"
1532 2185 67 43 for
1651 2187 216 52 Tuesday,

203 2261 18 15 "
242 2256 289 43 Muck-a-day
547 2255 22 17 "
593 2257 67 41 for
679 2257 290 42 Wednesday.
1035 2257 149 42 When
1206 2257 136 41 asked
1365 2257 115 43 what
1504 2258 53 43 he
1583 2258 84 43 had
1692 2259 85 43 had
1800 2260 69 42 for

203 2334 80 46 tea,
298 2329 54 42 he
370 2328 93 43 said
482 2328 151 43 "Ped"
652 2329 66 41 for
737 2329 141 43 bread,
896 2328 219 44 "Butter"
1135 2328 320 57 correctly,and
1475 2331 145 42 "Tea"
1639 2333 227 44 correctly.

259 2401 148 43 When
440 2401 55 42 he
528 2415 87 28 was
650 2401 143 42 tested
826 2401 107 42 with
969 2402 75 42 the
1079 2401 325 57 Physiological
1438 2403 237 56 Alphabet,
1710 2406 35 41 it
1780 2421 87 27 was

202 2473 135 41 found
360 2473 98 43 that
482 2473 54 43 he
559 2473 85 43 had
668 2473 87 43 lost
778 2473 75 43 the
877 2488 147 42 power
1046 2474 45 43 of
1112 2473 244 57 producing
1379 2474 75 44 the
1476 2482 171 50 greater
1681 2479 188 42 number

199 2545 45 42 of
266 2545 75 43 the
365 2546 256 43 Consonant
643 2545 175 43 sounds.
883 2546 127 43 With
1045 2546 155 43 regard
1234 2553 43 35 to
1311 2546 75 43 the
1421 2548 174 52 vowels,
1631 2549 148 43 whilst
1814 2551 55 43 he

200 2617 128 43 could
364 2618 163 56 always
564 2618 189 57 produce
789 2619 73 42 the
898 2618 166 44 middle
1096 2619 329 43 vowel-sounds
1469 2621 71 41 Ah
1575 2622 86 42 and
1697 2622 82 54 Oh,
1813 2623 54 43 he

203 2690 83 42 had
309 2690 217 57 difficulty
558 2692 107 42 with
691 2692 74 42 the
791 2691 160 43 vowe*ls
985 2696 45 38 at
1065 2693 75 42 the
1176 2698 86 37 two
1297 2692 108 43 ends
1440 2694 44 41 of
1520 2694 71 43 the
1625 2694 87 52 list,
1745 2702 122 37 often

199 2763 257 56 converting
479 2764 74 43 the
578 2764 305 43 vowel-sound
905 2779 39 28 ee
965 2764 95 43 into
1083 2765 67 43 eh,
1173 2765 86 42 and
1283 2779 45 29 oo
1350 2765 95 43 into
1469 2767 66 41 oh.

259 2836 120 43 Here
398 2837 36 42 is
453 2852 24 27 a
494 2843 101 37 note
613 2837 47 42 of
682 2837 66 43 his
767 2838 285 42 articulation
1071 2838 45 42 of
1138 2838 76 43 the
1238 2839 175 43 various
1437 2845 244 37 consonant
1703 2841 164 42 sounds

198 2909 44 41 of
266 2908 74 43 the
363 2909 324 57 Physiological
711 2910 240 43 Alphabet.

260 2979 286 53 LabialsP,
564 2995 46 28 as
633 2981 44 41 in
699 2982 133 56 Papa,
848 2980 39 46 is
909 2982 132 56 given
1060 2982 226 43 correctly.
1352 2984 40 40 B
1411 2984 42 40 in
1475 2983 121 43 Baba
1615 2984 253 44 sometimes

198 3056 177 49 correct,
399 3053 252 43 sometimes
687 3068 45 28 as
769 3054 45 50 P,
838 3054 174 56 patient
1045 3055 157 56 saying
1225 3059 21 17 "
1262 3054 156 44 Paba."
1479 3055 59 43 M
1565 3061 175 38 correct.
1818 3054 57 46 W

200 3138 47 28 as
273 3123 82 52 wh,
376 3139 79 28 wee
476 3139 78 28 wee
575 3125 132 57 being
727 3126 132 56 given
882 3140 47 28 as
951 3130 22 16 "
994 3126 123 56 whey
1145 3126 164 56 whey."
