2107 3450
240 328 86 31 THE
361 325 161 32 ACTION
557 324 54 31 OF
642 323 88 30 THE
763 320 167 32 SPEECH
966 318 200 32 CENTRES
1199 319 45 30 IN
1283 317 223 31 INSANITY.
1601 303 85 44 207

48 451 20 19 "
88 447 80 52 Oh,
192 461 68 27 no,
283 450 76 37 not
380 443 134 43 now."
578 446 20 17 "
619 441 77 42 It's
720 455 24 27 a
776 453 125 42 rainy
927 439 121 55 day."
1112 442 21 18 "
1154 437 104 55 Yes,
1282 436 36 41 it
1351 434 77 43 is."
1491 438 20 16 "
1532 431 111 45 Rosa
1661 430 42 43 !"

47 525 20 16 "
89 520 20 41 I
144 517 115 46 bear,
291 515 95 45 sir."
449 518 21 19 "
486 514 160 43 You're
680 528 53 27 an
768 512 71 41 old
874 510 174 43 rascal."
1112 515 19 15 "
1152 507 124 44 Yes."
1341 511 18 17 "
1380 506 113 41 How
1518 518 72 29 are
1617 518 88 41 you

50 590 88 42 this
165 588 199 42 morning
381 589 14 40 ?
415 587 20 14 "
499 590 19 37 "
536 585 81 51 01),
641 599 103 40 very
773 583 109 50 well,
907 582 139 42 thank
1071 581 124 55 you."

109 662 78 56 (3.)
224 660 124 42 Other
378 659 149 42 Forms
557 658 51 41 of
632 657 254 42 Automatic
917 653 305 57 Speech.—(a.)
1268 651 201 42 Patients
1504 648 98 43 who
1635 662 73 28 are

50 733 73 41 the
160 731 192 42 subjects
392 730 44 42 of
473 728 224 43 advanced
737 726 225 43 dementia
998 740 73 28 are
1114 722 256 58 frequently
1409 719 211 56 occupied
1660 719 45 41 in

51 804 169 41 talking
259 808 43 37 to
341 802 278 43 themselves,
656 800 250 43 sometimes
944 798 47 43 in
1029 813 25 28 a
1092 796 215 56 drawling
1345 807 236 30 monotone
1618 791 89 43 and

48 876 249 43 sometimes
332 875 45 41 in
417 890 24 26 a
478 874 201 42 whisper.
760 873 90 41 The
886 872 141 42 words
1065 871 44 42 of
1147 870 124 42 these
1310 866 291 57 Monologues
1635 879 72 27 are

49 948 250 42 sometimes
323 947 231 56 distinctly
578 945 274 44 articulated,
874 959 47 29 as
954 945 47 42 in
1034 944 75 42 the
1143 956 223 30 specimen
1398 944 97 39 that
1518 939 77 42 has
1614 938 95 56 just

49 1021 108 42 been
191 1021 142 55 given.
399 1020 147 43 Often,
568 1020 47 41 in
645 1019 222 42 dementia
901 1018 47 42 of
977 1017 104 55 long
1114 1015 223 55 standing,
1362 1013 104 56 they
1490 1012 111 41 have
1637 1011 71 42 be-

49 1107 121 28 come
202 1093 68 41 for
302 1093 73 41 the
410 1100 114 35 most
556 1097 99 51 part
688 1091 164 43 merely
876 1092 366 41 semi-articulate
1275 1100 177 37 sounds,
1474 1084 99 43 that
1595 1084 113 41 have

50 1165 104 41 only
184 1179 24 27 a
241 1164 249 56 superficial
523 1163 295 44 resemblance
852 1168 44 37 to
931 1161 151 43 words.
1160 1161 102 49 But,
1286 1173 196 28 whether
1506 1157 105 55 they
1635 1169 72 29 are

51 1237 229 42 composed
309 1238 63 40 for
394 1236 75 42 the
492 1242 115 36 most
628 1241 98 50 part
748 1237 47 40 of
824 1234 229 43 articulate
1081 1232 155 43 words,
1259 1246 47 27 or
1328 1231 46 41 of
1404 1243 117 28 mere
1544 1241 164 30 sounds

51 1309 90 42 like
176 1308 152 42 words,
351 1309 35 41 it
418 1309 36 42 is
489 1308 266 56 impossible,
789 1322 45 27 as
868 1321 24 27 a
925 1306 106 42 rule,
1064 1309 45 37 to
1143 1304 146 42 detect
1311 1317 87 41 any
1423 1313 207 42 meaning
1662 1300 48 41 in

52 1381 131 42 them.
248 1381 41 40 A
322 1380 117 42 little
472 1380 133 42 study
639 1380 44 42 of
716 1379 121 42 these
872 1391 281 29 monologues
1188 1376 37 41 is
1263 1379 77 51 apt
1379 1381 43 35 to
1456 1376 178 52 suggest
1665 1374 46 39 to

53 1452 117 43 one's
195 1452 123 42 mind
342 1452 98 42 that
463 1451 74 42 the
568 1451 168 42 mental
768 1450 204 42 faculties
1003 1449 47 42 of
1080 1448 75 42 the
1180 1451 174 52 patient
1386 1446 112 41 have
1520 1444 119 42 little
1662 1457 49 28 or

52 1524 186 43 nothing
273 1529 43 37 to
352 1524 54 41 do
447 1523 105 42 with
589 1523 115 42 their
745 1535 271 43 production.
1084 1521 46 41 It
1164 1533 140 29 seems
1340 1518 147 42 rather
1520 1516 109 52 that,
1664 1515 47 42 in

51 1597 123 42 these
210 1596 295 56 monologues,
543 1595 72 42 the
651 1609 154 28 organs
841 1594 45 42 of
923 1593 158 42 speech
1122 1606 72 28 are
1230 1591 156 55 taking
1419 1589 193 44 exercise
1656 1603 56 27 on

51 1669 115 41 their
188 1682 98 28 own
310 1673 195 37 account.

111 1741 74 56 (b.)
220 1741 53 41 In
297 1740 250 43 connexion
573 1746 105 36 with
703 1739 166 43 certain
893 1739 135 42 forms
1052 1739 46 41 of
1117 1737 168 43 Mania,
1307 1736 109 43 with
1443 1740 124 52 great
1588 1734 124 43 volu-

52 1813 129 42 bility
205 1814 47 41 of
283 1813 257 42 incoherent
575 1812 172 56 speech,
779 1812 75 42 the
878 1811 203 57 question
1116 1811 78 42 has
1233 1811 45 42 of
1314 1810 88 42 late
1441 1823 126 42 years
1602 1808 109 42 been

52 1886 199 43 debated,
266 1885 196 43 whether
477 1885 105 43 each
607 1884 258 43 incoherent
887 1885 219 55 fragment
1129 1883 45 42 of
1197 1898 24 27 a
1239 1897 207 29 sentence
1463 1884 250 53 represents

52 1972 58 28 an
130 1958 256 42 incoherent
410 1958 220 41 fragment
653 1958 46 41 of
720 1957 215 56 thought;
968 1970 59 29 or,
1049 1956 35 42 if
1106 1956 37 42 it
1166 1957 36 41 is
1225 1960 77 38 not
1326 1955 150 43 rather
1508 1954 75 43 the
1617 1968 97 28 case

54 2031 97 41 that
174 2030 74 43 the
271 2029 352 43 speech-centres
645 2029 267 43 themselves
945 2029 263 56 participate
1242 2029 45 40 in
1321 2028 75 42 the
1429 2026 178 58 general
1640 2041 74 28 ex-

55 2103 210 41 citement
288 2103 45 40 of
354 2102 73 42 the
450 2102 138 42 brain,
612 2102 85 41 and
721 2101 172 57 display
916 2101 116 42 their
1054 2106 269 37 excitement
1346 2101 58 56 by
1427 2100 188 56 pouring
1639 2103 78 39 out

56 2174 330 55 automatically
411 2174 74 42 the
509 2174 140 42 words
682 2174 86 42 and
801 2174 179 56 phrases
1005 2174 145 42 whose
1182 2174 166 56 images
1382 2188 71 27 are
1486 2173 145 42 stored
1655 2186 61 42 up

58 2245 155 44 within
238 2246 130 43 them.
433 2246 91 43 The
549 2252 109 36 term
691 2245 408 56 "Verbigeration"
1133 2247 38 41 is
1201 2260 97 28 now
1323 2245 175 43 coming
1520 2245 95 42 into
1637 2260 79 28 use

56 2334 157 41 among
236 2319 207 42 alienists.
509 2319 45 42 It
578 2319 35 42 is
636 2333 25 28 a
684 2324 110 37 term
821 2323 147 38 meant
992 2324 43 37 to
1059 2318 226 44 designate
1312 2324 95 37 that
1435 2318 139 56 noisy,
1598 2318 117 42 inco-

56 2392 165 41 herent,
245 2391 85 42 and
354 2390 292 57 meaningless
669 2390 158 43 speech
852 2405 47 28 so
922 2391 121 42 often
1066 2396 92 37 met
1183 2391 107 42 with
1321 2391 46 41 in
1392 2391 166 42 certain
1581 2391 136 43 forms

56 2464 45 44 of
122 2465 155 41 mania.
342 2464 91 42 The
456 2468 111 38 term
591 2477 139 29 seems
749 2463 209 56 specially
978 2463 190 43 suitable
1187 2464 67 41 for
1277 2464 74 43 the
1369 2464 159 42 speech
1547 2465 47 41 of
1609 2463 109 43 such

55 2551 118 28 cases
199 2537 126 42 when
350 2536 88 42 this
468 2536 36 42 is
528 2535 165 57 largely
718 2536 232 56 composed
975 2536 44 42 of
1042 2537 74 42 the
1141 2542 205 37 constant
1368 2537 235 56 repetition
1628 2538 44 41 of
1695 2553 22 25 a

58 2624 102 41 very
186 2610 81 41 few
294 2609 140 42 words
457 2623 48 28 or
528 2609 190 56 phrases.

116 2682 70 55 (c.)
210 2682 53 41 In
298 2682 74 42 the
408 2682 224 55 foregoing
665 2686 126 38 notes
824 2696 121 41 upon
975 2682 334 56 pyscho-motor
1333 2683 387 42 word-hallucina-

60 2754 127 51 tions,
204 2768 45 28 as
273 2754 224 43 described
522 2754 57 56 by
604 2753 162 58 Seglas,
786 2754 34 42 it
843 2769 88 28 was
953 2754 225 44 indicated
1201 2755 98 43 that
1323 2755 108 43 such
1454 2770 57 28 an
1536 2755 186 44 halluci-

64 2826 161 50 nation,
244 2827 123 41 when
390 2841 103 41 very
513 2826 133 51 vivid,
666 2827 36 42 is
728 2831 76 38 apt
822 2832 43 37 to
884 2827 178 43 become
1081 2842 54 28 an
1156 2828 263 56 Impulsion,
1439 2828 145 43 which
1604 2843 116 28 com-

64 2897 92 55 pels
184 2897 74 43 the
290 2899 171 54 patient
494 2905 43 35 to
571 2900 255 41 exteriorize
861 2899 73 43 the
969 2899 322 44 hallucination
1325 2901 58 56 by
1414 2901 308 56 pronouncing

66 2969 72 42 the
163 2969 125 42 word.
353 2970 103 43 This
489 2972 128 55 again
656 2986 101 42 may
791 2972 189 56 perhaps
1014 2972 52 43 be
1100 2973 136 43 taken
1270 2987 47 29 as
1350 2988 57 28 an
1441 2974 203 42 example
1678 2974 47 41 of

65 3041 239 43 automatic
337 3042 142 42 action
515 3057 56 28 on
593 3043 76 43 the
694 3048 98 52 part
814 3044 45 42 of
893 3044 73 43 the
1000 3045 157 56 speech
1182 3060 167 28 organs.
1415 3046 129 42 Some
1567 3045 154 56 regard

68 3114 35 40 it
130 3127 46 28 as
209 3127 25 28 a
265 3113 109 42 kind
409 3114 47 41 of
485 3115 253 43 coordinate
771 3130 148 28 spasm
952 3117 45 41 in
1034 3117 73 42 the
1142 3122 143 38 motor
1318 3117 306 42 word-centre,
1649 3117 73 42 the

69 3189 140 38 motor
242 3183 279 43 disturbance
556 3186 214 42 resulting
806 3188 41 40 in
884 3189 75 41 the
998 3188 287 57 involuntary
1319 3189 263 42 ejaculation
1619 3190 43 40 of
1702 3204 23 27 a
