2107 3450
242 331 86 31 THE
361 329 165 33 ACTION
560 328 54 32 OF
646 328 88 31 THE
769 326 168 32 SPEECH
972 326 200 31 CENTRES
1205 326 49 31 IN
1288 326 224 32 INSANITY.

1626 316 83 41 209

108 442 261 42 Agonizing
402 440 180 42 Search
618 448 82 31 for
732 448 29 31 a
794 437 152 49 Name,
969 435 162 43 Word,
1155 446 57 31 or
1240 434 205 43 Number
1471 445 119 31 that
1619 445 89 32 has

52 525 113 30 been"
187 510 488 46 forgotten.—Under
692 510 72 42 the
780 523 128 28 name
925 507 371 45 Onomatomania
1310 507 170 56 (name-
1501 521 48 28 or
1567 507 139 42 word-

49 585 233 55 madness),
311 583 115 43 MM.
457 583 188 43 Charcot
675 582 85 42 and
795 580 197 59 Magnan
1026 581 124 52 have,
1184 579 46 44 in
1263 594 25 28 a
1322 594 108 42 very
1461 580 245 55 important

49 657 130 41 series
202 657 47 41 of
273 654 186 57 papers,1
481 654 195 55 grouped
711 653 198 43 together
931 653 75 42 the
1030 666 277 42 phenomena
1331 650 241 43 connected
1597 650 109 42 with

49 741 398 42 word-possession,
483 726 392 55 word-impulsion,
903 725 86 43 and
1023 724 309 57 superstitious
1365 724 340 55 interpretation

50 799 45 43 of
126 799 150 43 words,
301 799 96 42 that
431 814 61 27 we
516 799 111 42 have
657 798 96 56 just
786 798 109 42 been
927 797 266 43 examining.
1262 797 53 42 In
1340 795 75 44 the
1437 809 138 43 group
1599 796 107 56 they

46 871 177 43 include
246 871 91 42 also
360 885 25 28 a
409 871 109 42 form
543 871 47 42 of
615 870 369 43 Onomatomania
1008 870 96 42 that
1138 870 23 42 I
1194 870 113 42 have
1331 873 78 38 not
1430 873 75 51 yet
1528 868 179 42 alluded

47 949 55 36 to.
157 944 45 41 It
218 944 37 42 is
279 944 74 42 the
378 944 108 41 form
505 943 47 42 in
578 943 142 42 which
745 958 24 27 a
788 957 158 42 person
964 943 98 42 who
1080 944 79 41 has
1178 942 218 43 forgotten
1422 955 120 29 some
1565 955 143 39 name,

47 1013 131 52 word,
200 1028 48 29 or
276 1015 200 51 number,
498 1019 162 39 cannot
681 1022 186 49 prevent
894 1015 69 42 his
997 1015 122 42 mind
1145 1016 111 41 from
1290 1013 229 43 searching
1542 1014 65 41 for
1628 1012 78 43 the

49 1087 115 42 word
197 1087 46 42 in
275 1087 69 44 his
376 1102 208 42 memory,
608 1088 167 57 though
809 1088 74 43 the
917 1088 150 43 search
1092 1088 200 42 becomes
1326 1101 119 28 more
1478 1085 87 43 and
1587 1099 119 28 more

47 1159 183 55 painful,
254 1160 86 42 and
372 1174 112 29 even
516 1160 232 57 agonizing
780 1165 45 38 to
859 1160 103 42 him.
1028 1160 55 42 In
1116 1160 76 42 the
1226 1174 142 41 agony
1396 1159 47 41 of
1471 1158 153 43 search
1650 1157 56 43 he

49 1245 101 42 may
174 1232 174 42 become
381 1232 222 56 intensely
637 1232 186 43 excited,
846 1247 48 27 or
926 1247 110 27 even
1060 1232 193 42 furious;
1285 1231 54 42 be
1372 1230 145 43 seized
1550 1230 107 41 with
1682 1245 25 26 a

47 1304 283 43 constrictive
364 1305 116 55 pain,
502 1305 85 41 and
616 1319 24 27 a
672 1319 125 28 sense
821 1304 44 43 of
898 1304 273 43 suffocation,
1195 1308 135 37 about
1351 1303 76 42 the
1459 1306 137 47 chest,
1619 1301 88 42 and

46 1375 134 43 break
207 1382 76 37 out
314 1377 94 42 into
441 1377 177 56 profuse
651 1381 301 52 perspiration.
1016 1376 91 42 The
1141 1379 246 53 symptoms
1421 1389 70 28 are
1525 1378 45 38 at
1598 1387 108 29 once

46 1447 192 44 relieved
260 1449 36 42 if
318 1449 74 42 the
426 1449 118 42 word
577 1449 37 42 is
648 1454 43 37 at
716 1449 85 42 last
823 1448 309 43 remembered,
1155 1462 47 28 or
1225 1449 37 41 is
1286 1446 355 44 communicated
1663 1450 45 38 to

47 1520 75 43 the
147 1521 183 55 patient.

106 1591 104 44 This
246 1593 224 42 condition
505 1593 37 42 is
580 1593 254 43 sometimes
873 1597 90 38 met
998 1592 109 42 with
1144 1606 160 28 among
1338 1591 126 43 those
1499 1591 101 42 who
1636 1605 72 29 are

46 1663 74 43 the
158 1665 192 56 subjects
383 1666 47 42 of
463 1666 282 56 pronounced
777 1666 224 55 insanity;
1039 1666 37 42 it
1108 1666 37 42 is
1185 1679 203 28 common
1422 1664 91 43 also
1547 1679 161 42 among

43 1736 154 55 people
231 1738 108 51 who,
363 1739 145 42 owing
530 1744 44 36 to
607 1738 85 43 bad
725 1738 215 57 heredity,
963 1753 71 28 are
1064 1753 55 28 on
1153 1738 75 43 the
1251 1752 130 29 verge
1416 1738 45 41 of
1493 1738 212 55 insanity.

44 1809 43 41 It
109 1809 37 42 is
169 1824 82 29 one
273 1811 47 42 of
339 1811 74 43 the
435 1812 205 54 stigmata
659 1812 59 42 by
738 1811 143 42 which
906 1826 55 27 an
986 1811 204 43 unstable
1214 1811 169 42 mental
1407 1810 302 51 equilibrium,

43 1881 84 44 due
149 1886 45 38 to
217 1883 83 42 bad
325 1883 213 57 heredity,
560 1898 103 43 may
686 1884 53 43 be
762 1884 279 56 recognised;
1072 1884 134 43 being
1227 1884 45 41 in
1297 1883 100 43 that
1418 1887 173 39 respect
1613 1883 92 43 like

44 1953 73 43 the
141 1955 125 43 other
288 1957 318 42 eccentricities
630 1956 263 43 manifested
916 1957 60 42 by
994 1957 109 42 such
1126 1956 287 43 individuals,
1431 1956 109 43 such
1564 1970 46 29 as
1628 1956 77 43 the

44 2026 91 41 fear
168 2027 47 41 of
242 2028 113 55 pins,
388 2042 48 28 or
468 2028 44 42 of
544 2032 104 39 cats,
671 2043 49 28 or
751 2028 45 43 of
827 2028 206 52 thunder,
1054 2029 279 56 perversions
1366 2028 45 43 of
1444 2028 75 43 the
1553 2029 154 42 sexual

44 2097 197 51 instinct,
259 2098 288 56 dipsomania,
569 2104 79 38 etc.
713 2099 91 43 The
827 2100 181 42 authors
1032 2100 47 43 of
1101 2100 73 43 the
1193 2114 158 42 papers
1368 2100 113 42 have
1500 2100 205 43 recorded

44 2169 167 42 several
233 2170 260 57 interesting
516 2185 130 30 cases.

107 2315 499 44 Embololalia.—This
635 2317 186 43 consists
850 2318 47 42 in
924 2317 75 44 the
1027 2318 207 56 frequent
1262 2318 318 43 interpolation
1607 2318 96 43 into

44 2386 156 56 speech
224 2387 48 42 of
301 2402 24 27 a
348 2388 164 43 useless
543 2403 46 28 or
613 2390 293 56 meaningless
931 2390 118 42 word
1073 2405 47 27 or
1143 2390 197 57 syllable.
1406 2391 110 42 Like
1543 2393 21 19 "
1580 2390 123 43 hem-

42 2459 122 56 ming
185 2459 87 43 and
295 2459 211 59 hawing,"
538 2462 36 42 it
603 2462 38 42 is
671 2477 25 27 a
725 2463 309 56 phenomenon
1059 2463 296 57 occasionally
1378 2463 233 57 displayed
1645 2463 58 57 by

41 2545 103 28 sane
168 2530 164 57 people.
397 2533 268 43 Kussmaul2
688 2535 78 43 has
794 2535 206 43 recorded
1023 2549 24 28 a
1080 2535 187 42 number
1289 2536 45 41 of
1369 2535 176 43 curious
1569 2549 134 38 cases,

42 2617 156 42 among
221 2605 145 43 others
390 2605 96 43 that
503 2607 46 42 of
566 2622 55 27 an
646 2607 71 43 old
740 2608 173 57 general
939 2608 44 42 in
1010 2608 143 43 whom
1177 2608 90 44 this
1290 2609 264 56 peculiarity
1572 2608 130 44 made

42 2675 56 42 its
133 2690 268 41 appearance
436 2679 113 42 after
583 2694 25 27 a
643 2681 244 42 sunstroke.
968 2680 55 42 In
1061 2680 67 43 his
1167 2695 96 29 case
1300 2682 76 42 the
1411 2681 120 42 word
1565 2681 133 42 inter-

42 2745 171 57 polated
252 2763 85 28 was
373 2751 219 43 "mama."
656 2752 72 43 He
763 2753 106 43 said,
893 2753 63 42 for
991 2753 215 57 example,
1229 2758 21 17 "
1266 2754 105 43 This
1407 2754 294 43 miserable-

42 2821 348 43 mama—fellow
428 2823 78 43 has
550 2825 612 56 expected—mama—other
1194 2827 156 57 people
1384 2832 317 37 to—mama—

41 2890 101 55 pick
165 2891 69 43 his
256 2892 227 46 chestnuts
508 2901 76 38 out
607 2897 44 42 of
685 2898 75 44 the
783 2899 320 43 fire—mama."
1170 2900 262 42 Sometimes
1456 2900 36 41 it
1513 2900 37 41 is
1575 2905 78 36 not
1675 2914 24 27 a

43 2960 117 43 word
194 2962 96 43 that
311 2964 36 42 is
382 2965 304 58 interpolated,
708 2970 82 43 but
811 2985 25 28 a
872 2970 199 57 syllable,
1096 2970 146 43 which
1263 2971 39 43 is
1328 2970 209 44 attached
1559 2985 47 28 as
1641 2984 57 28 an

42 3032 101 42 affix
167 3037 44 37 to
235 3034 125 43 other
386 3038 148 44 words.

89 3137 10 22 1
129 3140 21 17 "
166 3138 54 35 De
248 3139 368 52 rOnomatomanie,"
643 3146 148 37 Archiv.
821 3147 41 36 de
888 3147 226 48 Neurologic,
1143 3151 87 33 torn,
1253 3161 46 33 x.,
1330 3150 106 43 1885,
1464 3160 33 35 p.
1521 3149 80 35 157,
1619 3146 79 37 also

39 3197 89 38 No3.
151 3202 45 34 70
215 3200 75 37 and
312 3203 56 44 71,
392 3205 103 36 1892.
1047 3186 7 9 '
1074 3204 13 27 a
1117 3208 62 48 Op.
1201 3209 71 46 cit.,
1291 3221 35 36 p.
1348 3211 84 34 813.

1444 3259 23 40 2
1492 3269 28 30 D
