1933 3302
175 168 291 33 Complicatiuueii
487 169 59 27 mit
562 164 120 32 blauer
698 164 174 39 Eiterung,
887 161 159 31 Tetanus.
1072 158 261 42 Pathologische
1347 157 195 32 Anatomie.
1619 156 49 38 51

474 291 288 40 Complication
795 291 68 38 mit
896 288 139 39 blauer
1067 286 202 48 Eiterung.

206 403 120 39 Blaue
354 400 189 38 Eiterung
572 399 69 38 sah
671 413 88 24 man
787 397 132 39 häufig
948 396 52 38 im
1031 398 178 35 weiteren
1230 392 184 39 Verlaufe
1444 392 66 37 des
1526 389 146 50 Hospi-

79 458 238 39 talbrandes,
349 455 75 37 und
453 466 99 24 zwar
582 453 118 37 dann,
730 465 111 25 wenn
870 451 177 37 letzterer
1076 449 52 37 im
1156 446 300 39 Verschwinden
1483 443 190 52 begrifi'en

79 526 79 24 war
186 511 77 38 und
293 510 58 37 die
380 508 189 47 Eiterung
599 506 162 51 begann.
820 505 79 37 Das
926 502 237 39 Erscheinen
1194 500 200 38 derselben
1424 512 129 25 wurde
1585 498 86 37 des-

79 566 89 38 halb
217 578 55 24 als
320 561 163 40 Zeichen
526 559 105 38 einer
676 559 207 38 Wendung
926 571 85 24 zum
1058 556 189 38 Besseren
1291 552 235 51 angesehen,
1571 550 103 39 wohl

81 622 71 35 mit
180 617 136 39 Recht,
359 614 85 39 weil
476 613 44 50 ja
556 613 67 38 das
653 611 207 40 Auftreten
898 612 65 37 der
992 611 190 48 Eiterung
1220 607 217 49 überhaupt
1466 607 66 37 das
1561 605 111 39 Ende

82 675 64 36 des
166 667 344 42 Hospitalbrandes
531 666 191 38 bedeutet.
780 666 59 37 Da
867 665 69 37 wir
965 664 118 37 durch
1113 675 139 26 neuere
1273 660 199 46 Arbeiten,
1494 661 178 36 nament-

79 726 77 37 lich
186 724 118 37 durch
334 723 58 36 die
422 734 72 24 von
523 719 305 39 Ledderhose,
860 719 94 37 über
982 719 66 36 das
1069 717 139 38 Wesen
1238 716 66 37 der
1324 714 138 39 blauen
1482 713 192 50 Eiterung

80 776 246 40 hinreichend
356 773 176 39 orientirt
566 774 100 37 sind,
707 773 93 38 wird
838 773 66 38 der
940 771 120 38 Leser
1096 784 39 24 es
1172 769 73 38 mir
1284 780 185 33 erlassen,
1510 767 68 37 auf
1613 766 61 38 die

79 830 252 51 Hypothesen
351 827 189 39 Heine's,
562 827 165 38 welcher
748 827 58 37 die
826 826 111 38 blaue
953 825 191 38 Eiterung
1173 822 70 39 mit
1263 823 86 38 dem
1370 820 304 51 Hospitalbrand

81 886 39 37 in
149 896 123 38 engen
302 880 336 40 Zusammenhang
667 894 44 23 zu
742 880 163 50 bringen
935 881 145 43 suchte,
1113 890 249 38 einzugehen.

571 1037 288 40 Complication
891 1038 69 38 mit
990 1035 194 40 Tetanus.

210 1147 45 38 In
285 1148 87 37 sehr
409 1149 171 36 seltenen
616 1146 135 37 Fällen
788 1146 68 37 hat
887 1158 89 24 man
1006 1144 66 38 das
1102 1142 371 39 Zusammentreffen
1502 1142 66 37 des
1598 1140 76 38 Te-

84 1206 112 35 tanus
225 1204 70 35 mit
325 1200 302 39 Hospitalbrand
656 1199 239 38 beobachtet.
966 1198 205 38 Hennen
1213 1197 128 38 stellte
1380 1197 71 37 den
1481 1195 88 39 Satz
1599 1193 77 46 auf,

87 1258 85 37 dass
200 1255 301 38 Hospitalbrand
530 1254 78 37 und
629 1253 168 37 Tetanus
826 1252 255 38 unvereinbar
1109 1252 116 37 seien.
1283 1250 184 38 Indessen
1490 1251 107 36 weist
1617 1247 61 38 die

86 1311 195 38 Literatur
310 1308 96 37 doch
436 1320 167 25 einzelne
619 1306 330 39 Beobachtungen
979 1306 102 37 eines
1111 1305 156 38 solchen
1287 1302 392 39 Zusammentreffens

88 1364 85 37 auf,
212 1376 41 23 so
292 1362 60 37 die
388 1374 74 25 von
499 1360 225 50 Sprengel
760 1361 77 36 und
868 1359 203 38 Guthrie.
1129 1358 71 38 Bei
1229 1359 87 36 dem
1344 1357 124 46 Falle,
1508 1369 171 25 welchen

87 1417 129 38 ferner
244 1415 44 38 T.
321 1414 171 38 Fabien
529 1415 40 36 in
598 1413 174 50 Revigny
804 1413 100 37 1848
942 1412 63 39 bei
1035 1425 122 25 einem
1187 1411 194 38 Kutscher
1410 1410 265 44 beobachtete,

87 1472 77 36 trat
205 1468 97 38 nach
332 1468 204 38 Ausbruch
573 1469 65 36 des
677 1467 169 37 Tetanus
887 1467 66 37 der
990 1465 303 38 Hospitalbrand
1332 1478 45 24 zu
1415 1465 66 37 der
1514 1463 162 37 Wunde.

86 1523 83 38 Aus
199 1523 85 36 dem
313 1521 466 38 deutsch-französischen
807 1520 143 38 Kriege
986 1521 174 36 erwähnt
1189 1518 207 38 Christot
1408 1518 28 49 ^)
1474 1517 60 38 die
1564 1516 114 38 Com-

86 1576 184 50 plication
301 1575 63 37 des
394 1575 345 37 Hospitalbrandes
768 1576 70 34 mit
867 1573 181 38 Tetanus.

136 1892 64 54 IL
259 1889 404 57 Pathologische
703 1888 275 57 Anatomie
1020 1890 88 55 des
1148 1889 492 71 Hospitalbrandes.

218 2030 73 38 Die
321 2029 292 39 Schwierigkeit
642 2043 67 24 aus
739 2030 73 37 den
841 2029 273 50 vorliegenden
1143 2029 162 38 älteren,
1345 2043 112 24 wenn
1486 2029 97 37 auch
1613 2029 68 37 de-

90 2084 184 39 taillirten
302 2083 340 51 Beobachtungen,
683 2083 59 38 die
771 2083 191 38 Befunde,
1001 2083 143 38 welche
1174 2083 86 38 dem
1289 2082 305 50 Hospitalbrand
1624 2082 57 38 als

94 2137 166 38 solchem
291 2137 109 50 eigen
429 2137 99 38 sind,
569 2150 72 24 von
671 2136 207 51 zufälligen
908 2136 328 38 Complicationen
1264 2150 46 24 zu
1340 2137 175 37 sondern,
1548 2138 132 35 macht

94 2190 81 38 sich
202 2191 206 36 besonders
437 2190 62 38 bei
528 2191 72 36 den
628 2190 261 50 Ergebnissen
919 2191 66 36 der
1006 2189 153 39 Section
1187 2192 167 48 geltend.
1412 2189 73 38 Die
1506 2189 170 49 Compli-

96 2243 172 38 cationen
298 2244 83 36 sind
408 2243 84 37 hier
520 2243 231 38 namentlich
771 2243 354 38 Eiterinfectionen,
1157 2243 142 38 welche
1324 2244 42 48 ja
1394 2242 40 38 in
1451 2243 110 49 jener
1580 2243 98 46 Zeit,

93 2309 111 24 wenn
232 2296 106 37 nicht
367 2297 64 36 der
451 2296 484 38 Hospitalbrand-Process
966 2296 118 38 selbst
1104 2296 54 38 sie
1177 2296 250 38 zurückhielt,
1458 2296 109 38 mehr
1587 2309 93 25 oder

93 2362 167 24 weniger
288 2348 39 38 in
351 2350 127 48 jedem
506 2349 83 37 Fall
618 2350 220 37 vorhanden
867 2350 82 37 sein
977 2352 182 35 mussten.

221 2402 53 37 Es
304 2401 156 46 scheint,
492 2403 86 37 dass
607 2403 62 36 für
698 2403 71 37 den
798 2403 483 49 Hospitalbrand-Process
1319 2403 55 38 als
1405 2403 171 38 solchen,
1608 2403 69 38 ab-

95 2455 165 49 gesehen
289 2468 73 25 von
391 2455 71 37 den
492 2455 187 38 örtlichen
708 2456 336 50 Veränderungen,
1077 2457 66 37 der
1171 2456 315 38 Leichenbefund
1511 2459 166 35 wesent-

94 2508 76 37 lich
200 2508 152 38 negativ
380 2508 61 38 ist.

417 2664 208 39 Anatomie
657 2665 71 38 des
761 2664 589 41 Hospitalbrandgeschwüres.

226 2771 81 37 Den
321 2771 292 38 verschiedenen
633 2771 52 38 im
705 2771 212 38 klinischen
932 2773 151 37 Befund
1099 2786 223 37 gegebenen
1336 2773 342 40 Beschreibungen

97 2825 64 38 der
190 2824 290 38 verschiedenen
502 2824 162 39 Formen
696 2825 75 37 und
792 2825 428 52 Erscheinungsweisen
1243 2827 64 37 des
1331 2826 347 40 Hospitalbrandes

229 2948 25 40 ')
279 2950 135 31 Gazelte
438 2951 57 31 des
520 2951 163 41 höpitaux
709 2952 93 32 1871,
825 2952 31 31 S.
880 2953 71 32 562.
