2113 3404
899 267 86 31 THE
1017 269 242 33 DISORDERS
1292 272 52 31 OF
1376 273 174 32 SPEECH.

410 249 87 38 440

411 385 148 37 cortex
591 381 36 43 is
651 384 202 54 perfectly
877 387 197 43 bilateral
1108 390 63 54 (as
1203 391 153 43 Semon
1392 393 80 41 and
1508 393 184 42 Horsley
1725 392 161 43 believe
1917 393 36 41 it
1983 397 43 37 to

413 450 83 56 be),
528 453 106 44 then
665 456 38 42 it
738 458 38 42 is
808 464 76 38 not
916 462 186 53 possible
1134 463 63 42 for
1219 478 84 42 any
1327 465 229 43 unilateral
1587 467 136 41 lesion
1754 467 44 40 in
1833 465 72 42 the
1937 466 91 42 first

413 523 170 55 trophic
606 527 391 46 realm—whether
1027 533 49 41 in
1109 533 72 43 the
1204 536 173 41 cortical
1399 541 145 37 centre
1565 551 46 27 or
1633 537 44 41 in
1709 536 73 42 the
1814 540 213 38 tract—to

413 595 189 53 produce
634 599 213 54 paralysis
889 603 46 40 of
964 616 80 29 one
1077 604 121 42 vocal
1228 606 101 41 cord
1363 606 245 55 (unilateral
1640 607 208 55 paralysis
1878 607 46 41 in
1955 605 73 43 the

412 664 204 59 larynx);
648 670 180 43 because
867 672 73 42 the
964 674 179 42 cortical
1175 680 144 38 centre
1350 677 86 41 and
1467 681 109 38 tract
1607 677 46 42 of
1680 677 73 42 the
1784 677 122 41 other
1937 676 91 42 side

411 736 143 43 would
597 741 205 42 continue
847 747 43 36 to
933 743 227 43 innervate
1203 745 103 42 both
1347 746 133 42 cords.
1561 747 103 41 Nor,
1704 762 27 26 a
1761 747 189 54 fortiori,
1991 746 37 42 is

409 806 37 41 it
488 809 188 53 possible
719 810 66 42 for
826 826 85 41 any
954 812 287 44 disablement
1282 816 118 42 there
1443 817 106 41 from
1591 817 239 41 functional
1870 830 158 37 causes,

410 877 107 41 such
539 892 46 28 as
607 878 204 56 hysteria,
835 887 42 35 to
900 882 186 54 produce
1110 884 228 42 unilateral
1360 885 217 56 laryngeal
1599 886 218 55 paralysis.

468 947 89 43 But
578 949 34 41 if
634 950 167 43 further
823 952 311 56 investigation
1156 954 156 42 should
1340 955 116 42 show
1479 956 96 42 that
1605 956 163 42 Masini
1790 956 35 42 is
1847 956 114 42 right
1981 957 44 41 in

409 1019 164 56 stating
605 1020 96 42 that
732 1021 75 42 the
839 1027 142 38 motor
1012 1026 342 52 representation
1387 1027 43 41 of
1463 1027 73 42 the
1570 1027 121 42 vocal
1724 1027 119 42 cords
1875 1028 46 40 in
1954 1027 72 43 the

409 1094 146 36 cortex
577 1089 36 42 is
636 1094 76 38 not
734 1092 226 54 perfectly,
981 1093 79 42 but
1076 1094 36 42 is
1135 1095 101 55 only
1254 1095 285 56 imperfectly,
1561 1097 343 41 bilateral—just
1924 1110 45 28 as
1991 1097 34 42 is

410 1159 73 42 the
514 1166 141 36 motor
677 1164 341 53 representation
1048 1164 44 42 of
1115 1165 72 42 the
1211 1171 169 50 tongue,
1406 1167 96 54 lips,
1533 1167 185 42 etc.,—it
1750 1166 140 42 would
1921 1167 101 42 then

409 1244 158 41 appear
588 1231 98 43 that
707 1233 36 41 it
760 1234 37 41 is
818 1234 189 54 possible
1029 1234 65 42 for
1125 1249 25 28 a
1175 1236 230 42 unilateral
1426 1237 135 41 lesion
1584 1238 45 40 in
1650 1237 73 41 the
1745 1237 92 41 first
1858 1238 167 53 trophic

409 1301 136 41 realm
569 1302 159 55 (either
750 1303 47 41 in
815 1304 73 42 the
911 1305 175 41 cortical
1109 1310 145 38 centre
1275 1320 47 28 or
1348 1307 73 41 the
1449 1321 137 27 motor
1614 1307 129 42 tract)
1771 1311 43 37 to
1842 1307 184 55 produce

409 1373 161 53 paresis
593 1374 43 40 of
661 1373 76 43 the
759 1375 196 54 opposite
974 1376 260 52 cord,—just
1252 1391 45 27 as
1318 1391 25 27 a
1367 1377 228 42 unilateral
1615 1377 138 42 lesion
1772 1377 46 42 in
1840 1377 72 41 the
1935 1377 93 41 first

410 1444 168 54 trophic
603 1444 134 42 realm
760 1445 43 41 of
825 1446 74 42 the
923 1450 111 37 tract
1059 1446 66 42 for
1147 1447 72 42 the
1243 1447 88 42 oral
1354 1448 271 42 articulative
1648 1447 262 43 mechanism
1933 1461 92 41 pro-

408 1515 130 41 duces
560 1529 25 27 a
607 1516 133 55 slight
761 1517 162 55 paresis
945 1518 46 40 in
1014 1518 72 41 the
1110 1519 194 54 opposite
1326 1519 91 42 side
1439 1520 44 41 of
1503 1519 72 42 the
1601 1520 149 40 mouth
1773 1519 82 41 and
1879 1519 43 41 of
1953 1519 72 41 the

408 1589 172 51 tongue,
612 1601 46 27 as
695 1587 36 42 is
768 1601 100 28 seen
906 1588 45 42 in
994 1589 201 55 ordinary
1233 1589 268 55 hemiplegia.
1562 1590 102 41 And
1700 1590 37 40 if
1768 1604 53 27 an
1854 1590 170 54 organic

408 1655 137 43 lesion
577 1670 56 28 on
664 1671 80 28 one
776 1658 92 42 side
905 1672 78 28 can
1018 1659 100 42 thus
1153 1659 186 55 produce
1361 1674 25 27 a
1407 1660 231 42 unilateral
1674 1660 159 54 paresis
1868 1660 46 41 in
1952 1660 72 41 the

408 1727 197 54 opposite
639 1728 111 52 cord,
780 1742 46 28 so
857 1729 184 55 perhaps
1076 1743 99 42 may
1209 1743 25 28 a
1267 1729 241 42 functional
1539 1729 285 43 disablement
1857 1743 53 28 on
1945 1743 78 28 one

408 1797 103 53 side,
529 1798 83 42 due
634 1803 44 37 to
701 1798 200 43 hysteria.

466 1867 64 43 As
564 1883 62 27 we
649 1882 86 28 saw
757 1869 47 41 in
828 1883 24 27 a
875 1869 158 41 former
1054 1869 188 55 chapter,
1264 1884 116 28 cases
1412 1870 43 42 of
1486 1870 189 42 cerebral
1702 1870 134 42 lesion
1869 1870 44 40 in
1945 1883 78 27 one

408 1952 47 28 or
496 1939 123 42 other
652 1939 44 41 of
734 1940 72 41 the
842 1940 293 42 hemispheres
1169 1940 206 42 attended
1412 1940 104 41 with
1550 1943 139 38 motor
1729 1940 208 54 paralysis
1979 1940 44 40 in

407 2009 75 42 the
514 2010 194 55 opposite
743 2010 100 42 cord
875 2010 109 42 have
1016 2010 175 42 already
1225 2011 105 41 been
1363 2010 239 55 published.
1666 2011 43 41 It
1739 2010 48 51 is,
1818 2010 207 50 however,

407 2081 228 54 suggested
660 2081 54 40 by
737 2081 65 40 Dr
824 2081 157 41 Semon
1003 2081 85 41 and
1111 2081 156 42 others,
1289 2081 95 41 that
1405 2081 46 41 in
1475 2081 118 41 these
1626 2094 115 28 cases
1762 2094 115 27 some
1903 2080 121 41 other

406 2150 149 42 lesion,
576 2150 47 42 in
648 2151 114 41 what
783 2151 23 41 I
829 2151 109 41 have
959 2150 167 42 termed
1148 2151 74 42 the
1239 2151 157 42 second
1414 2150 168 42 trophic
1598 2150 133 42 realm
1748 2151 43 40 of
1812 2151 73 41 the
1903 2155 121 44 tract,

408 2226 117 37 must
557 2222 110 41 have
701 2222 106 42 been
839 2225 185 51 present,
1047 2221 165 55 though
1244 2221 266 42 overlooked.
1571 2221 83 41 We
1686 2226 116 36 must
1835 2220 99 41 wait
1960 2220 64 41 for

408 2292 169 43 further
599 2293 217 42 evidence,
839 2292 142 42 before
1006 2306 62 27 we
1090 2305 80 28 can
1192 2291 52 42 be
1265 2292 120 54 quite
1408 2305 96 28 sure
1529 2291 138 42 which
1706 2293 125 52 party
1862 2290 46 41 in
1939 2290 86 41 this

406 2368 277 36 controversy
706 2363 36 41 is
764 2362 125 42 right.
953 2361 45 41 If
1017 2375 116 28 cases
1155 2361 43 41 of
1229 2360 234 56 hysterical
1494 2359 257 55 hemiplegia
1788 2359 154 43 should
1973 2359 51 42 be

407 2437 91 38 met
521 2433 105 42 with
648 2434 46 40 in
717 2434 141 40 which
881 2432 120 42 there
1031 2431 38 43 is
1100 2431 87 42 loss
1209 2432 46 41 of
1283 2431 119 41 voice
1434 2431 108 40 from
1564 2430 208 41 adductor
1795 2429 163 56 paresis
1981 2429 43 40 of

408 2503 74 42 the
502 2503 120 41 vocal
639 2503 99 41 cord
761 2517 56 27 on
839 2502 73 41 the
934 2515 116 28 same
1073 2501 90 41 side
1185 2515 45 27 as
1256 2501 70 41 the
1349 2499 269 56 hemiplegia,
1638 2500 99 55 they
1759 2500 140 41 would
1921 2499 99 41 lend

407 2580 181 50 support
611 2579 43 36 to
677 2573 73 42 the
773 2572 178 42 opinion
972 2572 46 41 of
1044 2571 165 41 Masini
1232 2571 94 41 that
1348 2571 72 41 the
1452 2575 139 36 motor
1621 2571 339 53 representation
1983 2570 44 41 of

407 2646 74 42 the
515 2644 124 43 vocal
671 2643 122 43 cords
826 2643 37 41 is
897 2642 102 53 only
1033 2641 272 54 imperfectly
1341 2640 223 42 bilateral;
1596 2640 117 41 since
1746 2640 102 42 they
1883 2641 139 40 would

407 2716 106 42 tend
535 2719 44 38 to
601 2728 119 29 show
744 2713 95 42 that
861 2726 108 28 even
991 2725 24 27 a
1037 2710 242 42 functional
1312 2710 227 41 unilateral
1571 2710 276 42 disturbance
1876 2710 43 41 of
1951 2711 71 40 the

409 2784 189 45 cerebral
620 2787 143 39 cortex
787 2781 37 42 is
846 2780 176 43 capable
1045 2780 43 42 of
1110 2779 236 55 producing
1375 2793 24 28 a
1428 2778 229 42 unilateral
1688 2779 160 54 paresis
1876 2779 44 42 of
1952 2779 71 42 the

408 2861 196 52 opposite
636 2853 110 43 cord.
809 2852 89 42 The
931 2850 159 43 weight
1122 2851 43 40 of
1197 2849 215 51 evidence,
1443 2849 208 50 however,
1672 2854 46 36 at
1750 2849 73 42 the
1853 2854 172 49 present

407 2930 119 42 time,
543 2929 36 40 is
597 2938 193 42 strongly
809 2922 45 43 in
877 2923 152 41 favour
1045 2922 46 40 of
1111 2921 70 41 the
1205 2921 244 41 conclusion
1473 2919 46 43 of
1539 2919 153 42 Semon
1718 2919 83 41 and
1824 2917 195 52 Horsley,

407 3005 97 37 that
536 2999 74 41 the
642 2993 340 45 representation
1015 2992 44 41 of
1095 2991 73 42 the
1201 2990 119 42 vocal
1353 2990 121 41 cords
1506 2990 36 41 is
1573 2988 208 56 perfectly
1816 2986 205 54 bilateral,

407 3070 86 43 and
531 3073 94 37 that
661 3066 35 41 it
732 3065 48 52 is,
820 3063 224 50 therefore,
1082 3059 248 57 impossible
1367 3059 65 42 for
1473 3073 83 41 any
1595 3058 170 56 organic
1801 3058 134 41 lesion
1977 3072 45 27 or
