2107 3450
497 329 182 33 MENTAL
712 327 219 33 PERCEPTS
965 326 55 32 OF
1054 327 201 32 OBJECTS.

1623 317 85 41 233

44 454 105 56 only
185 452 245 57 conquered
468 452 59 42 by
566 451 74 43 the
679 447 339 46 establishment
1055 447 45 42 of
1134 446 240 43 fortresses.
1439 446 161 43 Words
1636 462 71 28 are

42 527 225 42 fortresses
290 526 46 42 of
357 525 212 43 thought:
614 522 107 44 they
744 521 156 45 enable
924 534 52 28 us
999 524 45 38 to
1068 518 158 44 realize
1249 533 80 28 our
1353 519 226 42 dominion
1604 534 104 29 over

41 595 120 42 what
179 609 61 29 we
258 594 112 44 have
389 593 177 44 already
585 606 187 30 overrun
791 591 45 42 in
854 590 204 56 thought,
1074 593 45 39 to
1135 589 129 42 make
1281 603 133 42 every
1428 588 278 44 intellectual

38 670 212 51 conquest
273 665 73 43 the
370 665 115 43 basis
509 664 44 43 of
576 664 248 42 operations
847 663 66 41 for
936 661 147 43 others
1107 660 93 44 still
1223 660 173 56 beyond

37 737 195 57 Though,
271 737 225 43 therefore,
534 751 63 27 we
636 735 129 43 allow
811 734 97 43 that
945 747 133 43 every
1126 737 256 39 movement
1426 732 189 44 forward
1654 733 46 43 in

35 810 213 56 language
271 814 119 38 must
413 810 51 42 be
487 807 275 45 determined
783 807 59 43 by
865 821 57 28 an
945 805 263 44 antecedent
1233 809 256 39 movement
1511 805 190 43 forward

38 883 44 40 in
102 882 200 56 thought,
322 881 105 43 still,
446 895 148 29 unless
618 880 190 43 thought
830 879 38 44 is
891 877 315 45 accompanied
1228 882 46 38 at
1296 877 105 44 each
1424 881 129 53 point
1573 877 48 43 in
1644 878 58 42 its

36 953 223 43 evolution
297 954 57 42 by
390 969 24 27 a
448 953 341 56 corresponding
826 951 230 44 evolution
1091 951 44 43 of
1169 951 228 57 language,
1432 951 59 43 its
1527 950 174 43 further

35 1025 310 43 development
371 1025 37 42 is
435 1024 229 44 arrested."
728 1024 225 57 Speaking
984 1024 47 42 of
1058 1023 76 43 the
1157 1022 236 44 formation
1416 1023 45 42 of
1491 1028 208 51 concepts

37 1098 55 56 by
111 1097 75 43 the
204 1102 268 38 abstraction
491 1097 44 42 of
558 1097 75 43 the
655 1097 269 56 resembling
947 1095 210 57 qualities
1179 1095 47 42 in
1250 1095 178 56 objects,
1445 1095 56 43 he
1524 1109 175 37 says,—

35 1173 20 18 "
71 1169 90 44 The
196 1175 184 38 concept
414 1170 102 43 thus
551 1171 167 43 formed
754 1171 58 42 by
845 1185 56 28 an
936 1170 270 42 abstraction
1244 1170 48 42 of
1321 1169 75 43 the
1429 1170 271 57 resembling

35 1243 110 42 from
169 1242 75 44 the
266 1243 377 57 non-resembling
666 1243 206 57 qualities
897 1243 47 42 of
964 1243 179 56 objects,
1160 1242 148 43 would
1330 1242 80 42 fall
1433 1243 111 43 back
1568 1243 129 56 again

32 1314 94 43 into
150 1314 74 43 the
248 1315 228 43 confusion
499 1315 88 43 and
621 1315 236 42 infinitude
892 1315 114 42 from
1040 1314 147 42 which
1222 1314 37 42 it
1292 1313 80 43 has
1407 1314 111 43 been
1555 1315 142 42 called

34 1391 90 47 out,
146 1401 112 29 were
280 1388 36 42 it
352 1393 77 37 not
462 1387 212 43 rendered
710 1391 264 52 permanent
1009 1387 67 42 for
1108 1387 331 42 consciousness
1472 1387 59 56 by
1564 1387 134 57 being

33 1458 116 42 fixed
172 1458 84 43 and
275 1459 172 43 ratified
470 1459 59 42 by
547 1458 150 43 verbal
715 1457 165 44 sign."1
945 1457 159 56 Surely
1126 1457 124 43 these
1269 1461 231 40 sentences
1518 1462 83 52 put
1618 1458 78 43 the

32 1530 286 43 relationship
353 1531 46 42 of
433 1530 141 43 words
610 1535 44 37 to
690 1530 75 43 the
800 1530 156 57 higher
991 1530 87 42 and
1113 1543 120 29 more
1270 1529 195 43 abstract
1500 1529 112 44 class
1652 1531 45 41 of

28 1601 119 43 ideas
170 1616 105 42 very
299 1602 163 44 clearly
484 1603 85 42 and
593 1607 255 51 succinctly.

90 1674 90 42 The
203 1680 122 50 great
343 1675 89 42 fact
454 1674 164 57 having
640 1674 110 43 been
773 1674 188 43 realized
984 1673 98 43 that
1105 1688 24 28 a
1151 1673 142 43 sound
1317 1688 81 29 can
1421 1674 53 43 be
1497 1675 128 43 made
1651 1679 44 39 to

28 1761 123 28 serve
174 1760 46 29 as
244 1761 25 28 a
292 1746 173 44 symbol
488 1746 67 43 for
577 1747 220 56 anything
829 1747 99 42 that
961 1747 37 42 is
1032 1747 232 56 perceived
1298 1761 48 28 or
1378 1747 224 57 imagined
1635 1749 60 56 by

29 1819 73 43 the
121 1819 136 51 mind,
276 1819 74 43 the
369 1819 127 43 effort
514 1819 46 42 of
574 1819 60 42 all
653 1819 246 43 cultivated
917 1819 159 43 speech
1095 1819 37 42 is
1156 1824 44 37 to
1223 1819 130 43 make
1377 1819 75 44 the
1476 1820 217 44 symbolic

27 1892 349 42 representation
409 1906 46 28 as
491 1891 217 43 complete
746 1906 47 28 as
832 1891 203 57 possible.
1100 1891 158 43 Nouns
1295 1892 195 44 indicate
1529 1894 164 43 things,

30 1965 125 42 verbs
173 1964 181 53 actions,
372 1963 237 57 adjectives
628 1964 75 43 the
720 1964 209 56 qualities
948 1964 47 43 of
1015 1964 162 57 things,
1200 1964 185 44 adverbs
1409 1965 75 44 the
1507 1980 186 30 manner

28 2037 47 42 of
93 2036 157 56 acting,
273 2037 294 56 prepositions
591 2037 86 42 and
700 2036 309 43 conjunctions
1032 2036 76 43 the
1132 2036 211 43 relations
1368 2038 47 41 of
1433 2038 151 57 things
1601 2040 90 42 and

29 2109 167 42 actions
219 2113 45 38 to
287 2108 105 43 each
416 2108 150 54 other;
598 2108 86 42 and
717 2123 47 28 so
797 2123 26 27 a
856 2108 144 43 whole
1031 2109 118 42 train
1184 2109 44 41 of
1261 2109 191 57 thought
1485 2111 115 43 finds
1633 2112 59 42 its

29 2181 253 56 expression
304 2180 46 44 in
373 2195 25 28 a
420 2181 117 42 train
560 2181 44 42 of
643 2181 150 44 words.
858 2181 101 53 But,
983 2196 46 28 as
1055 2197 63 27 we
1141 2182 112 42 have
1287 2197 115 38 seen,
1426 2184 74 42 the
1535 2199 77 28 use
1647 2186 44 41 of

31 2253 136 43 words
191 2254 102 42 does
316 2259 76 36 not
416 2260 97 48 stop
536 2253 113 43 here.
714 2253 160 44 Words
898 2259 77 38 not
1008 2254 106 57 only
1145 2269 178 42 express
1357 2256 202 57 thought,
1582 2257 109 58 they

29 2326 90 42 also
142 2331 184 51 support
349 2326 85 42 and
457 2326 131 43 assist
610 2327 45 42 it.
720 2326 147 43 When
888 2341 54 28 an
966 2327 99 43 idea
1088 2328 37 43 is
1148 2328 196 43 abstract
1368 2329 87 43 and
1477 2345 141 42 vague
1642 2346 47 28 so

29 2398 96 41 that
147 2412 56 27 no
229 2398 292 42 well-defined
544 2398 143 57 image
710 2398 36 43 is
770 2398 171 43 formed
965 2399 59 43 by
1048 2400 36 42 it
1107 2400 46 42 in
1177 2400 75 43 the
1286 2401 137 52 mind,
1445 2415 25 31 a
1498 2403 120 43 word
1651 2404 37 43 is

27 2470 208 43 invented
259 2471 56 56 by
340 2485 119 29 some
483 2471 181 43 thinker
687 2471 98 43 who
813 2471 78 44 has
924 2472 189 44 realized
1146 2473 75 44 the
1254 2473 99 44 idea
1387 2475 108 43 with
1529 2491 157 43 excep-

25 2543 137 43 tional
186 2543 227 43 clearness.
477 2544 106 43 This
607 2544 118 42 word
749 2544 107 43 adds
892 2549 43 38 to
971 2545 73 43 the
1079 2546 191 58 thought
1303 2548 253 58 something
1588 2550 99 43 that

25 2616 76 43 has
124 2617 183 43 distinct
341 2617 114 56 body
478 2617 87 43 and
598 2616 244 53 definition,
866 2632 46 29 so
946 2618 109 54 that,
1079 2619 271 54 afterwards,
1373 2621 76 43 the
1483 2623 205 53 thought,

26 2689 104 43 with
150 2690 56 42 its
230 2690 240 43 associated
494 2690 185 57 symbol,
698 2704 81 29 can
798 2691 53 43 be
868 2692 186 56 grasped
1074 2692 87 43 and
1181 2694 200 43 retained
1401 2694 58 58 by
1478 2695 208 58 ordinary

25 2761 155 43 minds.
245 2763 230 56 Language
499 2763 91 43 also
621 2762 236 44 facilitates
891 2763 88 43 and
1011 2764 223 57 improves
1267 2766 77 43 the
1378 2768 229 55 operation
1640 2770 46 41 of

26 2832 73 43 the
122 2832 206 60 thinking
351 2835 202 43 faculties
575 2835 48 43 in
646 2850 134 42 many
804 2836 127 44 other
953 2851 130 43 ways.
1149 2838 91 43 The
1264 2839 101 43 fact,
1384 2840 67 42 for
1468 2841 219 44 example,

26 2904 96 43 that
150 2921 64 28 we
246 2906 111 44 have
394 2908 45 42 in
478 2908 136 43 books
654 2908 75 44 the
767 2909 321 56 well-digested
1129 2911 214 57 thoughts
1388 2913 45 42 of
1471 2913 76 43 the
1586 2915 99 43 best

25 2976 198 45 thinkers
255 2979 46 42 of
330 2994 79 29 our
442 2995 98 28 own
574 2982 108 42 time
715 2981 88 43 and
837 2982 47 42 of
913 2986 101 53 past
1047 2997 101 43 ages
1181 2984 37 43 is
1251 2999 25 28 a
1309 2986 91 42 fact
1433 2986 45 42 of
1509 2985 175 45 infinite

25 3049 268 56 importance
331 3051 45 42 in
420 3052 186 44 relation
651 3059 44 37 to
746 3054 74 43 the
869 3054 314 58 development
1231 3058 48 41 of
1323 3057 75 44 the
1447 3071 148 43 power
1640 3059 45 42 of

73 3146 10 22 1
110 3147 174 47 Lectures,
302 3149 72 37 vol.
395 3150 51 38 iii.
467 3163 61 37 pp.
548 3155 178 46 138-140,
741 3154 141 47 quoted
900 3154 51 49 by
967 3153 155 40 Bastion
1142 3156 39 36 in
1204 3157 71 36 The
1293 3157 123 37 Brain
1434 3170 40 24 as
1492 3170 50 24 an
1564 3157 119 48 Organ

23 3207 41 48 of
77 3208 123 47 Mind,
221 3221 35 36 p.
277 3212 83 35 418.

1419 3267 25 41 2
1470 3278 29 32 G
