2287 3957
1093 152 67 52 14

129 289 55 50 to
211 290 88 48 the
323 284 277 72 physician,
629 284 112 54 who
771 284 134 54 deals
933 284 122 53 with
1081 285 86 53 the
1195 285 170 71 bodily
1393 284 116 66 life;
1551 284 224 54 through
1803 285 76 54 his
1907 289 194 69 ground

133 379 119 52 only
296 379 91 34 can
428 365 88 48 the
557 359 276 54 theologist
869 359 99 54 and
1003 361 154 70 jurist
1195 379 117 52 pass
1348 365 54 48 to
1430 359 131 54 their
1589 360 374 72 departments;
2006 365 95 52 and

130 440 121 66 they
277 440 140 47 must
456 440 174 48 accept
668 434 134 53 their
840 434 298 72 knowledge
1178 435 56 53 of
1267 435 42 53 it
1345 434 131 53 from
1501 435 106 53 him
1634 458 9 31 :
1686 454 68 34 on
1779 435 87 53 the
1890 436 209 57 founda-

129 513 113 49 tion
282 509 55 53 of
370 509 129 53 facts
544 509 166 53 which
746 509 86 53 the
870 509 207 53 faithful
1110 509 365 54 investigation
1509 509 56 54 of
1599 508 88 54 the
1722 509 173 72 bodily
1928 516 174 50 nature

128 582 123 72 lays,
280 588 139 48 must
445 589 118 60 rest,
593 584 41 53 if
668 589 122 66 they
818 603 82 34 are
938 589 54 48 to
1031 589 104 48 rest
1171 584 174 71 safely,
1374 584 134 53 their
1534 603 234 52 systems.
1847 585 253 73 Certainly

128 658 43 53 it
209 657 43 54 is
293 664 91 48 not
426 658 244 72 probable
708 659 116 53 that
864 658 104 53 this
1010 663 135 49 most
1192 659 246 53 desirable
1483 658 100 54 and
1631 658 270 54 inevitable
1945 667 156 47 result

129 732 103 53 will
270 752 142 34 come
448 739 56 48 to
542 753 116 53 pass
696 732 56 54 in
790 733 101 54 this
920 732 96 73 day
1044 752 56 34 or
1126 734 325 70 generation;
1492 733 79 53 for
1594 733 41 53 it
1660 733 42 53 is
1729 738 91 48 not
1846 734 256 54 unknown

128 806 115 54 how
288 807 176 73 slowly
503 808 90 54 the
632 808 135 53 light
807 808 55 53 of
912 808 302 71 knowledge
1258 812 285 68 penetrates
1584 813 90 48 the
1718 807 144 54 thick
1901 809 113 71 fogs
2051 810 53 53 of

127 880 291 73 ignorance,
458 901 94 35 nor
589 883 116 53 how
732 882 247 71 furiously
1004 883 229 53 irritated
1272 883 254 71 prejudice
1565 902 216 51 opposes
1819 888 89 48 the
1935 885 164 69 gentle

129 956 183 54 advent
341 957 55 53 of
429 976 112 35 new
566 956 163 54 truth.
811 957 245 71 Happily,
1078 957 42 54 it
1144 957 42 54 is
1214 963 190 48 certain
1430 957 112 53 that
1567 957 55 53 in
1648 963 88 47 the
1763 957 259 74 mortality
2049 959 53 54 of

126 1049 121 35 man
271 1031 93 53 lies
390 1037 87 47 the
504 1032 250 53 salvation
780 1032 55 53 of
869 1032 162 53 truth.

206 1108 50 50 3.
297 1107 160 53 There
483 1107 43 53 is
556 1126 65 34 an
649 1106 380 72 appropriation
1056 1106 56 54 of
1147 1107 226 53 external
1407 1105 326 55 impressions
1757 1105 67 73 by
1850 1111 87 49 the
1963 1107 137 54 mind

131 1199 58 34 or
232 1180 146 54 brain
403 1180 165 54 which
601 1181 256 72 regularly
882 1186 145 49 takes
1072 1201 140 52 place
1253 1182 216 53 without
1515 1201 112 52 any,
1673 1200 55 34 or
1774 1201 119 51 only
1918 1181 121 53 with
2073 1202 27 34 a

127 1274 120 53 very
274 1255 227 66 obscure,
531 1255 231 54 affection
789 1257 55 52 of
881 1256 399 54 consciousness.
1359 1257 75 52 As
1473 1260 88 49 the
1592 1256 200 53 various
1830 1275 180 52 organs
2050 1257 52 53 of

127 1329 88 53 the
240 1329 136 71 body
398 1331 151 53 select
569 1331 132 53 from
726 1330 88 54 the
840 1330 154 54 blood
1020 1336 88 49 the
1133 1330 231 54 material
1391 1330 215 54 suitable
1631 1335 55 49 to
1712 1331 130 53 their
1867 1331 230 53 nourish-

128 1423 159 48 ment,
330 1404 103 54 and
472 1405 271 54 assimilate
783 1405 57 66 it,
884 1425 55 34 so
981 1411 89 48 the
1110 1425 159 52 organ
1310 1405 55 54 of
1400 1410 89 48 the
1526 1405 144 54 mind
1711 1405 386 72 unconsciously

128 1479 365 71 appropriates,
533 1479 227 55 through
797 1480 89 53 the
919 1480 153 54 inlets
1109 1481 56 52 of
1199 1486 89 48 the
1316 1499 185 47 senses,
1529 1479 90 54 the
1644 1480 276 53 influences
1947 1480 54 53 of
2034 1480 62 53 its

129 1554 387 72 surroundings.
594 1555 108 53 The
746 1555 326 71 impressions
1111 1555 166 53 which
1314 1555 43 53 it
1390 1560 124 48 thus
1539 1573 217 35 receives
1784 1555 98 53 and
1914 1555 182 53 retains

129 1628 66 53 do
239 1634 94 48 not
377 1629 225 72 produce
647 1629 205 54 definite
895 1630 140 53 ideas
1077 1630 100 53 and
1214 1629 229 72 feelings,
1479 1629 97 53 but
1614 1634 120 67 they
1761 1629 334 54 nevertheless

127 1710 351 66 permanently
524 1704 147 54 affect
716 1709 87 48 the
844 1704 186 54 mind's
1071 1723 213 48 nature;
1340 1724 55 34 so
1446 1709 114 48 that
1611 1724 53 34 as
1710 1723 63 34 an
1817 1703 279 54 individual

129 1778 316 72 consciously
471 1779 238 71 provides
749 1779 79 54 his
868 1780 137 66 food,
1036 1780 101 53 and
1175 1780 126 52 then
1338 1779 164 53 leaves
1528 1779 90 53 the
1645 1778 98 54 due
1770 1778 327 54 assimilation

129 1853 57 52 of
219 1853 41 53 it
285 1858 54 49 to
366 1858 88 48 the
478 1873 341 35 unconscious
848 1859 171 49 action
1047 1854 54 53 of
1124 1860 87 47 the
1239 1854 271 72 organism,
1538 1853 55 53 in
1617 1853 106 54 like
1748 1872 210 34 manner
1981 1873 114 51 may

127 1927 65 53 he
219 1928 320 72 consciously
565 1948 210 34 arrange
814 1934 88 48 the
942 1929 390 53 circumstances
1368 1929 55 52 in
1448 1928 169 53 which
1642 1928 65 53 he
1734 1928 103 53 will
1861 1927 112 65 live,
2003 1927 92 54 but

127 2008 189 48 cannot
341 2008 123 48 then
490 2009 210 66 prevent
725 2009 87 47 the
850 2022 340 35 unconscious
1227 2003 331 54 assimilation
1585 2003 56 52 of
1674 2002 132 54 their
1830 2002 264 66 influence,

127 2077 101 52 and
268 2085 88 46 the
403 2078 398 72 corresponding
851 2078 344 54 modification
1246 2079 55 52 of
1349 2078 82 53 his
1482 2081 268 50 character.
1828 2077 111 53 Not
1978 2077 116 71 only

126 2151 160 71 slight
312 2152 169 54 habits
509 2153 55 53 of
595 2158 288 48 movement
921 2171 82 35 are
1028 2158 121 48 thus
1177 2171 256 53 acquired,
1464 2151 96 54 but
1586 2152 171 53 habits
1786 2151 55 53 of
1874 2151 219 71 thought

126 2226 101 54 and
252 2226 189 72 feeling
467 2246 81 34 are
575 2226 384 73 imperceptibly
987 2227 302 71 organised;
1331 2246 56 34 so
1422 2232 114 48 that
1564 2246 64 33 an
1654 2225 238 54 acquired
1918 2244 176 34 nature

125 2320 114 52 may
268 2301 284 72 ultimately
578 2321 190 52 govern
805 2321 93 34 one
933 2302 112 54 who
1080 2302 42 53 is
1159 2307 91 48 not
1286 2306 51 49 at
1375 2301 68 54 all
1478 2301 264 53 conscious
1777 2300 114 53 that
1917 2300 63 53 he
2005 2300 87 52 has

126 2375 250 72 changed.
454 2376 97 54 Let
580 2396 97 51 any
704 2396 96 34 one
833 2382 120 47 take
985 2377 186 53 careful
1196 2396 120 34 note
1342 2376 56 53 of
1431 2375 79 54 his
1539 2375 211 65 dreams,
1781 2375 98 53 and
1904 2375 63 52 he
1992 2374 100 52 will

126 2450 106 52 find
271 2450 115 53 that
425 2469 153 53 many
605 2452 55 52 of
695 2456 88 49 the
822 2451 277 71 seemingly
1137 2451 290 53 unfamiliar
1465 2450 174 53 things
1666 2450 123 52 with
1814 2449 162 53 which
2012 2448 75 54 his

126 2524 141 53 mind
307 2525 41 52 is
390 2530 125 48 then
560 2526 260 72 occupied,
865 2525 102 54 and
1011 2525 167 54 which
1222 2544 184 53 appear
1445 2529 54 50 to
1539 2524 63 54 be
1630 2543 109 34 new
1765 2523 101 54 and
1892 2542 199 51 strange

126 2599 348 71 productions,
517 2620 81 33 are
634 2600 250 54 traceable
923 2605 54 48 to
1003 2605 88 49 the
1119 2599 338 54 unconscious
1485 2599 406 72 appropriations
1919 2598 55 53 of
2006 2598 84 52 the

127 2673 112 72 day.
317 2675 163 52 There
506 2694 83 34 are
617 2680 143 49 other
787 2693 179 35 stories
993 2694 66 34 on
1084 2675 195 66 record,
1307 2674 102 53 like
1434 2678 113 49 that
1575 2674 55 52 of
1651 2679 88 47 the
1766 2671 324 71 servant-girl

124 2748 169 53 which
331 2748 263 72 Coleridge
635 2754 198 66 quotes,
862 2768 129 47 who,
1018 2749 54 58 in
1098 2754 88 49 the
1212 2749 205 53 ravings
1445 2748 56 53 of
1534 2748 150 64 fever,
1712 2746 234 54 repeated
1970 2746 119 69 long

124 2842 239 52 passages
407 2823 55 53 in
505 2824 88 53 the
636 2823 223 55 Hebrew
903 2823 270 72 language,
1202 2824 167 52 which
1404 2822 89 54 she
1533 2822 88 53 did
1645 2827 89 47 not
1761 2820 325 63 understand,

125 2897 103 54 and
269 2897 150 54 could
458 2903 91 48 not
593 2903 172 67 repeat
805 2898 146 53 when
990 2898 126 66 well,
1161 2898 98 53 but
1304 2897 186 66 which,
1532 2896 149 53 when
1718 2896 161 70 living
1916 2895 119 52 with
2062 2913 27 33 a

125 2991 306 52 clergyman,
462 2991 88 34 she
576 2972 101 54 had
704 2972 154 54 heard
884 2973 106 52 him
1016 2972 121 54 read
1163 2973 171 53 aloud.
1375 2973 107 52 The
1498 2970 312 54 remarkable
1827 2987 259 35 memories

125 3047 56 52 of
217 3047 191 53 certain
445 3047 171 65 idiots,
645 3047 132 66 who,
817 3046 190 73 utterly
1047 3047 245 53 destitute
1333 3047 56 53 of
1421 3045 335 71 intelligence,
1784 3044 101 52 will
1923 3046 164 67 repeat

123 3120 88 53 the
251 3121 201 53 longest
494 3128 179 46 stories
714 3121 125 53 with
879 3126 88 48 the
1009 3127 221 65 greatest
1272 3139 262 52 accuracy,
1560 3119 172 71 testify
1761 3118 104 54 also
1907 3123 54 47 to
1988 3116 98 53 this

124 3214 339 34 unconscious
510 3195 218 53 cerebral
769 3200 198 61 action;
1010 3196 99 52 and
1142 3201 88 48 the
1257 3214 106 51 way
1389 3194 54 53 in
1467 3194 165 53 which
1669 3199 88 47 the
1783 3197 299 48 excitement

124 3269 57 53 of
202 3289 28 33 a
246 3275 142 66 great
417 3289 201 46 sorrow,
642 3289 56 34 or
725 3289 137 34 some
884 3274 146 49 other
1047 3289 168 46 cause,
1238 3289 54 33 as
1318 3269 89 53 the
1431 3268 99 53 last
1549 3268 177 53 flicker
1746 3267 55 53 of
1823 3264 263 69 departing

122 3343 102 65 life,
268 3344 101 52 will
411 3349 287 48 sometimes
745 3344 94 53 call
879 3344 139 53 forth
1062 3344 53 53 in
1152 3344 156 53 idiots
1346 3343 402 53 manifestations
1778 3340 55 53 of
1867 3338 140 54 mind
2034 3336 53 54 of

123 3418 168 53 which
315 3423 122 67 they
464 3418 183 53 always
673 3418 196 53 seemed
908 3418 277 72 incapable,
1213 3417 204 53 renders
1443 3417 42 53 it
1512 3417 191 53 certain
1729 3420 113 48 that
1868 3413 146 53 much
2042 3411 40 52 is

121 3492 391 72 unconsciously
538 3498 153 48 taken
716 3512 71 52 up
813 3491 69 73 by
907 3498 143 48 them
1068 3492 167 54 which
1261 3496 187 50 cannot
1473 3490 65 55 be
1564 3489 218 67 uttered,
1810 3489 95 53 but
1926 3484 157 56 which

121 3566 162 54 leaves
309 3567 67 53 its
401 3567 147 54 relics
573 3567 53 52 in
651 3572 88 48 the
763 3567 159 54 mind.

198 3641 54 53 It
278 3641 41 53 is
346 3661 27 34 a
399 3642 144 53 truth
570 3642 165 53 which
777 3646 184 49 cannot
998 3639 63 56 be
1102 3646 87 48 too
1219 3638 259 73 distinctly
1504 3638 157 54 borne
1699 3637 53 54 in
1791 3635 154 66 mind,
1975 3638 106 49 that
