1895 3217
351 282 59 41 48

916 296 240 34 MONKEYS.

349 414 418 62 occipito-frontalis
790 432 171 30 muscle
980 432 95 30 was
1098 416 140 47 found
1255 415 48 48 in
1321 417 78 47 the
1423 419 129 46 black
1576 434 151 37 orang,

350 494 136 45 while
505 493 37 46 it
561 510 95 29 was
672 493 238 62 distinctly
926 509 104 30 seen
1048 493 48 46 in
1110 500 79 40 the
1205 495 79 45 red
1299 495 166 62 species
1480 498 62 60 by
1559 497 168 46 Messrs

348 571 145 46 Owen
517 573 90 44 and
632 572 177 46 Yarrel.
860 573 57 44 In
939 579 79 39 the
1043 588 123 30 same
1185 573 185 56 animal^
1390 581 126 40 three
1534 577 192 44 muscles

347 665 118 30 were
479 649 141 46 found
637 656 46 39 to
703 650 164 61 supply
885 656 79 39 the
982 650 125 61 place
1126 649 50 47 of
1190 657 78 39 the
1292 653 233 58 pectoralis
1549 669 143 46 major
1709 670 15 37 ;

346 727 91 45 and
471 733 78 39 the
578 727 198 61 peculiar
804 743 170 30 muscle
1012 728 143 45 called
1184 728 79 45 the
1294 727 167 47 levator
1494 731 234 45 claviculce

345 804 38 45 is
407 804 140 46 found
569 805 47 45 in
640 806 123 45 both.
833 806 56 45 In
912 805 79 46 the
1021 806 132 45 black
1184 821 136 46 orang
1343 813 78 39 the
1451 823 90 30 size
1571 807 50 46 of
1648 808 78 46 the

345 883 217 61 olfactory
586 899 135 30 nerve
745 883 37 46 is
805 899 140 46 great,
972 884 90 45 and
1088 889 80 39 the
1199 899 170 30 surface
1394 883 51 47 of
1470 891 80 39 the
1579 885 147 46 turbi-

344 961 139 45 nated
509 962 136 44 bones
677 968 248 47 extensive,
952 961 149 45 which
1133 961 153 45 would
1314 962 102 45 lead
1446 978 53 30 us
1531 969 45 39 to
1607 962 117 47 infer

343 1044 103 39 that
470 1045 78 39 the
573 1054 126 30 sense
723 1038 50 46 of
789 1039 207 60 smelling
1018 1055 94 29 was
1135 1038 235 61 powerful,
1398 1040 91 45 and
1507 1040 50 46 of
1571 1056 153 31 course

345 1114 52 46 of
412 1131 237 46 necessary
673 1131 80 30 use
776 1115 48 45 in
848 1116 60 45 its
932 1130 230 46 economy.

412 1193 99 45 The
542 1194 166 61 larynx
733 1192 51 47 of
805 1199 127 39 these
961 1192 195 46 animals
1187 1199 179 54 present
1397 1209 122 31 some
1549 1195 175 46 curious

341 1271 315 60 peculiarities.
727 1272 98 44 The
848 1272 99 44 best
972 1285 203 39 account,
1194 1270 207 61 perhaps,
1419 1271 36 45 is
1472 1277 103 40 that
1591 1272 132 62 given

341 1350 62 59 by
428 1349 195 45 Camper
654 1348 50 46 of
729 1355 78 39 the
842 1348 80 45 red
957 1363 149 31 orang.
1188 1347 134 46 After
1350 1349 264 62 examining
1644 1350 79 46 the

339 1431 181 56 tongue,
546 1427 104 45 that
673 1426 246 46 anatomist
943 1432 248 40 continues,
1280 1441 219 46 pursuing
1521 1442 82 46 my
1628 1427 90 46 dis-

340 1504 182 55 section,
541 1504 23 46 I
581 1504 255 46 discovered
859 1519 27 30 a
907 1504 121 46 large
1052 1503 104 45 sack
1181 1518 56 31 on
1252 1509 79 39 the
1349 1503 119 61 right
1484 1503 108 55 side,
1610 1520 111 30 run-

338 1581 77 62 ing
439 1597 105 30 over
565 1588 79 39 the
669 1582 241 45 clavicular
937 1582 153 53 bones,
1123 1580 90 46 and
1242 1587 190 39 another
1455 1596 57 30 on
1535 1582 79 45 the
1638 1581 81 47 left

339 1658 109 54 side,
465 1661 83 44 but
573 1660 167 61 visibly
764 1659 194 45 smaller.
1028 1659 98 44 The
1149 1658 121 46 large
1300 1659 105 44 sack
1429 1664 94 40 tore
1547 1675 28 29 a
1598 1659 121 47 little

338 1752 56 29 on
418 1743 188 40 account
631 1736 50 47 of
708 1737 57 45 its
789 1738 133 60 being
944 1736 174 54 tender,
1143 1737 63 60 by
1230 1735 170 61 having
1423 1735 93 46 laid
1541 1752 46 30 so
1612 1737 106 63 long

334 1814 48 45 in
407 1815 164 45 spirits.
641 1815 22 45 I
689 1814 188 46 inflated
900 1814 37 45 it
960 1813 195 46 through
1178 1819 79 39 the
1282 1828 207 45 opening,
1517 1813 152 47 which
1691 1816 23 45 I

335 1892 243 45 continued
602 1892 199 60 quickly,
823 1907 48 30 as
896 1891 22 46 I
943 1890 234 62 perceived
1199 1896 103 39 that
1326 1896 78 39 the
1428 1906 67 30 air
1513 1898 124 39 went
1656 1893 67 45 off

333 1970 194 45 betwixt
550 1971 79 44 the
652 1976 166 40 tongue
841 1971 114 43 bone
980 1968 91 46 and
1094 1974 78 39 the
1196 1967 265 47 thyroideus
1485 1970 227 46 cartilage.

334 2047 22 45 I
385 2048 111 45 then
526 2047 208 46 followed
762 2064 63 45 up
856 2053 79 39 the
962 2052 102 40 rent
1099 2045 116 46 with
1249 2061 27 29 a
1309 2061 98 46 pair
1440 2045 52 47 of
1519 2047 191 55 scissors,

331 2125 90 44 and
445 2131 76 39 cut
546 2141 112 29 open
683 2131 78 39 the
778 2126 119 51 sack,
922 2125 64 59 by
1009 2123 150 45 which
1174 2138 158 30 means
1357 2123 22 45 I
1405 2124 257 46 discovered
1685 2141 27 29 a

329 2209 254 38 transverse
607 2202 118 44 split.
797 2202 145 43 There
967 2215 94 30 was
1092 2215 104 29 now
1227 2215 58 30 no
1319 2199 140 46 doubt
1491 2202 82 44 but
1605 2202 103 45 that

328 2281 77 44 the
429 2280 80 44 left
534 2280 105 44 sack
661 2279 92 44 had
777 2293 27 30 a
827 2277 172 46 similar
1022 2276 158 46 orifice.

449 2357 55 45 In
528 2371 250 47 pursuance
809 2354 50 48 of
884 2355 52 54 it,
974 2355 22 45 I
1031 2355 106 45 took
1172 2369 134 46 away
1331 2360 79 39 the
1442 2355 146 46 whole
1620 2365 87 39 soft

326 2435 151 61 palate
512 2435 90 45 and
633 2433 264 62 oesophagus
931 2448 49 30 as
1013 2430 68 47 far
1114 2447 48 30 as
1196 2432 145 46 below
1375 2438 79 40 the
1490 2434 217 63 speaking

327 2527 170 30 organs.
567 2512 98 45 The
684 2510 85 48 soft
787 2517 151 56 palate
962 2510 36 46 is
1021 2517 79 39 the
1124 2525 123 31 same
1271 2525 49 30 as
1345 2509 47 46 in
1415 2517 120 39 most
1559 2513 145 58 quad-

327 2604 180 47 rupeds,
545 2588 114 48 with
693 2589 92 48 thb
828 2588 252 55 difference,
1117 2588 320 54 nevertheless,
1479 2594 104 40 that
1624 2590 79 47 the
