2107 3450
416 346 167 32 SPEECH
616 344 231 32 MEMORIES
880 344 58 31 OR
970 343 184 35 IMAGES,
1186 342 93 32 ETC.

1590 330 84 42 245

15 471 38 42 is
77 476 76 37 not
175 468 241 56 attending,
434 467 74 43 the
531 463 209 48 teacher's
765 464 139 43 words
928 479 71 27 are
1018 477 117 29 mere
1154 476 154 42 empty
1326 462 346 42 sounds—word

16 556 198 42 percepts
250 539 277 57 imperfectly
551 537 242 57 perceived,
816 536 144 43 which
983 536 54 42 he
1060 535 37 42 is
1120 538 79 38 not
1221 533 156 57 taking
1400 533 75 43 the
1500 533 171 43 trouble

15 620 44 35 to
93 614 213 56 interpret
341 612 58 55 by
422 617 177 36 uniting
623 610 119 43 them
777 615 44 36 to
854 608 75 43 the
963 605 343 57 corresponding
1337 605 333 56 idea-percepts.

14 686 90 42 The
128 684 207 44 teacher's
358 697 122 28 voice
504 682 163 43 sounds
691 682 45 41 in
760 681 69 42 his
852 695 72 28 ear
946 680 91 42 like
1059 693 25 28 a
1107 683 21 16 "
1145 677 196 57 tinkling
1364 676 212 57 cymbal."

73 757 145 41 Every
251 755 181 43 student
464 754 154 42 knows
655 758 107 38 that,
795 752 37 42 if
861 752 69 41 his
964 751 99 42 wits
1095 764 73 29 are
1203 748 377 56 wool-gathering,
1617 748 54 43 he

13 839 101 41 may
137 823 320 44 mechanically
479 822 102 43 read
604 836 24 28 a
655 836 109 42 page
791 821 107 43 from
933 820 241 57 beginning
1196 823 45 38 to
1276 818 98 52 end,
1396 817 100 52 and,
1518 821 47 38 at
1596 816 76 44 the

13 895 97 43 end,
142 895 112 42 have
286 894 117 43 little
436 909 46 28 or
514 909 56 27 no
604 894 99 42 idea
736 894 44 42 of
814 893 119 42 what
965 894 36 41 it
1033 893 37 42 is
1104 892 60 43 all
1197 906 145 28 about.
1407 889 92 44 The
1533 890 138 42 word-

13 972 199 52 percepts
245 967 111 42 have
390 967 109 42 been
533 966 178 57 passing
743 966 46 42 in
823 965 251 57 procession
1108 963 191 44 through
1326 962 70 44 his
1421 962 135 52 mind,
1579 962 93 51 but,

14 1040 73 42 the
140 1039 218 43 attention
413 1039 131 57 being
594 1039 147 56 partly
788 1038 216 43 absorbed
1048 1038 58 56 by
1151 1036 125 43 other
1318 1041 196 47 matters,
1560 1036 110 42 have

14 1111 103 56 only
140 1111 101 43 here
265 1111 86 42 and
375 1110 123 43 there
531 1111 174 43 excited
728 1125 24 28 a
774 1111 117 43 little
926 1110 141 44 feeble
1094 1110 205 42 ideation.
1365 1108 91 43 The
1489 1108 184 44 student

13 1188 120 38 must
156 1183 180 57 "gather
356 1183 46 41 in
420 1182 69 43 his
509 1184 255 56 wandering
780 1181 252 59 thoughts,"
1051 1187 280 38 concentrate
1348 1180 70 43 his
1437 1181 233 53 attention,

14 1257 86 41 and
122 1257 103 42 read
247 1256 74 43 the
345 1270 107 42 page
476 1256 137 57 again.

73 1329 124 42 Even
230 1342 159 42 among
421 1328 76 43 the
530 1329 127 42 brute
691 1328 205 43 creation,
929 1342 57 28 an
1018 1326 165 43 animal
1226 1327 38 42 is
1297 1326 256 43 intelligent
1584 1326 87 42 and

13 1400 227 42 teachable
272 1400 47 41 in
353 1400 253 56 proportion
639 1415 46 28 as
717 1400 37 43 it
786 1415 220 42 possesses
1042 1401 76 42 the
1154 1399 171 43 faculty
1355 1400 49 42 of
1434 1399 235 44 attention.

14 1472 181 42 Darwin
229 1476 196 52 says,—"
443 1472 174 56 Hardly
650 1487 87 41 any
770 1472 169 43 faculty
973 1473 36 41 is
1044 1486 118 28 more
1195 1472 245 55 important
1485 1472 65 42 for
1593 1471 76 44 the

12 1543 274 43 intellectual
329 1558 196 41 progress
568 1544 47 42 of
654 1559 101 27 man
798 1544 108 42 than
950 1544 231 42 attention.
1255 1543 207 43 Animals
1506 1543 164 57 clearly

11 1617 207 42 manifest
252 1616 86 43 this
366 1630 158 42 power,
548 1630 46 29 as
627 1617 128 42 when
788 1631 24 28 a
845 1621 71 38 cat
949 1617 192 42 watches
1174 1616 60 42 by
1260 1630 26 28 a
1319 1616 100 43 hole
1453 1616 88 44 and
1573 1631 97 42 pre-

11 1702 124 41 pares
161 1692 42 38 to
226 1687 152 56 spring
400 1701 56 28 on
488 1688 58 42 its
571 1702 117 42 prey.
751 1688 125 43 Wild
911 1687 188 44 animals
1123 1688 254 43 sometimes
1411 1688 179 44 become
1623 1703 47 29 so

8 1759 212 43 absorbed
244 1759 128 43 when
398 1760 102 43 thus
524 1760 205 57 engaged,
753 1760 98 43 that
884 1760 106 57 they
1015 1775 101 28 may
1139 1761 53 42 be
1216 1760 139 58 easily
1378 1761 290 56 approached.

9 1832 75 42 Mr
106 1833 191 42 Bartlett
319 1833 78 42 has
421 1833 130 56 given
585 1847 24 28 a
633 1833 172 43 curious
829 1834 127 56 proof
977 1834 97 42 how
1109 1833 195 43 variable
1328 1833 88 44 this
1439 1833 171 44 faculty
1633 1834 37 43 is

7 1904 49 42 in
79 1904 223 44 monkeys.
366 1904 44 43 A
432 1920 104 28 man
560 1906 95 42 who
680 1906 137 42 trains
851 1906 215 42 monkeys
1089 1910 45 38 to
1159 1910 71 38 act
1253 1907 45 41 in
1322 1906 127 57 plays
1483 1907 108 43 used
1626 1912 44 38 to

10 1976 214 56 purchase
258 1991 202 29 common
492 1978 132 42 kinds
659 1978 112 42 from
795 1978 75 43 the
893 1978 250 57 Zoological
1171 1977 179 44 Society
1372 1984 46 37 at
1451 1979 76 44 the
1551 1980 120 56 price

11 2049 47 41 of
78 2049 60 43 £5
165 2050 63 41 for
251 2049 129 54 each;
413 2050 81 42 but
516 2050 55 42 he
594 2050 162 43 offered
778 2055 45 37 to
845 2051 99 56 give
968 2051 160 43 double
1153 2051 74 43 the
1250 2051 117 56 price
1390 2051 37 42 if
1449 2051 55 43 he
1529 2052 144 44 might

11 2120 111 56 keep
146 2121 121 43 three
291 2136 45 27 or
368 2122 96 41 four
488 2123 47 41 of
558 2122 121 43 them
714 2122 65 42 for
801 2137 25 27 a
850 2123 83 42 few
966 2123 108 56 days
1098 2123 45 42 in
1179 2123 127 43 order
1329 2128 44 38 to
1407 2123 136 44 select
1576 2139 94 29 one.

11 2193 147 42 When
201 2193 136 43 asked
376 2193 100 43 how
513 2193 54 43 he
607 2193 128 43 could
773 2194 198 56 possibly
1010 2194 122 42 learn
1171 2208 46 29 so
1256 2208 106 29 soon
1408 2194 200 44 whether
1646 2211 25 27 a

12 2265 237 56 particular
272 2265 191 43 monkey
489 2266 144 42 would
665 2270 103 38 turn
791 2270 77 38 out
890 2281 25 28 a
937 2266 112 57 good
1081 2271 133 38 actor,
1237 2266 54 43 he
1314 2267 225 43 answered
1573 2267 100 44 that

10 2337 38 43 it
81 2337 60 43 all
173 2337 227 57 depended
434 2352 116 42 upon
585 2338 74 43 the
690 2353 147 42 power
870 2339 45 42 of
945 2339 233 43 attention.
1243 2339 54 53 If,
1332 2339 129 43 when
1495 2339 53 44 he
1583 2355 89 29 was

12 2409 173 58 talking
213 2410 86 43 and
332 2411 257 57 explaining
620 2412 220 56 anything
872 2419 45 35 to
951 2427 24 28 a
1007 2413 206 57 monkey,
1237 2413 58 43 its
1328 2414 221 42 attention
1583 2429 89 29 was

8 2482 138 56 easily
169 2482 248 54 distracted,
441 2498 45 29 as
521 2484 57 56 by
601 2498 25 29 a
659 2483 59 57 fly
741 2499 56 27 on
832 2484 74 44 the
939 2485 114 43 wall,
1075 2499 49 29 or
1156 2485 125 44 other
1314 2486 169 58 trifling
1514 2487 158 44 object,

9 2554 75 43 the
118 2569 95 29 case
252 2570 88 29 was
376 2556 210 57 hopeless.
654 2557 44 43 If
727 2557 54 43 he
818 2558 112 43 tried
965 2558 58 57 by
1059 2559 292 56 punishment
1384 2564 44 39 to
1452 2560 130 44 make
1615 2575 57 29 an

10 2626 264 45 inattentive
311 2628 191 57 monkey
536 2634 80 48 act,
650 2630 36 42 it
719 2630 158 43 turned
911 2631 144 57 sulky.
1122 2633 69 42 On
1226 2632 74 43 the
1334 2632 126 44 other
1492 2633 132 53 hand,
1647 2649 26 29 a

12 2699 187 56 monkey
226 2700 140 43 which
390 2702 214 56 carefully
624 2703 211 43 attended
854 2710 43 36 to
917 2703 91 43 him
1029 2704 128 43 could
1176 2704 165 57 always
1358 2705 53 43 be
1431 2705 240 45 trained."1

70 2771 90 43 The
181 2772 206 44 relations
411 2774 45 43 of
476 2774 74 44 the
574 2775 170 57 faculty
767 2776 45 42 of
844 2777 218 42 attention
1089 2782 44 38 to
1157 2777 207 57 Insanity
1395 2792 72 30 are
1494 2779 178 44 curious

12 2843 86 42 and
119 2844 268 59 interesting.
451 2847 207 56 Esquirol
676 2848 78 43 has
773 2850 168 42 treated
960 2850 48 42 of
1027 2849 75 44 the
1125 2850 175 44 subject
1317 2851 107 43 with
1449 2852 69 43 his
1542 2853 129 43 usual

11 2915 124 55 point
152 2917 81 42 and
255 2917 196 58 lucidity.
506 2920 71 43 He
593 2921 222 44 mentions
836 2921 122 45 three
977 2923 250 43 conditions
1246 2924 45 42 in
1311 2924 196 58 insanity
1526 2926 144 42 which

12 2986 205 45 interfere
259 2990 107 43 with
406 2991 74 44 the
516 2993 170 43 normal
722 2995 193 43 exercise
954 2996 48 42 of
1042 2995 74 44 the
1152 2997 218 43 attention
1390 2998 152 56 :—(1),
1576 2998 91 43 The

11 3059 141 43 crowd
175 3061 45 41 of
239 3061 184 57 fugitive
446 3064 120 44 ideas
591 3065 96 44 that
719 3066 137 58 hurry
881 3067 188 58 through
1096 3069 74 43 the
1195 3070 124 42 mind
1354 3070 128 43 when
1506 3071 36 42 it
1563 3070 37 43 is
1624 3071 45 41 in

529 3214 10 23 1
570 3214 70 37 The
661 3215 149 37 Descent
829 3216 40 47 of
884 3217 106 47 Man,
1010 3230 35 36 p.
1068 3219 56 36 73.
