2113 3404
828 171 86 31 TIIK
948 172 239 33 DISORDERS
1219 175 53 30 OF
1304 173 175 34 SPEECH.

339 160 34 35 11
401 160 6 35 i

330 290 122 38 tones
483 287 45 42 of
560 287 72 43 the
659 287 460 56 voice,—emphasized
1151 306 45 27 as
1229 292 119 41 these
1380 306 70 27 are
1481 290 55 57 by
1559 292 231 43 associated
1815 295 118 45 facial

331 358 246 53 expression
612 359 84 41 and
730 359 145 55 bodily
897 366 180 49 gesture.
1139 362 89 40 The
1260 361 118 41 mind
1402 362 45 39 of
1475 361 74 41 the
1571 361 176 42 listener
1774 365 162 52 gathers

333 427 246 57 something
602 430 105 40 from
741 430 74 41 the
850 430 137 42 words
1018 430 182 41 nttered,
1223 430 83 41 and
1340 430 243 55 something
1607 432 103 40 from
1743 433 73 41 the
1841 441 93 37 tone

333 497 85 41 and
438 512 178 28 manner
639 500 44 40 of
705 499 111 42 their
837 505 232 36 utterance.
1131 499 40 41 A
1190 499 114 42 child
1323 513 78 27 can
1425 499 208 55 interpret
1651 501 71 41 the
1739 506 98 38 tone
1858 507 77 41 and

335 581 191 37 manner,
548 568 101 55 long
669 569 142 41 before
836 569 53 41 he
920 570 37 40 is
989 568 95 42 able
1107 573 43 36 to
1174 568 262 42 understand
1462 569 72 42 the
1567 571 208 55 meaning,
1797 574 45 39 of
1869 575 68 42 the

336 638 137 42 words
504 639 227 42 addressed
755 644 44 36 to
822 639 102 41 him.
986 638 82 41 We
1092 638 108 41 have
1227 651 112 38 seen,
1368 638 45 41 in
1437 639 72 41 the
1531 639 82 42 last
1636 640 186 54 chapter,
1845 641 87 44 how

336 708 119 55 early
483 708 194 42 children
709 709 184 41 respond
927 714 44 35 to
1002 708 176 54 smiling
1210 714 254 36 utterances,
1486 710 84 40 and
1602 709 95 42 how
1721 710 102 55 they
1845 725 92 43 may

337 777 52 42 be
411 777 186 42 brought
619 782 45 37 to
686 777 73 42 the
790 777 125 54 point
936 778 46 40 of
1011 777 194 54 weeping
1228 777 122 42 when
1384 778 143 41 others
1553 780 178 53 pretend
1764 786 42 34 to
1830 795 109 42 weep

335 848 46 40 in
405 847 114 42 their
542 860 211 41 presence.
817 847 139 54 Many
978 847 47 41 of
1043 846 73 42 the
1138 846 208 42 domestic
1367 848 182 41 animals
1575 848 121 42 share
1719 849 103 41 with
1845 864 92 29 man

338 917 86 41 this
441 930 145 40 power
599 918 46 38 of
658 917 124 54 using
796 917 83 40 and
898 916 282 55 interpreting
1197 917 70 41 the
1281 917 208 55 language
1504 918 44 41 of
1563 919 119 41 vocal
1697 924 110 46 tone,
1822 921 118 42 facial

337 986 259 55 expression,
618 991 77 37 etc.
758 987 89 42 The
878 987 94 54 dog,
996 987 64 41 for
1091 987 210 55 example,
1326 988 36 40 is
1394 1002 24 27 a
1451 994 158 36 master
1638 989 43 41 of
1711 1004 54 26 an
1798 990 141 43 inarti-

338 1061 140 37 culate
501 1055 208 55 language
733 1057 46 40 of
798 1061 100 38 tone
920 1057 85 41 and
1026 1061 183 50 gesture,
1232 1058 139 41 which
1395 1058 36 42 is
1452 1058 159 55 closely
1632 1059 129 42 allied
1787 1066 43 36 to
1852 1061 90 43 that

337 1127 44 41 of
403 1140 99 27 man
525 1126 199 52 himself;
754 1127 82 41 and
857 1127 163 55 though
1044 1127 52 42 he
1119 1142 99 40 may
1237 1128 51 41 be
1310 1128 95 41 able
1423 1134 44 35 to
1488 1130 208 53 interpret
1713 1129 78 42 but
1809 1131 76 41 few
1904 1133 41 41 of

338 1196 73 42 the
429 1196 138 41 words
585 1196 227 42 addressed
831 1203 44 35 to
896 1196 90 42 him
1006 1198 55 54 by
1079 1197 69 42 his
1162 1203 169 41 master,
1353 1198 54 42 he
1428 1198 36 41 is
1490 1198 160 55 always
1663 1205 110 36 most
1791 1200 151 55 keenly

338 1265 112 41 alive
484 1269 42 37 to
559 1265 74 42 the
665 1265 333 42 interpretation
1031 1266 43 41 of
1105 1266 72 41 the
1210 1267 120 41 vocal
1363 1272 100 36 tone
1494 1268 44 40 in
1571 1267 140 42 which
1743 1268 103 55 they
1876 1284 66 28 are

339 1336 182 42 uttered,
536 1336 83 41 and
638 1336 44 40 of
700 1336 73 42 the
796 1337 245 41 expression
1066 1337 83 41 and
1171 1343 191 49 gestures
1388 1337 91 41 that
1502 1352 69 27 are
1594 1338 231 42 associated
1845 1340 97 40 with

340 1406 130 41 them.
532 1405 167 42 Whilst
731 1406 71 42 the
835 1406 245 55 expressive
1101 1421 145 41 power
1276 1407 47 41 of
1350 1407 121 42 vocal
1504 1412 99 37 tone
1634 1408 37 41 is
1703 1409 239 54 constantly

340 1475 224 42 exhibited
587 1489 108 27 even
727 1475 45 41 in
797 1476 71 41 the
891 1476 203 55 ordinary
1115 1476 298 42 conversation
1447 1477 43 40 of
1521 1477 234 54 every-day
1776 1477 86 41 life,
1886 1492 57 26 we

341 1550 116 37 must
479 1546 174 41 observe
676 1546 57 41 its
755 1546 124 41 effect
899 1547 44 40 in
968 1546 73 42 the
1065 1546 145 54 public
1232 1547 208 54 speaking
1461 1547 46 41 of
1525 1560 24 28 a
1571 1547 207 54 powerful
1801 1553 145 44 orator,

339 1618 35 40 if
396 1631 62 28 we
483 1617 105 41 wish
613 1622 43 36 to
678 1617 196 41 estimate
898 1625 43 33 to
965 1617 71 41 the
1061 1617 78 40 full
1165 1617 71 41 the
1258 1631 142 41 power
1422 1618 46 40 of
1486 1618 245 41 expression
1756 1617 94 41 that
1871 1631 72 27 can

342 1689 51 40 be
416 1687 225 42 embodied
665 1687 45 41 in
733 1687 73 42 the
827 1691 122 39 tones
972 1688 46 41 of
1042 1688 71 41 the
1135 1688 159 40 human
1321 1688 127 41 voice.
1510 1688 83 41 We
1615 1688 58 40 all
1696 1688 124 40 know
1845 1695 99 33 with

342 1758 116 41 what
489 1758 188 41 burning
709 1758 125 41 effect
856 1758 73 42 the
951 1759 137 40 words
1121 1758 43 41 of
1195 1758 105 40 such
1323 1772 52 26 an
1409 1762 141 37 orator
1580 1771 77 28 can
1689 1758 51 41 be
1761 1758 121 41 made
1903 1763 43 36 to

340 1832 222 50 penetrate
594 1827 74 41 the
700 1827 144 41 minds
877 1828 46 40 of
957 1827 72 41 the
1061 1827 219 41 audience,
1310 1827 83 41 and
1428 1827 104 41 with
1567 1827 114 40 what
1714 1828 229 40 wonderful

340 1912 144 40 power
505 1897 52 41 he
582 1911 77 27 can
683 1911 115 27 sway
823 1898 111 40 their
956 1898 210 41 emotions
1190 1902 42 36 at
1256 1897 65 41 his
1347 1897 98 41 will.

400 1967 162 55 Lastly,
599 1967 115 41 what
751 1967 112 41 shall
899 1981 63 27 we
1004 1982 76 27 say
1117 1968 46 39 of
1195 1981 105 41 song
1317 1970 14 39 ?
1395 1967 42 41 It
1472 1967 36 42 is
1549 1967 179 42 another
1763 1968 106 40 form
1905 1968 44 40 of

342 2038 244 54 expressive
624 2037 84 41 and
745 2037 152 55 highly
929 2037 229 42 emotional
1193 2037 293 41 vocalization,
1518 2042 75 36 not
1623 2038 154 41 second
1814 2038 43 40 in
1894 2037 53 41 its

342 2122 143 41 power
518 2123 108 27 even
660 2112 45 37 to
739 2113 195 50 oratory;
968 2108 84 41 and
1088 2109 35 40 it
1160 2122 99 27 may
1283 2108 211 41 therefore
1528 2109 51 40 be
1613 2107 148 55 placed
1798 2107 43 41 in
1876 2107 69 41 the

343 2192 116 28 same
492 2192 209 41 category.
763 2178 88 41 Yet
891 2178 120 41 there
1043 2178 37 41 is
1111 2177 245 55 something
1386 2177 159 42 special
1576 2178 44 40 in
1663 2192 105 27 song
1809 2177 134 40 which

343 2248 175 41 entitles
550 2248 36 41 it
607 2253 44 36 to
674 2248 51 41 be
747 2247 151 55 placed
920 2253 123 49 apart
1066 2248 109 40 from
1207 2248 58 40 all
1288 2248 123 41 other
1433 2248 130 40 forms
1590 2248 46 40 of
1663 2247 280 54 expressional

343 2318 294 41 vocalization.
715 2317 84 41 For
833 2317 57 41 its
927 2318 199 40 exercise,
1163 2317 84 40 and
1284 2331 108 27 even
1429 2318 61 39 for
1525 2316 57 42 its
1619 2316 258 54 enjoyment,
1912 2316 32 39 it

345 2388 206 41 demands
588 2388 73 40 the
696 2387 243 54 possession
971 2387 47 40 of
1045 2401 24 26 a
1100 2387 158 54 special
1297 2387 175 54 faculty,
1505 2386 140 41 which
1677 2399 62 28 we
1771 2386 82 41 call
1888 2390 19 15 "
1923 2400 20 24 a

342 2457 182 42 musical
546 2456 128 43 ear;"
706 2457 142 41 whose
871 2462 111 35 most
1004 2456 204 42 essential
1231 2457 165 41 feature
1418 2471 136 27 seems
1575 2460 45 37 to
1643 2457 50 40 be
1717 2456 71 41 the
1811 2469 135 41 power

343 2529 44 40 of
418 2527 357 55 discriminating,
806 2534 45 34 to
882 2540 25 28 a
937 2531 157 50 nicety,
1126 2526 74 42 the
1230 2527 120 54 pitch
1384 2528 46 40 of
1458 2526 179 42 musical
1670 2531 130 37 notes.
1862 2526 83 40 The

343 2598 304 42 development
681 2597 43 41 of
760 2596 88 42 this
882 2596 160 54 special
1076 2596 166 55 faculty
1276 2610 136 28 seems
1451 2603 43 35 to
1529 2597 100 41 bear
1664 2610 54 27 no
1755 2596 191 41 intimate

342 2668 284 43 relationship
663 2672 45 37 to
749 2667 74 41 the
859 2666 307 42 development
1206 2667 43 40 of
1290 2667 74 41 the
1401 2667 125 41 other
1561 2666 197 42 faculties
1794 2666 43 41 of
1877 2665 68 41 the

343 2739 132 42 mind.
537 2739 45 41 It
603 2739 37 40 is
672 2738 158 40 known
863 2736 97 42 that
980 2750 130 41 many
1134 2750 97 28 men
1255 2737 46 40 of
1327 2737 152 55 genius
1511 2737 109 41 have
1651 2737 105 41 been
1789 2734 158 54 utterly

341 2810 207 42 destitute
570 2809 46 41 of
636 2807 177 42 musical
836 2821 93 28 ear:
962 2807 83 41 and
1068 2807 35 41 it
1124 2806 37 42 is
1181 2806 168 42 further
1369 2807 158 40 known
1547 2808 96 40 that
1660 2807 42 41 in
1726 2807 124 39 idiots
1868 2803 77 41 and

340 2880 221 43 imbeciles
593 2880 72 41 the
699 2878 178 42 musical
912 2878 163 41 faculty
1111 2878 34 40 is
1178 2877 119 41 often
1331 2877 94 41 well
1459 2877 259 55 developed;
1755 2876 71 42 the
1857 2888 89 41 pro-

339 2952 169 56 portion
545 2951 45 42 of
624 2948 266 43 individuals
924 2947 106 41 with
1065 2947 181 42 musical
1280 2961 71 28 ear
1385 2947 127 56 being
1545 2961 155 28 among
1734 2943 210 46 imbeciles
