1933 3302
1665 174 49 37 85

429 184 287 33 Geschichtliches
739 192 59 21 zur
821 181 156 40 Hygiene
1001 179 59 31 des
1085 177 315 41 Hospitalbrandes.

117 294 114 39 allein
261 294 235 37 unwirksam
525 291 76 37 und
633 290 76 50 gab
741 288 152 39 Tannin
923 285 82 51 (0,2
1035 285 59 37 bis
1120 284 64 46 0,4
1207 282 159 39 Gramm
1388 297 45 23 zu
1457 282 75 37 120
1555 279 161 39 Gramm

118 348 170 38 Mixtur;
320 345 194 40 stündlich
546 345 18 35 1
574 366 40 3 —
626 346 21 34 2
679 342 209 39 Esslöffel).
946 340 54 38 Er
1030 339 104 45 liess,
1165 351 113 24 wenn
1308 338 149 49 nöthig,
1490 336 66 38 das
1586 333 131 39 Mittel

117 414 253 36 wochenlang
400 411 258 39 gebrauchen.
718 396 188 37 Fischer
936 395 134 37 suchte
1113 392 74 37 den
1221 390 206 38 Durchfall
1461 392 72 36 mit
1572 387 144 51 Opium

117 455 78 38 und
223 454 90 39 Nux
344 453 148 39 vomica
521 465 45 23 zu
596 450 140 38 stillen.

245 507 67 39 Ich
340 507 182 49 begnüge
551 504 102 38 mich
681 503 71 38 mit
782 503 129 37 diesen
940 499 255 39 historischen
1225 497 179 38 Notizen.
1462 498 109 37 Beim
1596 509 118 25 even-

117 561 143 38 tuellen
292 558 352 39 Wiederausbruch
675 558 67 36 der
772 555 221 38 Krankheit
1023 567 95 24 wird
1148 552 81 38 sich
1269 551 61 38 die
1369 550 345 51 symptomatische

118 616 134 36 innere
281 613 259 39 Behandlung
567 611 53 37 im
650 610 210 38 speciellen
889 608 109 39 Falle
1028 620 98 26 ohne
1149 605 351 50 Schwierigkeiten
1531 617 183 38 ergeben.

115 919 89 55 IX.
255 919 396 54 Bemerkungen
690 933 95 38 zur
821 914 241 73 Hygiene
1105 915 87 55 des
1229 912 485 71 Hospitalbrandes.

732 1042 368 40 Geschichtliches.

245 1141 74 38 Die
348 1141 283 50 hygienischen
660 1140 224 38 Principien
920 1153 66 24 zur
1016 1139 278 49 Bekämpfung
1330 1138 126 38 dieser
1492 1137 224 39 Krankheit

115 1197 128 37 haben
274 1196 70 36 mit
381 1196 72 36 den
490 1194 213 38 Theorien,
744 1194 145 37 welche
925 1207 89 24 man
1051 1193 81 37 sich
1170 1193 94 37 über
1302 1192 60 37 die
1400 1191 316 39 Beschaffenheit

118 1251 68 37 der
215 1249 222 38 Krankheit
466 1249 77 36 und
573 1248 104 37 ihres
706 1247 344 38 Infectionsstoffes
1081 1248 242 36 construirte,
1354 1246 89 37 sehr
1464 1245 248 51 gewechselt.

116 1304 82 37 Der
227 1302 298 50 ursprüngliche
557 1301 198 38 Gedanke,
788 1301 166 38 welcher
985 1302 68 36 der
1082 1300 221 38 Krankheit
1334 1300 72 37 den
1427 1299 152 38 Namen
1607 1313 106 32 „Ho-

122 1357 263 49 spitalbrand"
420 1355 244 38 verschaffte,
697 1356 86 36 dass
813 1355 54 38 sie
897 1354 170 38 nämlich
1096 1368 48 24 an
1175 1354 59 37 die
1256 1353 229 49 Hospitäler
1506 1354 209 50 gebunden

118 1411 77 37 sei,
225 1410 90 37 liess
344 1410 39 36 in
414 1409 141 37 älterer
584 1410 77 36 und
692 1422 164 24 neuerer
886 1409 85 37 Zeit
1000 1409 104 36 seine
1135 1407 148 38 Folgen
1321 1407 284 38 hervortreten.
1664 1406 49 39 So

116 1464 125 37 lehrte
263 1463 102 37 Bell
388 1464 113 36 1826,
518 1464 85 36 dass
618 1463 59 37 die
691 1462 290 38 Verwundeten
996 1462 119 37 durch
1133 1461 252 38 denEinfluss
1402 1462 68 36 der
1486 1461 228 49 Hospitäler

121 1518 257 37 erkrankten,
424 1517 85 37 dass
547 1517 54 37 sie
639 1517 149 49 gesund
825 1517 176 36 würden,
1039 1529 112 23 wenn
1187 1515 54 37 sie
1275 1515 143 37 heraus
1456 1515 142 37 kämen
1636 1515 78 37 und

117 1571 71 37 ■wie
195 1571 64 37 der
264 1570 254 37 erkrankten,
562 1570 133 37 sobald
732 1583 90 24 man
851 1570 54 37 sie
935 1568 319 38 zurückbrachte.
1312 1568 55 37 Er
1406 1568 209 37 widerräth
1654 1569 59 36 die

117 1624 258 37 Anwendung
405 1623 182 37 örtlicher
621 1623 140 37 Mittel,
799 1624 77 36 und
913 1624 105 36 seine
1055 1622 259 49 Behandlung
1349 1622 163 49 gipfelte
1551 1622 39 36 in
1627 1622 87 37 dem

119 1676 253 38 Grundsatze,
405 1677 59 37 die
495 1677 188 37 Kranken
712 1690 73 23 nur
814 1690 68 24 aus
912 1677 85 37 dem
1029 1675 182 50 Hospital
1239 1675 361 51 herauszubringen
1654 1690 58 31 „in

119 1731 83 37 eine
223 1729 157 39 Schule,
403 1731 83 36 eine
508 1730 155 37 Kirche,
696 1730 110 37 einen
836 1729 107 38 Stall,
975 1730 69 37 auf
1071 1730 112 37 einen
1212 1729 354 51 Düngerhaufen"!
1602 1729 112 38 Doch

119 1784 116 37 schon
264 1784 114 37 lange
408 1783 140 38 vorher
576 1784 107 36 hatte
713 1797 89 23 man
833 1784 60 37 die
924 1783 224 51 Erfahrung
1187 1783 201 50 gemacht,
1427 1784 86 36 dass
1549 1783 38 37 in
1627 1784 87 37 dem

117 1850 126 24 neuen
282 1837 147 37 Lokale
468 1838 66 36 der
575 1837 305 49 Hospitalbrand
919 1838 40 36 in
997 1837 97 37 alter
1134 1837 132 37 Weise
1305 1837 104 37 seine
1455 1836 257 39 Fortschritte

118 1891 162 37 machte.
338 1891 60 37 Da
435 1904 59 24 wo
531 1890 97 38 nach
668 1895 203 45 grösseren
906 1890 232 39 Schlachten
1173 1891 193 37 beliebige
1403 1889 186 39 Gebäude
1626 1905 85 23 zum

119 1944 190 37 Lazareth
332 1944 256 37 eingerichtet
606 1945 78 36 und
706 1945 185 37 zunächst
910 1958 73 24 nur
1000 1948 70 34 mit
1086 1944 287 38 Verwundeten
1388 1944 135 50 belegt
1539 1946 172 45 wurden,

118 1997 68 37 hat
223 2011 89 23 man
350 1997 118 38 schon
505 1998 99 36 nach
642 1998 176 49 wenigen
858 1998 135 38 Tagen
1038 1999 59 37 die
1134 1998 221 38 Krankheit
1388 1999 197 37 beginnen
1634 2000 78 36 und

119 2051 81 37 sich
219 2051 90 37 bald
329 2065 47 22 zu
397 2051 105 37 einer
522 2051 198 38 schweren
741 2052 201 37 Epidemie
965 2065 222 24 ausbreiten
1207 2051 131 38 sehen.
1377 2051 120 39 John
1518 2051 194 39 Hennen

117 2103 165 38 richtete
310 2104 98 37 nach
438 2105 67 37 der
535 2104 180 38 Schlacht
745 2118 72 25 von
851 2105 165 38 Vittoria
1052 2106 101 36 1813
1174 2106 40 36 in
1235 2105 106 37 einer
1362 2105 183 37 früheren
1567 2105 143 38 Seiler-

118 2157 103 37 bahn
249 2158 39 36 in
315 2157 137 38 Bilbao
483 2158 61 37 ein
573 2158 192 37 Lazareth
795 2159 72 37 ein,
898 2159 40 37 in
959 2159 164 37 welches
1147 2160 114 36 1000,
1284 2173 87 23 zum
1392 2172 161 36 grossen
1575 2159 135 38 Theile

119 2209 386 39 Leichtverwundete
535 2225 46 23 zu
609 2212 129 49 liegen
768 2213 160 44 kamen;
972 2213 126 37 einige
1138 2213 67 37 der
1234 2212 207 38 Patienten
1470 2213 142 37 kamen
1640 2215 72 35 mit

119 2263 305 49 Hospitalbrand
453 2278 47 23 an
529 2265 78 37 und
634 2265 40 36 in
704 2266 127 49 wenig
861 2266 135 49 Tagen
1034 2266 66 37 lag
1139 2265 106 38 Alles
1280 2266 79 37 voll
1394 2279 74 24 von
1507 2266 202 38 Hospital-

119 2317 227 50 brandigen.
404 2317 74 37 Mit
519 2317 111 38 Bell
666 2318 147 37 hielten
848 2319 89 37 sehr
972 2319 99 37 viele
1106 2319 266 47 Beobachter,
1412 2319 121 38 selbst
1567 2320 141 47 solche,

120 2370 146 37 ■welche
296 2370 38 37 in
352 2371 66 36 der
444 2371 161 37 zweiten
627 2371 136 38 Hälfte
785 2372 65 38 des
871 2372 284 38 Jahrhunderts
1175 2373 144 37 lebten,
1341 2386 70 24 vor
1432 2373 100 37 allen
1553 2373 157 38 Dingen

122 2437 34 23 V.
179 2423 155 46 Pitha,
366 2424 59 36 die
446 2423 220 38 Krankheit
695 2424 62 37 für
777 2426 84 36 rein
884 2425 246 49 epidemisch,
1162 2426 71 37 wie
1255 2425 174 48 Cholera,
1453 2426 162 50 Typhus
1637 2430 70 35 etc.

122 2477 78 36 und
228 2476 273 38 identificirten
532 2477 167 37 dieselbe
729 2478 123 37 ihrem
870 2478 146 38 Wesen
1047 2479 96 37 nach
1173 2480 71 37 mit
1274 2480 131 37 diesen
1425 2479 282 39 Krankheiten.

124 2527 63 39 Sie
209 2530 287 37 verzweifelten
526 2544 48 23 an
595 2531 105 37 einer
721 2531 232 38 wirksamen
974 2532 193 50 Hygiene,
1199 2536 173 34 warnten
1403 2534 92 36 aber
1525 2547 67 24 vor
1623 2535 86 36 dem

128 2581 344 52 Zusammenlegen
501 2583 282 38 Verwundeter
812 2585 70 37 mit
913 2585 181 50 Typhus-
1125 2586 78 37 und
1233 2586 352 38 Cholerakranken.

250 2635 96 38 Eine
377 2637 87 36 sehr
493 2637 234 38 verbreitete
768 2637 161 38 Ansicht
958 2653 79 23 war
1073 2639 154 47 früher,
1267 2641 86 37 dass
1390 2641 60 37 die
1489 2641 221 37 Krankheit

123 2688 119 37 durch
282 2688 286 52 UeberfüUung
612 2691 66 36 der
723 2690 214 39 Lazarethe
980 2693 174 37 entstehe
1194 2694 76 36 und
1308 2707 39 24 es
1386 2694 95 37 wird
1523 2707 73 24 von
1635 2695 73 36 den

122 2741 164 37 meisten
329 2742 147 38 älteren
513 2743 175 38 Autoren
726 2756 126 37 gegen
888 2745 59 37 die
985 2745 287 51 UeberfüUung
1306 2747 176 48 geeifert.
1541 2747 167 38 Freilich

124 2797 143 35 musste
297 2808 88 23 man
414 2796 59 37 die
503 2796 225 50 Erfahrung
756 2797 178 47 machen,
966 2799 86 37 dass
1081 2799 63 37 bei
1172 2799 262 38 Beschaffung
1464 2801 65 36 des
1559 2803 147 47 grösst-

122 2847 257 49 möglichsten
408 2847 287 40 Kubikraumes
725 2850 61 37 für
812 2851 116 48 jeden
957 2851 288 39 Verwundeten
1274 2853 62 37 bei
1366 2856 219 47 geringster
1624 2854 82 38 An-

122 2899 152 50 ftillung
304 2901 66 37 der
398 2900 146 39 Räume
573 2903 59 37 die
662 2903 218 38 Krankheit
908 2905 80 37 sich
1018 2905 96 38 doch
1144 2906 243 38 verbreitete.

253 2952 58 39 Im
341 2953 289 39 Wesentlichen
660 2956 202 38 dominirte
893 2957 59 38 die
982 2958 176 47 Ansicht,
1190 2959 85 38 dass
1306 2959 66 38 der
1404 2959 303 39 Hospitalbrand
