2113 3404
667 349 87 30 THE
786 349 275 32 PHYSIOLOGY
1093 351 53 31 OF
1178 351 85 31 THE
1298 351 480 32 LARYNX.—APPENDIX.

412 336 86 42 476

414 471 63 25 use
496 461 63 36 the
585 462 109 36 small
720 464 248 36 semicircular
995 468 127 32 suture
1147 466 141 35 needle,
1306 466 98 35 since
1429 466 48 35 its
1505 465 251 48 employment
1781 467 162 35 obviates
1967 467 63 36 the

413 517 182 47 necessity
619 518 40 36 of
680 519 179 48 notching
887 520 62 35 the
975 520 68 35 alas
1069 520 40 36 of
1132 520 63 36 the
1221 521 148 47 thyroid
1396 522 181 47 cartilage,
1595 521 122 36 which
1744 526 100 32 must
1868 522 44 36 be
1937 523 94 35 done

415 572 110 37 when
555 574 63 36 the
647 576 212 45 arytenoids
889 589 60 23 are
979 577 199 36 transfixed
1206 577 48 36 by
1285 590 21 23 a
1335 578 65 47 pin
1430 590 40 24 or
1497 578 81 36 awl,
1609 590 38 24 as
1675 578 278 36 recommended
1982 578 49 47 by

416 628 186 37 Professor
624 631 146 36 Miiller.
824 633 46 34 In
888 645 39 23 so
944 633 178 36 notching
1139 634 63 35 the
1220 635 178 46 posterior
1414 634 147 36 borders
1579 634 39 36 of
1641 634 63 36 the
1729 634 161 47 thyroid,
1909 646 67 24 one
2001 635 31 35 is

413 698 91 36 very
521 692 65 44 apt
602 692 38 32 to
658 689 132 36 detach
808 690 205 36 altogether
1029 690 97 36 their
1143 690 151 36 inferior
1311 702 146 24 cornua,
1475 691 73 35 and
1565 690 93 36 after
1680 691 90 35 such
1795 703 47 24 an
1866 691 166 35 accident

413 754 76 35 any
506 745 247 46 experiments
778 746 39 35 in
843 746 187 36 imitation
1056 746 40 36 of
1117 745 64 36 the
1198 747 120 35 action
1338 747 38 34 of
1394 746 63 36 the
1474 747 156 35 muscles
1647 758 60 25 are
1725 747 39 35 of
1777 759 48 23 no
1843 746 117 36 value.
2012 746 18 35 I

414 797 95 37 have
525 802 190 45 generally
733 802 196 47 preserved
946 802 181 36 attached,
1145 802 38 35 in
1202 802 63 35 the
1286 802 189 47 following
1496 808 256 41 experiments,
1770 803 63 36 the
1846 802 186 48 epiglottis

414 855 74 35 and
512 855 63 36 the
601 856 114 48 hyoid
745 858 104 36 bone,
867 859 99 35 since
993 859 18 35 I
1038 858 94 36 have
1159 858 115 35 found
1301 858 81 34 that
1408 858 101 35 voice
1536 859 31 34 is
1591 871 99 23 more
1717 859 111 46 easily
1846 869 184 37 produced

415 910 107 36 when
542 912 91 48 they
650 925 60 24 are
728 918 156 43 present,
904 926 122 35 owing
1043 913 180 49 probably
1241 918 37 31 to
1296 913 63 36 the
1377 918 153 42 support
1547 915 109 46 given
1673 919 37 31 to
1729 914 62 35 the
1808 913 104 36 vocal
1929 913 102 36 cords

414 965 49 47 by
481 967 63 36 the
562 981 154 24 mucous
734 970 212 36 membrane
965 970 39 36 of
1018 971 64 35 the
1102 982 114 35 upper
1233 974 82 43 part
1333 970 39 35 of
1386 969 63 36 the
1466 969 143 48 larynx,
1628 970 119 36 which
1766 971 30 34 is
1821 970 89 35 then
1935 981 94 24 com-

415 1024 206 45 paratively
639 1030 111 32 tense.

462 1079 72 37 For
552 1083 255 35 convenience,
827 1083 63 35 the
907 1083 171 35 different
1095 1082 154 36 musical
1274 1094 104 24 notes
1405 1082 78 35 will
1510 1082 45 36 be
1581 1083 186 35 indicated
1792 1081 238 37 thus:—The

417 1230 86 31 note
746 1226 80 36 will
843 1227 46 35 be
906 1227 154 35 marked
1078 1227 40 36 C,
1137 1226 71 36 and
1227 1226 103 35 those
1348 1225 115 36 above
1480 1226 31 34 it
1529 1237 49 33 up
1596 1230 37 31 to
1658 1212 70 56 3E

1881 1224 75 36 will
1990 1224 45 36 be

415 1466 187 36 indicated
628 1465 77 37 like
731 1466 41 46 it,
792 1466 138 48 simply
948 1466 50 47 by
1016 1466 64 36 the
1102 1466 126 36 letters
1245 1479 9 31 ;
1279 1478 100 27 7T~
1481 1466 181 39 however,
1674 1465 70 36 and
1759 1464 47 36 its
1820 1475 124 25 octave
1958 1462 76 36 will

416 1626 46 36 be
480 1627 154 35 marked
653 1626 56 45 C1,
729 1627 61 45 D1,
810 1631 79 32 etc.,
907 1627 127 35 whilst
1051 1627 64 36 the
1133 1639 127 24 octave
1277 1627 118 36 below
1416 1627 28 37 C
1463 1626 79 36 will
1559 1626 46 36 be
1621 1624 152 37 marked
1791 1625 65 45 Bn
1873 1624 69 46 A1?
1956 1634 78 34 etc.,

417 1683 74 35 and
510 1683 82 36 that
609 1683 113 36 lower
739 1683 78 36 still
835 1695 38 24 as
891 1684 66 46 Ba,
975 1683 72 48 Aa,
1066 1688 67 31 etc.

467 1740 227 46 Experiment
727 1739 161 37 1.—The
913 1739 134 36 larynx
1075 1751 74 24 was
1174 1739 82 36 that
1283 1739 40 36 of
1344 1752 21 23 a
1390 1750 143 24 woman
1560 1737 90 36 aged
1675 1743 112 29 about
1811 1735 82 46 fifty
1918 1746 114 35 years.

417 1795 80 36 The
515 1796 191 47 cartilages
729 1808 95 24 were
850 1808 90 23 very
957 1795 100 36 little
1084 1796 154 35 ossified.
1290 1795 186 36 Attached
1504 1806 92 24 were
1623 1793 64 35 the
1711 1792 114 47 hyoid
1849 1792 106 42 bone,
1972 1790 63 35 the

418 1852 197 47 epiglottis,
634 1853 74 35 and
724 1852 114 36 about
856 1852 103 35 three
976 1852 126 35 inches
1124 1852 39 35 of
1186 1852 63 35 the
1275 1852 155 35 trachea.
1482 1851 80 35 The
1589 1848 208 37 arytenoids
1821 1859 94 23 were
1939 1846 97 35 fixed

419 1908 92 35 with
528 1921 21 23 a
566 1908 130 36 needle
714 1909 72 35 and
804 1921 21 22 a
842 1908 158 35 ligature
1017 1909 40 34 in
1074 1908 64 35 the
1155 1921 155 22 manner
1327 1909 80 46 just
1424 1906 198 37 described,
1642 1905 71 36 and
1740 1917 20 22 a
1786 1902 139 37 leather
1950 1901 86 37 tube

418 1965 114 35 about
550 1965 71 35 five
646 1965 127 35 inches
799 1965 87 35 long
911 1977 73 23 was
1009 1965 162 35 inserted
1199 1965 79 35 into
1305 1964 64 36 the
1395 1975 159 36 opening
1581 1962 39 35 of
1643 1961 61 35 the
1731 1959 195 47 windpipe.
1979 1958 56 36 On

420 2022 220 47 supporting
657 2021 64 36 the
738 2021 134 47 larynx
890 2020 50 47 by
958 2020 63 36 the
1040 2021 134 35 cricoid
1203 2020 171 36 cartilage
1399 2020 106 35 alone
1529 2020 39 34 in
1596 2031 21 23 a
1641 2016 203 36 horizontal
1869 2014 169 48 position,

419 2078 65 35 the
513 2084 87 30 note
629 2078 187 47 produced
846 2078 50 46 by
924 2077 164 48 blowing
1115 2089 89 35 very
1228 2077 130 47 gently
1387 2075 160 37 through
1577 2074 63 36 the
1667 2073 88 36 tube
1783 2084 73 24 was
1886 2072 44 36 G.
1980 2071 57 36 No

420 2134 196 36 difference
646 2134 41 36 in
717 2134 105 47 pitch
853 2145 73 24 was
956 2134 187 47 produced
1171 2133 109 36 when
1306 2134 63 34 the
1396 2136 102 32 short
1523 2131 89 35 tube
1637 2142 74 23 was
1738 2129 110 35 taken
1876 2131 65 32 out
1966 2127 72 35 and

420 2191 169 47 replaced
616 2191 51 35 by
695 2190 157 36 another
878 2203 20 23 a
926 2190 76 35 foot
1030 2191 39 34 in
1096 2191 138 46 length.
1289 2191 56 45 By
1374 2200 165 36 pressing
1564 2185 213 37 backwards
1802 2184 63 35 the
1891 2181 146 44 thyroid

421 2247 183 48 cartilage,
623 2248 64 35 the
704 2259 86 24 note
808 2247 109 36 could
935 2247 44 35 be
998 2247 159 35 lowered
1175 2251 37 31 to
1231 2247 55 46 Ga
1305 2260 8 30 ;
1340 2257 47 24 on
1405 2245 63 35 the
1486 2244 105 36 other
1609 2242 112 42 hand,
1739 2242 49 46 by
1806 2240 147 48 pulling
1977 2239 62 35 the

421 2304 151 47 thyroid
590 2304 187 36 forwards,
796 2303 63 36 the
876 2304 211 46 arytenoids
1105 2303 111 48 being
1236 2303 108 35 fixed,
1364 2302 63 35 the
1454 2300 103 48 pitch
1582 2299 109 36 could
1717 2298 44 34 be
1787 2296 116 36 raised
1929 2301 38 30 to
1993 2295 45 44 G,

422 2373 38 24 so
478 2360 82 36 that
578 2360 63 36 the
659 2372 166 24 compass
843 2360 39 35 of
906 2359 64 36 the
987 2360 102 35 voice
1115 2359 190 36 embraced
1333 2363 72 30 two
1432 2369 152 24 octaves.
1638 2355 17 35 I
1674 2354 107 36 could
1799 2351 240 46 occasionally

422 2417 162 48 produce
602 2417 63 36 the
683 2421 87 32 note
787 2416 47 45 A,
853 2416 69 35 but
938 2416 32 35 it
986 2428 74 23 was
1077 2416 40 35 of
1131 2428 21 23 a
1170 2415 203 46 screaming
1390 2413 189 36 imperfect
1597 2423 191 23 character.
1840 2408 79 36 The
1936 2407 103 36 effect

422 2474 40 35 of
491 2474 129 47 gently
649 2473 213 48 depressing
890 2472 64 36 the
985 2472 197 47 epiglottis,
1213 2483 38 24 so
1280 2484 39 23 as
1349 2475 36 31 to
1415 2470 92 35 have
1540 2468 89 46 only
1658 2480 21 23 a
1711 2478 139 24 narrow
1882 2475 157 35 opening

423 2530 167 35 between
607 2530 48 35 its
672 2529 144 36 margin
834 2529 73 36 and
931 2528 63 37 the
1019 2528 194 48 arytenoid
1241 2527 197 46 cartilages,
1459 2537 71 24 was
1555 2529 38 31 to
1620 2524 111 35 lower
1756 2522 62 35 the
1844 2520 102 48 pitch
1972 2531 66 24 one

423 2586 72 35 full
513 2586 110 36 tone.1

477 2643 17 35 I
522 2646 89 32 next
639 2642 202 48 proceeded
871 2646 37 31 to
939 2645 71 32 test
1039 2641 65 36 the
1133 2640 122 36 effects
1285 2639 40 36 of
1354 2637 154 37 weights
1536 2635 169 37 attached
1734 2638 37 31 to
1801 2635 62 33 the
1894 2633 147 46 thyroid

426 2699 173 37 cartilage
616 2711 38 23 so
672 2711 39 23 as
728 2702 38 32 to
784 2697 136 37 stretch
940 2697 63 35 the
1020 2696 104 36 vocal
1142 2696 113 36 cords.
1308 2695 103 35 With
1430 2693 74 36 this
1520 2692 117 47 object
1654 2691 38 34 in
1710 2690 104 43 view,
1836 2690 17 34 I
1878 2689 75 36 tied
1978 2688 63 36 the

426 2756 76 36 free
528 2755 89 36 ends
645 2755 39 36 of
708 2754 64 36 the
796 2753 291 48 figure-of-eight
1112 2753 157 46 ligature
1297 2755 36 31 to
1359 2763 21 23 a
1406 2748 202 49 projecting
1633 2748 99 46 piece
1759 2745 39 36 of
1821 2745 116 44 wood,
1954 2744 87 35 thus

427 2812 227 48 suspending
683 2811 63 36 the
776 2811 133 46 larynx
939 2810 49 35 by
1017 2810 48 34 its
1095 2807 192 49 arytenoid
1317 2806 198 36 cartilages.
1569 2805 17 34 I
1613 2803 89 36 then
1731 2801 128 49 passed
1888 2800 153 37 another

427 2873 125 32 strong
578 2868 130 36 needle
733 2866 162 37 through
922 2866 64 36 the
1011 2877 107 24 angle
1146 2864 39 36 of
1206 2863 64 36 the
1298 2862 149 48 thyroid
1473 2860 182 48 cartilage,
1680 2859 80 48 just
1787 2862 163 43 opposite
1978 2856 64 36 the

427 2929 230 33 attachment
674 2924 40 36 of
728 2924 63 35 the
808 2922 104 37 vocal
929 2922 114 36 cords,
1058 2921 74 36 and
1149 2925 38 31 to
1206 2920 86 36 this,
1306 2919 64 36 the
1383 2919 132 46 larynx
1529 2917 110 47 being
1651 2915 87 37 held
1752 2916 39 34 in
1805 2927 21 23 a
1839 2913 203 36 horizontal

427 2981 173 49 position,
616 2981 18 35 I
653 2979 208 37 suspended
881 2978 61 37 the
957 2977 154 37 weights
1124 2976 92 36 with
1230 2975 64 37 the
1308 2975 188 36 following
1511 2974 131 36 effects.
1693 2972 78 35 The
1789 2968 254 38 fundamental

428 3042 87 32 note
532 3037 111 37 being
661 3037 30 36 G
702 3064 28 18 i,
745 3036 63 36 the
825 3036 168 36 addition
1011 3034 39 37 of

726 3128 9 16 1
758 3127 108 26 Miiller
880 3126 90 27 found
985 3125 60 27 this
1059 3127 31 25 to
1104 3125 128 34 produce
1245 3130 17 20 a
1275 3123 155 27 ditl'eronce
1443 3123 33 26 of
1485 3122 68 32 only
1568 3121 64 26 half
1641 3125 15 21 a
1671 3121 75 25 tone.
