2113 3404
885 237 86 32 THE
1004 237 242 35 DISORDERS
1278 239 52 33 OF
1362 239 177 35 SPEECH.

393 223 84 41 362

391 353 143 42 whose
560 356 221 42 memories
803 371 69 27 are
896 357 71 42 the
989 358 109 42 least
1123 358 153 56 deeply
1300 360 245 55 imprinted,
1569 363 87 41 viz.,
1680 364 73 40 the
1787 377 145 28 names
1963 363 47 41 of

389 428 197 38 concrete
620 425 155 56 things.
838 427 136 42 There
1006 428 36 42 is
1076 429 169 55 usually
1277 429 180 44 distinct
1482 431 281 43 interference
1798 432 101 42 with
1933 433 73 41 the

390 494 216 56 reception
632 496 83 42 and
737 497 327 55 interpretation
1090 499 46 41 of
1155 499 152 43 visible
1331 501 166 54 speech,
1519 501 172 55 printed
1712 516 47 28 or
1783 507 183 38 written.

447 633 80 56 (5.)
563 635 83 41 The
682 635 260 55 Conducting
974 637 142 42 Fibres
1151 638 166 42 between
1357 641 38 40 A
1435 642 88 40 and
1561 643 46 49 B,
1629 642 89 41 and
1751 641 255 43 Conduction

390 705 352 54 Aphasia.—We
779 706 109 42 have
926 721 98 28 seen
1062 708 94 41 that
1187 723 25 27 a
1241 709 136 42 lesion
1416 710 135 47 which
1587 718 94 36 cuts
1715 726 140 28 across
1887 711 119 43 these

389 775 128 41 fibres
539 775 207 55 produces
770 776 72 42 the
867 777 106 41 form
997 777 43 42 of
1062 778 176 54 aphasia
1265 779 155 41 known
1445 796 45 25 ;is
1524 782 266 42 Conduction
1815 782 192 41 Aphasia

391 844 435 56 (Leitungsaphasie),
841 846 143 42 whose
999 847 320 43 characteristic
1333 855 215 50 symptom
1570 851 33 41 is
1622 852 73 41 the
1717 852 136 54 single
1868 866 138 27 one—

390 914 261 58 paraphasia.
708 915 51 41 In
782 916 86 42 this
891 917 166 55 variety
1081 919 43 40 of
1146 919 187 53 aphasia,
1358 920 117 42 there
1497 921 35 41 is
1557 921 176 42 neither,
1755 936 53 26 on
1832 921 72 42 the
1926 936 80 28 one

388 985 129 50 hand,
551 1000 84 41 any
671 986 345 50 word-deafness,
1050 1002 87 36 nor,
1159 1003 53 26 on
1250 989 71 41 the
1356 989 122 43 other
1516 991 126 49 hand,
1673 1005 84 41 any
1791 992 139 42 defect
1963 992 43 41 of

386 1056 275 43 articulative
693 1071 167 41 power;
894 1059 181 42 because
1099 1059 72 41 the
1195 1065 166 37 centres
1390 1060 42 42 A
1463 1061 84 41 and
1581 1062 34 40 B
1648 1076 69 28 are
1749 1062 256 42 themselves

388 1126 105 42 both
516 1127 148 43 intact.

448 1197 43 42 It
513 1211 98 42 may
635 1198 52 42 be
709 1198 97 42 well
830 1203 42 37 to
896 1199 83 41 add
1003 1199 98 43 here
1124 1214 23 27 a
1170 1201 79 41 few
1276 1206 120 37 notes
1419 1203 305 54 summarizing
1755 1203 72 41 the
1860 1217 146 27 causes

387 1267 142 44 which
551 1282 100 42 may
674 1269 187 55 produce
884 1269 157 42 Alexia
1062 1270 86 42 and
1171 1271 231 41 Agraphia.

444 1410 305 53 Alexia.—(1.)
774 1410 142 41 When
942 1424 61 28 we
1026 1412 238 41 remember
1286 1412 105 51 that,
1414 1427 46 28 as
1491 1412 148 42 shown
1663 1413 42 40 in
1730 1413 87 55 Fig.
1843 1413 65 49 14,
1931 1413 71 41 the

384 1481 202 55 meaning
607 1485 43 38 to
673 1481 52 42 be
746 1481 166 42 evoked
945 1481 56 55 by
1023 1482 220 55 incoming
1266 1483 136 41 words
1423 1483 36 41 is
1493 1483 43 41 in
1559 1483 133 42 direct
1715 1491 278 46 relationship

383 1551 102 55 only
512 1556 103 36 with
649 1551 72 43 the
753 1552 160 55 images
945 1552 44 41 of
1019 1552 74 42 the
1125 1552 189 56 primary
1347 1553 150 42 couple
1528 1553 43 42 A
1601 1554 83 40 and
1723 1554 40 49 H,
1786 1554 34 40 it
1853 1554 35 40 is
1922 1559 74 35 not

382 1622 241 54 surprising
644 1627 44 36 to
712 1622 87 41 find
823 1622 95 41 that
940 1623 72 41 the
1035 1623 265 42 destruction
1320 1624 138 41 either
1479 1625 42 40 of
1539 1625 39 40 A
1595 1638 45 27 or
1653 1624 44 41 of
1714 1624 35 40 B
1772 1624 222 42 interferes

384 1706 115 27 more
532 1706 47 27 or
609 1691 84 43 less
732 1692 222 54 markedly
977 1693 105 41 with
1116 1693 72 42 the
1226 1693 328 42 interpretation
1591 1694 44 40 of
1671 1692 154 42 visible
1849 1692 140 42 words

384 1763 173 55 printed
595 1777 47 27 or
676 1763 183 42 written.
925 1763 43 41 It
988 1763 37 42 is
1062 1763 219 56 generally
1302 1765 211 40 admitted
1551 1763 96 42 that
1668 1763 118 41 there
1819 1763 37 41 is
1893 1763 104 42 such

383 1834 283 41 interference
702 1834 105 41 with
842 1834 74 41 the
951 1834 330 41 interpretation
1316 1835 46 40 of
1396 1833 153 43 visible
1582 1834 153 41 speech
1771 1834 121 41 when
1932 1833 70 41 the

383 1910 147 36 centre
552 1905 41 41 A
615 1904 37 42 is
669 1904 225 56 destroyed
914 1919 8 37 ;
959 1904 79 41 but
1059 1918 24 27 a
1115 1918 94 28 case
1231 1904 77 42 has
1342 1905 105 41 been
1480 1904 113 42 cited
1618 1904 138 42 which
1788 1918 135 28 seems
1955 1909 43 36 to

383 1975 118 42 show
541 1975 96 41 that
674 1975 119 42 there
835 1989 70 28 are
948 1975 270 41 exceptional
1260 1989 116 27 cases
1418 1974 45 42 in
1503 1975 150 51 which,
1690 1989 104 27 even
1839 1975 43 40 in
1925 1974 73 41 the

382 2045 183 42 absence
587 2045 46 41 of
652 2045 73 41 the
747 2050 146 37 centre
925 2045 53 41 A,
1012 2045 73 41 the
1118 2059 142 40 power
1291 2046 44 40 of
1356 2045 284 55 interpreting
1662 2045 153 41 visible
1846 2045 152 55 speech

381 2115 38 42 is
450 2115 208 50 retained,
679 2115 142 41 owing
852 2119 44 37 to
929 2115 73 42 the
1035 2129 111 28 close
1179 2114 282 56 relationship
1493 2120 187 37 existing
1701 2114 192 42 between
1927 2114 72 41 the

381 2184 142 44 visual
545 2185 162 42 images
730 2185 44 41 of
805 2185 150 42 letters
978 2189 44 37 at
1045 2185 33 42 C
1101 2185 84 41 and
1219 2185 72 42 the
1316 2190 135 37 motor
1472 2185 160 41 images
1665 2190 44 36 at
1740 2185 48 49 B,
1810 2184 84 42 and
1926 2184 72 41 the

380 2257 137 41 direct
539 2256 240 41 connexion
813 2256 43 41 of
889 2256 73 41 the
983 2255 132 42 latter
1138 2255 102 41 with
1267 2255 70 42 the
1360 2269 249 41 equivalent
1631 2254 116 41 ideas
1780 2268 45 27 or
1856 2268 141 27 mean-

380 2329 107 53 ings.
550 2327 80 54 (2.)
662 2327 126 42 Some
820 2341 186 41 suppose
1039 2326 95 41 that
1168 2326 122 41 when
1325 2326 35 41 B
1393 2326 36 41 is
1461 2324 224 43 destroyed
1719 2324 119 41 there
1870 2323 35 41 is
1943 2338 54 25 no

380 2399 285 40 interference
705 2403 216 36 whatever
960 2396 104 41 with
1101 2396 73 42 the
1214 2410 140 41 power
1389 2395 48 42 of
1468 2394 131 43 silent
1637 2394 183 55 reading,
1841 2408 45 27 as
1924 2394 72 41 the

381 2468 140 42 visual
544 2468 162 54 images
738 2473 45 36 at
805 2468 33 42 C
862 2481 77 28 can
974 2467 90 41 still
1088 2466 144 41 revive
1256 2466 73 41 the
1358 2465 199 55 auditory
1580 2465 159 53 images
1771 2469 45 36 at
1837 2463 52 49 A,
1911 2464 83 39 and

380 2539 181 42 thereby
584 2537 81 43 call
690 2552 58 27 up
772 2538 73 41 the
868 2537 247 54 meanings;
1147 2537 77 40 but
1247 2550 62 27 we
1332 2535 107 42 have
1461 2549 100 27 seen
1594 2548 147 27 reason
1767 2539 43 36 to
1833 2533 162 42 believe

381 2615 95 37 that
499 2609 87 42 this
619 2609 36 41 is
677 2608 208 55 probably
909 2622 24 26 a
965 2607 197 50 mistake,
1184 2620 128 28 since,
1334 2605 45 42 in
1411 2610 139 37 motor
1580 2604 188 55 aphasia,
1789 2604 139 42 alexia
1961 2604 34 41 is

379 2695 158 27 almost
574 2679 160 55 always
772 2677 235 43 exhibited,
1044 2677 46 41 in
1126 2681 167 51 greater
1330 2690 47 27 or
1407 2675 83 43 less
1527 2675 160 56 degree.
1764 2675 78 54 (3.)
1873 2674 122 42 Total

378 2751 152 42 alexia,
562 2754 95 37 true
681 2747 374 43 word-blindness,
1088 2747 36 41 is
1156 2745 233 43 exhibited,
1421 2745 139 42 either
1591 2745 123 42 when
1747 2744 73 42 the
1852 2749 143 37 centre

380 2822 33 42 C
446 2821 38 41 is
525 2819 119 43 itself
676 2818 239 54 destroyed,
948 2831 46 28 or
1027 2817 136 41 when,
1196 2816 117 41 itself
1345 2815 238 54 remaining
1614 2814 147 49 intact,
1793 2813 35 42 it
1859 2813 47 49 is,
1937 2812 56 55 by

377 2892 137 41 lesion
546 2890 45 42 in
619 2889 74 43 the
716 2889 131 41 white
880 2893 157 35 matter
1068 2887 44 41 of
1144 2886 73 42 the
1250 2885 199 55 occipital
1472 2885 107 49 lobe,
1600 2891 74 35 cut
1695 2884 62 42 off
1780 2884 106 40 from
1921 2882 72 41 the

376 2961 281 43 impressions
679 2959 139 42 which
853 2956 212 43 normally
1090 2962 68 35 act
1191 2971 114 26 upon
1338 2956 35 41 it
1396 2955 108 41 from
1538 2954 73 42 the
1643 2965 187 43 primary
1854 2950 135 42 visual

377 3045 167 30 centres
567 3031 44 41 of
632 3030 74 41 the
729 3034 85 37 two
838 3027 200 43 occipital
1064 3027 127 42 lobes.
