2107 3450
702 261 151 31 MOTOR
885 261 196 31 APHASIA
1114 250 258 56 (APHEMIA).

1793 251 82 40 301

210 382 288 56 says:—"(9)
521 381 86 43 and
632 382 107 55 (10),
763 382 207 43 included
1004 382 198 57 together
1233 382 45 42 in
1314 395 94 29 one,
1433 381 125 42 mark
1592 381 75 43 the
1697 386 170 38 centres

210 454 67 42 for
301 454 73 43 the
397 459 272 37 movements
693 454 44 41 of
761 453 73 43 the
857 454 86 55 lips
967 454 85 42 and
1078 459 162 37 tongue
1263 467 47 29 as
1333 453 45 42 in
1404 452 295 44 articulation.
1763 452 104 45 This

207 527 37 41 is
269 526 73 42 the
366 526 145 42 region
534 526 168 42 disease
733 526 47 42 of
802 526 155 43 which,
980 540 57 28 on
1061 526 74 43 the
1158 526 82 42 left
1263 525 105 43 side,
1393 539 151 29 causes
1567 525 191 56 aphasia,
1782 527 87 41 and

207 598 38 42 is
279 597 224 56 generally
542 598 160 42 known
749 612 46 28 as
840 596 174 44 Broca's
1061 597 335 44 Convolution/'
1462 598 54 41 In
1556 597 74 43 the
1674 597 192 58 diagram

208 683 52 28 on
289 670 201 55 previous
514 684 119 41 page,
657 669 87 43 this
767 684 99 28 area
888 670 38 42 is
949 670 225 43 indicated
1197 671 58 55 by
1278 670 199 43 shading.

267 741 23 42 I
316 741 54 43 do
398 747 78 37 not
498 742 129 42 know
652 742 200 43 whether
872 742 182 43 Ferrier,
1077 743 48 41 in
1147 742 105 42 thus
1275 742 301 43 demarcating
1601 742 72 42 the
1697 746 170 39 centres

205 814 66 41 for
302 814 72 42 the
404 819 252 38 movement
686 815 44 42 of
767 815 73 43 the
870 815 85 57 lips
986 816 87 41 and
1110 820 161 38 tongue
1307 814 46 44 in
1382 815 75 42 the
1479 814 168 43 human
1683 815 184 53 subject,

207 900 85 27 was
324 886 162 56 guided
519 887 187 56 entirely
743 888 53 55 by
835 888 73 42 the
942 888 161 43 results
1134 888 46 42 of
1210 887 321 43 experimental
1564 892 302 38 observations

203 972 55 28 on
293 957 75 44 the
399 958 134 44 lower
570 959 198 43 animals,
802 975 46 27 or
880 960 91 43 also
1006 961 104 42 took
1148 961 95 42 into
1281 965 187 37 account
1505 960 75 42 the
1618 960 160 43 results
1821 961 45 42 of

203 1029 174 43 clinical
415 1031 86 42 and
540 1032 295 56 pathological
873 1033 276 43 observation
1188 1047 118 41 upon
1350 1032 75 42 the
1469 1033 167 41 human
1679 1033 181 43 subject.

204 1102 89 42 But
337 1103 21 42 I
403 1118 187 41 suppose
635 1104 53 42 he
728 1111 117 35 must
884 1105 111 42 have
1040 1105 132 42 taken
1218 1104 177 42 clinical
1438 1104 87 42 and
1569 1104 294 57 pathological

203 1176 279 42 observation
516 1177 95 42 into
644 1182 198 37 account,
877 1177 183 42 because
1095 1177 22 41 I
1151 1176 91 42 find
1277 1176 97 42 that
1406 1176 75 42 the
1515 1176 111 42 later
1661 1190 200 29 observa-

205 1249 114 41 tions
343 1248 56 56 by
424 1248 51 43 V.
499 1248 192 43 Horsley
713 1249 88 42 and
823 1249 69 42 his
916 1249 244 42 colleagues
1196 1248 112 42 have
1345 1248 72 42 led
1454 1253 44 37 to
1532 1248 75 42 the
1641 1249 219 42 demarca-

202 1318 92 42 tion
328 1319 44 41 of
403 1334 55 27 an
493 1334 99 28 area
626 1321 64 41 for
721 1320 72 42 the
832 1327 271 35 movements
1139 1320 44 41 of
1220 1319 72 42 the
1325 1318 85 56 lips
1445 1318 86 42 and
1565 1323 161 52 tongue
1767 1320 96 43 that

202 1392 36 41 is
278 1392 203 42 different
516 1393 110 41 from
665 1393 73 42 the
776 1407 100 28 area
912 1407 132 41 given
1083 1392 57 42 by
1175 1392 178 42 Ferrier.
1421 1392 43 41 It
1501 1392 36 41 is
1573 1392 207 42 different
1815 1393 45 41 in

200 1463 87 42 this
310 1464 240 56 important
572 1470 184 50 respect,
779 1465 97 41 that
898 1465 36 41 it
956 1464 93 42 does
1070 1468 71 38 not
1163 1463 171 42 include
1355 1464 156 41 within
1536 1464 37 41 it
1605 1464 66 41 the
1691 1464 96 55 foot
1819 1466 51 55 of

197 1535 66 42 the
295 1536 121 42 third
435 1537 177 55 frontal
643 1542 273 37 convolution.
982 1536 44 42 It
1059 1536 139 42 limits
1232 1535 74 43 the
1331 1536 348 42 representation
1711 1537 46 41 of
1787 1538 75 42 the

198 1613 274 38 movements
510 1609 44 41 of
591 1609 75 42 the
704 1609 86 55 lips
829 1608 86 42 and
955 1613 162 51 tongue
1151 1613 43 37 to
1219 1608 74 42 the
1321 1608 92 42 foot
1446 1608 46 42 of
1524 1608 73 42 the
1621 1610 241 56 ascending-

196 1680 164 42 frontal
392 1681 88 42 and
512 1680 76 43 the
623 1681 91 42 foot
745 1681 48 42 of
823 1680 73 44 the
929 1680 239 56 ascending
1201 1679 187 57 parietal
1420 1679 325 54 convolutions,
1771 1682 88 42 and

195 1752 145 43 leaves
376 1753 74 42 the
486 1754 92 42 foot
614 1754 44 42 of
693 1753 75 42 the
803 1753 120 42 third
958 1753 165 42 frontal
1158 1752 284 43 convolution
1480 1758 78 37 out
1593 1753 45 41 of
1673 1760 187 36 account

194 1824 251 57 altogether.
510 1826 188 42 Neither
731 1826 44 41 in
811 1826 74 42 the
919 1840 235 42 macacque
1186 1824 205 57 monkey,
1426 1839 79 28 nor
1538 1825 45 41 in
1619 1825 75 44 the
1726 1841 135 43 orang

195 1903 164 50 outang
391 1897 77 57 (an
501 1898 296 56 anthropoid),
822 1898 110 42 have
966 1898 124 42 these
1113 1897 112 43 later
1248 1898 350 55 experimenters
1623 1898 138 43 found
1784 1900 76 43 the

195 1969 92 42 foot
309 1969 44 42 of
378 1969 73 42 the
475 1969 119 42 third
616 1969 81 43 left
730 1969 163 42 frontal
916 1969 285 42 convolution
1227 1974 43 36 to
1296 1968 51 43 be
1370 1968 208 43 included
1603 1970 155 41 within
1783 1971 75 43 the

196 2046 143 37 motor
356 2055 98 29 area
473 2042 65 41 for
555 2041 74 43 the
648 2045 273 39 movements
944 2041 44 42 of
1012 2041 74 42 the
1108 2040 88 56 lips
1219 2040 86 42 and
1325 2040 193 57 tongue.1
1580 2041 115 43 Now
1715 2042 88 43 this
1821 2043 37 42 is

196 2126 26 29 a
244 2113 273 42 remarkable
542 2113 98 51 fact,
663 2113 197 43 because,
882 2127 46 28 as
954 2127 63 28 we
1041 2111 112 44 shall
1178 2126 71 28 see
1273 2112 263 57 by-and-by,
1560 2113 177 43 clinical
1770 2115 88 42 and

196 2185 294 55 pathological
523 2185 279 42 observation
837 2185 77 42 has
947 2185 154 42 shown
1124 2184 98 42 that
1244 2184 74 42 the
1342 2185 92 42 foot
1457 2186 44 41 of
1535 2185 73 43 the
1635 2186 117 43 third
1776 2186 83 43 left

197 2257 163 43 frontal
378 2257 284 43 convolution
681 2257 77 43 has
782 2257 210 43 relations
1015 2261 43 38 to
1082 2257 76 42 the
1180 2260 143 39 motor
1344 2257 262 56 production
1631 2258 45 42 of
1698 2259 160 43 speech

197 2329 97 43 that
316 2345 70 28 are
409 2329 262 57 apparently
693 2344 110 29 even
827 2343 119 30 more
980 2329 243 56 important
1246 2329 107 42 than
1378 2329 125 43 those
1525 2330 45 42 of
1603 2330 76 44 the
1702 2332 89 43 feet
1813 2333 45 42 of

196 2401 75 43 the
293 2401 238 43 ascending
554 2401 162 43 frontal
739 2401 86 43 and
848 2400 240 57 ascending
1110 2399 185 57 parietal
1319 2406 319 38 convolutions.

255 2473 112 43 How
411 2474 37 42 is
492 2474 89 42 this
624 2479 214 51 apparent
882 2474 289 55 discrepancy
1215 2473 200 43 between
1471 2473 75 43 the
1599 2474 161 44 results
1815 2477 48 42 of

193 2546 318 43 experimental
545 2546 86 42 and
665 2546 125 43 those
823 2546 46 42 of
896 2545 176 43 clinical
1105 2546 281 42 observation
1422 2552 43 36 to
1500 2546 52 43 be
1586 2547 237 57 explained
1845 2551 14 40 ?

194 2619 46 42 It
271 2633 139 29 seems
443 2624 45 37 to
522 2633 68 29 me
624 2619 98 42 that
744 2619 36 42 if
800 2619 75 42 the
899 2619 91 42 foot
1013 2619 47 42 of
1083 2618 72 43 the
1180 2618 118 42 third
1322 2618 161 43 frontal
1509 2620 286 43 convolution
1822 2623 37 42 is

194 2697 77 36 not
295 2697 140 37 motor
456 2691 47 43 in
523 2691 212 43 function,
753 2691 86 42 and
862 2695 77 53 yet
961 2691 78 43 has
1063 2690 210 43 relations
1298 2692 47 40 of
1365 2696 195 38 extreme
1583 2693 275 42 importance

195 2770 44 36 to
277 2764 74 42 the
391 2770 140 36 motor
569 2770 259 50 production
867 2763 45 43 of
949 2763 175 57 speech,
1149 2777 62 29 we
1234 2778 72 28 are
1329 2763 161 44 almost
1517 2764 147 44 forced
1706 2771 42 38 to
1782 2767 75 43 the

247 2871 12 23 1
286 2870 75 36 For
378 2882 47 24 an
444 2875 158 31 account
619 2869 40 37 of
674 2869 65 38 the
757 2870 255 48 experiments
1029 2882 104 36 upon
1152 2869 65 37 the
1236 2869 108 37 brain
1360 2870 40 36 of
1415 2870 65 37 the
1498 2883 116 36 orang
1631 2876 151 46 outang,
1803 2886 59 24 see

198 2930 48 37 V.
269 2931 163 36 Horsley
450 2930 75 37 and
555 2930 42 37 E.
619 2930 154 38 Beevor,
792 2931 41 36 in
851 2931 65 36 the
934 2931 99 37 Phil.
1058 2931 126 37 Trans,
1206 2931 40 47 of
1260 2931 56 37 the
1333 2932 89 47 Roy.
1443 2932 137 48 Society
1603 2933 79 47 (B.)
1703 2937 105 42 1890,
1824 2947 34 36 p.

198 2995 92 35 129.'
334 2992 74 37 For
424 2992 65 36 the
508 2991 231 49 application
758 2992 40 36 of
812 2992 65 37 the
891 2992 137 37 results
1043 2993 40 36 of
1097 2996 127 33 recent
1238 2993 273 48 experimental
1529 2994 209 38 researches
1756 3008 104 36 upon

195 3053 161 38 animals
387 3058 37 31 to
456 3052 64 37 the
546 3052 144 37 human
717 3053 119 46 brain,
857 3065 59 24 see
941 3053 49 37 V.
1012 3053 175 48 Horsley,
1206 3053 39 36 in
1266 3053 65 37 the
1358 3054 271 38 International
1647 3056 161 38 Journal
1826 3059 42 46 of

195 3115 152 38 Science,
366 3113 72 38 vol.
461 3114 100 36 xciii.
585 3115 104 46 1887,
709 3126 37 36 p.
767 3117 83 34 342.
