1817 3171
307 305 90 42 13S
453 316 91 31 THE
568 318 262 34 MANGABEY
857 320 59 33 OR
942 320 164 33 WHITE
1132 321 172 31 EYELID
1329 320 219 32 MONKEY.

312 435 177 62 feeding
511 451 78 30 she
613 436 167 46 seldom
810 441 84 56 put
922 436 81 46 her
1028 437 118 45 head
1176 443 45 39 to
1254 436 79 46 the
1363 435 99 48 food
1485 453 46 30 or
1554 436 115 55 dish,

307 514 84 44 but
413 512 131 47 lifted
573 513 90 46 and
693 514 229 45 conveyed
954 514 37 45 it
1016 519 47 40 to
1093 513 80 45 her
1205 514 173 45 mouth.
1445 514 98 45 Her
1571 513 100 47 food

307 605 94 31 was
419 590 161 62 chiefly
589 591 137 46 bread
742 591 89 45 and
844 590 129 55 milk,
994 590 90 46 and
1099 590 293 62 occasionally
1401 591 267 46 vegetables,

306 666 51 46 of
372 667 147 46 which
543 683 27 30 a
592 674 140 39 carrot
756 683 93 30 was
873 683 27 30 a
922 683 111 46 very
1055 666 219 48 favourite
1296 667 182 62 luxury.

371 744 110 45 This
516 745 198 60 monkey
744 744 38 46 is
826 751 117 39 most
989 744 331 61 appropriately
1356 745 166 44 named
1555 744 113 46 from

304 826 78 39 the
418 821 140 45 white
594 821 146 45 colour
775 820 50 46 of
854 827 78 39 the
962 821 185 61 eyelids,
1180 837 27 30 a
1234 827 118 39 most
1381 821 288 61 conspicuous

305 896 171 46 feature
499 897 48 45 in
574 897 60 45 its
660 913 344 45 physiognomy,
1031 898 89 45 and
1150 897 211 62 assisting
1386 904 79 39 the
1489 913 179 46 expres-

304 973 95 46 sion
423 972 121 47 often
568 974 177 44 thrown
769 973 95 46 into
887 980 79 39 the
989 973 240 46 ridiculous
1251 990 230 44 grimaces,
1503 974 162 54 which,

305 1050 76 44 Mr
411 1051 176 44 Bennet
616 1050 215 52 remarks,
859 1056 31 19 “■
912 1049 37 45 it
973 1049 231 47 continues
1238 1050 47 45 in
1310 1066 26 29 a
1359 1057 116 39 state
1499 1050 50 46 of
1564 1066 103 30 con-

304 1125 218 46 finement
557 1125 114 45 with
708 1125 210 46 laudable
952 1142 314 44 perseverance
1299 1127 89 44 and
1410 1127 257 45 unwearied

304 1203 141 44 zeal.”
536 1203 55 45 In
635 1201 109 46 both
788 1202 92 45 this
926 1218 164 45 species
1135 1202 91 45 and
1270 1209 200 48 another,
1524 1209 31 20 ‘‘
1588 1204 79 45 the

302 1279 192 46 collared
528 1279 139 45 white
698 1279 149 45 eyelid
878 1280 242 60 monkey,”
1165 1278 290 60 (Cercocebus
1488 1281 177 53 etkiops,

304 1355 252 62 Geoffrey,)
588 1362 78 39 the
701 1356 169 61 eyelids
910 1371 73 30 are
1013 1355 51 46 of
1088 1371 28 30 a
1143 1371 111 46 very
1280 1356 196 61 peculiar
1505 1356 160 52 colour,

305 1448 27 29 a
356 1438 88 40 sort
484 1432 51 46 of
560 1448 116 30 clear
710 1433 362 60 grayish-white,
1119 1433 83 45 but
1242 1432 113 46 with
1391 1448 27 29 a
1462 1433 114 45 dead
1621 1448 46 30 or

304 1509 166 62 chalky
499 1509 103 45 hue.
672 1509 55 45 In
771 1509 79 45 the
880 1508 160 46 female
1080 1525 140 29 above
1254 1509 181 45 alluded
1472 1516 61 46 to,
1574 1509 91 45 this

303 1601 148 30 colour
473 1601 93 29 was
589 1586 286 60 remarkably
899 1601 230 45 apparent,
1155 1592 272 55 contrasting
1450 1585 114 46 with
1587 1587 77 45 the

303 1663 149 44 naked
489 1668 123 55 parts
653 1661 50 46 of
737 1662 79 45 the
859 1660 111 54 face,
1016 1662 149 44 which
1210 1663 247 45 resembled
1501 1662 163 46 Indian

302 1740 177 53 rubber,
517 1739 90 44 and
640 1738 58 45 its
730 1744 284 39 transparent
1049 1738 137 45 shade
1221 1737 50 46 of
1297 1739 108 44 dark
1437 1739 225 44 brownish

300 1816 172 60 purple.
557 1815 97 45 The
696 1813 99 47 hair
827 1814 38 46 is
908 1813 90 46 fine
1041 1814 90 45 and
1177 1813 85 46 soft
1295 1820 45 40 to
1384 1814 78 45 the
1509 1815 151 53 touch,

301 1893 91 45 and
428 1908 56 30 on
530 1898 78 39 the
651 1907 142 46 upper
829 1898 123 54 parts
991 1891 38 46 is
1068 1890 50 47 of
1148 1907 28 30 a
1220 1892 96 44 dull
1361 1898 126 54 sooty
1531 1892 131 45 black

303 1969 325 61 (expressively
651 1969 165 45 named
846 1968 215 60 enfumee
1084 1969 62 60 by
1179 1969 78 44 the
1281 1969 173 44 French
1477 1975 185 38 natura-

299 2047 140 60 lists,)
475 2047 159 45 darker
655 2061 121 46 upon
799 2045 79 46 the
913 2046 160 52 hands,
1093 2045 235 62 gradually
1358 2045 188 61 shading
1568 2045 95 46 into

300 2139 27 30 a
365 2123 235 62 yellowish
644 2123 91 45 tint
780 2137 56 31 on
875 2123 79 45 the
989 2124 186 52 breasts,
1214 2122 136 60 belly,
1392 2122 90 45 and
1520 2122 142 46 inside

298 2199 51 46 of
380 2206 77 39 the
496 2199 165 46 thighs.
731 2199 71 46 On
841 2206 127 38 these
1004 2206 123 54 parts
1165 2199 79 45 the
1278 2199 101 45 thin
1413 2204 173 55 coating
1619 2195 49 48 of

299 2277 99 44 hair
436 2276 173 60 plainly
647 2275 181 46 showed
866 2282 78 38 the
984 2277 116 51 skin,
1142 2275 148 45 which
1329 2274 37 45 is
1406 2290 109 45 very
1550 2290 111 44 pure

297 2353 296 45 flesh-colour.
664 2353 96 44 The
790 2352 277 46 extremities
1097 2367 73 31 are
1195 2352 49 46 of
1269 2359 77 38 the
1371 2367 122 30 same
1516 2353 147 45 colour

298 2430 91 46 and
411 2436 180 39 texture
615 2428 113 46 with
751 2429 78 45 the
853 2428 93 46 face
964 2445 14 38 ;
1015 2430 91 45 and
1128 2429 37 46 it
1188 2430 81 45 has
1292 2430 113 44 been
1427 2430 235 44 remarked

297 2513 103 39 that
435 2513 111 55 they
584 2506 248 46 resembled
867 2521 28 30 a
929 2507 145 45 lady’s
1112 2506 124 46 hand
1271 2507 182 45 covered
1488 2505 111 46 with
1634 2521 27 29 a

298 2599 110 46 very
430 2583 90 46 fine
543 2584 128 46 black
694 2582 78 47 kid
797 2583 136 61 glove.
