1972 3202
391 274 59 47 78

615 282 91 32 THE
731 282 88 31 RED
842 281 58 32 OR
923 281 182 31 ASIATIC
1131 280 386 33 ORANG-OUTANG.

390 416 235 56 strangers,
650 411 56 43 he
731 409 150 45 would
905 415 57 38 sit
989 407 64 46 for
1083 408 133 45 hours
1240 406 114 46 with
1382 407 71 46 his
1482 406 122 49 hand
1629 423 119 31 upon

389 488 69 44 his
476 488 130 51 head,
626 487 178 59 looking
817 484 233 62 pensively
1066 491 47 38 at
1129 484 60 45 all
1207 484 170 45 around
1391 485 120 53 him;
1537 500 60 38 or,
1615 500 133 29 when

388 565 135 44 much
547 563 310 45 incommoded
878 563 63 59 by
964 561 119 45 their
1113 560 322 55 examination,
1467 562 150 44 would
1644 561 106 46 hide

388 640 186 45 himself
589 639 192 46 beneath
806 654 92 45 any
922 637 204 62 covering
1148 644 102 39 that
1275 653 93 30 was
1392 644 47 39 at
1457 638 136 45 hand.
1663 639 87 45 His

386 718 214 44 mildness
635 732 94 29 was
763 716 184 45 evinced
980 717 63 59 by
1078 715 70 44 his
1188 714 280 46 forbearance
1503 716 143 44 under
1679 715 71 45 in-

382 794 155 60 juries,
564 794 147 44 which
736 808 116 29 were
875 792 203 60 grievous
1109 791 146 45 before
1285 792 58 44 he
1372 807 94 29 was
1497 791 177 46 excited
1704 799 46 39 to

387 886 217 45 revenge;
643 872 82 43 but
769 870 57 44 he
871 870 173 44 always
1089 869 188 44 avoided
1321 875 128 39 those
1486 884 102 29 who
1629 875 121 39 often

387 947 154 44 teased
567 945 109 45 him.
746 946 74 44 He
861 960 103 30 soon
1004 947 181 43 became
1224 951 200 55 strongly
1458 945 212 45 attached
1703 951 47 39 to

387 1030 127 37 those
545 1023 102 44 who
677 1021 162 60 kindly
871 1021 111 45 used
1011 1021 110 44 him.
1191 1022 71 60 By
1292 1022 118 44 their
1440 1021 94 46 side
1563 1022 58 44 he
1657 1037 93 29 was

387 1099 106 45 fond
517 1098 49 46 of
592 1104 188 55 sitting;
822 1098 104 53 and,
962 1104 173 54 getting
1169 1113 48 29 as
1252 1113 113 29 close
1399 1113 48 30 as
1480 1098 189 60 possible
1702 1105 48 38 to

387 1177 119 44 their
541 1190 194 46 persons,
774 1175 152 44 would
962 1181 107 38 take
1107 1175 119 44 their
1264 1175 145 44 hands
1442 1175 205 44 between
1680 1175 71 44 his

387 1253 100 60 lips,
514 1253 90 44 and
627 1251 64 61 fly
715 1258 45 38 to
784 1252 127 44 them
934 1250 66 46 for
1021 1251 259 60 protection.
1363 1252 134 44 From
1520 1251 79 44 the
1621 1252 131 44 boat-

389 1329 142 45 swain
556 1327 50 47 of
620 1328 79 46 the
723 1328 197 54 Alceste,
946 1328 102 45 who
1074 1328 159 45 shared
1255 1328 70 45 his
1348 1343 142 30 meals
1506 1327 114 46 with
1638 1327 111 54 him,

388 1407 90 44 and
509 1421 95 30 was
633 1406 70 44 his
737 1404 124 46 chief
882 1404 236 54 favourite,
1155 1405 215 45 although
1404 1405 57 45 he
1496 1404 256 46 sometimes

388 1482 231 61 purloined
636 1489 78 38 the
729 1497 103 46 grog
855 1482 90 45 and
960 1482 78 45 the
1061 1481 166 46 biscuit
1251 1480 51 47 of
1316 1482 70 44 his
1410 1480 268 54 benefactor,
1694 1481 58 45 he

388 1559 182 45 learned
593 1565 45 39 to
663 1565 73 39 eat
760 1558 114 46 with
898 1574 27 30 a
949 1574 166 45 spoon;
1142 1557 90 46 and
1254 1557 146 46 might
1426 1559 53 43 be
1504 1556 121 46 often
1649 1573 104 30 seen

391 1636 156 60 sitting
586 1642 48 39 at
672 1636 70 44 his
780 1635 261 45 cabin-door
1076 1635 212 60 enjoying
1326 1635 71 44 his
1436 1633 149 54 coffee,
1627 1640 126 53 quite

389 1712 370 45 unembarrassed
781 1713 62 60 by
866 1718 128 38 those
1018 1711 102 45 who
1144 1711 213 45 observed
1379 1711 110 53 him,
1523 1710 90 45 and
1638 1717 114 38 with

390 1805 27 29 a
438 1804 234 46 grotesque
695 1789 90 45 and
808 1804 125 30 sober
955 1787 66 46 air
1050 1788 102 45 that
1184 1788 177 45 seemed
1384 1803 28 29 a
1433 1788 239 45 burlesque
1696 1802 57 30 on

389 1866 174 44 human
586 1880 176 30 nature.

513 1943 129 45 Next
664 1948 46 40 to
725 1943 79 45 the
820 1941 266 55 boatswain,
1106 1941 23 45 I
1147 1956 92 30 was
1256 1941 190 60 perhaps
1460 1941 70 44 his
1548 1947 117 38 most
1684 1940 71 45 in-

390 2020 162 45 timate
561 2019 337 46 acquaintance.
931 2019 74 45 He
1021 2018 152 45 would
1188 2033 172 30 always
1375 2017 147 46 follow
1540 2033 73 28 me
1623 2023 45 39 to
1678 2018 78 44 the

392 2097 276 52 mast-head,
694 2096 196 45 whither
914 2096 21 45 I
955 2094 121 47 often
1100 2101 122 39 went
1247 2094 63 45 for
1332 2101 78 39 the
1434 2110 106 29 sake
1564 2094 50 45 of
1628 2095 123 44 read-

393 2173 76 61 ing
483 2179 128 38 apart
634 2172 112 45 from
769 2179 78 39 the
870 2188 123 29 noise
1017 2172 51 45 of
1082 2179 77 38 the
1178 2173 128 59 ship;
1332 2173 89 43 and
1439 2173 168 58 having
1625 2171 132 45 satis-

393 2249 89 46 fied
508 2248 187 46 himself
721 2255 102 39 that
856 2265 82 44 my
970 2250 181 59 pockets
1185 2248 236 45 contained
1453 2263 57 30 no
1542 2247 212 54 eatables,

396 2326 151 46 would
585 2325 58 45 lie
684 2325 131 45 down
854 2326 63 60 by
952 2341 80 45 my
1065 2325 107 53 side,
1199 2324 89 45 and
1317 2324 174 63 pulling
1529 2339 28 30 a
1594 2324 164 61 topsail

398 2403 192 61 entirely
614 2418 103 30 over
739 2402 111 54 him,
876 2418 111 45 peep
1011 2401 113 45 from
1154 2401 36 45 it
1225 2401 296 61 occasionally
1542 2407 48 40 to
1608 2400 150 47 watch

396 2495 81 46 my
499 2484 295 41 movements.

521 2556 87 46 His
631 2554 218 48 favourite
872 2561 283 40 amusement
1185 2554 47 46 in
1262 2556 118 45 Java
1404 2572 94 30 was
1522 2557 45 45 in
1593 2571 166 45 swing-
