1817 3171
765 226 91 30 THE
879 224 153 33 DIANA
1057 226 215 32 MONKEY.

353 217 92 48 134>

351 354 177 46 Bennet
562 370 217 40 observes,
824 355 38 46 is
902 356 247 61 peculiarly
1183 354 153 47 varied
1375 354 89 46 and
1502 355 209 61 graceful.

353 432 98 45 The
468 433 131 54 head,
618 449 128 39 neck,
767 433 131 53 sides,
916 434 90 44 and
1023 433 169 44 middle
1208 432 50 45 of
1271 433 78 45 the
1366 433 119 61 body
1499 433 211 52 beneath,

348 524 75 30 are
456 508 51 47 of
531 525 28 30 a
592 511 109 60 deep
732 510 81 45 ash
843 525 161 39 colour,
1035 509 236 62 gradually
1292 510 231 61 becoming
1552 511 159 44 darker

349 601 56 30 on
427 593 78 39 the
529 587 174 46 outside
727 587 50 46 of
792 588 78 44 the
891 588 150 52 limbs,
1073 587 92 45 and
1193 586 160 61 finally
1376 587 218 60 changing
1616 587 94 44 into

350 679 27 29 a
401 663 110 61 deep
533 665 131 44 black
682 680 119 30 upon
819 665 80 44 the
916 665 159 44 hands.
1146 665 98 44 The
1261 663 82 45 tail
1361 679 91 29 also
1468 663 194 45 exhibits
1686 679 26 28 a

349 740 111 45 dark
477 741 152 53 shade,
655 742 90 44 and
763 748 263 38 teiininates
1042 741 113 45 with
1176 756 26 30 a
1216 740 126 61 point
1358 739 190 62 entirely
1567 741 143 44 black.

349 818 97 44 The
467 818 179 59 general
669 834 147 29 colour
832 834 108 45 may
963 820 55 44 be
1042 818 226 45 described
1291 833 48 30 as
1362 817 241 61 consisting
1620 817 50 45 of
1685 833 26 29 a

349 894 199 45 mixture
566 893 50 47 of
631 896 130 44 black
784 896 90 44 and
897 896 154 53 white,
1070 896 78 45 the
1162 895 160 46 foraier
1335 895 374 61 predominating,

346 971 91 44 and
454 978 78 38 the
541 972 145 45 whole
703 973 169 60 having
886 988 27 29 a
926 972 138 61 grisly
1073 988 285 45 appearance.
1394 973 89 45 But
1500 979 79 38 the
1593 978 117 39 most

344 1048 288 61 conspicuous
643 1047 185 56 feature,
839 1049 37 45 is
894 1065 27 30 a
937 1050 189 44 straight
1144 1050 90 44 line
1244 1048 49 46 of
1299 1050 102 60 long
1420 1049 137 45 white
1571 1049 135 54 hairs,

345 1132 314 55 surmounting
682 1141 27 30 a
738 1125 87 47 less
851 1128 183 44 obvious
1065 1142 82 30 one
1177 1125 50 47 of
1248 1127 145 52 black,
1428 1126 147 44 which
1601 1142 107 28 runs

343 1202 47 45 in
416 1219 26 28 a
465 1209 195 39 crescent
684 1202 111 46 form
819 1219 141 30 across
975 1204 78 45 the
1071 1203 222 55 forehead,
1319 1205 140 44 above
1481 1209 78 38 the
1583 1218 123 30 eyes,

343 1280 90 44 and
473 1286 189 39 extends
701 1281 158 61 nearly
899 1287 46 39 to
979 1287 78 39 the
1092 1296 108 30 ears.
1272 1282 96 44 The
1404 1280 223 44 specimen
1661 1279 47 45 in

344 1357 77 45 the
445 1357 249 61 Zoological
717 1359 177 60 Society
919 1374 92 29 was
1040 1356 178 63 playful
1240 1358 91 45 and
1360 1356 207 46 familiar.
1635 1358 72 59 By

344 1434 213 45 Linnaeus
586 1435 79 45 the
688 1435 151 45 Diana
861 1436 198 60 monkey
1082 1435 38 45 is
1149 1434 97 46 said
1274 1441 47 39 to
1353 1436 55 44 be
1438 1434 104 45 fond
1573 1433 50 46 of
1646 1434 60 44 all

341 1511 132 45 kinds
508 1510 50 46 of
589 1513 270 59 vegetables,
906 1513 83 44 but
1033 1511 292 62 particularly
1359 1518 46 39 to
1446 1511 169 45 delight
1660 1511 46 44 in

340 1586 145 55 fmits,
505 1588 173 54 raisins,
696 1605 121 37 nuts,
835 1589 90 45 and
948 1590 203 44 almonds
1166 1605 15 38 ,*
1207 1590 89 44 and
1316 1588 151 46 would
1485 1588 220 59 willingly

340 1680 91 29 also
454 1671 73 38 eat
552 1681 100 44 eggs
675 1665 90 45 and
786 1666 151 53 bread,
963 1667 82 43 but
1069 1665 168 45 animal
1270 1665 99 45 food
1393 1680 94 29 was
1515 1670 78 38 not
1624 1679 79 29 en-

334 1742 138 60 joyed
491 1758 13 37 ;
551 1741 36 45 it
620 1742 145 45 drank
810 1740 137 55 often,
983 1742 89 45 and
1104 1743 146 44 before
1285 1742 158 60 taking
1481 1740 222 62 anything

339 1818 152 45 would
514 1818 173 46 always
722 1819 128 44 smell
883 1818 50 45 it.
1002 1819 45 45 It
1081 1834 94 30 was
1205 1818 289 60 remarkably
1516 1816 105 46 fond
1661 1816 46 46 of

339 1896 139 53 heat;
520 1912 104 38 and,
651 1897 132 44 when
823 1903 77 38 the
932 1896 97 45 cold
1062 1911 154 30 season
1262 1909 298 37 commenced,
1591 1909 111 46 gave

339 1979 108 38 vent
487 1975 46 43 to
567 1972 59 46 its
659 1973 260 45 uneasiness
954 1973 48 44 in
1047 1973 125 45 shrill
1205 1971 278 47 complaints.
1552 1971 151 60 Every

338 2050 132 61 thing
506 2050 103 45 that
643 2050 37 45 is
715 2057 65 38 set
815 2051 146 44 before
994 2056 78 39 the
1109 2049 168 46 animal
1311 2049 37 45 is
1381 2048 166 45 turned
1582 2063 117 37 over,

338 2142 112 29 even
492 2133 77 39 the
607 2128 144 44 vessel
792 2127 147 45 which
979 2127 37 45 is
1055 2133 82 54 put
1174 2127 132 44 down
1345 2132 111 39 with
1496 2125 58 44 its
1587 2123 111 46 food.

337 2204 155 44 When
516 2219 26 29 a
565 2210 200 38 stranger
787 2203 37 45 is
848 2204 262 44 introduced
1132 2204 36 44 it
1196 2218 146 29 shows
1365 2202 58 44 its
1445 2207 139 46 teeth,
1609 2201 91 44 and

337 2280 122 44 ])Ows
488 2281 260 59 repeatedly
772 2280 113 44 with
916 2280 76 44 the
1015 2280 144 53 head;
1196 2280 103 52 and,
1324 2277 42 46 if
1390 2292 203 46 enraged,
1620 2292 80 30 en-

338 2357 215 45 deavours
574 2363 46 39 to
643 2356 92 45 bite
758 2356 58 45 its
839 2372 176 45 enemy.

404 2434 109 45 This
543 2449 138 46 genus
711 2433 94 46 will
835 2440 179 39 contain
1053 2447 134 31 seven
1224 2447 47 30 or
1299 2431 120 45 eight
1457 2430 163 45 species
1651 2428 45 46 in

340 2511 231 54 addition;
610 2509 64 47 for
713 2526 23 29 a
778 2509 120 46 brief
927 2517 144 38 notice
1110 2508 50 47 of
1191 2507 146 46 wliich
1373 2522 68 29 we
1474 2505 111 45 refer
1619 2511 78 39 out
