2125 3524
353 266 54 41 56

838 285 87 31 THE
957 285 242 35 DISORDERS
1231 290 53 31 OF
1315 290 175 32 SPEECH.

426 473 124 45 Other
571 477 187 44 Nervous
780 479 180 56 Spasms,
982 486 70 38 not
1073 484 246 54 necessarily
1346 482 244 56 Hysterical,
1612 485 50 54 of
1675 486 65 41 the
1773 486 120 44 Vocal

1027 552 270 42 Mechanism.

408 663 88 54 (A.)
530 663 42 43 A
594 665 168 44 curious
785 668 167 55 variety
974 669 46 41 of
1053 683 142 40 spasm
1230 669 36 41 is
1302 668 95 42 that
1430 669 46 41 in
1510 670 141 42 which
1686 671 73 42 the
1796 673 160 54 patient

347 732 111 43 from
491 734 102 42 time
627 740 43 37 to
692 737 104 41 time
828 738 315 54 involuntarily
1166 738 232 55 ejaculates
1421 752 114 29 some
1559 740 114 41 word
1705 755 46 27 or
1782 742 173 41 syllable

348 803 330 55 (Logospasmus
711 806 335 56 Choreiformis).
1111 808 300 42 Occasionally
1444 809 73 41 the
1549 810 138 42 words
1724 812 232 41 ejaculated

346 887 72 28 are
454 875 44 39 of
534 889 24 26 a
595 875 292 55 disreputable
929 876 219 43 character
1180 877 292 55 (Caprolalia).
1537 879 54 41 In
1623 880 95 41 that
1750 894 104 37 case,
1888 882 67 43 the

345 943 282 53 ejaculations
659 959 70 28 are
762 956 118 31 often
912 946 237 42 associated
1181 947 107 41 with
1310 961 24 27 a
1366 948 312 42 simultaneous
1711 952 244 42 convulsive

343 1013 73 49 tic,
437 1026 47 28 or
514 1027 157 40 spasm,
693 1014 44 41 of
767 1015 74 41 the
865 1029 136 41 upper
1023 1016 246 55 extremity,
1291 1030 46 28 or
1357 1017 45 41 of
1423 1031 116 28 some
1561 1018 122 42 other
1704 1024 96 49 part
1821 1021 46 40 of
1884 1020 69 43 the

343 1082 124 55 body.
531 1084 111 42 Prof.
667 1084 184 42 Charcot
883 1085 213 43 discusses
1128 1087 88 41 this
1247 1087 169 41 subject
1446 1088 47 40 in
1525 1088 73 41 the
1621 1088 92 42 first
1745 1089 140 42 lesson
1916 1093 40 39 of

342 1152 68 42 his
432 1154 151 41 Lccons
605 1154 58 41 dit
686 1155 150 41 Mardi
859 1156 64 41 for
957 1157 213 41 1888-89.
1232 1157 70 41 He
1334 1162 193 50 suggests
1557 1158 96 42 that
1674 1159 120 42 these
1817 1162 141 41 verbal

343 1223 282 55 ejaculations
648 1225 134 55 ought
806 1231 43 36 to
872 1226 50 42 be
945 1226 188 42 referred
1154 1231 44 37 to
1221 1241 24 27 a
1267 1228 241 54 spasmodic
1527 1227 275 43 disturbance
1824 1230 45 40 of
1888 1231 69 43 the

344 1295 154 55 higher
519 1295 221 43 functions
763 1297 44 41 of
831 1297 72 42 the
925 1297 136 50 brain,
1076 1297 122 42 those
1221 1297 43 42 of
1291 1297 210 53 ideation;
1523 1299 83 41 and
1629 1299 54 41 he
1706 1299 138 42 shows
1868 1300 89 43 that

344 1366 102 54 they
465 1380 71 28 are
554 1367 118 41 often
695 1368 236 41 associated
950 1368 104 41 with
1073 1368 123 41 other
1218 1368 260 42 indications
1502 1369 43 40 of
1567 1368 163 42 mental
1747 1370 208 41 eufeeble-

342 1441 133 45 ment,
497 1437 105 41 such
625 1451 45 28 as
693 1452 24 27 a
739 1438 187 55 striking
948 1438 85 42 loss
1057 1439 43 41 of
1123 1438 190 42 decision
1336 1437 45 43 in
1405 1438 73 42 the
1501 1439 292 54 performance
1815 1440 46 40 of
1886 1441 69 41 the

342 1508 204 55 ordinary
563 1509 198 41 business
783 1509 46 41 of
847 1509 85 41 life.
996 1509 71 41 He
1089 1509 170 42 records
1282 1523 25 27 a
1325 1523 95 28 case
1437 1509 46 41 of
1501 1523 25 27 a
1547 1509 115 41 little
1680 1509 83 55 boy
1782 1510 175 42 affected

345 1578 104 40 with
488 1578 231 55 caprolalia
766 1579 86 41 and
899 1579 252 42 convulsive
1189 1579 72 41 tic,
1299 1579 95 41 who
1431 1584 73 48 got
1551 1579 95 41 into
1695 1579 169 42 trouble
1903 1580 54 55 by

345 1648 318 55 involuntarily
715 1649 207 41 shouting
962 1649 69 41 his
1076 1648 83 42 bad
1211 1648 140 42 words
1402 1653 44 37 to
1491 1648 123 42 other
1665 1649 117 54 boys.
1871 1649 87 42 Not

346 1718 345 56 understanding
723 1719 72 42 the
828 1733 154 28 nature
1017 1719 44 42 of
1083 1719 68 41 his
1177 1733 110 36 case,
1310 1719 103 55 they
1445 1719 205 41 thrashed
1685 1719 90 41 him
1809 1720 62 40 for
1892 1720 62 41 his

346 1789 214 55 supposed
583 1789 269 42 impudence.

404 1859 85 54 (B.)
526 1860 195 41 Another
761 1874 143 27 spasm
946 1859 44 42 of
1031 1859 73 42 the
1136 1858 122 42 vocal
1290 1873 152 27 organs
1475 1858 140 42 which
1648 1862 118 38 must
1797 1863 75 37 not
1905 1859 49 42 be

346 1929 193 42 omitted,
554 1930 36 41 is
611 1929 97 42 that
729 1930 117 41 tonic
868 1943 144 28 spasm
1034 1930 44 41 of
1100 1929 74 42 the
1196 1929 209 41 adductor
1426 1929 185 41 muscles
1633 1929 44 41 of
1699 1928 72 42 the
1793 1929 162 49 larynx,

344 2000 143 42 which
511 2000 134 42 closes
668 2000 73 42 the
758 2000 148 55 glottis
924 2000 85 41 and
1031 2013 208 41 produces
1257 1999 73 41 the
1349 1999 280 41 well-known
1654 1999 298 55 Laryngismus

345 2070 220 43 Stridulus
592 2070 46 42 of
665 2070 178 42 infants,
870 2070 103 41 with
1000 2070 58 41 its
1093 2083 140 42 agony
1256 2069 43 41 of
1334 2068 220 55 dyspnoea.
1616 2069 88 40 The
1739 2069 216 41 causation

342 2141 86 41 and
474 2144 234 38 treatment
756 2141 47 40 of
844 2140 88 41 this
982 2140 161 42 serious
1185 2139 221 42 condition
1449 2142 159 38 cannot
1641 2138 101 42 here
1775 2138 51 42 be
1859 2152 94 27 con-

342 2211 179 41 sidered.
584 2211 89 41 The
704 2210 148 42 reader
875 2224 111 41 may,
1009 2210 209 41 however,
1241 2209 51 41 be
1325 2208 225 42 reminded
1585 2207 95 42 that
1701 2221 54 27 an
1791 2206 164 54 exactly

343 2281 167 43 similar
531 2281 221 41 condition
775 2280 289 42 occasionally
1086 2293 149 28 occurs
1268 2279 46 40 in
1349 2277 145 43 adults
1529 2291 46 28 as
1608 2291 25 27 a
1667 2282 215 51 symptom
1915 2277 42 39 of

342 2351 205 56 hysteria,
564 2351 85 41 and
671 2351 96 41 that
788 2351 246 41 sometimes
1052 2353 296 38 tracheotomy
1366 2348 76 41 has
1465 2361 108 28 even
1591 2347 107 42 been
1717 2345 237 56 performed

340 2423 46 40 in
410 2421 105 42 such
538 2434 117 28 cases
678 2421 66 40 for
767 2420 73 41 the
860 2419 125 41 relief
1007 2420 46 40 of
1071 2419 73 41 the
1166 2418 219 55 dyspnoea.
1450 2417 22 41 I
1494 2431 80 27 can
1596 2416 130 42 recall
1747 2430 81 28 one
1852 2414 100 43 such

343 2505 107 29 case,
472 2505 99 28 seen
593 2504 132 40 many
747 2503 123 41 years
905 2503 88 41 ago.
1056 2489 44 40 It
1121 2487 199 42 occurred
1350 2487 47 41 in
1418 2486 74 42 the
1514 2500 155 41 person
1691 2487 47 41 of
1769 2499 24 28 a
1815 2497 138 43 young

343 2575 181 29 woman,
542 2560 86 42 and
648 2558 218 57 produced
888 2558 106 42 such
1016 2557 213 43 alarming
1250 2557 85 41 and
1357 2556 234 55 prolonged
1613 2556 223 55 dyspnoea,
1855 2553 96 42 with

341 2631 219 56 laryngeal
586 2630 169 49 stridor,
770 2633 105 37 that,
898 2627 86 42 had
1006 2627 73 42 the
1101 2626 201 56 patient's
1325 2625 234 56 hysterical
1580 2625 280 42 antecedents
1883 2631 69 33 not

342 2704 110 41 been
486 2700 99 43 well
617 2700 172 41 known,
812 2699 73 41 the
919 2697 222 43 operation
1176 2698 46 40 of
1252 2696 297 54 tracheotomy
1572 2695 140 42 would
1749 2692 203 58 probably

342 2773 112 41 have
475 2771 109 42 been
606 2768 250 57 performed.
918 2767 144 42 When
1098 2766 73 42 the
1194 2779 94 29 case
1322 2766 36 41 is
1393 2765 136 54 really
1551 2779 25 27 a
1612 2763 232 56 hysterical
1866 2775 86 35 one,

343 2846 296 40 tracheotomy
658 2841 36 41 is
717 2839 140 41 rarely
874 2852 47 27 or
943 2851 130 28 never
1086 2836 212 42 required.
1362 2835 89 42 The
1473 2835 242 41 inhalation
1738 2834 44 41 of
1803 2848 24 27 a
1844 2831 107 42 little

344 2914 257 44 chloroform
637 2910 84 42 and
756 2909 74 42 the
863 2911 350 39 administration
1247 2906 44 41 of
1324 2919 56 28 an
1414 2905 349 54 antispasmodic,
1786 2901 103 44 such
1910 2912 41 29 as

343 2983 260 51 assafoetida,
624 2980 173 44 usually
820 2979 125 42 effect
966 2992 24 27 a
1012 2977 160 56 speedy
1195 2989 110 29 cure.
