2113 3404
350 180 85 46 324

849 202 87 31 THE
969 203 241 32 DISORDERS
1242 206 52 30 OF
1326 207 172 31 SPEECH.

349 314 102 54 paid
483 315 67 43 Id's
581 318 247 57 reckoning,
851 321 91 41 said
973 322 256 54 good-night
1260 328 43 36 to
1337 324 72 42 the
1441 325 216 55 landlady,
1679 328 83 40 and
1787 335 111 36 went
1921 335 42 35 to

350 382 67 43 his
457 383 209 58 lodgings.
745 389 83 42 His
871 391 146 41 cousin
1061 392 115 54 (who
1219 393 75 41 has
1336 394 200 42 returned
1580 395 103 41 with
1726 396 86 41 him
1856 398 105 41 from

350 453 222 58 America)
593 462 133 38 states
759 459 96 42 that
888 460 123 43 when
1044 462 174 42 Patrick
1250 463 175 43 entered
1456 465 73 41 the
1553 479 113 27 room
1689 472 45 36 at
1754 467 73 41 the
1848 467 115 55 lodg-

350 523 96 55 ings
482 525 34 42 it
556 541 84 28 was
673 529 177 42 evident
882 531 96 41 that
1009 531 121 43 there
1162 547 86 27 was
1285 534 243 55 something
1564 536 207 55 seriously
1810 550 154 29 wrong.

352 594 69 42 He
445 595 73 42 did
543 603 74 35 not
640 611 116 29 seem
780 603 42 37 to
854 599 127 42 know
1006 601 116 42 what
1144 602 52 42 he
1228 617 84 28 was
1334 603 151 56 doing;
1518 605 52 41 he
1591 606 123 41 could
1740 612 74 36 not
1834 608 131 41 speak

352 679 24 26 a
401 666 138 51 word;
569 668 86 40 and
679 668 52 41 he
765 683 85 27 was
883 671 208 54 sweating
1123 674 227 52 profusely.
1413 675 87 42 Yet
1530 675 53 42 he
1615 675 72 42 did
1714 682 75 36 not
1810 691 158 41 appear

353 741 42 35 to
419 735 50 42 be
502 735 111 43 lame
647 738 41 39 in
725 738 194 57 walking.
985 741 67 41 He
1076 747 44 35 at
1142 756 103 28 once
1271 749 113 35 went
1405 750 43 35 to
1472 745 91 41 bed,
1585 746 83 40 and
1692 747 43 39 in
1759 747 128 54 doing
1910 761 55 35 so,

354 819 86 27 was
477 806 94 42 able
610 813 43 35 to
694 809 178 41 undress
910 810 183 42 himself.
1158 813 49 40 In
1247 827 24 27 a
1310 814 78 40 few
1429 815 185 41 minutes
1651 815 229 44 thereafter
1916 818 50 40 he

353 875 174 43 became
561 879 296 51 unconscious,
881 881 83 40 and
1001 882 41 39 in
1077 882 86 42 this
1196 884 217 41 condition
1439 886 51 40 he
1513 887 218 40 remained
1753 887 56 40 all
1834 887 134 40 night,

355 945 162 54 tossing
539 947 132 40 about
703 948 220 55 restlessly
949 950 44 40 in
1019 950 64 42 his
1105 951 126 55 sleep.
1294 953 157 41 When,
1472 955 45 39 in
1548 955 64 41 his
1635 955 127 54 sleep,
1784 956 51 41 he
1858 957 108 41 tried

355 1022 42 35 to
432 1016 110 42 raise
577 1017 176 42 himself
785 1019 45 40 in
856 1020 92 50 bed,
971 1020 34 40 it
1039 1035 87 27 was
1161 1022 171 41 noticed
1364 1023 93 41 that
1485 1025 50 40 he
1560 1039 84 26 was
1669 1026 222 52 powerless
1915 1042 49 24 on

354 1087 72 41 the
449 1087 115 54 right
586 1088 100 42 side.
751 1090 54 40 In
828 1090 73 42 the
925 1092 209 53 morning,
1159 1093 122 41 when
1305 1093 52 41 he
1379 1094 158 42 awoke,
1555 1095 35 40 it
1613 1109 84 27 was
1720 1095 130 41 found
1876 1097 93 40 that

353 1157 54 41 he
430 1171 86 28 was
550 1159 154 54 totally
727 1160 224 54 paralysed
987 1175 54 27 on
1073 1162 73 41 the
1178 1163 116 55 right
1316 1163 90 42 side
1438 1165 83 40 and
1544 1165 151 54 totally
1719 1167 246 40 speechless.

352 1227 70 42 He
448 1242 85 28 was
566 1230 201 41 removed
790 1235 43 36 to
856 1231 72 41 the
951 1232 224 55 Pittsburg
1197 1233 198 55 hospital,
1419 1235 139 41 where
1578 1235 54 42 he
1656 1250 84 27 was
1762 1237 206 54 carefully

352 1298 160 42 tended
535 1299 65 41 for
622 1299 190 43 thirteen
838 1302 149 41 weeks.
1050 1303 88 41 The
1157 1304 147 40 cousin
1323 1309 131 36 states
1478 1305 93 40 that
1595 1306 61 40 for
1677 1306 73 41 the
1775 1308 80 40 five
1880 1308 89 40 first

353 1369 106 54 days
481 1369 54 41 he
557 1370 74 41 did
654 1375 77 36 not
752 1372 219 54 recognise
993 1371 68 43 his
1080 1373 184 42 friends;
1299 1374 76 41 but
1397 1374 71 42 the
1492 1376 165 53 patient
1679 1376 175 41 himself
1872 1390 96 41 says

352 1439 96 41 that
471 1440 86 41 this
580 1441 36 41 is
638 1455 25 27 a
685 1455 195 30 mistake.

412 1510 88 42 The
524 1511 168 54 patient
713 1516 132 38 states
868 1513 96 41 that
997 1514 41 40 in
1074 1514 132 41 about
1228 1515 94 41 four
1354 1515 137 42 weeks
1513 1517 108 40 after
1642 1517 72 41 the
1737 1517 232 55 beginning

352 1582 45 40 of
418 1581 65 41 his
513 1581 150 42 illness
695 1582 54 41 he
782 1583 85 41 had
899 1588 43 36 to
969 1598 116 27 some
1108 1592 150 34 extent
1280 1586 224 40 recovered
1528 1600 143 40 power
1692 1587 43 40 in
1759 1588 73 40 the
1854 1589 114 54 right

351 1651 80 55 leg,
453 1665 46 28 so
534 1651 96 41 that
663 1652 53 41 he
752 1653 125 41 could
913 1654 126 41 stand
1075 1655 183 42 without
1279 1655 242 41 assistance,
1544 1656 83 40 and
1663 1657 123 41 could
1812 1658 109 39 walk
1945 1672 24 26 a

350 1722 127 51 little,
495 1722 46 51 if,
560 1722 45 40 in
630 1723 129 55 doing
782 1737 58 36 so,
858 1724 52 41 he
932 1726 234 53 supported
1190 1726 65 41 his
1270 1726 115 54 right
1407 1726 202 41 shoulder
1625 1727 167 54 against
1811 1742 24 26 a
1860 1728 106 39 wall.

351 1793 149 41 About
527 1793 86 41 this
637 1793 120 52 time,
780 1794 101 49 also,
904 1795 52 40 he
989 1796 201 53 acquired
1225 1797 73 40 the
1320 1811 141 39 power
1483 1797 43 40 of
1555 1797 150 54 saying
1725 1811 65 40 yes
1811 1797 83 41 and
1916 1813 52 26 no

350 1864 46 41 in
431 1878 166 28 answer
632 1870 42 35 to
709 1865 236 54 questions,
967 1865 159 55 always
1163 1866 125 42 using
1323 1867 118 41 these
1475 1867 138 41 words
1640 1872 325 50 appropriately.

351 1935 127 40 After
512 1934 85 41 this
632 1934 116 50 time,
773 1935 150 55 steady
945 1935 319 55 improvement
1296 1937 232 41 continued
1551 1937 43 40 in
1619 1937 72 42 the
1712 1938 91 54 leg;
1835 1938 77 41 but
1933 1938 35 41 it

352 2019 85 27 was
460 2009 77 37 not
559 2004 69 42 till
661 2019 101 27 over
784 2005 120 42 three
937 2006 173 42 months
1133 2007 110 41 after
1275 2008 71 40 the
1369 2007 97 41 date
1489 2008 43 40 of
1553 2008 73 40 the
1648 2008 173 42 seizure,
1845 2008 122 41 when

350 2075 54 43 he
427 2089 86 28 was
534 2079 46 38 at
602 2089 83 37 sea,
707 2090 54 27 on
798 2076 66 41 his
886 2090 164 40 voyage
1072 2077 137 41 home,
1233 2077 94 41 that
1349 2078 53 41 he
1425 2077 204 42 observed
1651 2091 83 41 any
1756 2083 147 35 return
1926 2078 42 40 of

350 2160 143 41 power
514 2146 46 41 in
584 2145 72 42 the
679 2160 102 27 arm.
845 2146 70 41 He
938 2146 103 42 then
1067 2147 137 41 began
1229 2153 41 35 to
1303 2161 123 27 move
1448 2147 68 41 his
1539 2147 211 41 shoulder,
1772 2147 82 40 and
1877 2147 45 40 in
1945 2161 23 27 a

349 2217 85 41 less
467 2216 151 42 degree
652 2221 43 37 to
727 2216 83 41 flex
845 2217 85 40 and
962 2217 157 41 extend
1153 2217 66 41 his
1252 2217 134 41 elbow
1416 2217 136 54 joint;
1586 2218 75 40 but
1687 2232 54 26 no
1765 2232 139 39 power
1926 2219 42 39 of

349 2292 250 36 movement
621 2287 75 41 has
730 2300 107 28 even
870 2291 75 49 yet
976 2287 106 41 been
1105 2287 187 41 restored
1317 2293 41 35 to
1382 2287 66 41 his
1473 2293 117 34 wrist
1614 2287 124 54 joint,
1760 2287 83 41 and
1867 2288 99 53 only

348 2372 106 41 very
471 2357 134 55 slight
625 2371 145 41 power
792 2357 43 41 of
857 2357 158 41 flexion
1037 2358 74 40 has
1129 2357 204 41 returned
1351 2362 42 36 to
1413 2357 71 41 the
1495 2357 136 55 joints
1649 2359 43 39 of
1710 2357 71 41 the
1803 2359 162 40 lingers.

409 2427 149 41 About
581 2427 66 41 six
682 2426 140 41 weeks
855 2426 109 41 after
996 2427 72 40 the
1092 2427 97 41 date
1212 2427 42 41 of
1288 2427 70 41 the
1388 2426 161 41 seizure
1572 2426 103 54 (two
1699 2426 139 42 weeks
1860 2433 108 34 after

349 2499 53 40 he
442 2499 92 40 first
568 2497 137 41 began
741 2502 42 35 to
818 2510 75 40 say
915 2510 66 41 yes
1015 2497 83 41 and
1132 2497 83 54 no),
1241 2497 70 41 the
1343 2501 167 49 patient
1543 2497 63 40 for
1639 2497 71 41 the
1740 2497 92 41 first
1862 2497 103 41 time

350 2569 164 41 replied
538 2573 42 36 to
613 2582 24 27 a
669 2567 200 55 question
903 2568 44 39 in
981 2567 195 54 writing;
1209 2567 124 54 using
1365 2567 67 40 his
1454 2566 79 41 left
1556 2566 112 41 hand
1691 2567 43 40 in
1759 2567 128 54 doing
1908 2581 56 27 so.

351 2640 69 41 He
456 2653 85 28 was
573 2638 143 42 asked,
739 2637 148 41 "How
918 2651 71 28 are
1017 2637 154 54 you?"
1194 2637 84 41 and
1300 2636 163 42 replied
1485 2637 45 40 in
1554 2637 181 55 writing,
1757 2637 163 41 "Well,
1944 2637 19 39 I

352 2725 54 27 no
444 2709 84 43 feel
562 2723 46 27 so
640 2706 122 44 bad."
823 2707 128 41 After
985 2707 96 41 this,
1105 2706 51 42 he
1189 2706 159 42 replied
1385 2712 40 35 to
1458 2707 221 54 questions
1713 2707 44 40 in
1797 2712 170 49 writing

350 2781 158 41 almost
540 2793 128 41 every
692 2778 108 54 day;
832 2777 84 41 and
949 2777 53 41 he
1034 2780 132 38 states
1189 2777 96 40 that
1306 2776 53 42 he
1382 2790 130 28 never
1534 2777 106 41 from
1664 2777 72 41 the
1758 2777 93 41 first
1883 2776 82 40 had

351 2866 86 40 any
459 2850 214 42 difficulty
697 2849 46 41 in
775 2847 159 55 calling
955 2861 59 27 up
1046 2847 45 41 in
1115 2847 65 41 his
1207 2847 118 41 mind
1360 2847 72 41 the
1454 2847 138 41 words
1615 2846 94 42 that
1730 2846 53 41 he
1806 2845 160 42 wished

353 2930 42 32 to
429 2926 135 50 write,
597 2919 220 54 although,
851 2917 231 55 naturally,
1118 2917 53 42 he
1204 2917 132 41 found
1372 2917 34 41 it
1439 2922 236 36 somewhat
1709 2915 182 42 difficult
1922 2919 44 37 to

354 2998 120 35 write
498 2991 102 41 with
625 2991 66 41 his
714 2990 79 41 left
814 2989 125 42 hand.
