1933 3302
146 149 51 38 76
377 150 191 42 Salzsäure,
592 152 283 46 Schwefelsäure,
898 156 239 43 Chromsäure,
1162 163 157 41 arsenige
1342 161 106 35 Säure
1472 170 61 28 etc.

143 255 73 39 mit
246 257 68 37 der
344 257 171 39 Scheere
545 261 215 52 gereinigt,
799 265 102 37 dann
936 266 162 39 brachte
1134 282 90 25 man
1259 271 72 38 mit
1360 272 67 38 der
1457 272 122 40 Säure
1618 277 139 38 durch-

143 311 160 37 tränkte
326 310 394 55 Charpie-Tampons
749 317 40 38 in
820 319 74 37 alle
924 319 143 39 hohlen
1099 320 337 56 Ausbuchtungen
1458 329 69 35 etc.
1551 330 77 36 und
1649 330 109 39 füllte

144 364 105 38 diese
280 364 100 38 nach
410 365 233 52 beendigter
673 370 185 52 Aetzung
893 376 72 34 mit
1003 373 198 51 Tampons
1238 391 92 35 aus,
1372 379 146 39 welche
1557 382 72 37 mit
1671 397 87 25 ver-

144 418 169 38 dünnter
344 418 123 40 Säure
495 421 178 40 imbibirt
703 438 143 24 waren.
906 425 59 39 Im
996 427 474 43 deutsch-französischen
1501 433 146 52 Kriege
1678 450 81 24 em-

143 471 161 50 pfahlen
334 472 197 50 Lossen,
555 475 216 41 Schüller
798 480 79 36 und
899 480 157 39 Andere
1084 483 59 37 die
1174 487 257 37 concentrirte
1454 486 305 39 Salpetersäure.

275 524 251 43 Salzsäure
548 530 51 38 ist
619 531 119 38 schon
760 545 76 25 von
857 533 75 38 den
953 534 220 52 Chirurgen
1194 539 68 37 der
1283 543 478 36 anglo-portugiesischen

143 578 147 40 Armee
304 583 115 36 unter
437 583 86 37 dem
540 583 237 40 Commando
791 600 73 24 von
879 587 256 52 Wellington,
1147 591 63 38 bei
1223 592 168 40 leichten
1403 594 135 38 Fällen
1555 602 205 42 verdünnt,

142 633 64 38 bei
236 634 203 40 schweren
469 639 251 37 unverdünnt
750 640 57 38 als
837 641 231 39 Aetzmittel
1088 650 246 43 angewandt.
1393 647 208 51 Delpech
1630 654 132 34 rühmt

144 687 61 38 die
240 688 201 53 Wirkung
471 691 128 39 dieser
630 691 122 40 Säure
783 694 108 47 sehr,
930 697 80 37 und
1048 697 237 41 Werneck
1326 702 172 50 empfahl
1535 703 127 37 zumal
1698 705 64 37 bei

144 742 75 37 den
249 743 241 39 schwersten
519 745 138 39 Fällen
687 748 100 37 nach
817 748 227 53 Reinigung
1074 752 68 38 der
1171 753 157 39 Wunde
1365 758 148 44 ,reine"
1559 755 202 41 Salzsäure

143 797 180 38 zweimal
353 799 150 49 täglich
533 813 42 25 so
613 801 118 50 lange
768 816 47 24 zu
851 804 235 48 applioiren,
1124 807 58 37 bis
1220 806 154 40 Geruch
1415 811 78 37 und
1529 809 233 41 Schmerzen

145 852 314 38 verschwunden
490 855 119 37 seien.
672 856 100 38 1871
814 856 186 40 benutzte
1039 859 206 39 Ollivier
1275 862 105 38 diese
1421 863 121 38 Säure
1578 866 71 37 mit
1685 866 75 38 Er-

144 905 86 51 folg
259 920 49 24 zu
338 906 237 52 Aetzungen
606 909 104 38 beim
740 909 325 40 Hospitalbrand.

275 959 90 39 Von
395 960 382 42 Schwefelsäure
810 966 158 38 erzielte
1000 967 234 39 Werneck
1274 969 177 38 dasselbe
1482 970 179 40 Resultat
1688 986 73 24 wie

145 1027 78 25 von
244 1014 219 48 Salzsäure,
487 1017 99 37 doch
609 1018 140 37 wirkte
772 1019 55 37 sie
850 1021 198 37 ätzender.
1080 1022 55 37 Er
1156 1023 155 37 wandte
1328 1023 49 37 80
1395 1023 136 39 Theile
1549 1024 212 40 Schwefel-

144 1073 116 34 säure
290 1069 74 38 mit
393 1071 51 36 20
468 1070 166 39 Theilen
657 1072 163 39 Wasser
851 1087 60 24 an.
969 1074 115 39 Auch
1116 1075 60 39 Gr
1188 1076 59 38 oh
1275 1077 185 39 benutzte
1491 1079 104 38 diese
1626 1079 133 39 Säure.

276 1123 315 40 Chromsäure
622 1127 244 49 gebrauchte
898 1127 124 40 Groh
1053 1130 100 38 ohne
1183 1131 244 38 besonderen
1455 1131 191 40 Vortheil.

276 1177 237 52 Arsenige
532 1178 146 40 Säure
700 1182 134 37 wurde
852 1183 99 37 nach
969 1183 194 39 Hennen
1185 1188 129 35 zuerst
1330 1198 74 25 von
1422 1186 145 38 seinem
1583 1186 178 39 Freunde

143 1231 83 39 Mc.
259 1231 27 39 C
296 1232 103 38 aull
431 1233 103 37 1812
566 1235 38 37 in
636 1235 205 39 Estremor
870 1237 40 37 in
942 1239 237 37 verdünnter
1209 1239 118 37 Form
1357 1253 68 23 zur
1445 1239 224 53 Reinigung
1689 1255 74 24 von

146 1285 270 40 Geschwüren
437 1288 142 38 örtlich
600 1293 216 35 verwandt.
875 1290 46 38 In
942 1297 223 45 grösserem
1185 1292 177 39 Umfang
1381 1293 69 37 hat
1475 1294 94 38 aber
1598 1294 164 38 Black-

145 1341 153 37 adder
329 1342 296 50 arsenigsaures
648 1343 91 38 Kali
769 1344 141 38 örtlich
940 1359 129 36 gegen
1101 1347 73 37 den
1196 1347 308 49 Hospitalbrand
1534 1349 228 49 gebraucht.

145 1395 56 38 Er
232 1395 93 38 Hess
357 1396 61 38 die
451 1395 240 41 Geschwüre
722 1399 189 38 zunächst
940 1400 71 37 mit
1041 1401 106 37 einer
1168 1401 160 38 Lösung
1357 1414 76 24 von
1453 1401 89 38 Kali
1573 1403 189 37 carbonic.

147 1450 194 50 reinigen,
372 1451 145 50 begoss
546 1452 56 38 sie
634 1453 103 37 dann
766 1453 72 38 mit
857 1454 130 38 reiner
1008 1455 93 37 oder
1121 1455 72 37 mit
1217 1456 18 36 1
1259 1456 93 37 oder
1373 1456 22 35 2
1419 1455 164 38 Theilen
1605 1456 158 38 Wasser

144 1510 246 33 verdünnter
434 1504 152 40 Solutio
624 1506 171 39 Fowleri
836 1509 80 37 und
952 1508 91 38 Hess
1082 1509 72 37 mit
1193 1509 126 38 dieser
1357 1509 160 50 Lösung
1555 1514 208 46 getränkte

147 1559 168 50 Charpie
347 1573 42 24 so
418 1559 119 51 lange
568 1560 209 52 auflegen,
807 1561 60 39 bis
898 1563 61 37 ein
989 1563 362 50 unempfindHcher,
1382 1563 217 38 schwarzer
1627 1563 141 39 Schorf

146 1614 184 38 entstand
368 1615 80 37 und
486 1615 97 38 aller
623 1614 185 40 Schmerz
844 1617 311 38 verschwunden
1191 1631 92 24 war.
1341 1617 85 38 Auf
1458 1618 130 37 diesen
1626 1618 142 38 Schorf

145 1682 136 25 wurde
313 1668 86 38 eine
431 1668 116 39 Salbe
578 1683 77 25 von
676 1671 23 36 2
723 1670 166 38 Theilen
912 1671 255 38 Therebinth.
1199 1674 127 35 venet.
1356 1672 78 36 und
1458 1673 18 36 1
1502 1671 113 38 Theil
1634 1672 128 38 Harz-

146 1723 109 39 salbe
284 1723 108 38 heiss
423 1737 209 37 gegossen.
692 1724 145 38 Sobald
867 1726 68 37 der
966 1725 143 38 Schorf
1135 1726 79 37 sich
1237 1740 46 23 zu
1303 1726 107 37 lösen
1431 1726 168 50 begann,
1632 1727 130 37 wurde

146 1791 42 25 er
218 1777 214 39 möglichst
461 1778 92 38 bald
583 1779 123 38 völlig
737 1779 172 38 entfernt
939 1781 79 36 und
1049 1780 61 37 die
1140 1780 157 37 Wunde
1328 1779 71 37 mit
1439 1780 67 37 der
1542 1783 223 47 genannten

146 1831 118 40 Salbe
294 1832 85 38 kalt
409 1833 242 38 verbunden.
710 1833 541 51 Allgemeinerscheinungen
1294 1833 257 38 beobachtete
1581 1847 90 24 man
1701 1834 63 38 bei

147 1888 128 38 dieser
311 1886 433 40 Arsenikbehandlung
778 1901 120 25 nicht.
958 1887 181 39 Gerson
1174 1888 94 38 fand
1307 1887 169 38 dieselbe
1512 1888 249 38 unwirksam.

277 1941 396 39 Antimonbutter
693 1943 51 37 ist
764 1942 104 38 beim
890 1942 309 50 Hospitalbrand
1221 1941 224 51 gleichfalls
1467 1941 55 38 als
1536 1941 228 38 Aetzmittel

146 1996 307 51 herangezogen
482 1997 171 37 worden.
714 1995 64 39 Sie
809 1997 133 37 wurde
973 1996 278 38 vonFodere
1280 1997 78 36 und
1381 1996 141 37 ebenso
1543 2009 75 24 von
1638 1995 124 38 Neu-

148 2051 161 38 dörfer
339 2051 38 37 in
410 2051 69 37 der
508 2064 76 24 von
613 2051 82 37 ihm
725 2051 261 37 modificirten
1007 2050 333 39 Canquoin'schen
1374 2049 119 39 Pasta
1529 2049 232 50 empfohlen.

149 2107 36 46 (1
221 2105 117 38 Theil
368 2105 308 38 Chlorantimon,
709 2106 22 36 2
764 2105 138 37 Theile
934 2105 227 46 Chlorzink,
1201 2106 38 47 ^2
1277 2104 114 38 Theil
1419 2103 244 38 Chloroform
1693 2106 71 34 mit

147 2160 115 38 Pulv.
283 2160 131 50 liquir.
447 2174 47 23 zu
517 2160 127 38 einem
665 2159 266 50 syrupdicken
955 2159 100 51 Teig
1090 2157 267 40 verarbeitet.)
1414 2157 81 38 Das
1517 2157 122 38 durch
1658 2158 105 37 seine

147 2214 174 50 Dämpfe
351 2214 273 39 belästigende
656 2214 232 38 Chlorbrom
917 2213 91 38 Hess
1039 2227 42 24 er
1110 2213 90 38 fort.

281 2269 110 38 Kali
412 2269 260 38 causticum
689 2270 156 36 wandte
861 2267 212 39 Delpech
1091 2267 62 38 bei
1168 2265 341 52 pulpösenFällen
1525 2265 72 37 mit
1613 2265 152 38 dickem

148 2324 180 38 Exsudat
358 2337 61 24 an,
452 2323 72 38 ehe
556 2337 41 24 er
628 2324 68 36 das
728 2322 214 38 Glüheisen
972 2324 171 36 adoptirt
1171 2321 120 38 hatte.
1348 2320 55 38 Er
1433 2319 150 39 steckte
1604 2319 159 49 kantige

149 2378 149 39 Stücke
329 2378 67 38 des
427 2377 151 38 Mittels
609 2377 122 38 durch
762 2377 61 37 die
853 2381 191 45 pulpösen
1075 2375 158 38 Massen
1261 2373 193 39 hindurch
1482 2373 59 38 bis
1561 2373 94 37 Blut
1673 2373 92 37 kam

149 2433 80 38 und
269 2433 177 50 garnirte
483 2445 42 25 so
565 2432 61 38 die
662 2445 124 36 ganze
824 2431 213 37 erkrankte
1071 2429 156 39 Fläche.
1286 2429 74 37 Die
1397 2427 202 39 Resultate
1634 2439 130 25 waren

149 2490 84 49 gut.
294 2486 252 38 Werneck
574 2485 156 39 machte
761 2485 143 38 darauf
930 2498 285 24 aufmerksam,
1255 2483 87 37 dass
1382 2483 66 37 das
1478 2481 90 38 Kali
1607 2481 156 37 caustic.

149 2545 110 35 nicht
279 2540 255 39 antiseptisch
558 2540 123 38 wirke
703 2540 79 37 und
801 2539 121 39 leicht
941 2539 227 38 Blutungen
1190 2536 244 39 verursache.
1475 2534 110 38 Auch
1607 2534 156 38 Moore

149 2598 186 37 benutzte
367 2596 68 37 das
466 2595 92 38 Kali
588 2595 158 37 caustic.
778 2594 56 37 als
872 2593 249 38 Aetzmittel,
1159 2591 165 39 welches
1360 2592 131 47 später
1526 2602 76 24 von
1638 2588 126 38 Fock

151 2652 146 38 wieder
336 2649 222 39 verworfen
596 2661 146 25 wurde.
802 2647 82 39 Der
921 2647 195 38 Versuch,
1157 2646 85 38 eine
1281 2643 266 51 eingreifende
1582 2642 183 49 Aetzung

150 2709 73 35 mit
253 2705 227 39 demselben
510 2715 302 27 vorzimehmen,
843 2701 109 38 hatte
984 2702 66 37 das
1081 2700 190 38 Resultat,
1304 2699 86 37 dass
1420 2697 82 37 sich
1531 2697 67 37 der
1628 2693 141 40 Schorf

151 2774 77 24 von
258 2773 142 25 neuem
430 2759 73 37 mit
524 2759 74 37 den
618 2757 159 45 lividen,
809 2756 218 50 brandigen
1049 2754 154 51 Ringen
1225 2752 155 50 umgab.
1440 2750 159 38 Heine
1629 2750 50 37 ist
1699 2747 69 39 auf

153 2814 138 39 Grund
322 2827 75 24 von
429 2815 22 35 2
474 2810 289 53 erfolgreichen
783 2809 336 39 Beobachtungen
1141 2809 67 37 der
1228 2805 176 46 Ansicht,
1437 2805 86 37 dass
1543 2804 62 38 bei
1632 2802 131 38 dicker

153 2868 401 39 Schwartenbildung
582 2866 81 38 und
692 2869 289 46 gangränösem
1011 2863 126 38 Belag
1159 2863 67 36 der
1249 2859 206 39 Gebrauch
1476 2859 67 37 des
1562 2855 201 40 Aetzkalis

153 2937 77 24 von
271 2923 159 38 Nutzen
471 2922 84 38 sein
593 2921 143 37 könne.
798 2917 277 39 Andererseits
1113 2916 95 37 hebt
1246 2928 41 24 er
1326 2914 60 37 die
1426 2911 146 39 Gefahr
1610 2910 153 45 hervor,

153 2977 148 38 welche
333 2977 61 37 die
433 2976 102 38 allzu
576 2974 94 38 tiefe
709 2972 288 38 AetzWirkung
1033 2971 124 38 dieses
1194 2967 149 39 Mittels
1383 2969 72 35 mit
1494 2965 81 39 sich
1614 2963 148 46 bringe,
