1895 3217
739 236 187 33 MEMOIR
959 238 54 33 OF
1047 240 200 31 BUFFON.

315 217 60 48 16

313 361 258 64 perimentSj
593 363 163 47 Buffon
775 366 241 45 succeeded
1038 373 46 39 to
1104 368 66 44 M.
1190 368 77 44 Du
1282 368 99 60 Fay
1399 367 48 46 in
1464 374 79 39 the
1561 367 124 46 office

314 439 51 47 of
392 439 250 47 Intendant
672 448 46 39 to
752 443 79 45 the
855 444 146 60 Boyal
1026 443 181 46 Garden
1232 445 90 44 and
1345 446 207 53 Cabinet^
1578 445 105 53 and,

315 533 49 30 as
387 519 146 45 before
555 519 176 54 hinted,
756 521 92 45 this
867 520 314 61 appointment
1199 521 263 61 ultimately
1480 521 122 46 fixed
1616 521 70 45 his

316 595 129 46 mind
483 602 47 39 to
563 602 79 39 the
675 597 201 60 pursuits
911 596 50 47 of
989 599 182 44 natural
1209 599 189 45 history.
1484 599 75 44 He
1594 613 94 29 was

318 672 112 61 only
463 673 264 46 thirty-two
764 690 131 46 years
932 674 51 46 of
1018 691 111 46 age;
1177 676 90 45 and
1313 676 135 45 when
1492 676 57 44 he
1595 690 94 29 saw

319 750 110 46 such
468 766 27 30 a
527 766 121 30 mass
688 750 52 47 of
769 752 231 46 materials
1035 759 47 39 at
1111 753 71 46 his
1217 768 255 39 command,
1509 768 27 30 a
1565 758 125 55 great

318 834 102 54 part
444 827 51 46 of
520 829 150 45 which
704 845 94 30 was
832 830 244 46 unnoticed
1111 832 63 60 by
1206 846 92 46 any
1329 830 259 53 naturalist,
1621 843 70 31 we

320 919 110 46 may
465 905 142 62 easily
641 906 204 46 conceive
878 913 103 39 that
1022 923 27 29 a
1087 907 129 46 mind
1249 907 229 61 possessed
1507 906 50 46 of
1583 906 109 45 such

322 982 297 55 enthusiasm,
646 984 152 45 would
820 985 55 44 be
897 985 76 45 led
1002 984 132 61 again
1164 991 47 39 to
1235 1000 27 30 a
1286 984 168 45 science
1483 982 149 46 which
1656 981 37 46 it

320 1059 94 46 had
430 1060 258 61 previously
707 1062 180 44 studied
905 1078 15 37 ;
946 1062 91 45 and
1053 1062 57 45 he
1126 1062 184 45 entered
1327 1061 179 61 eagerly
1521 1061 95 44 into
1635 1059 59 46 its

324 1137 176 55 details,
527 1138 162 60 calling
710 1143 47 40 to
780 1138 71 45 his
883 1138 258 54 assistance,
1166 1139 48 45 in
1243 1154 121 30 some
1388 1139 307 60 departments

325 1214 151 45 where
498 1214 58 45 he
579 1229 95 31 was
699 1214 223 56 deficient,
947 1221 80 40 the
1057 1222 169 40 talents
1251 1214 51 48 of
1322 1231 108 29 men
1454 1215 102 45 who
1580 1229 117 30 were

325 1292 183 60 capable
523 1291 91 46 and
632 1298 180 55 worthy
830 1291 51 48 of
894 1299 79 39 the
988 1293 277 45 association.
1315 1293 97 44 The
1429 1298 126 55 gi'eat
1573 1292 124 44 work

325 1383 105 30 now
466 1369 348 60 contemplated,
857 1385 94 30 was
987 1369 217 46 intended
1234 1376 47 39 to
1319 1370 203 43 embrace
1560 1383 137 45 every

326 1445 168 46 branch
513 1443 51 48 of
578 1451 78 40 the
675 1445 171 46 animal
867 1447 215 60 kingdom
1100 1463 15 37 ;
1140 1448 84 44 but
1247 1446 57 45 he
1327 1446 195 45 thought
1540 1450 103 39 that
1662 1444 36 45 it

328 1523 152 45 would
494 1524 55 44 be
564 1522 283 62 incomplete,
858 1524 151 45 unless
1024 1530 78 38 the
1118 1522 289 47 composition
1423 1521 50 47 of
1481 1529 77 37 the
1572 1523 127 59 globe

328 1600 150 45 which
511 1599 232 46 sustained
766 1601 110 45 such
900 1616 27 30 a
948 1600 248 45 multitude
1220 1599 50 46 of
1293 1599 141 61 living
1457 1611 240 40 creatures,

330 1677 162 45 should
505 1675 127 47 itself
655 1678 55 44 be
724 1676 96 46 first
836 1677 267 54 elucidated,
1124 1677 91 45 and
1237 1676 37 45 it
1299 1689 93 32 was
1417 1674 283 61 accordingly

331 1754 286 45 commenced
638 1755 63 60 by
724 1769 27 30 a
772 1754 175 62 history
970 1769 47 31 or
1038 1760 161 54 theory
1221 1753 50 46 of
1285 1760 78 38 the
1382 1758 143 47 earth,
1551 1750 150 46 which

330 1832 58 45 he
432 1829 263 49 afterwards
735 1830 273 48 augmented
1046 1833 62 59 by
1149 1846 126 30 what
1313 1830 58 45 he
1410 1828 175 46 termed
1623 1828 80 44 the

402 1910 204 45 Epochas
643 1909 50 46 of
729 1910 223 45 Natm’e.”
1044 1909 98 45 The
1181 1907 98 46 first
1318 1907 182 47 volume
1540 1904 50 47 of
1625 1905 78 44 the

334 1987 201 45 Natural
569 1987 194 61 History
797 1985 51 47 of
876 1985 300 55 Quadrupeds
1210 1985 78 45 did
1320 1991 80 39 not
1435 1998 166 46 appear
1633 1982 72 44 till

338 2069 138 48 174*9^
501 2070 79 38 ten
611 2078 131 45 years
774 2062 116 45 after
919 2063 70 45 his
1021 2062 314 61 appointment
1370 2076 49 30 as
1455 2059 250 46 Intendant

335 2139 51 48 of
399 2141 78 45 the
496 2139 228 53 Gardens;
750 2139 90 45 and
857 2139 79 45 the
953 2138 96 46 first
1068 2138 168 46 edition
1254 2136 50 47 of
1318 2143 79 38 the
1415 2136 147 45 whole
1582 2135 123 45 work

336 2233 94 30 was
461 2223 79 39 not
576 2215 250 46 completed
862 2215 73 45 till
977 2220 138 48 1767,
1156 2212 247 62 occupying
1440 2212 59 45 its
1544 2211 164 45 author

338 2296 161 59 during
521 2309 28 30 a
571 2292 152 62 period
746 2291 51 47 of
822 2291 175 47 sixteen
1020 2307 144 45 years.
1232 2290 125 45 Year
1380 2287 116 47 after
1518 2303 110 46 year
1650 2289 58 44 he

339 2373 91 44 also
446 2371 173 45 wished
632 2376 46 40 to
697 2370 158 45 render
868 2369 36 46 it
919 2385 121 29 more
1056 2373 242 56 complete;
1322 2367 58 44 he
1396 2380 314 31 endeavoured

341 2457 45 39 to
408 2450 114 60 keep
546 2463 107 46 pace
677 2447 114 46 with
815 2453 78 39 the
918 2446 168 46 science
1110 2445 90 46 and
1222 2444 60 45 its
1310 2443 277 52 discoveries,
1619 2443 91 45 and

342 2542 69 32 we
433 2525 95 48 find
543 2541 58 31 an
617 2524 247 48 additional
883 2524 369 62 supplementary
1267 2521 181 47 volume
1471 2519 240 62 published

558 3163 33 54 i
