1895 3217
1455 290 90 46 147

559 300 91 31 THE
673 299 260 32 WANDEROO
958 300 216 33 MONKEY#

188 431 44 45 It
256 430 36 45 is
315 428 276 46 remarkable
614 427 64 47 for
703 435 79 39 the
816 427 175 45 slender
1024 427 111 46 form
1168 426 50 47 of
1243 433 78 39 the
1349 426 193 56 muzzle,

185 508 81 43 but
290 506 267 61 approaches
580 521 155 29 nearer
757 511 45 39 to
831 504 264 46 Cercocehus
1117 504 47 45 in
1192 504 237 60 colouring,
1455 506 91 45 and

184 583 81 45 has
301 598 28 30 a
357 582 151 47 longer
542 582 83 45 tail
655 588 114 39 than
803 588 77 39 the
911 581 250 61 generality
1185 579 51 47 of
1264 595 79 31 our
1365 586 179 55 present

184 675 150 47 group.

246 737 90 45 We
358 736 116 46 have
496 751 103 31 now
622 734 309 48 endeavoured
954 739 45 41 to
1022 739 241 49 represent.

481 1043 106 39 THE
617 1042 324 39 WANDEROO
972 1042 260 41 MONKEY.

521 1150 199 36 Macacus
738 1148 439 38 silenus.—Lacepede.

711 1253 133 37 Plate
874 1252 117 37 XIV.

181 1357 222 37 Lion-tailed
432 1358 152 44 baboon,
617 1358 226 35 Pennant's
873 1357 277 48 Qicadrupeds,
1172 1357 73 36 198
1315 1357 179 37 Macaque
1517 1372 23 21 a

230 1424 163 44 criniere,
427 1423 161 45 Cuvier^
616 1423 139 36 Regne
772 1422 178 44 Animal^
978 1424 23 34 i.
1029 1423 47 35 95
1093 1435 11 32 ;
1130 1422 209 46 Audibert^
1360 1423 181 36 Histoire

231 1488 216 37 Naturelle
461 1489 65 35 des
543 1489 143 36 Singes
759 1488 113 36 Papio
890 1488 148 45 silenus,
1063 1487 201 48 Geoffrey^
1285 1488 183 37 Annales
1486 1489 55 35 du

451 1554 72 35 vol.
545 1566 73 24 xix-
635 1567 32 34 p.
692 1553 71 37 102
832 1553 80 36 The
933 1553 212 37 Wanderoo
1163 1554 173 48 monkey,
1356 1554 184 40 Gardens

231 1618 83 36 and
329 1619 238 47 Menagerie
587 1618 47 47 of
645 1618 63 38 the
727 1619 225 37 Zoological
966 1619 166 46 Society,
1151 1632 34 35 p.
1208 1618 64 37 21.

245 1722 103 45 The
373 1723 269 53 Wanderoo,
669 1738 46 30 or
735 1722 257 46 lion-tailed
1014 1737 198 46 monkey
1236 1722 50 46 of
1311 1723 223 53 Pennant,

176 1797 36 45 is
237 1813 44 30 so
306 1799 103 45 well
431 1800 201 53 marked,
666 1805 102 39 that
803 1815 27 29 a
859 1799 282 61 description,
1177 1799 47 44 in
1259 1798 202 46 addition
1489 1806 46 38 to

175 1875 78 44 the
275 1874 153 62 figure,
454 1875 37 45 is
515 1876 160 44 almost
698 1891 311 45 unnecessary.

256 1951 140 44 Knox
435 1951 215 45 describes
694 1951 37 44 it
776 1951 170 61 shortly
991 1951 90 45 and
1125 1950 211 61 quaintly
1373 1950 47 46 in
1463 1950 72 46 his

178 2026 197 45 Ceylon:
410 2027 74 44 He
503 2042 118 45 says,
690 2034 126 38 there
834 2042 73 30 are
927 2027 260 45 abundance
1206 2026 46 46 in
1270 2033 78 39 the
1367 2027 164 54 woods,

175 2118 48 29 as
256 2103 120 44 large
409 2118 48 30 as
495 2103 187 61 English
717 2103 171 45 spaniel
925 2103 119 61 dogs,
1079 2102 49 46 of
1155 2119 27 29 a
1218 2103 315 46 darkish-gi’ay

175 2194 159 39 colour,
361 2179 89 45 and
472 2180 129 45 black
624 2178 130 56 faces,
780 2180 112 45 with
916 2187 122 54 great
1057 2181 140 44 white
1215 2182 157 44 beards
1389 2182 143 45 round

174 2253 111 47 from
311 2271 74 30 ear
406 2262 46 40 to
477 2271 88 39 ear,
590 2257 149 44 which
768 2257 135 45 make
932 2263 127 39 them
1083 2257 124 46 show
1224 2257 98 61 just
1344 2257 91 45 like
1458 2258 74 45 old

173 2347 118 31 men.
361 2333 130 61 They
515 2333 54 45 do
592 2333 118 45 little
732 2333 216 54 mischief,
976 2334 191 61 keeping
1193 2333 48 46 in
1262 2340 78 39 the
1364 2335 163 53 woods,

174 2415 150 55 eating
346 2410 106 60 only
475 2410 148 45 leaves
647 2410 90 44 and
758 2411 114 44 buds
896 2409 49 46 of
969 2416 145 48 trees;
1155 2412 82 43 but
1261 2411 133 44 when
1417 2411 113 60 they

173 2501 74 29 are
277 2487 183 44 catched
494 2493 111 54 they
630 2486 93 45 will
758 2493 72 38 eat
865 2487 233 60 anything.
1168 2488 109 44 This
1306 2493 87 39 sort
1417 2487 111 60 they

174 2562 97 53 call,
296 2562 47 45 in
366 2563 117 45 their
505 2563 231 62 language.
771 2564 112 44 Wan
889 2564 208 44 derows.”
