1895 3217
570 282 184 32 MEMOIR
787 282 53 32 OF
874 282 199 32 BUFFON.

1443 276 56 41 15

137 409 192 53 mirrorSj
349 415 48 39 at
412 423 27 31 a
456 408 199 45 distance
679 405 50 49 of
743 411 93 42 250
861 405 104 56 feet^
990 405 216 47 inflamed
1228 406 48 46 in
1298 413 92 40 two
1413 409 90 45 mi-

136 492 133 39 nutes
293 486 90 45 and
406 501 26 30 a
454 485 108 54 half,
594 485 175 44 minute
793 484 123 45 chips
940 483 50 46 of
1005 485 115 53 deal,
1146 484 245 61 sulphured
1413 487 91 45 and

136 561 153 47 mixed
308 561 114 47 with
436 561 213 47 charcoaL
699 561 156 46 When
873 567 78 39 the
970 577 85 29 sun
1070 576 94 30 was
1178 561 140 54 vivid,
1334 561 79 46 the
1432 562 72 46 in-

136 638 281 46 flammation
431 639 106 45 took
549 653 126 46 place
697 637 49 46 in
769 652 27 30 a
818 636 87 46 few
929 638 195 45 seconds.
1192 637 73 47 On
1282 644 80 39 the
1389 639 113 45 10th

137 715 146 60 April,
304 713 115 47 after
432 714 227 61 mid-day,
678 713 114 47 with
810 729 27 30 a
856 729 116 30 clear
995 729 100 39 sun,
1125 719 87 41 128
1237 729 193 39 mirrors,
1456 722 48 38 at

137 791 78 45 the
235 791 198 45 distance
448 790 51 46 of
517 796 88 41 150
623 790 104 56 feet,
748 796 67 40 set
829 789 79 48 fire
924 795 46 41 to
985 805 28 30 a
1029 790 151 46 taiTed
1196 791 139 60 plank
1354 789 50 47 of
1418 790 53 46 fir
1486 807 16 37 ;

137 868 80 45 the
244 867 331 46 inflammation
607 869 134 60 being
770 883 111 46 very
912 867 186 45 sudden.
1165 867 134 47 Same
1324 867 106 61 day,
1455 874 49 39 at

138 944 220 61 half-past
380 951 107 47 two,
516 949 87 41 148
628 960 194 39 mirrors,
855 950 48 40 at
935 949 90 40 150
1054 942 105 57 feet,
1183 943 111 46 fired
1317 959 27 30 a
1365 959 141 46 plank

141 1019 50 46 of
205 1022 137 44 beech
366 1021 244 46 sulphiu*ed
632 1021 47 45 in
703 1037 121 30 some
846 1037 140 45 parts,
1005 1021 90 45 and
1117 1020 49 46 in
1190 1028 147 38 others
1356 1036 152 30 cover-

142 1097 55 45 ed
220 1097 114 45 with
358 1098 113 45 w^ool
494 1104 76 39 cut
592 1097 96 46 into
713 1098 131 45 small
865 1097 144 61 pieces
1027 1114 15 38 ;
1076 1097 79 45 the
1178 1097 331 47 inflammation

144 1190 94 29 was
269 1189 46 30 so
347 1175 174 44 sudden
550 1174 90 45 and
670 1173 170 46 violent
869 1174 103 45 that
1001 1173 38 46 it
1069 1189 94 30 was
1196 1188 236 46 necessary
1461 1180 47 39 to

144 1250 166 60 plunge
332 1257 80 39 the
434 1266 138 45 plank
595 1250 95 46 into
715 1256 142 39 water
885 1250 48 46 in
961 1250 125 46 order
1108 1255 46 40 to
1177 1249 258 46 extinguish
1458 1249 52 46 it.

147 1326 133 45 April
318 1333 73 47 11,
431 1333 167 38 twelve
634 1326 193 54 mirrors,
860 1332 48 39 at
939 1331 179 55 twenty
1152 1325 104 54 feet,
1297 1325 216 46 inflamed

148 1403 130 44 small
302 1402 293 46 combustible
618 1408 189 40 matters
825 1419 15 37 ;
865 1401 135 47 forty,
1009 1401 103 55 five,
1138 1407 48 40 at
1209 1407 179 55 twenty
1406 1401 104 55 feet,

149 1480 169 45 melted
340 1494 27 31 a
388 1480 120 60 large
530 1494 171 46 pewter
722 1478 114 47 flask
858 1485 102 39 that
984 1478 204 62 weighed
1211 1477 70 48 six
1302 1479 208 60 pounds;

150 1556 90 45 and
261 1561 88 45 117
364 1571 133 30 made
521 1571 122 30 some
664 1556 103 45 thin
789 1555 145 61 pieces
950 1554 51 47 of
1015 1554 136 47 silver
1180 1554 91 47 and
1292 1554 96 46 iron
1410 1556 102 44 red-

150 1631 91 46 hot.
310 1632 185 61 Having
519 1631 197 46 satisfied
737 1630 188 47 himself
938 1647 121 30 upon
1081 1631 92 46 this
1194 1630 142 63 point,
1355 1631 58 46 he
1431 1630 84 47 fol-

151 1708 147 47 lowed
327 1714 79 40 out
436 1715 79 39 the
546 1711 187 59 subject,
770 1709 90 45 and
883 1708 282 46 constructed
1192 1723 178 30 mirrors
1393 1723 121 46 upon

152 1800 178 30 various
365 1785 143 60 plans.
589 1786 198 45 Perhaps
819 1792 80 38 the
933 1790 119 40 most
1087 1785 281 45 remarkable
1398 1800 119 30 were

152 1861 127 46 those
303 1859 169 47 formed
495 1862 62 60 by
580 1861 196 62 bending
797 1877 116 45 glass
935 1877 121 45 upon
1078 1861 177 45 moulds
1274 1860 51 46 of
1339 1876 27 30 a
1384 1861 133 60 sphe-

153 1937 108 45 rical
291 1936 113 46 form
432 1938 63 59 by
517 1952 156 30 means
697 1936 50 46 of
769 1952 28 30 a
828 1936 165 46 fmvow
1011 1953 15 38 ,*
1063 1937 58 45 he
1149 1952 94 30 was
1272 1944 108 37 thus
1418 1938 99 44 able

155 2019 46 39 to
224 2012 135 45 make
381 2018 128 39 them
533 2011 49 46 of
604 2027 110 45 very
737 2012 299 45 considerable
1060 2011 104 56 size,
1200 2013 84 45 but
1313 2018 113 56 they
1447 2028 72 30 re-

156 2088 156 60 quired
332 2094 124 55 great
480 2087 179 46 caution
681 2087 48 46 in
750 2094 79 39 the
852 2088 168 61 cooling
1042 2088 89 45 and
1153 2086 205 64 grinding
1381 2096 138 39 after-

156 2180 146 30 wards
316 2181 16 38 ,•
368 2180 105 39 and,
498 2170 78 40 out
600 2163 50 47 of
664 2170 301 40 twenty-four
987 2165 149 45 which
1158 2165 57 45 he
1237 2180 148 39 made,
1411 2167 107 60 only

155 2247 126 39 three
304 2257 117 30 were
445 2243 99 44 able
566 2247 46 41 to
636 2243 55 45 be
713 2242 248 60 preserved.
1029 2241 98 47 One
1145 2241 51 47 of
1209 2242 141 55 these,
1375 2242 144 61 forty-

158 2317 69 45 six
247 2317 153 46 inches
422 2317 48 46 in
493 2318 231 55 diameter,
754 2333 94 31 was
876 2318 237 60 presented
1138 2324 47 40 to
1218 2318 79 46 the
1328 2319 126 61 King
1476 2317 51 48 of

159 2394 182 54 France,
367 2394 89 46 and
479 2410 94 30 was
594 2395 213 45 regarded
829 2410 48 30 as
899 2401 79 39 the
1000 2400 118 40 most
1140 2394 217 62 powerful
1379 2397 139 44 burn-

157 2469 77 61 ing
255 2469 156 47 mirror
433 2470 47 46 in
504 2471 189 60 Europe.

223 2546 43 45 A
291 2545 86 46 few
401 2562 129 46 years
552 2548 145 45 before
719 2553 78 40 the
820 2553 380 40 commencement
1224 2546 51 47 of
1287 2553 127 39 these
1438 2562 67 30 ex.

1300 2638 26 31 B
