2295 3826
1155 221 28 52 7

322 365 215 48 London
562 365 175 48 Street,
766 365 87 47 has
880 371 86 41 not
986 365 113 47 held
1129 364 142 48 office
1298 380 158 32 under
1480 363 83 49 the
1592 363 257 49 Directors
1870 363 51 49 of
1944 364 83 48 the

325 435 201 48 Town's
556 435 234 48 Hospital
815 436 135 46 since
976 436 83 46 the
1087 436 115 46 date
1229 441 48 40 at
1299 434 161 47 which
1486 434 61 47 he
1566 434 204 47 entered
1790 450 134 31 upon
1944 434 82 47 the

322 505 166 48 duties
515 505 57 47 of
600 506 84 46 the
714 504 130 48 First
871 504 227 49 District,
1128 506 50 45 in
1212 507 146 45 1831.
1433 503 201 49 During
1659 504 64 47 all
1746 504 107 48 that
1890 504 135 57 time,

319 592 88 45 my
432 575 259 48 residence,
716 575 86 47 has
828 575 126 47 been
980 576 51 45 in
1056 574 84 48 the
1167 581 169 41 centre
1363 573 57 49 of
1437 574 76 47 his
1540 573 229 49 District,
1796 574 99 47 and
1921 589 53 32 as
2000 589 28 32 a

320 644 236 49 Director
583 645 57 48 of
659 646 83 46 the
771 644 233 48 Hospital
1031 644 76 48 for
1131 645 85 47 the
1241 650 217 57 greatest
1482 651 111 56 part
1620 643 58 49 of
1701 644 85 47 the
1811 645 136 55 time,
1975 659 52 32 as

321 715 110 47 well
456 728 52 34 as
534 731 30 31 a
590 714 227 50 Member
844 714 57 48 of
917 715 83 47 the
1028 714 169 48 Board
1222 713 58 49 of
1304 714 186 48 Health
1516 714 182 47 during
1722 714 85 47 the
1831 714 120 47 time
1978 712 57 49 of

319 785 85 47 the
435 783 223 50 Cholera,
687 785 25 47 I
737 785 186 62 always
940 784 156 49 found
1125 784 231 48 occasion
1379 790 53 41 to
1459 784 189 47 admire
1667 785 75 46 his
1761 783 195 49 fidelity
1976 784 51 45 in

319 855 237 61 practice,
597 871 53 31 as
687 855 111 47 well
840 871 52 30 as
934 855 85 48 the
1059 860 217 58 prudent
1317 854 101 48 and
1449 854 257 63 judicious
1746 869 204 32 manner
1976 854 52 45 in

321 925 164 47 which
509 925 62 47 he
596 925 285 47 conducted
899 925 85 47 the
1008 926 226 46 business
1255 923 58 49 of
1329 924 77 46 his
1433 923 229 49 District.
1739 923 116 50 And
1880 924 52 46 in
1951 923 76 47 his

318 993 328 64 professional
672 994 113 48 skill
812 994 25 47 I
862 995 165 48 would
1054 1011 141 47 place
1221 994 263 48 unlimited
1510 993 306 49 confidence.

1111 1108 265 49 WILLM.
1417 1107 379 51 THOMSON,
1836 1107 119 49 Jun.

397 1219 291 50 Glasgow,
718 1221 122 47 25th
869 1219 134 50 Feb.,
1037 1222 147 47 1840.

326 1564 146 48 From
500 1562 177 49 Robt.
704 1562 308 61 Dalglish,
1039 1564 134 64 Esq.,
1212 1564 95 47 late
1333 1562 137 50 Lord
1497 1562 204 51 Provost
1725 1562 64 49 of
1805 1563 78 48 the
1916 1563 113 65 City

1008 1637 61 64 of
1090 1634 247 65 Glasgow.

397 1727 74 47 As
509 1726 267 50 Chairman
814 1725 57 50 of
902 1727 84 48 the
1027 1727 166 49 Board
1230 1727 59 48 of
1320 1727 188 48 Health
1548 1727 299 48 established
1887 1744 142 31 when

324 1797 214 50 Cholera
574 1797 98 47 and
711 1795 160 49 Fever
907 1813 129 33 were
1072 1814 54 31 so
1163 1797 271 63 prevalent,
1462 1797 52 47 in
1538 1798 85 47 the
1660 1814 120 46 year
1812 1801 147 45 1832,
2002 1797 23 46 I

324 1868 127 46 have
487 1866 151 49 much
673 1866 226 63 pleasure
936 1868 49 46 in
1014 1866 271 64 certifying
1321 1873 108 41 that
1467 1866 96 48 Mr.
1589 1868 134 48 John
1752 1867 134 47 Dick
1926 1868 100 46 dis-

326 1936 219 49 charged
581 1936 76 47 his
695 1937 162 47 duties
883 1953 53 31 as
975 1936 215 49 District
1219 1936 240 64 Surgeon,
1499 1937 99 47 and
1634 1953 53 32 as
1724 1938 186 47 having
1946 1937 84 47 the

327 2023 182 31 charge
535 2005 58 49 of
609 2006 85 47 the
721 2022 136 32 cases
884 2008 264 46 occurring
1172 2007 51 46 in
1249 2007 84 47 the
1359 2012 200 58 quarter
1578 2005 58 49 of
1654 2007 84 48 the
1768 2007 115 48 City
1910 2008 119 46 allo-

328 2077 144 48 cated
498 2082 52 41 to
576 2076 119 57 him,
723 2076 52 46 in
813 2093 30 31 a
868 2092 205 32 manner
1108 2076 178 64 highly
1311 2075 314 49 satisfactory
1649 2083 53 41 to
1727 2077 85 47 the
1837 2077 193 64 gentle-

326 2163 111 31 men
456 2146 277 48 connected
753 2146 121 48 with
894 2147 83 47 the
998 2145 182 50 Board,
1199 2147 98 47 and
1314 2152 128 42 most
1459 2147 271 48 creditable
1749 2153 52 41 to
1821 2145 211 49 himself.

1312 2240 218 48 ROBT.
1566 2238 393 50 DALGLISH.

401 2309 291 49 Glasgow,
722 2307 90 50 6th
839 2309 137 64 May,
1010 2313 148 45 1840.

870 2439 126 49 Note
1020 2440 244 50 enclosing
1288 2440 78 49 the
1390 2457 159 32 above.

403 2533 96 47 Mr.
525 2530 230 66 Dalglish
781 2532 121 63 begs
927 2537 53 42 to
1018 2532 133 48 hand
1178 2532 96 48 Mr.
1303 2531 135 50 Dick
1467 2533 84 49 the
1580 2531 284 51 Certificate
1889 2534 145 48 made

332 2611 87 41 out
454 2604 70 46 by
550 2602 95 47 Mr.
675 2601 196 63 Strang,
909 2608 52 42 to
989 2602 161 48 which
1188 2603 62 47 he
1286 2603 87 47 has
1399 2602 99 48 had
1534 2604 149 48 much
1719 2604 225 62 pleasure
1981 2604 52 47 in

330 2688 252 33 annexing
606 2672 75 46 his
702 2687 158 41 name,
883 2687 66 32 as,
972 2672 50 46 in
1043 2672 226 48 addition
1288 2678 53 42 to
1362 2673 132 47 what
1513 2673 41 46 is
1570 2674 289 47 mentioned
1876 2673 155 59 there,

332 2743 96 47 Mr.
454 2742 66 47 D.
546 2742 100 47 had
669 2741 121 63 long
815 2742 294 62 experience
1135 2741 58 48 of
1216 2742 97 47 Mr.
1340 2741 174 49 Dick's
1541 2742 214 49 District
1777 2744 221 62 practice
2020 2761 13 38 ;

330 2814 89 46 but
455 2813 83 47 the
569 2811 298 48 Gentlemen
903 2817 51 42 at
977 2811 85 48 the
1103 2810 197 50 Town's
1340 2811 235 64 Hospital
1610 2813 115 58 will,
1753 2813 61 48 he
1841 2814 87 48 has
1966 2829 64 32 no

333 2882 171 49 doubt,
532 2881 230 49 consider
785 2881 99 47 this
911 2881 149 64 along
1086 2882 119 48 with
1230 2882 84 47 the
1341 2883 318 63 application.

403 2998 288 58 Glasgow,
724 2996 87 53 7th
839 2995 136 65 May,
1010 2999 147 46 1840.

405 3295 144 49 From
581 3295 79 47 W.
690 3295 171 58 Lyon,
890 3293 135 66 Esq.,
1054 3310 85 31 one
1162 3295 60 63 of
1234 3293 77 49 the
1343 3292 249 68 Surgeons
1617 3300 46 41 to
1686 3293 77 49 the
1790 3293 161 66 Royal

896 3363 280 68 Infrmary,
1214 3364 246 66 Glasgow.

404 3475 97 48 Mr.
526 3474 134 51 John
688 3474 149 61 Dick,
869 3475 241 63 Surgeon,
1140 3474 211 50 London
1381 3475 175 49 Street,
1584 3475 87 48 has
1704 3475 127 50 been
1855 3474 181 51 known
