2113 3404
882 239 87 31 THE
1002 240 240 33 DISORDERS
1274 243 53 31 OF
1359 244 174 32 SPEECH.

382 222 84 45 360

381 354 173 56 writing
570 369 25 27 a
608 356 287 56 pathological
914 358 310 56 phenomenon,
1241 375 25 28 a
1284 376 93 28 new
1396 363 320 41 manifestation
1736 364 44 40 of
1797 364 176 54 aphasia
1991 381 8 35 ;

382 424 79 42 but
482 425 87 43 this
591 427 36 41 is
650 441 53 28 an
727 428 175 54 opinion
929 430 139 41 which
1089 430 77 43 has
1189 436 76 37 not
1286 432 107 42 been
1417 433 216 55 accepted.

441 501 21 16 "
482 496 52 41 In
568 497 73 43 the
674 498 363 44 Indo-Germanic
1069 515 106 28 race,
1199 501 71 42 the
1292 502 104 55 only
1417 517 95 28 race
1535 503 43 41 in
1604 503 138 42 which
1767 504 173 55 writing
1961 505 36 41 is

382 567 270 55 centrifugal,
674 568 152 41 mirror
849 569 171 55 writing
1042 571 36 41 is
1101 571 72 42 the
1207 572 162 42 normal
1395 573 106 41 form
1526 573 44 41 of
1603 573 172 42 writing
1799 573 103 41 with
1926 572 72 43 the

384 635 79 42 left
486 636 150 42 hand."

443 706 57 42 Of
521 721 148 28 course
693 708 119 42 there
836 714 117 37 must
973 710 52 41 be
1047 711 243 55 something
1318 712 283 54 pathological
1626 714 43 40 in
1692 713 73 41 the
1798 712 201 55 patient's

382 776 287 54 intelligence,
693 778 43 50 if,
760 778 121 42 when
918 779 173 55 writing
1123 781 42 40 in
1201 782 350 41 mirror-fashion,
1582 783 52 40 he
1667 783 205 55 imagines
1903 782 96 42 that

385 847 53 41 lie
462 848 35 40 is
522 848 172 54 writing
716 849 44 40 in
785 849 72 41 the
881 849 200 56 ordinary
1107 864 103 29 way.

384 1009 137 40 Brief
562 1009 225 42 Summary
828 1021 53 29 of
921 1022 87 29 the
1056 1012 203 41 Leading
1310 1012 233 41 Features
1587 1024 52 30 of
1679 1023 87 30 the
1808 1022 191 31 various

521 1079 304 41 Elementary
859 1081 153 40 Forms
1044 1091 53 31 of
1127 1081 204 41 Aphasia
1363 1093 203 30 already
1598 1092 283 31 considered.

444 1197 52 41 In
531 1211 95 27 now
662 1198 232 55 reviewing
928 1199 152 41 briefly
1113 1199 72 41 the
1217 1199 173 55 leading
1426 1213 239 41 symptoms
1696 1199 211 55 produced
1945 1199 53 54 by

383 1268 263 42 destructive
670 1268 158 42 lesions
849 1269 46 41 in
918 1269 103 41 each
1045 1270 45 40 of
1109 1270 73 40 the
1205 1270 343 54 speech-centres
1572 1273 51 45 A,
1648 1270 45 51 B,
1716 1270 46 42 C,
1783 1270 81 41 and
1889 1269 54 41 D,
1967 1269 35 40 it

383 1353 98 41 may
505 1339 51 41 be
590 1338 143 42 useful
764 1343 44 37 to
840 1339 109 42 keep
982 1340 45 41 in
1060 1340 107 41 view
1201 1340 73 41 the
1306 1340 219 54 following
1557 1341 191 53 diagram
1778 1340 108 54 (Fig.
1913 1339 81 54 14).

382 1410 104 41 This
508 1410 37 41 is
577 1409 163 55 merely
763 1410 87 55 Fig.
876 1411 37 41 9,
937 1409 105 43 with
1075 1410 74 42 the
1181 1410 193 42 addition
1408 1411 43 41 of
1483 1410 73 42 the
1588 1410 127 42 circle
1747 1409 248 42 M—which

382 1481 149 42 stands
554 1481 65 41 for
641 1481 73 41 the
736 1481 98 42 idea
855 1495 47 28 or
924 1481 202 42 meaning
1147 1486 44 36 to
1213 1481 51 41 be
1299 1481 227 54 expressed
1558 1495 47 27 or
1628 1487 42 35 to
1694 1481 50 41 be
1775 1479 222 42 evoked—

383 1552 84 42 and
490 1551 74 42 the
596 1551 151 42 dotted
777 1551 111 43 lines
917 1551 257 42 connecting
1204 1551 50 41 M
1278 1556 101 37 with
1404 1551 42 41 A
1467 1552 81 41 and
1574 1552 47 41 B,
1653 1551 74 42 the
1758 1563 166 29 centres
1956 1549 44 41 of

382 1624 73 41 the
488 1636 189 41 primary
699 1622 164 55 couple,
885 1622 107 41 with
1015 1622 141 42 which
1189 1622 134 41 alone,
1345 1623 46 40 in
1423 1627 111 37 most
1565 1635 188 42 persons,
1775 1621 74 41 the
1880 1619 119 42 ideas

381 1709 47 27 or
449 1693 225 42 meanings
697 1706 69 28 are
789 1693 44 41 in
856 1693 136 41 direct
1013 1693 252 41 connexion.

1061 1910 66 42 W
1473 1934 5 13 .
1537 1923 107 29 iR.O.L

1252 2026 101 30 -3CK--
1478 2024 10 20 .<
1541 2027 108 34 ;L.ai_,

1132 2543 66 25 Fio.
1217 2543 41 24 14.

442 2614 80 41 Let
545 2626 48 28 us
615 2611 127 43 begin
765 2614 105 37 with
894 2608 73 41 the
989 2611 84 37 two
1100 2618 167 29 centres
1290 2604 33 42 C
1347 2604 83 42 and
1454 2604 52 51 D,
1529 2604 73 42 the
1633 2609 167 38 centres
1832 2605 64 42 for
1926 2604 73 42 the

382 2684 141 42 visual
546 2683 83 42 and
654 2695 138 29 motor
812 2680 161 40 images
996 2677 45 40 of
1059 2675 171 56 printed
1253 2674 85 42 and
1361 2674 170 42 written
1555 2675 178 55 speech;
1761 2676 84 41 and
1868 2674 60 42 let
1950 2687 49 28 us

382 2754 102 42 take
507 2754 91 40 first
619 2752 47 42 of
683 2751 59 42 all
766 2749 72 43 the
861 2760 145 30 centre
1027 2745 55 44 D.

442 2897 76 54 (1.)
557 2895 83 41 The
675 2892 143 43 Centre
852 2890 50 41 D,
924 2887 89 43 and
1046 2885 336 56 Graphic-motor
1410 2884 351 56 Aphasia.—We
1784 2884 108 41 have
1910 2884 92 54 just

382 2981 103 29 seen
507 2966 97 41 how
629 2961 332 45 unsatisfactory
984 2958 36 41 is
1042 2970 78 28 our
1143 2954 251 56 knowledge
1417 2956 46 40 of
1492 2954 72 42 the
1587 2960 125 36 exact
1733 2958 203 38 relations
1958 2952 46 41 of

384 3036 88 45 this
494 3048 151 32 centre,
660 3037 44 37 to
727 3031 73 42 the
826 3040 256 48 production
1116 3026 43 41 of
1191 3030 180 52 writing.
1437 3023 66 45 On
1529 3023 71 43 the
1624 3022 148 52 whole,
1793 3021 210 51 however,
