1933 3217
779 303 94 50 109

483 973 110 38 THE
623 973 248 38 LEONINE
899 971 280 38 TAMARIN.

524 1067 138 36 Midas
691 1066 157 36 leonina
918 1065 232 37 Geoffroy.

672 1158 132 36 Plate
827 1157 162 37 XXIX.

158 1250 115 38 Siniia
293 1251 157 44 leonina,
477 1251 189 44 Leoncito,
692 1250 231 43 Humboldt^
953 1249 277 37 Observations
1253 1249 46 36 de
1322 1248 194 44 Zoologie^

210 1330 35 34 p.
277 1316 60 45 14,
362 1322 96 41 plate
480 1316 21 35 5
576 1315 170 36 Tainarin
774 1316 168 44 leoncita,
979 1314 122 36 Midas
1123 1315 159 44 leonina,
1313 1314 187 47 Geoffroy

211 1382 117 36 Saint
345 1381 174 44 Hilaire^
537 1380 181 36 Annales
737 1380 54 36 du
809 1381 205 43 Museum,
1048 1393 76 23 xix.
1155 1393 34 34 p.
1219 1379 297 38 121—Ouistiti

210 1447 169 43 leoncita,
402 1447 259 35 Desmarest's
679 1446 297 44 Mammalogie,
998 1458 33 35 p.
1058 1445 61 36 95.

229 1576 116 44 This
369 1575 171 45 curious
563 1575 117 45 little
704 1591 164 44 species
887 1591 92 29 was
1004 1575 253 45 discovered
1274 1576 61 59 by
1361 1575 153 45 Hum-

162 1652 124 44 boldt
320 1652 89 44 and
446 1652 234 44 Bonpland
720 1652 157 60 during
916 1652 116 44 their
1077 1652 164 44 travels
1281 1651 47 44 in
1375 1652 142 46 South

164 1730 224 50 America,
421 1728 89 44 and
532 1728 37 44 is
593 1728 225 44 described
842 1729 46 43 in
911 1734 78 38 the
1013 1728 234 45 zoological
1270 1742 247 31 researches

165 1804 49 45 of
229 1812 124 37 these
376 1804 274 45 naturalists.

232 1881 96 44 The
353 1880 207 45 Leoncito
591 1881 37 43 is
665 1896 109 44 very
807 1895 125 38 rare;
969 1879 37 46 it
1036 1880 198 45 inhabits
1267 1887 78 38 the
1376 1880 146 60 plains

171 1956 142 44 which
337 1958 155 42 border
514 1963 77 37 the
615 1971 173 29 eastern
813 1972 118 29 slope
956 1955 50 46 of
1028 1957 76 43 the
1130 1957 277 52 Cordilleras,
1444 1957 77 44 the

167 2031 144 45 fertile
348 2031 137 45 rivers
530 2032 49 45 of
610 2033 230 59 Putumay
885 2033 91 44 and
1020 2033 215 44 Caqueta.
1305 2033 45 44 It
1389 2048 135 30 never

168 2108 182 44 ascends
389 2115 45 38 to
471 2114 77 39 the
581 2123 120 29 more
736 2114 247 39 temperate
1021 2109 209 53 districts,
1273 2109 134 44 while
1446 2109 77 44 the

169 2184 258 61 wandering
449 2185 140 44 bands
612 2183 50 46 of
686 2185 78 44 the
788 2185 301 44 Marimonda
1113 2192 253 38 sometimes
1396 2187 127 43 reach

167 2261 177 44 heights
384 2261 130 58 equal
549 2267 46 38 to
634 2267 126 39 those
791 2260 49 46 of
871 2261 76 45 the
979 2262 213 45 Caingow
1231 2263 89 43 and
1360 2263 164 45 Mount

170 2337 175 53 Perdu;
381 2336 36 45 it
448 2336 37 45 is
522 2338 135 44 about
692 2353 132 29 seven
858 2353 46 29 or
934 2338 121 44 eight
1086 2337 154 46 inches
1270 2337 47 45 in
1354 2338 169 61 length.

171 2413 96 44 The
313 2413 208 44 Leoncito
554 2412 197 46 inhabits
796 2414 104 60 only
945 2420 78 39 the
1072 2414 146 60 plains
1263 2413 50 46 of
1351 2414 172 54 Mocoa,

166 2489 92 45 and
280 2496 77 37 the
380 2489 82 44 tail
486 2504 156 46 nearly
666 2490 151 58 equals
841 2490 78 45 the
948 2491 149 59 body;
1134 2490 36 45 it
1203 2490 38 45 is
1276 2492 248 60 extremely

164 2565 200 62 elegant;
383 2565 35 45 it
433 2565 36 45 is
488 2565 188 61 playful,
688 2567 79 44 but
787 2566 139 61 easily
942 2567 130 44 made
1088 2581 152 46 angry.
1277 2567 154 45 When
1447 2583 77 30 en-

1256 2649 28 39 2
1309 2659 26 29 B
