1933 3302
703 140 190 32 Leichteste
917 142 100 31 Form
1042 143 59 32 des
1125 144 313 33 Hospitalbrandes.

266 138 26 38 4

267 251 183 45 späteren
479 247 243 39 Beobachter
741 250 248 51 vorwiegend
1018 251 131 47 sahen,
1180 266 46 24 zu
1255 253 106 48 kurz,
1387 256 203 44 vielleicht,
1612 258 85 38 weil
1726 261 140 49 gerade

267 300 61 38 die
367 301 211 38 schwerste
616 301 95 39 aller
740 302 230 51 Epidemien
1010 305 126 38 seiner
1164 305 292 54 Beschreibung
1495 323 44 24 zu
1570 309 152 41 Grunde
1758 312 107 40 liegt.

266 353 147 39 Ferner
445 354 155 39 können
629 356 71 38 wir
728 356 35 38 D
779 370 18 24 e
809 357 14 37 1
835 371 24 36 p
875 371 20 24 e
909 371 18 24 c
941 358 26 37 h
1004 359 107 37 nicht
1145 359 119 51 völlig
1301 363 192 48 zugeben,
1531 363 87 37 dass
1655 366 80 37 sich
1765 368 102 37 seine

267 407 257 51 Eintheilung
561 408 41 39 in
640 410 61 38 die
738 411 173 37 ulceröse
948 412 79 36 und
1064 412 161 50 pulpöse
1255 413 116 39 Form
1401 416 118 38 decke
1548 417 71 37 mit
1646 418 66 37 der
1740 420 38 37 in
1809 421 59 37 die

264 461 212 39 leichteren
521 463 79 38 und
644 464 241 38 schwereren
922 464 178 39 Formen.
1166 466 79 39 Das
1288 467 88 39 thut
1420 469 174 51 dagegen
1640 471 87 38 sehr
1771 474 96 37 voll-

266 515 157 50 ständig
452 529 36 24 V.
511 516 171 39 Pitha's
711 517 257 52 Eintheilung
996 518 41 38 in
1066 519 297 41 oberflächliche
1392 524 78 36 und
1498 524 92 36 tiefe
1610 522 164 41 Formen
1805 527 65 37 der

266 568 234 40 Krankheit.
550 570 68 39 Ich
648 571 183 38 schliesse
861 571 105 38 mich
994 573 143 38 diesem
1166 573 155 52 Princip
1350 575 53 39 im
1422 575 269 51 Allgemeinen
1720 593 47 23 an
1792 580 77 38 und

266 623 107 38 reihe
413 624 63 38 bei
514 624 147 39 meiner
691 624 295 52 Beschreibung
1022 626 40 38 in
1104 627 103 38 diese
1238 628 111 39 Scala
1387 630 59 38 die
1483 644 74 24 von
1595 631 73 38 den
1697 631 173 40 Autoren

268 677 306 39 beschriebenen
593 678 169 38 Formen
794 679 72 46 ein,
890 682 71 35 mit
981 679 380 55 Berücksichtigung
1382 684 66 37 der
1467 684 237 39 besonderen
1724 686 144 38 Eigen-

269 730 339 40 thümlichkeiten.
657 732 143 51 Einige
825 733 99 38 nach
945 747 98 37 ganz
1064 735 168 37 anderen
1254 735 350 52 Gesichtspunkten
1625 752 245 26 aufgestellte

268 784 167 41 Formen
465 787 155 37 werden
649 786 149 38 danach
829 787 85 38 eine
943 791 178 47 separate
1150 788 379 55 Berücksichtigung
1556 792 139 38 finden.

626 964 240 42 Leichteste
900 966 108 40 Fälle
1041 967 73 39 des
1147 966 376 52 Hospitalbrandes,

304 1052 146 39 welche
479 1065 70 25 vor
582 1053 157 38 10—15
770 1053 147 39 Jahren
946 1067 76 25 von
1051 1055 190 38 manchen
1269 1055 175 39 Autoren
1472 1057 72 39 mit
1572 1058 86 38 dem
1686 1057 152 39 Namen

432 1106 156 39 Wund-
618 1107 94 38 oder
740 1106 523 53 Granulationsdiphtheritis
1292 1110 224 39 bezeichnet
1542 1112 169 38 wurden.

398 1213 95 39 Man
530 1214 94 38 fand
666 1215 169 38 dieselbe
875 1215 41 39 in
945 1216 68 38 der
1040 1215 337 51 Friedenspraxis,
1408 1230 59 26 wo
1496 1217 98 39 ohne
1623 1218 248 38 Zusammen-

267 1268 108 51 hang
404 1268 73 38 mit
506 1268 533 51 Hospitalbrandepidemien
1069 1271 247 48 sporadische
1336 1270 107 38 Fälle
1473 1271 205 38 auftraten.
1727 1271 45 38 In
1801 1272 72 37 den

269 1322 149 39 Jahren
459 1323 105 37 1873
574 1345 39 4 —
625 1324 104 36 1879
778 1323 128 38 haben
943 1323 70 38 wir
1063 1324 102 38 diese
1208 1323 118 39 Form
1364 1325 41 37 in
1439 1324 186 51 hiesigem
1670 1324 202 39 Hospitale

269 1376 102 39 noch
400 1377 69 38 hin
498 1378 80 37 und
607 1377 140 38 wieder
775 1377 246 39 beobachtet.
1079 1376 180 40 Anfangs
1289 1379 145 37 kannte
1463 1378 61 38 ich
1554 1378 59 38 die
1643 1379 230 38 eigentliche

269 1430 129 39 Natur
440 1431 126 38 dieser
595 1431 265 51 Erkrankung
897 1431 121 39 nicht,
1055 1432 80 38 und
1175 1432 66 38 bin
1283 1435 78 35 erst
1397 1445 74 25 von
1508 1432 128 38 Herrn
1674 1432 199 38 Professor

268 1485 158 39 König
462 1486 156 38 belehrt
655 1486 175 38 worden,
872 1486 87 38 dass
998 1499 39 25 es
1067 1485 84 39 sich
1180 1486 112 38 dabei
1328 1486 40 38 in
1398 1486 66 37 der
1494 1486 101 37 That
1623 1499 64 25 um
1717 1486 156 38 rainime

269 1539 188 39 Anfänge
488 1553 74 25 von
599 1539 242 39 wirklichem
871 1539 308 39 Hospitalbrand
1216 1540 193 38 handelte.
1469 1539 157 39 Kranke
1654 1539 72 39 mit
1753 1539 120 51 völlig

270 1597 74 48 gut
387 1594 303 51 granulirenden
738 1594 184 38 Wunden
964 1593 160 50 (welche
1167 1594 146 38 damals
1355 1596 71 36 mit
1467 1592 288 51 Gummipapier
1795 1594 79 37 und

269 1648 136 39 Watte
434 1649 225 38 verbunden
688 1648 173 50 wurden)
892 1648 163 38 klagten
1083 1647 114 39 meist
1217 1648 183 38 Morgens
1421 1648 94 37 über
1536 1647 179 38 Schmerz
1744 1647 40 38 in
1805 1647 68 38 der

272 1702 153 39 Wunde
456 1703 78 37 und
563 1702 137 38 hatten
731 1703 102 37 dann
862 1702 99 38 auch
990 1704 58 36 oft
1078 1701 160 39 erhöhte
1267 1702 409 50 Morgentemperatur.
1726 1701 147 38 Wurde

271 1757 68 38 der
367 1757 186 38 Verband
591 1757 188 38 entfernt,
824 1770 41 24 so
902 1769 154 25 zeigten
1094 1755 82 39 sich
1213 1756 69 38 auf
1317 1756 66 37 der
1413 1755 153 37 Wunde
1605 1755 83 38 eine
1725 1754 150 38 Anzahl

271 1811 445 52 gelblich-bräunlicher
753 1810 372 39 stecknadelknopf-
1163 1810 60 38 bis
1260 1809 281 51 linsengrosser
1576 1808 188 47 Flecken,
1815 1808 60 38 die

272 1867 68 37 das
362 1865 205 39 Aussehen
595 1865 148 38 hatten,
775 1865 56 38 als
861 1878 129 24 wären
1020 1877 54 25 sie
1104 1863 71 38 mit
1195 1863 325 39 entsprechender
1538 1862 221 38 Deckfarbe
1788 1862 85 38 auf-

272 1920 192 51 gespritzt
501 1920 168 38 worden.
728 1919 237 38 Ausserdem
1002 1918 143 38 fanden
1185 1918 82 38 sich
1303 1917 149 51 gleiche
1489 1916 110 38 rothe
1635 1915 238 39 Pünktchen.

271 1975 153 38 Weiter
452 1974 127 51 gehen
610 1988 67 24 aus
709 1974 124 38 dieser
852 1973 86 38 Zeit
967 1972 60 38 die
1047 1971 332 51 Beobachtungen
1407 1970 117 46 nicht,
1556 1970 48 38 da
1633 1970 65 38 der
1718 1969 155 38 Krank-

270 2029 84 39 heit
383 2031 96 37 stets
509 2028 125 38 sofort
661 2028 163 38 Einhalt
852 2027 146 51 gethan
1026 2026 141 38 wurde.

655 2206 196 41 Ulceröse
884 2205 114 40 Form
1030 2205 73 39 des
1136 2203 375 49 Hospitalbrandes.

333 2295 109 43 (Nach
467 2295 213 42 Delpech's
705 2294 268 40 Beschreibung,
996 2291 246 43 grossentheils
1267 2292 35 29 in
1328 2292 194 30 wörtlicher
1544 2288 279 38 Uebersetzung.)

412 2405 94 47 „Die
527 2403 221 40 Krankheit
766 2403 167 38 kündigt
963 2415 82 25 sich
1074 2400 121 39 durch
1225 2399 111 39 einen
1355 2397 179 51 Anfangs
1564 2396 191 51 gelinden,
1786 2407 92 26 aber

275 2460 93 39 bald
396 2459 171 39 heftiger
586 2471 232 25 werdenden
839 2457 181 38 Schmerz
1049 2469 60 24 an,
1131 2453 166 39 welcher
1326 2466 83 25 eine
1430 2465 91 26 oder
1539 2464 174 25 mehrere
1733 2449 145 39 Stellen

277 2528 108 25 einer
420 2513 61 39 bis
520 2512 117 38 dahin
674 2511 153 39 normal
864 2510 300 51 granulirenden
1203 2508 79 38 und
1311 2518 289 28 vernarbenden
1628 2504 153 38 Wunde
1809 2502 67 38 be-

277 2569 110 39 trifft.
445 2567 95 39 Fast
577 2565 248 52 gleichzeitig
862 2564 178 39 bemerkt
1074 2577 90 24 man
1198 2575 50 25 an
1277 2562 86 37 dem
1392 2559 305 39 schmerzhaften
1727 2556 150 39 Punkte

277 2623 87 40 eine
407 2621 140 39 leichte
585 2619 275 51 Aushöhlung,
898 2631 83 25 eine
1018 2617 76 39 Art
1130 2615 170 48 Alveole,
1343 2612 273 52 ursprünglich
1652 2625 72 25 nur
1760 2609 115 45 klein,

277 2679 117 38 meist
421 2676 112 38 rund,
565 2689 75 24 von
669 2674 126 38 einem
825 2672 192 47 scharfen,
1049 2671 230 45 erhabenen,
1309 2667 303 52 regelmässigen
1633 2665 129 38 Rande
1791 2676 85 24 um-

278 2733 148 51 geben,
470 2731 138 37 dessen
636 2728 127 39 Farbe
802 2726 162 39 dunkler
1001 2726 69 38 ist,
1113 2725 56 38 als
1200 2724 58 38 die
1289 2723 66 38 der
1391 2721 165 51 übrigen
1585 2719 163 38 Wunde.
1806 2716 72 38 Die

279 2785 233 41 Oberfläche
531 2784 124 38 dieses
676 2781 156 39 kleinen
848 2780 226 39 Grübchens
1093 2778 166 39 bedeckt
1278 2789 82 25 eine
1376 2775 105 46 zähe,
1503 2773 223 40 bräunliche
1738 2770 139 45 Masse,

279 2841 148 38 welche
440 2853 92 25 man
545 2838 120 38 durch
678 2835 195 39 Waschen
890 2837 70 35 mit
972 2834 160 38 Wasser
1148 2845 90 26 oder
1255 2830 116 38 durch
1385 2829 145 38 Reiben
1548 2828 199 38 entfernen
1761 2825 115 37 kann.

279 2894 76 39 Die
384 2909 79 24 nun
493 2906 46 25 zu
570 2892 107 39 Tage
697 2889 259 39 kommenden
983 2886 300 40 Granulationen
1303 2884 125 38 haben
1458 2886 93 35 statt
1579 2882 65 37 der
1664 2890 213 37 ursprüng-

280 2948 128 40 lichen
436 2944 425 54 halbkugelförmigen,
892 2955 84 26 eine
1005 2953 177 27 conische
1214 2937 165 46 Gestalt,
1411 2938 83 37 sind
1523 2935 74 39 viel
1627 2935 147 37 dünner
1801 2931 77 38 und
