1933 3302
152 203 328 41 Quecksilbersalbe,
490 201 178 41 Clilorgas,
678 200 198 39 Chlorkalk,
885 197 205 40 Jodtinctur,
1099 197 239 41 Buttermilch,
1348 196 276 32 Citronensäure.
1656 196 52 38 69

235 310 295 38 Einreibungen
566 320 76 25 von
680 304 445 47 Quecksilbersalbe
1169 304 90 38 Hess
1297 303 185 51 Marmy
1527 303 72 39 auf
1638 303 70 38 der

107 365 61 37 die
200 363 235 39 Geschwüre
465 361 272 39 umgebenden
767 361 260 37 entzündeten
1057 357 110 39 Haut
1196 358 251 47 vornehmen,
1479 358 98 38 doch
1606 357 102 38 ohne

106 417 168 39 Nutzen.

236 470 139 38 Chlor
383 482 80 38 gas
491 468 134 38 leitete
654 467 133 38 Rollo
818 480 68 24 aus
917 467 67 37 der
1004 465 162 38 Retorte
1188 465 124 37 direct
1331 465 71 37 auf
1424 465 60 39 die
1507 464 198 39 Wunden.

107 525 55 37 Er
191 525 110 50 giebt
329 537 60 24 an,
421 523 87 37 dass
539 521 124 37 dieses
693 534 73 24 nur
794 521 122 37 kurze
938 520 85 38 Zeit
1051 518 221 52 geschehen
1303 518 124 47 dürfe,
1457 533 114 24 wenn
1600 521 109 35 nicht

109 579 66 37 das
203 577 76 38 Gas
310 577 56 37 als
394 588 332 26 nekrotisirendes
748 574 228 38 Aetzmittel
1004 574 150 36 wirken
1185 572 106 38 solle.
1349 572 251 51 4—Smalige
1621 572 85 38 An-

108 644 196 25 wendung
323 630 160 38 brachte
505 628 129 38 kleine
657 626 236 39 Geschwüre
915 641 68 23 zur
1004 626 235 50 Reinigung.
1279 625 113 39 Auch
1424 639 75 25 von
1519 626 188 51 Fleury

107 685 80 37 und
215 684 144 38 Rossi
389 683 133 37 wurde
543 681 115 38 Chlor
679 681 90 37 sehr
798 681 194 50 gerühmt,
1025 681 120 37 Kies
1157 693 49 25 er
1236 680 93 38 aber
1357 679 85 38 hält
1472 693 40 25 es
1541 694 74 24 nur
1643 680 64 38 bei

106 738 214 38 leichteren
340 736 136 38 Fällen
502 735 63 37 für
595 734 265 38 ausreichend.
901 734 113 38 Auch
1045 734 316 38 Chlorwasser
1389 733 52 38 ist
1470 734 236 50 empfohlen.

109 791 199 51 (Tribes
336 804 36 23 u.
403 788 79 50 A.).

236 843 82 38 Der
338 843 118 38 schon
477 855 74 25 von
572 841 248 39 Sesström
841 855 128 37 gegen
989 842 199 37 bösartige
1210 840 236 39 Geschwüre
1467 841 241 49 gebrauchte

110 896 254 40 Chlorkalk
394 897 131 37 wurde
556 909 129 37 gegen
715 896 74 37 den
815 895 308 38 Hospitalbrand
1153 896 209 37 besonders
1393 895 39 36 in
1463 895 67 37 der
1552 894 156 39 Charite

108 952 39 37 in
167 950 133 38 Berlin
327 953 245 47 angewandt.
614 948 396 51 Siedmogrodsky
1041 949 172 49 empfahl
1233 949 124 37 dieses
1377 948 131 38 Mittel
1529 949 179 50 zugleich

107 1005 72 37 mit
209 1005 85 37 dem
324 1003 410 38 unterchlorigsauren
764 1002 163 38 Natron.
986 1003 81 37 Der
1097 1002 213 38 Chlorkalk
1340 1003 132 37 wurde
1511 1003 116 37 meist
1654 1003 54 37 im

107 1057 246 39 Verhältniss
396 1070 75 25 von
512 1057 19 37 1
565 1071 47 23 zu
640 1057 42 46 4,
715 1057 40 44 6,
787 1057 41 45 8,
862 1057 66 46 10,
960 1057 67 46 20,
1059 1057 51 37 40
1143 1057 162 37 Theilen
1342 1055 117 39 Aqua
1497 1056 140 38 destill,
1667 1057 41 37 in

110 1111 262 39 decanthirter
414 1110 160 50 Lösung
617 1110 246 37 angewandt.
921 1110 75 37 Ein
1038 1113 273 47 imgenannter
1350 1109 127 39 Autor
1517 1110 109 50 giebt
1668 1110 40 38 in

110 1166 121 38 einem
263 1164 160 38 Bericht
459 1165 96 36 über
591 1164 73 37 den
694 1163 307 38 Hospitalbrand
1037 1164 40 36 in
1115 1165 68 36 der
1213 1163 155 39 Charite
1407 1178 68 32 an,
1522 1166 85 36 dass
1646 1164 61 38 die

110 1218 173 40 Calcaria
312 1218 281 38 oxymuriatica
631 1231 46 23 zu
708 1217 105 37 2—4
843 1217 222 38 Drachmen
1101 1218 70 37 auf
1198 1218 19 37 1
1250 1217 129 38 Pfund
1409 1217 161 38 Wasser
1600 1221 108 34 nicht

109 1273 153 37 filtrirt,
304 1273 166 36 sondern
506 1285 74 23 nur
617 1271 305 50 umgeschüttelt
959 1285 47 23 zu
1035 1270 267 51 Umschlägen
1332 1271 217 50 gebraucht
1578 1272 129 38 werde

111 1327 81 37 und
220 1339 103 24 zwar
351 1328 71 35 mit
450 1325 90 38 sehr
569 1325 203 50 günstiger
802 1324 212 51 Wirkung.
1075 1325 42 38 In
1159 1325 126 37 einem
1314 1327 180 47 späteren
1524 1325 183 39 Berichte

111 1380 97 37 wird
231 1379 211 38 Chlorkalk
472 1378 98 38 auch
599 1392 75 24 von
704 1378 249 38 Drescher
983 1379 223 49 empfohlen
1235 1380 79 36 und
1345 1378 61 38 Gr
1418 1379 57 38 oh
1505 1380 106 37 stellt
1639 1380 69 37 ihn

110 1436 73 34 mit
210 1433 309 37 Mineralsäuren
548 1432 38 37 in
616 1431 151 51 gleiche
798 1431 123 38 Linie.
962 1432 111 38 Nach
1096 1433 174 38 Tribes
1300 1446 160 24 wurden
1481 1432 227 39 Solutionen

111 1500 76 24 von
216 1487 49 37 30
287 1499 26 37 g
342 1501 46 23 zu
420 1487 74 37 100
516 1499 26 37 g
570 1485 161 38 Wasser
760 1488 210 35 verwandt.

239 1539 273 39 Jodtinctur
533 1538 140 51 (reine)
694 1539 237 49 gebrauchte
952 1553 89 24 man
1061 1540 52 37 im
1135 1540 268 38 italienischen
1422 1539 198 39 Feldzuge
1642 1540 67 38 auf

111 1593 226 37 Larrey's
365 1593 104 37 Rath
495 1593 39 37 in
564 1606 154 37 grosser
747 1592 282 52 Ausdehnung.
1078 1594 197 37 Demme
1304 1593 133 38 rühmt
1466 1594 74 37 den
1568 1594 140 51 Erfolg

110 1647 100 37 sehr.
281 1646 113 38 Auch
435 1647 54 36 im
531 1646 295 50 Krimfeldzuge
867 1647 132 37 wurde
1047 1647 124 38 dieses
1214 1646 131 38 Mittel
1391 1660 76 25 von
1515 1647 191 47 Saurel,

111 1699 89 38 Sur
212 1700 94 37 dun
334 1713 37 23 u.
398 1699 48 37 A.
477 1700 184 37 wirksam
690 1699 209 50 gefunden,
931 1700 165 38 welches
1128 1700 97 38 auch
1254 1701 211 37 Marchai
1496 1702 50 37 de
1577 1701 130 39 Calvi

111 1767 68 24 vor
209 1754 68 37 der
304 1753 211 38 Academie
546 1753 66 37 des
642 1753 169 37 sciences
840 1753 289 39 befürwortete.
1188 1754 113 38 Auch
1330 1754 188 50 Marmy
1554 1758 152 35 wandte

111 1806 220 39 Jodtinctur
366 1807 102 37 wohl
503 1809 72 35 mit
602 1805 158 39 Nutzen
794 1821 65 32 an,
897 1807 54 38 sie
988 1808 206 49 entsprach
1230 1808 109 38 aber,
1378 1809 127 37 zumal
1539 1809 64 38 bei
1639 1810 68 37 der

111 1873 202 25 ulcerösen
342 1860 129 38 Form,
503 1861 132 37 seinen
664 1860 288 51 Erwartungen
981 1862 118 37 nicht.
1160 1862 204 38 1870—71
1396 1862 92 38 Hess
1519 1861 123 39 Graf
1666 1863 41 37 in

112 1913 234 38 Düsseldorf
369 1914 41 36 in
439 1914 60 37 die
529 1913 476 50 Hospitalbrandwunden
1031 1916 315 50 Eingiessungen
1376 1929 77 25 von
1480 1916 125 38 Tinct.
1625 1917 83 49 jodi

112 1967 247 37 vornehmen.

241 2020 74 38 Die
344 2020 258 50 Anwendung
633 2021 65 37 des
727 2020 138 38 Broms
909 2021 96 38 wird
1049 2022 134 38 weiter
1224 2036 121 25 unten
1382 2023 64 38 bei
1481 2024 73 37 den
1583 2023 122 39 Aetz-

113 2074 152 37 mitteln
295 2074 210 50 angeführt
533 2087 167 25 werden.

241 2127 87 38 Von
349 2129 73 36 den
442 2127 160 47 Säuren,
633 2127 183 38 Alkalien
845 2129 78 37 und
944 2127 139 39 Salzen
1104 2129 123 38 sollen
1245 2130 54 37 im
1320 2129 226 52 Folgenden
1576 2133 132 36 zuerst

115 2180 98 37 auch
241 2194 72 23 nur
344 2181 219 49 diejenigen
592 2181 300 49 Applicationen
929 2182 241 50 besprochen
1200 2184 176 46 werden,
1417 2184 145 38 welche
1599 2185 108 37 nicht

117 2233 252 50 eigentliche,
413 2235 137 37 tiefere
578 2234 232 51 Aetzungen
849 2235 104 47 sind,
994 2250 113 24 wenn
1144 2237 55 37 sie
1231 2237 97 37 auch
1357 2251 88 23 zum
1476 2237 114 38 Theil
1620 2239 86 37 eine

117 2287 225 49 energische
372 2287 198 50 Wirkung
599 2287 69 38 auf
694 2289 60 37 die
785 2288 352 39 Wundoberfläche
1168 2291 184 37 ausüben.

371 2445 222 38 Verdünnte
622 2446 228 48 organisclie
878 2446 78 39 nnd
984 2448 278 48 anorganisclie
1291 2449 154 40 Säuren.

244 2549 311 38 Buttermilch
583 2551 182 37 benutzte
795 2551 202 38 Pfeiffer
1025 2552 54 38 im
1108 2554 333 39 amerikanischen
1470 2555 147 39 Kriege
1648 2557 57 37 als

117 2602 319 38 Verbandmittel.

248 2654 248 51 Gillespie
538 2657 189 37 bedeckte
769 2658 59 37 die
866 2657 535 53 Hospitalbrandgeschwüre
1442 2663 71 37 mit
1550 2663 154 38 dünnen

119 2708 476 47 Citronenschnitten,
626 2710 145 38 welche
793 2724 41 24 er
855 2712 183 38 2—3mal
1057 2713 146 49 täglich
1224 2714 121 38 durch
1364 2714 141 39 frische
1528 2719 175 35 ersetzen

117 2761 91 38 Hess
237 2785 52 5 —
319 2762 61 37 ein
410 2763 143 37 damals
583 2776 75 25 von
688 2764 72 37 den
789 2763 161 51 Negern
979 2766 39 36 in
1048 2766 246 39 Westindien
1325 2768 60 36 bei
1415 2768 147 38 allerlei
1590 2769 111 38 häss-

117 2814 127 38 Hchen
275 2813 260 39 Geschwüren
572 2820 273 46 angewandtes
875 2817 139 38 Mittel.
1073 2819 111 38 Auch
1219 2821 207 37 Hennen
1464 2823 239 49 gebrauchte

119 2871 113 35 unter
272 2868 131 38 seinen
445 2869 214 37 vielfachen
696 2869 224 39 Versuchen
960 2871 376 40 Citronensäure.
1394 2873 187 40 Moreau
1623 2877 80 38 und

120 2920 173 38 Burdin
323 2921 208 37 benutzten
560 2921 202 39 Citronen-
792 2924 77 36 und
899 2924 242 50 Essigsäure.
1199 2927 186 49 Marmy
1417 2928 166 47 erzählt,
1616 2931 87 37 dass

121 2972 258 40 Citronensaft
417 2974 81 37 sich
540 2978 71 46 gut
648 2976 177 37 bewährt
862 2976 111 39 habe.
1031 2979 113 37 Auch
1184 2980 67 37 der
1291 2980 38 37 in
1370 2980 138 39 ItaHen
1548 2983 155 39 übHche
