2240 3972
1077 202 26 53 7

114 334 245 72 necessity
386 334 57 54 of
480 335 86 54 the
604 335 256 53 inductive
898 335 224 54 method.
1201 335 415 72 Unfortunately,
1645 337 247 53 Aristotle
1919 336 147 55 stood

115 408 177 66 alone;
334 408 97 53 and
455 409 39 53 it
520 410 215 52 remains
762 410 78 52 his
867 410 275 71 particular
1181 411 150 52 merit
1358 418 54 45 to
1441 411 128 52 have
1593 410 229 54 foreseen
1848 412 53 52 in
1928 431 138 33 some

115 487 104 47 sort
246 488 87 47 the
357 484 145 52 value
530 484 54 52 of
621 484 86 52 the
736 484 258 53 inductive
1020 484 223 53 method.
1323 485 121 52 Had
1471 484 78 65 he,
1578 504 120 46 also,
1733 485 332 71 consistently

113 556 235 53 followed
381 557 41 53 it
455 557 52 52 in
544 563 235 65 practice,
808 558 163 53 which
1005 558 64 53 he
1105 558 82 53 did
1225 563 106 60 not,
1359 564 142 47 there
1527 577 98 33 was
1662 578 63 33 an
1759 559 305 52 impassable

113 629 276 54 hindrance
417 636 55 48 to
506 630 66 54 its
613 631 202 71 general
856 632 258 71 adoption,
1151 632 53 53 in
1235 637 86 47 the
1352 632 157 52 moral
1544 651 162 33 errors
1747 632 319 54 engendered

113 702 67 71 by
213 708 87 48 the
340 705 360 71 metaphysical
738 725 57 33 or
830 706 276 53 subjective
1150 706 221 64 method,
1403 706 55 52 of
1499 706 165 52 which
1698 706 148 53 Plato
1874 726 98 33 was
2008 726 55 33 so

113 778 245 69 powerful
384 799 29 33 a
437 784 405 65 representative,
870 780 98 52 and
1004 799 54 34 so
1084 779 282 53 influential
1393 798 63 34 an
1482 784 269 66 exponent.
1830 780 144 65 Man,
2010 799 54 34 as

113 856 86 47 the
243 871 225 34 measure
503 853 55 53 of
597 859 87 47 the
727 872 246 47 universe,
1019 853 249 54 esteemed
1313 853 204 53 himself
1560 853 76 53 far
1677 858 87 49 too
1805 854 178 70 highly
2008 858 55 49 to

114 923 216 55 descend
379 931 54 48 to
484 926 63 53 be
598 932 87 49 the
737 933 202 48 servant
989 928 102 53 and
1140 928 294 71 interpreter
1470 927 55 52 of
1570 946 211 48 nature;
1821 927 100 53 and
1962 927 101 53 this

114 1017 265 35 erroneous
406 1000 189 56 conceit
621 1006 91 49 not
739 1021 117 52 only
883 1001 210 53 affected
1119 1002 78 52 his
1225 1006 299 49 conception
1550 1000 56 54 of
1641 1001 78 53 his
1757 1001 211 53 relation
2007 1006 55 48 to

112 1076 88 48 the
224 1078 101 48 rest
352 1075 56 51 of
430 1080 195 61 nature,
655 1075 94 54 but
775 1076 289 70 penetrated
1100 1076 78 52 his
1211 1076 154 52 social
1397 1094 195 45 nature,
1623 1075 101 53 and
1750 1075 208 54 vitiated
1983 1075 80 52 his

113 1146 160 53 whole
307 1147 143 53 habit
476 1149 56 53 of
567 1149 259 53 thought:
863 1155 86 48 the
995 1149 355 72 superstitious
1385 1168 259 34 reverence
1678 1149 55 53 of
1772 1149 87 52 the
1895 1148 169 54 Greek

113 1239 111 34 who
252 1222 168 52 wmuld
445 1227 94 66 put
565 1228 53 47 to
647 1223 149 53 death
823 1243 29 33 a
875 1224 276 53 victorious
1179 1223 204 71 general
1415 1222 213 54 because
1655 1222 63 53 he
1743 1223 102 52 had
1870 1223 90 52 left
1987 1223 76 51 his

115 1293 128 53 dead
268 1295 252 54 unburied
547 1316 66 34 on
639 1298 85 51 the
749 1297 117 53 field
894 1298 55 52 of
989 1297 172 66 battle,
1188 1303 140 47 must
1364 1297 128 53 have
1522 1296 274 72 prevented
1822 1297 245 52 Aristotle

112 1368 132 53 from
270 1370 298 53 anatomical
602 1371 337 53 examination
966 1372 56 53 of
1058 1378 88 47 the
1184 1376 250 48 structure
1462 1371 54 53 of
1555 1370 89 54 the
1678 1371 192 52 human
1910 1370 151 70 body.

113 1442 105 52 The
245 1462 134 34 same
405 1463 159 34 errors
591 1464 82 34 are
700 1446 309 71 continually
1033 1446 333 70 reappearing
1390 1445 55 52 in
1469 1445 190 52 human
1678 1445 225 70 history:
1931 1449 134 48 what

113 1515 263 73 happened
426 1519 55 51 in
525 1524 87 48 the
653 1519 190 54 middle
887 1539 117 34 ages
1045 1539 116 51 may
1204 1519 248 53 illustrate
1492 1519 78 52 for
1609 1538 61 33 us
1714 1519 86 52 the
1839 1519 142 52 habit
2012 1518 56 53 of

116 1590 167 53 Greek
309 1591 258 72 thought;
604 1593 79 53 for
709 1598 50 48 at
785 1599 115 48 that
939 1600 122 47 time
1086 1593 253 53 mistaken
1365 1593 238 70 religious
1634 1593 255 70 prejudice
1917 1592 148 53 allied

112 1664 141 53 itself
273 1671 133 47 most
423 1668 184 70 closely
623 1667 123 53 with
766 1673 85 48 the
873 1667 356 72 metaphysical
1247 1667 208 53 method
1475 1667 162 52 which
1654 1666 196 53 exalted
1869 1686 118 33 man
2010 1685 57 34 so

114 1739 151 52 much
276 1759 117 34 over
408 1746 86 48 the
508 1746 102 47 rest
627 1742 54 52 of
695 1760 196 46 nature,
903 1761 249 51 opposing
1167 1746 134 48 most
1318 1741 271 70 virulently
1601 1741 87 52 the
1706 1740 138 53 birth
1862 1741 54 53 of
1931 1741 132 71 posi-

115 1817 100 48 tive
232 1833 203 46 science,
457 1815 165 52 which
643 1816 196 52 seemed
863 1822 55 46 to
938 1816 229 52 threaten
1186 1820 53 48 to
1263 1814 215 53 degrade
1495 1815 135 65 him;
1669 1815 101 52 and
1785 1815 78 53 for
1889 1834 28 33 a
1941 1815 124 52 time

114 1886 40 51 it
174 1906 98 34 was
300 1888 181 53 almost
504 1889 236 53 doubtful
765 1890 164 52 which
949 1889 169 53 would
1143 1889 116 53 win.
1337 1889 106 53 Can
1462 1907 74 34 we
1553 1888 214 66 wonder,
1789 1893 141 61 then,
1951 1893 115 48 that

114 1965 86 48 the
244 1980 268 36 erroneous
558 1963 208 53 method
810 1983 98 34 was
957 1963 318 53 triumphant
1325 1962 54 52 in
1422 1962 187 53 Greece
1659 1962 51 53 in
1761 1962 89 53 the
1891 1963 174 52 fourth

116 2039 211 67 century
353 2036 170 54 before
566 2038 185 63 Christ,
789 2037 145 53 when
972 2038 41 52 it
1046 2037 42 53 is
1124 2037 119 71 only
1278 2036 217 71 recently
1521 2036 52 52 in
1607 2036 260 71 England,
1894 2037 55 52 in
1977 2037 89 53 the

115 2109 292 53 nineteenth
446 2131 209 51 century
683 2117 127 47 after
844 2111 188 66 Christ,
1057 2112 114 52 that
1190 2111 88 53 the
1304 2110 310 54 barbarian's
1646 2129 260 34 reverence
1932 2111 78 53 for
2036 2131 29 33 a

117 2182 123 53 dead
267 2183 136 71 body
427 2184 90 54 has
543 2185 270 71 permitted
842 2185 300 53 anatomical
1169 2185 283 63 dissection,
1483 2184 98 52 and
1606 2184 145 53 when
1776 2185 88 52 the
1880 2185 184 70 finger-

116 2255 129 54 bone
272 2258 55 52 of
349 2278 28 33 a
404 2258 149 67 saint,
583 2279 54 33 or
665 2279 28 32 a
717 2279 92 52 rag
826 2260 54 53 of
903 2260 78 52 his
1009 2259 242 71 clothing,
1274 2259 41 52 is
1343 2258 105 53 still
1464 2258 260 53 treasured
1739 2278 87 51 up,
1854 2259 55 52 in
1926 2278 138 33 some

116 2350 134 51 parts
278 2332 55 53 of
354 2337 86 47 the
466 2333 175 66 world,
670 2353 52 34 as
750 2353 27 33 a
803 2339 133 47 most
961 2353 231 51 precious
1227 2332 119 54 relic
1381 2332 198 52 endued
1603 2332 122 53 with
1760 2333 303 52 miraculous

116 2404 188 55 virtues
325 2407 10 52 !
413 2407 107 53 The
547 2407 96 53 evil
670 2408 55 53 of
761 2414 87 46 the
876 2406 364 72 metaphysical
1277 2406 208 53 method
1510 2426 100 33 was
1637 2411 91 48 not
1753 2405 312 54 intellectual

118 2478 267 73 deficiency
412 2482 133 70 only,
572 2481 95 53 but
697 2502 28 33 a
750 2482 390 70 corresponding
1166 2480 204 53 baneful
1395 2480 158 53 moral
1579 2499 150 34 error.

189 2553 107 53 The
335 2555 244 71 adoption
611 2556 55 52 of
705 2556 86 52 the
831 2556 261 52 inductive
1132 2555 233 65 method,
1399 2554 167 53 which
1607 2554 176 52 makes
1827 2572 121 34 man
1969 2553 89 53 the

119 2633 197 46 servant
342 2629 98 52 and
465 2629 297 53 interpreter
788 2630 57 52 of
883 2648 195 46 nature,
1112 2629 43 53 is
1194 2629 55 52 in
1283 2628 177 71 reality
1484 2634 88 46 the
1612 2633 289 66 systematic
1937 2647 124 51 pur-

120 2718 179 36 suance
326 2702 54 53 of
401 2703 88 52 the
513 2703 95 53 law
631 2704 54 52 of
707 2723 234 51 progress
967 2704 55 52 in
1049 2721 203 35 organic
1290 2702 380 70 development;
1697 2702 42 52 it
1763 2702 43 52 is
1833 2706 87 47 the
1946 2720 116 34 con-

120 2774 160 53 scious
306 2776 269 71 intending
603 2778 55 52 of
687 2783 89 47 the
802 2778 140 52 mind
970 2783 53 47 to
1051 2776 222 54 external
1296 2776 229 64 realities,
1553 2781 88 48 the
1667 2775 306 70 submitting
2011 2775 57 53 of

119 2851 84 48 the
228 2849 401 72 understanding
653 2856 53 48 to
733 2852 189 70 things,
950 2852 54 51 in
1031 2856 142 48 other
1189 2850 178 64 words,
1385 2849 87 53 the
1496 2849 283 70 increasing
1806 2848 258 71 speciality

121 2920 54 51 of
212 2921 213 56 internal
456 2925 307 71 adjustment
796 2931 55 47 to
883 2925 221 53 external
1136 2925 359 70 impressions;
1538 2923 101 53 and
1671 2929 87 47 the
1783 2922 158 53 result
1966 2923 41 52 is
2035 2943 29 32 a

121 2993 189 74 victory
334 2997 67 72 by
427 2998 285 66 obedience,
742 3018 64 34 an
844 2999 280 52 individual
1162 2999 223 52 increase
1418 2997 226 52 through
1682 3002 291 47 adaptation
2006 3002 55 47 to

122 3071 223 53 outward
388 3072 253 66 relations,
683 3074 51 51 in
790 3073 304 53 accordance
1134 3072 120 52 with
1305 3077 88 47 the
1438 3070 244 54 so-called
1722 3071 243 71 principle
2011 3071 55 52 of

121 3144 197 52 natural
362 3145 250 54 selection.
689 3147 105 52 The
828 3146 188 53 mental
1050 3146 224 71 capacity
1302 3145 55 53 of
1395 3164 95 33 one
1525 3164 112 33 who
1668 3145 44 52 is
1748 3144 234 53 deprived
2011 3145 55 52 of

124 3233 93 51 any
243 3236 93 34 one
363 3219 54 52 of
438 3219 78 53 his
544 3240 185 46 senses,
758 3221 162 52 which
946 3239 82 34 are
1053 3220 86 53 the
1163 3221 146 51 inlets
1334 3224 54 48 to
1414 3219 324 52 impressions
1764 3218 131 53 from
1914 3225 146 46 with-

125 3306 103 46 out,
258 3310 54 32 or
331 3298 87 47 the
444 3312 247 51 gateways
709 3295 53 51 of
785 3294 312 71 knowledge,
1124 3294 43 52 is
1193 3294 98 52 less
1316 3298 127 47 than
1461 3298 112 46 that
1600 3293 55 52 of
1678 3312 94 33 one
1799 3293 112 51 who
1936 3293 43 50 is
2006 3293 55 51 in

124 3361 85 52 the
233 3363 94 53 full
351 3385 284 51 possession
651 3369 55 52 of
729 3368 65 53 all
810 3369 77 52 his
905 3388 197 45 senses;
1137 3367 97 53 and
1249 3373 87 47 the
1357 3371 140 66 great
1524 3366 242 53 advances
1792 3366 52 52 in
1870 3384 191 35 science

125 3433 122 54 have
272 3439 270 72 uniformly
569 3442 360 52 corresponded
957 3442 122 52 with
1105 3442 86 52 the
1216 3441 260 52 invention
1503 3441 53 52 of
1594 3459 136 33 some
1754 3440 306 51 instrument

126 3505 66 72 by
217 3510 161 54 which
402 3518 87 47 the
514 3534 166 50 power
707 3516 54 52 of
796 3521 87 47 the
910 3534 165 34 senses
1101 3515 92 53 has
1219 3515 125 52 been
1370 3515 272 62 increased,
1671 3532 55 33 or
1750 3513 130 52 their
1905 3531 155 51 range

128 3581 53 51 of
227 3589 165 48 action
432 3588 261 53 extended.
770 3589 308 70 Astronomy
1120 3589 43 52 is
1203 3593 113 47 that
1355 3587 165 53 which
1558 3592 87 46 the
1685 3605 86 33 eye
1805 3586 89 52 has
1933 3586 128 52 been

128 3654 202 55 enabled
377 3664 56 48 to
492 3680 79 34 see
614 3661 68 70 by
725 3667 86 48 the
855 3662 283 71 telescope;
1190 3667 87 47 the
1311 3661 298 53 revelations
1653 3660 54 52 of
1742 3660 87 52 the
1872 3660 187 52 inmost
