2107 3450
284 175 244 35 LANGUAGE
561 175 53 31 OF
647 173 159 32 FACIAL
840 169 274 36 EXPRESSION
1150 171 92 30 AND
1276 167 215 36 GESTURE.
1657 154 55 42 95

61 297 185 43 animals
264 314 8 35 ;
305 298 77 41 but
401 297 52 42 he
468 310 99 42 says
586 294 186 58 nothing
790 291 229 58 regarding
1034 291 35 42 it
1086 290 97 42 that
1198 289 169 55 applies
1386 288 43 41 in
1449 301 85 41 any
1551 284 163 57 special

61 381 95 42 way
180 374 44 36 to
247 368 207 42 children.

119 440 77 55 (h.)
231 438 433 44 Blushing.—About
682 437 74 42 the
774 450 307 42 phenomenon
1099 433 47 43 of
1160 431 221 56 blushing,
1395 429 182 43 Darwin
1598 428 78 42 has
1692 443 24 26 a

57 516 123 48 great
201 511 94 41 deal
322 511 95 41 that
441 511 35 40 is
506 509 262 43 interesting
790 513 44 37 to
857 522 88 28 say.
1010 506 72 43 He
1105 503 317 45 distinguishes
1445 502 36 41 it
1506 501 110 41 from
1641 500 74 42 the

59 583 193 40 flushing
274 583 47 40 of
350 595 111 35 rage,
485 581 141 42 which
651 581 36 42 is
720 594 202 29 common
946 584 44 37 to
1025 592 98 28 man
1150 577 85 42 and
1260 589 119 29 some
1402 575 48 40 of
1479 573 75 42 the
1581 572 134 42 lower

58 654 210 42 animals;
315 654 85 41 and
440 653 125 41 holds
608 653 97 41 that
744 651 209 42 blushing
990 651 36 41 is
1065 650 74 42 the
1175 654 116 36 most
1334 645 174 56 strictly
1547 643 166 43 human

58 727 48 41 of
139 726 58 41 all
231 739 300 42 expressions;
564 724 96 42 that
693 724 36 41 it
766 728 161 37 cannot
961 723 51 42 be
1046 720 218 58 produced
1301 720 57 56 by
1392 733 88 41 any
1514 731 200 43 physical

59 811 173 28 means;
274 796 86 42 and
399 800 96 38 that
537 795 75 43 the
655 794 226 56 psychical
925 795 224 42 condition
1195 792 144 43 which
1383 804 140 29 seems
1567 803 148 28 neces-

58 884 96 39 sary
182 869 64 41 for
269 868 56 42 its
358 868 259 55 production
657 868 36 42 is
726 867 435 43 self-consciousness
1200 865 85 42 and
1320 863 314 44 sensitiveness
1670 866 45 38 to

59 942 74 42 the
185 941 201 42 opinions
444 941 45 41 of
543 940 125 42 other
710 954 155 43 people
909 939 234 55 regarding
1190 937 201 56 personal
1433 949 283 43 appearance,

58 1013 202 43 conduct,
283 1020 77 35 etc.
415 1013 71 42 He
505 1013 143 42 shows
668 1013 98 42 that
789 1014 130 41 idiots
943 1012 54 42 do
1022 1018 76 36 not
1122 1010 142 52 blush,
1282 1010 87 42 and
1394 1009 96 42 that
1510 1008 208 55 blushing

60 1100 134 27 never
235 1099 149 28 occurs
431 1086 45 41 in
532 1100 104 40 very
680 1086 119 55 early
842 1085 191 41 infancy.
1127 1082 237 43 Excessive
1419 1081 208 54 blushing
1681 1081 37 40 is

60 1157 252 57 frequently
359 1173 53 27 an
468 1158 220 42 inherited
736 1158 276 55 peculiarity.
1096 1155 147 42 When
1294 1154 73 42 the
1415 1153 221 54 tendency
1679 1153 37 41 is

59 1229 199 56 strongly
281 1230 253 54 developed,
555 1230 36 41 it
615 1244 99 41 may
738 1243 161 41 appear
921 1235 46 35 at
992 1228 74 42 the
1088 1241 77 41 age
1189 1227 44 41 of
1255 1231 87 37 two
1366 1240 47 27 or
1436 1225 121 46 three
1580 1239 138 41 years.

60 1301 72 42 He
154 1301 78 41 has
256 1315 122 28 notes
401 1302 46 40 of
466 1306 85 36 two
574 1301 116 42 little
712 1301 105 55 girls
838 1300 209 42 blushing
1069 1304 45 37 at
1137 1299 74 41 the
1235 1313 90 41 age,
1343 1298 48 41 of
1410 1298 198 41 between
1632 1302 87 36 two

60 1373 85 42 and
189 1374 121 41 three
352 1387 137 41 years,
532 1373 86 41 and
663 1373 45 41 of
751 1372 184 42 another
979 1376 212 37 sensitive
1231 1369 120 42 child
1385 1383 25 27 a
1443 1382 105 42 year
1585 1368 135 51 older,

58 1445 208 42 blushing
306 1444 124 42 when
469 1444 210 55 reproved
717 1445 66 41 for
817 1458 25 27 a
880 1443 139 42 fault;
1051 1442 87 42 and
1176 1443 54 41 he
1270 1446 135 38 states
1443 1441 100 42 that
1584 1455 136 40 many

58 1517 209 42 children,
290 1521 45 36 at
367 1530 24 27 a
424 1515 239 43 somewhat
698 1530 117 27 more
848 1514 226 43 advanced
1101 1529 92 41 age,
1218 1513 129 43 blush
1382 1514 47 41 in
1463 1528 25 27 a
1521 1514 199 56 strongly

57 1589 181 42 marked
274 1602 190 28 manner.
528 1587 162 57 Young
721 1587 155 56 people
909 1587 165 42 always
1108 1586 129 42 blush
1278 1600 120 28 more
1436 1585 140 56 freely
1611 1586 109 42 than

59 1662 75 41 the
157 1661 82 41 old.
303 1661 71 41 He
408 1660 77 42 has
517 1674 25 28 a
580 1660 109 56 good
723 1660 94 42 deal
854 1665 44 37 to
935 1674 77 28 say
1046 1664 135 37 about
1214 1659 197 56 Shyness
1444 1673 46 27 as
1526 1673 25 28 a
1589 1673 129 29 cause

58 1734 45 41 of
145 1733 219 42 blushing.
428 1733 71 41 He
545 1746 111 42 says,
698 1732 146 42 "with
889 1746 149 42 young
1072 1731 202 43 children
1306 1732 37 41 it
1375 1731 37 42 is
1456 1731 191 42 difficult
1678 1739 43 35 to

58 1805 267 43 distinguish
348 1804 200 43 between
581 1806 91 41 fear
701 1805 87 42 and
812 1805 197 55 shyness,
1035 1805 79 41 but
1147 1804 88 42 this
1257 1804 133 42 latter
1423 1803 165 43 feeling
1611 1809 107 37 with

60 1877 120 43 them
204 1878 78 40 has
320 1877 121 41 often
475 1877 174 42 seemed
682 1882 44 37 to
759 1891 69 28 me
863 1884 43 35 to
940 1877 181 54 partake
1145 1876 44 42 of
1221 1876 76 42 the
1320 1876 225 42 character
1567 1876 46 41 of
1645 1876 76 42 the

61 1949 204 44 wildness
289 1950 44 41 of
362 1964 54 27 an
440 1949 211 43 untamed
674 1949 205 42 animal."
946 1950 51 41 In
1022 1964 81 27 one
1127 1949 43 42 of
1205 1949 69 41 his
1310 1963 97 27 own
1442 1948 200 42 children
1666 1949 56 43 he

61 2022 175 42 noticed
275 2036 25 28 a
338 2027 116 37 trace
489 2021 44 42 of
571 2022 185 42 shyness
789 2028 46 36 at
873 2022 75 42 the
983 2036 77 41 age
1093 2022 47 41 of
1179 2026 86 37 two
1308 2034 127 43 years
1473 2021 87 41 and
1599 2021 122 44 three

61 2094 188 42 months.
315 2095 43 40 It
382 2108 87 28 was
502 2094 164 42 shown,
689 2098 79 38 not
792 2095 57 41 by
874 2109 24 27 a
921 2094 144 42 blush,
1087 2094 81 42 but
1191 2094 58 41 by
1271 2093 75 42 the
1376 2107 102 42 eyes
1501 2093 132 57 being
1655 2094 67 42 for

58 2183 25 26 a
106 2167 84 41 few
213 2166 193 42 minutes
428 2166 183 56 slightly
635 2167 159 41 turned
825 2166 130 43 aside.
1020 2166 72 42 He
1115 2166 155 42 thinks
1292 2165 99 42 that
1413 2165 198 56 shyness,
1634 2168 88 42 and

57 2238 391 44 shamefacedness,
481 2238 85 41 and
601 2238 88 42 real
723 2238 163 42 shame,
911 2253 71 27 are
1016 2238 252 43 sometimes
1301 2238 229 43 exhibited
1564 2239 44 41 in
1645 2239 74 42 the

57 2325 102 30 eyes
191 2311 46 42 of
269 2324 149 42 young
450 2310 197 42 children
682 2310 147 43 before
862 2311 107 42 they
1002 2310 112 43 have
1146 2310 207 43 acquired
1387 2310 75 43 the
1496 2325 148 42 power
1676 2314 45 41 of

56 2383 219 43 blushing.
339 2382 72 43 He
443 2382 127 43 holds
603 2382 109 52 that,
736 2397 47 28 as
816 2382 186 56 shyness
1025 2382 263 57 apparently
1313 2383 195 43 depends
1536 2399 55 27 on
1617 2386 103 41 self-

57 2455 230 42 attention,
310 2459 20 16 "
348 2469 62 28 we
432 2469 80 27 can
537 2455 199 55 perceive
754 2455 98 42 how
876 2455 116 42 right
1016 2469 71 28 are
1110 2454 126 43 those
1260 2454 97 42 who
1383 2456 215 42 maintain
1623 2457 99 42 that

56 2527 322 56 reprehending
415 2527 197 42 children
647 2527 66 42 for
745 2527 198 56 shyness,
981 2527 175 43 instead
1189 2528 45 42 of
1271 2528 135 56 doing
1442 2528 123 43 them
1598 2530 124 55 good,

18 2615 3 23 ;
57 2601 103 42 does
192 2600 132 43 much
347 2600 137 51 harm,
506 2614 46 28 as
583 2599 38 42 it
652 2599 107 43 calls
787 2600 115 42 their
935 2601 220 42 attention
1192 2601 93 42 still
1319 2616 120 28 more
1472 2602 165 43 closely
1675 2608 46 37 to

57 2671 303 46 themselves."
425 2672 272 43 Remarking
731 2687 55 27 on
822 2673 73 41 the
931 2673 185 43 absence
1140 2674 48 42 of
1214 2674 438 43 self-consciousness
1675 2675 47 42 in

59 2746 197 44 children
280 2750 46 37 at
347 2760 25 28 a
393 2759 107 42 very
522 2744 119 56 early
665 2759 89 42 age,
777 2745 55 43 he
862 2760 100 42 says
986 2746 98 42 that
1112 2749 21 20 "
1150 2746 35 42 it
1217 2746 38 43 is
1283 2760 82 29 one
1388 2747 47 42 of
1465 2746 117 43 their
1605 2748 118 42 chief

59 2819 172 42 charms
253 2822 99 38 that
374 2817 108 43 they
504 2817 132 42 think
671 2817 186 57 nothing
878 2818 135 42 about
1036 2818 120 42 what
1183 2818 147 43 others
1354 2818 132 42 think
1510 2819 47 42 of
1587 2819 133 42 them.

58 2891 63 42 At
156 2891 88 42 this
266 2890 119 56 early
409 2904 77 42 age
518 2889 105 43 they
647 2889 92 43 will
772 2895 115 37 stare
920 2894 46 38 at
998 2905 25 27 a
1049 2895 200 38 stranger
1281 2890 108 42 with
1423 2905 24 27 a
1470 2891 116 42 fixed
1618 2905 105 41 gaze

59 2962 85 42 and
168 2962 266 56 unblinking
456 2976 113 41 eyes,
588 2975 45 29 as
656 2976 53 28 on
735 2977 54 27 an
810 2962 242 42 inanimate
1076 2962 156 55 object,
1256 2962 44 41 in
1325 2976 25 27 a
1373 2975 185 29 manner
1578 2962 143 42 which

60 3048 64 28 we
148 3034 139 43 elders
310 3040 162 36 cannot
499 3033 207 43 imitate."
