2107 3450
700 269 151 31 MOTOR
885 269 195 31 APHASIA
1116 258 256 55 (aPHKMIA).

1783 260 83 42 317

210 395 102 42 only
338 393 107 42 kind
469 393 161 41 known
658 397 46 36 at
728 391 67 41 his
825 390 150 55 epoch,
1006 395 8 15 '
1035 389 188 43 Usually
1249 389 73 42 the
1357 389 178 56 aphasic
1569 389 35 42 is
1641 393 76 38 not
1749 404 119 28 more

209 466 97 43 able
345 471 43 37 to
424 477 176 30 express
638 463 68 42 his
747 462 209 42 thoughts
1002 461 42 43 in
1091 461 158 43 speech
1291 460 105 42 than
1439 461 44 41 in
1526 460 201 55 writing;
1769 461 99 52 and,

209 537 210 44 although
456 536 54 42 he
545 536 78 41 has
659 534 197 43 retained
892 534 73 42 the
1001 538 272 38 movements
1307 534 44 41 of
1384 533 69 41 his
1491 532 139 42 hands
1663 532 86 42 and
1788 546 81 28 can

210 624 174 41 employ
422 609 119 42 them
582 607 107 42 with
727 621 46 27 as
814 606 130 42 much
984 605 281 43 intelligence
1304 619 47 28 as
1396 604 221 56 formerly,
1650 604 54 42 he
1743 605 37 41 is
1823 618 47 30 as

210 680 229 44 incapable
473 680 48 42 of
554 678 256 56 composing
852 692 24 27 a
914 677 117 42 word
1066 676 108 43 with
1209 676 75 43 the
1319 691 84 41 pen
1437 690 46 28 as
1519 675 53 43 he
1605 675 36 43 is
1677 675 45 42 of
1753 690 117 28 com-

212 767 154 43 posing
387 753 36 41 it
447 753 64 41 for
533 752 57 42 its
614 764 188 43 purpose
825 751 48 41 of
891 749 250 57 speech."'1

272 824 296 43 Rosenstein's
588 838 108 37 case,
715 822 178 56 already
911 822 164 56 quoted
1101 822 129 55 (Case
1256 821 118 57 III.),
1397 821 143 43 shows
1570 822 299 55 conclusively

214 895 95 45 that
332 910 24 27 a
388 895 137 43 lesion
560 894 172 43 strictly
758 894 172 42 limited
954 899 44 37 to
1023 894 75 42 the
1130 893 121 43 third
1277 893 160 42 frontal
1461 893 285 42 convolution
1769 907 102 41 may

213 969 53 42 be
288 982 46 28 as
358 968 270 42 destructive
651 974 44 35 to
719 967 74 43 the
816 982 146 41 power
985 968 45 40 of
1054 967 174 55 writing
1251 981 46 27 as
1321 966 35 42 it
1380 966 36 42 is
1441 970 43 38 to
1515 966 98 42 that
1635 966 47 42 of
1701 965 170 56 speech.

273 1041 45 42 It
339 1041 37 42 is
404 1039 270 57 universally
697 1039 227 53 admitted,
958 1039 214 43 however,
1207 1045 97 36 that
1338 1038 121 43 there
1492 1053 71 28 are
1596 1038 274 56 exceptional

213 1128 132 28 cases,
376 1113 48 42 in
462 1112 145 43 which
645 1112 207 56 patients,
891 1112 257 56 presenting
1186 1111 216 56 typically
1439 1111 74 43 the
1546 1116 246 52 symptoms
1831 1113 50 40 of

214 1199 140 28 motor
377 1198 180 28 aphasia
582 1183 43 43 in
651 1184 114 42 their
787 1183 167 56 spoken
989 1183 172 56 speech,
1184 1198 81 27 can
1288 1188 77 51 yet
1397 1196 179 29 express
1606 1182 267 43 themselves

214 1257 214 42 correctly
450 1256 45 43 in
523 1263 353 49 writing,—thus
900 1255 200 43 showing
1132 1255 98 42 that
1253 1256 106 54 they
1384 1255 111 43 have
1519 1255 215 56 mentally
1756 1255 118 43 little

213 1344 47 27 or
284 1344 55 26 no
362 1329 195 42 amnesia
575 1329 200 42 verbalis.
832 1329 44 41 It
894 1329 36 41 is
947 1328 223 55 generally
1195 1327 199 43 believed
1419 1327 96 43 that
1538 1327 46 42 in
1608 1328 123 42 these
1755 1342 119 28 cases

212 1401 75 42 the
309 1401 139 42 lesion
473 1401 36 41 is
533 1406 78 36 not
633 1399 190 43 cortical,
847 1401 81 41 but
949 1399 310 43 sub-cortical;
1281 1399 86 42 and
1394 1399 96 42 that
1507 1400 33 41 it
1561 1400 36 42 is
1616 1414 46 28 so
1681 1404 193 38 situated

212 1488 47 27 as
283 1478 43 37 to
351 1480 75 35 cut
447 1487 145 28 across
615 1472 74 43 the
711 1472 231 56 pathways
976 1471 177 43 leading
1177 1477 43 36 to
1254 1471 75 42 the
1363 1486 157 41 organs
1553 1472 47 41 of
1630 1480 243 47 phonation

212 1545 84 41 and
321 1545 295 41 articulation,
642 1544 147 42 whilst
818 1544 37 42 it
885 1544 147 42 leaves
1065 1544 141 42 intact
1239 1543 75 43 the
1349 1544 230 55 pathways
1613 1544 262 56 connecting

211 1615 74 42 the
324 1620 139 37 motor
495 1615 330 56 speech-centre
862 1615 106 42 with
1011 1615 71 42 the
1122 1620 170 37 centres
1328 1616 65 41 for
1433 1616 184 56 writing.
1695 1616 181 43 Gowers

211 1689 59 55 (p.
298 1688 102 55 106)
425 1688 122 56 gives
570 1703 24 27 a
617 1688 195 56 diagram
837 1687 273 43 illustrating
1133 1688 90 42 this
1247 1688 263 56 possibility.

271 1761 102 50 But,
407 1761 206 56 granting
652 1761 99 41 that
789 1760 74 43 the
896 1761 207 42 majority
1139 1761 47 42 of
1221 1761 123 42 these
1383 1775 121 29 cases
1543 1776 101 41 may
1682 1762 104 42 thus
1825 1763 50 42 be

211 1834 188 41 referred
422 1841 45 34 to
490 1833 76 43 the
589 1839 202 50 category
815 1834 44 41 of
882 1848 119 28 cases
1025 1833 85 42 due
1134 1838 44 37 to
1211 1833 287 43 sub-cortical
1520 1834 153 42 lesion,
1698 1835 21 41 I
1744 1835 131 42 think

212 1907 34 40 it
271 1906 64 42 far
358 1907 113 41 from
494 1907 165 41 certain
694 1910 97 38 that
814 1905 88 43 this
926 1906 277 55 exceptional
1236 1907 222 42 retention
1486 1907 48 42 of
1555 1907 75 43 the
1663 1921 146 42 power
1831 1908 46 42 of

215 1979 173 55 writing
410 1980 37 41 is
481 1978 165 43 always
670 1984 44 36 to
748 1978 53 42 be
836 1993 46 27 so
916 1978 246 56 explained.
1227 1979 139 42 There
1399 1979 50 52 is,
1473 1980 65 42 for
1570 1980 216 56 example,
1809 1981 67 41 Dr

212 2051 115 41 Wm.
354 2051 143 42 Ogle's
520 2065 97 28 case
642 2051 128 55 (Case
794 2050 113 56 IV.),
929 2051 46 41 in
1000 2050 143 43 which
1168 2050 75 43 the
1276 2051 91 42 foot
1391 2052 47 41 of
1458 2052 74 42 the
1566 2052 120 43 third
1711 2053 165 42 frontal

213 2123 282 42 convolution
538 2138 86 27 was
660 2137 159 28 almost
862 2123 164 56 wholly
1064 2123 247 56 destroyed,
1348 2124 86 41 and
1472 2130 77 50 yet
1586 2124 75 43 the
1703 2125 173 55 patient

211 2196 141 42 could,
375 2197 47 41 in
449 2196 186 55 writing,
659 2210 176 28 express
867 2195 183 43 himself
1079 2201 147 50 pretty
1251 2196 225 56 correctly,
1499 2197 167 56 though
1701 2197 54 43 he
1787 2212 88 28 was

211 2269 232 43 otherwise
477 2268 214 58 typically
724 2268 190 56 aphasic.
978 2268 46 43 Is
1056 2268 38 42 it
1126 2273 78 37 not
1237 2268 190 56 possible
1462 2269 97 42 that
1581 2269 99 43 that
1702 2270 174 56 patient

212 2355 86 28 was
332 2340 229 56 markedly
592 2340 182 56 auditif,
806 2340 88 42 and
927 2340 97 42 that
1063 2340 66 42 his
1168 2340 123 42 vivid
1332 2340 204 56 auditory
1567 2342 308 42 word-images

210 2426 113 29 were
357 2412 44 42 in
441 2412 266 43 themselves
741 2411 268 57 sufficiently
1033 2416 156 52 potent
1222 2416 44 38 to
1300 2411 85 43 call
1420 2426 58 42 up
1511 2412 76 43 the
1618 2412 258 44 equivalent

211 2485 145 43 visual
388 2485 86 43 and
507 2490 142 38 motor
681 2485 163 57 images
878 2485 46 41 in
957 2484 76 43 the
1068 2484 177 43 writing
1279 2490 171 37 centres
1470 2487 14 40 ?
1549 2485 22 42 I
1606 2485 54 42 do
1694 2491 78 37 not
1804 2500 72 29 see

212 2558 97 41 how
334 2558 74 43 the
431 2558 207 56 patient's
673 2558 219 42 retention
917 2557 46 43 of
986 2557 74 43 the
1093 2572 149 42 power
1263 2557 45 42 of
1342 2557 177 57 writing
1541 2572 79 28 can
1657 2559 51 41 be
1733 2558 142 43 other-

215 2631 101 43 wise
340 2631 246 42 explained.
650 2630 105 43 And
779 2631 121 56 then,
925 2630 371 57 again,—always
1320 2631 244 56 supposing
1597 2631 74 43 the
1693 2632 185 56 guiding

213 2702 333 56 psycho-motor
570 2703 165 56 images
761 2704 63 41 for
847 2702 90 43 oral
965 2702 160 43 speech
1149 2707 45 38 to
1219 2703 51 43 be
1294 2702 213 57 specially
1541 2703 146 42 stored
1722 2704 45 41 in
1802 2703 75 43 the

217 2776 89 40 foot
329 2774 45 42 of
395 2774 75 42 the
494 2774 119 43 third
638 2775 161 42 frontal
830 2775 400 43 convolution,—is
1253 2775 35 42 it
1312 2780 79 38 not
1423 2775 192 56 possible
1649 2776 109 42 that,
1782 2776 45 42 in
1852 2791 26 27 a

213 2861 97 28 case
332 2846 46 42 in
406 2846 144 43 which
576 2847 88 43 this
698 2847 286 43 convolution
1009 2848 79 43 has
1122 2848 184 43 escaped
1341 2848 131 43 while
1506 2848 76 43 the
1614 2849 90 43 feet
1726 2849 47 41 of
1802 2849 75 43 the

214 2918 238 57 ascending
477 2919 159 43 frontal
661 2920 84 42 and
780 2920 239 56 ascending
1042 2920 186 57 parietal
1251 2920 113 43 have
1397 2921 109 42 been
1532 2921 247 55 destroyed,
1804 2921 74 42 the

217 2990 305 56 word-images
547 2991 164 42 formed
741 2992 42 41 in
824 2991 74 43 the
932 2992 92 42 foot
1060 2993 44 41 of
1141 2992 72 43 the
1251 2993 118 41 third
1402 2993 163 42 frontal
1594 3008 72 28 are
1697 2993 181 43 capable

825 3134 10 23 1
866 3133 93 37 Clin.
980 3134 111 44 Med.,
1112 3144 35 38 p.
1172 3135 79 36 718.
