2107 3450
591 326 166 32 SPEECH
792 325 47 32 IN
873 324 244 32 DEMENTIA.

1600 311 83 41 221

32 452 202 56 walking,
259 449 196 47 washing
488 449 73 42 the
595 446 153 46 hands,
772 447 85 42 and
886 444 238 56 buttoning
1148 443 73 43 the
1246 443 131 42 dress.
1443 441 170 56 Lastly,
1638 443 43 41 in

31 524 73 42 the
129 523 116 43 third
267 536 133 43 stage,
423 521 72 43 the
522 520 121 42 mind
674 520 36 41 is
744 532 174 29 sunken
941 516 109 56 deep
1074 515 45 42 in
1144 513 249 53 dementia;
1426 513 74 42 the
1524 512 159 57 speech

31 596 155 56 totally
210 594 296 43 inarticulate;
530 592 85 43 and
634 591 74 44 the
731 591 116 56 hody
870 587 245 59 paralysed,
1138 590 78 39 not
1238 600 106 42 only
1366 585 46 42 in
1435 585 58 42 its
1516 599 169 42 powers

28 667 44 42 of
96 666 234 56 voluntary
351 668 264 40 movement,
636 664 81 42 but
731 662 91 43 also
840 675 109 29 even
974 659 148 57 partly
1141 659 44 41 in
1219 658 59 42 its
1295 656 197 51 reflexes,
1515 669 47 29 so
1586 655 98 42 that

30 739 170 42 feeding
216 743 118 37 must
356 738 52 42 be
432 736 211 56 carefully
666 733 260 58 performed,
947 732 86 43 lest
1055 731 74 43 the
1153 733 173 54 patient
1348 727 160 45 should
1531 727 152 53 choke,

27 810 142 55 owing
190 813 44 38 to
257 807 214 57 paralysis
493 808 45 42 of
560 807 75 42 the
657 804 131 45 reflex
814 806 64 41 for
897 803 276 44 deglutition.
1239 801 134 43 Utter
1391 799 99 43 ruin
1508 799 44 42 of
1576 798 107 43 both

27 878 119 45 mind
169 879 87 43 and
279 879 116 42 body
419 878 127 43 could
570 883 78 37 not
680 878 51 42 be
756 891 119 28 more
898 875 184 44 terribly
1105 873 239 45 exhibited.
1410 871 273 52 Mercifully,

25 952 45 41 in
94 965 23 28 a
140 956 122 52 great
283 951 187 43 number
492 951 47 43 of
558 965 131 29 cases,
712 950 147 43 before
883 949 88 43 this
995 963 120 28 stage
1138 948 38 42 is
1209 945 197 52 reached,
1427 945 77 43 life
1537 945 38 42 is
1607 949 76 38 cut

25 1023 120 42 short
169 1024 57 55 by
249 1038 81 29 one
354 1023 44 44 of
420 1024 75 42 the
518 1027 20 18 "
557 1023 251 43 congestive
824 1021 20 17 "
868 1036 48 29 or
938 1020 296 58 epileptiform
1258 1018 173 44 attacks
1456 1023 98 37 that
1576 1017 108 44 tend

26 1101 43 37 to
102 1110 128 28 occur
262 1096 44 41 in
342 1096 74 43 the
449 1110 151 29 course
633 1096 45 42 of
711 1095 74 43 the
819 1094 181 43 disease,
1023 1097 108 38 with
1165 1091 249 57 increasing
1440 1090 242 44 frequency

27 1168 112 42 from
162 1168 73 43 the
260 1170 93 41 first
375 1173 121 38 stage
520 1182 210 29 onwards.

86 1241 54 42 In
160 1241 87 43 this
266 1241 166 56 typical
451 1255 164 29 course,
639 1240 74 42 the
735 1240 166 42 disease
919 1238 219 57 proceeds,
1154 1252 46 28 as
1214 1237 38 42 it
1268 1251 126 35 were,
1411 1236 114 42 from
1544 1249 138 30 above

24 1312 431 43 downwards—first
470 1313 123 42 mind
614 1313 36 42 is
666 1312 183 42 affected
873 1311 87 42 and
984 1311 105 42 then
1107 1309 167 43 motion
1293 1325 9 37 ;
1334 1308 87 43 and
1456 1308 76 43 the
1557 1308 123 43 mind

24 1384 196 56 displays
257 1385 72 42 the
368 1385 166 56 typical
573 1390 238 37 exaltation
849 1383 97 42 that
983 1383 78 42 has
1100 1382 109 43 been
1243 1381 193 43 referred
1470 1384 54 39 to.
1590 1381 91 42 But

23 1456 120 43 there
179 1471 70 28 are
288 1471 135 42 many
445 1470 118 29 cases
598 1457 45 40 in
669 1456 145 41 which
849 1455 74 42 the
959 1453 167 57 typical
1159 1467 153 29 course
1345 1453 37 42 is
1406 1457 77 38 not
1506 1452 174 57 strictly

22 1529 190 42 adhered
235 1534 54 37 to.
354 1529 54 42 In
435 1529 72 41 the
531 1529 94 41 first
647 1527 134 56 place,
805 1527 122 42 there
951 1527 37 41 is
1011 1541 25 27 a
1058 1540 138 41 group
1215 1525 44 42 of
1282 1539 120 28 cases
1426 1524 99 43 that
1546 1539 136 29 never

21 1601 173 56 display
211 1601 73 42 the
303 1601 166 55 typical
486 1604 240 39 exaltation
748 1605 106 36 with
874 1598 224 43 delusions
1117 1598 44 42 of
1183 1597 229 57 grandeur.
1479 1597 54 42 In
1557 1597 124 44 these

20 1673 74 42 the
117 1673 166 42 mental
306 1673 158 42 failure
487 1679 87 36 sets
598 1672 45 41 in
668 1676 109 38 with
810 1670 159 44 simple
1002 1670 87 43 loss
1113 1670 45 42 of
1181 1683 198 44 memory
1402 1669 88 43 and
1511 1669 171 43 mental

20 1759 155 41 power,
217 1745 87 42 and
348 1751 118 36 often
512 1749 109 38 with
665 1744 254 43 depression
955 1744 44 41 of
1034 1743 160 43 spirits.
1261 1743 91 42 But
1393 1743 124 43 these
1560 1758 121 29 cases

18 1821 178 51 present
238 1816 74 43 the
357 1831 118 28 same
519 1815 157 57 speech
721 1815 312 57 peculiarities,
1069 1815 86 42 and
1187 1829 84 28 run
1306 1814 254 58 ultimately
1604 1816 76 43 the

18 1904 118 29 same
160 1903 161 29 course,
345 1904 45 28 as
414 1903 118 29 cases
555 1892 97 39 that
685 1888 112 43 have
831 1888 75 43 the
939 1888 226 42 delusions
1203 1887 46 43 of
1282 1887 229 57 grandeur.
1578 1888 55 43 In
1656 1903 26 28 a

19 1962 115 41 third
160 1976 150 42 group,
335 1962 72 42 the
446 1966 142 38 motor
623 1966 245 52 symptoms
906 1975 102 42 may
1033 1975 161 42 appear
1227 1960 149 43 before
1400 1960 75 44 the
1500 1961 180 52 mental,

20 2033 87 43 and
146 2034 109 43 keep
293 2035 44 41 in
378 2034 193 42 advance
605 2034 44 42 of
687 2034 121 42 them
842 2033 159 43 almost
1025 2033 282 57 throughout.
1372 2033 148 42 When
1545 2033 23 42 I
1593 2048 89 30 was

21 2106 179 57 making
222 2121 75 42 my
321 2111 122 38 notes
467 2107 43 42 of
533 2121 118 28 cases
689 2111 46 38 at
774 2106 75 43 the
886 2106 205 57 Asylum,
1115 2120 82 29 one
1233 2120 107 42 poor
1373 2120 102 28 man
1509 2106 46 43 in
1591 2107 89 43 this

22 2179 224 43 condition
288 2193 85 29 was
410 2179 182 56 pointed
628 2183 77 38 out
748 2183 43 38 to
835 2193 79 28 me.
995 2178 85 43 His
1119 2182 141 38 motor
1298 2178 227 43 functions
1565 2194 115 28 were

21 2251 158 57 deeply
202 2251 206 43 involved
431 2251 87 43 and
552 2251 69 43 his
645 2250 157 44 speech
842 2250 134 43 much
1010 2250 198 43 affected,
1231 2251 81 41 but
1349 2251 70 42 his
1456 2251 125 43 mind
1613 2267 65 28 re-

20 2323 176 44 mained
220 2324 343 56 comparatively
588 2324 126 42 clear,
737 2323 87 43 and
849 2322 56 44 he
929 2322 174 44 seemed
1135 2326 45 39 to
1203 2323 159 43 realize
1385 2323 71 44 his
1479 2338 99 28 own
1602 2325 77 43 sad

19 2396 223 43 condition
266 2396 46 42 in
335 2410 25 28 a
382 2410 183 28 manner
586 2396 99 42 that
708 2396 36 42 is
767 2410 95 29 rare
884 2409 160 43 among
1066 2395 176 56 general
1265 2401 249 51 paralytics.

79 2468 43 42 It
144 2468 36 42 is
206 2467 97 44 well
327 2468 162 42 known
514 2467 96 43 that
633 2467 75 43 the
732 2467 176 43 victims
931 2468 48 41 of
1011 2466 89 43 this
1136 2467 169 43 disease
1343 2481 72 30 are
1453 2470 226 57 generally

17 2554 98 29 men
140 2540 46 42 in
211 2540 73 43 the
316 2541 141 56 prime
492 2541 44 42 of
571 2540 89 44 life,
686 2540 86 43 and
808 2545 119 38 often
964 2539 257 58 previously
1245 2540 45 42 of
1324 2541 87 43 fine
1447 2542 232 58 physique.

18 2612 123 42 Hard
164 2612 140 57 living
327 2613 84 42 and
428 2613 271 57 dissipation,
715 2612 237 58 especially
971 2613 37 42 if
1027 2612 242 44 associated
1287 2613 107 43 with
1417 2614 110 43 hard
1546 2617 136 53 work,

19 2685 198 54 physical
240 2700 46 28 or
307 2686 180 43 mental,
503 2701 74 28 are
601 2686 177 57 usually
800 2685 210 44 regarded
1032 2700 47 29 as
1102 2686 59 43 its
1184 2690 116 39 most
1322 2692 158 51 potent
1503 2703 178 41 causes;

21 2756 74 44 the
118 2758 212 44 influence
355 2760 46 42 of
419 2759 201 57 heredity
644 2759 131 56 being
798 2759 57 57 by
879 2773 56 28 no
959 2773 151 30 means
1135 2774 46 28 so
1204 2760 181 43 marked
1421 2776 46 28 as
1501 2761 37 43 it
1569 2762 38 43 is
1632 2763 47 42 in

22 2828 74 43 the
118 2844 96 28 case
237 2831 46 42 of
302 2831 123 43 other
447 2832 135 42 forms
606 2832 46 43 of
672 2832 208 57 insanity.

82 2900 152 43 Before
256 2903 260 55 proceeding
540 2908 44 38 to
618 2908 189 39 attempt
844 2919 25 27 a
907 2918 120 29 more
1066 2904 191 44 detailed
1297 2904 196 57 analysis
1527 2907 48 42 of
1605 2907 74 43 the

25 2970 163 45 defects
210 2974 46 40 of
285 2975 152 55 speech
463 2976 43 41 in
532 2976 189 43 General
745 2976 221 57 Paralysis
988 2976 99 43 that
1110 2991 80 29 can
1213 2976 54 44 be
1291 2977 202 43 detected
1522 2978 59 57 by
1604 2979 75 43 the

25 3056 83 40 ear,
131 3043 61 43 let
213 3059 64 37 us,
298 3045 46 43 in
367 3046 73 43 the
463 3048 95 42 first
580 3048 135 56 place,
740 3048 101 43 take
878 3053 102 38 note
1016 3049 44 42 of
1092 3063 58 28 an
1183 3050 244 43 associated
1455 3057 223 50 symptom

24 3114 97 43 that
143 3116 35 42 is
201 3118 266 54 perceptible
490 3123 44 39 to
558 3120 75 43 the
655 3135 79 28 eye
754 3137 7 26 :
799 3121 21 42 I
856 3135 127 28 mean
1019 3121 75 43 the
1130 3136 208 41 presence
1374 3122 44 42 of
1450 3124 230 42 abnormal

26 3193 271 38 movements
320 3189 42 42 in
389 3189 73 45 the
485 3191 85 57 lips
593 3192 86 43 and
703 3193 201 43 features,
928 3193 86 43 and
1038 3193 45 43 in
1108 3193 75 43 the
1206 3197 173 40 tongue.
