2107 3450
1738 299 87 42 459

742 305 223 33 MUPTIPLE
998 307 245 33 SCLEROSIS.

168 417 159 49 perhaps
345 417 125 37 suffice
488 422 37 32 to
544 418 188 37 illustrate
751 419 64 36 the
835 420 187 49 difficulty
1041 423 39 35 of
1097 423 199 37 diagnosis,
1310 425 78 35 and
1406 425 77 37 also
1502 430 37 32 to
1558 425 186 37 illustrate
1762 425 64 37 the

170 486 217 25 occurrence
406 474 41 36 of
460 474 154 49 aphasia
630 475 96 37 after
746 477 20 19 "
780 476 225 48 Congestive
1023 479 193 37 Attacks."

639 609 39 44 3.
717 610 99 44 Case
848 612 51 56 of
925 612 202 57 Multiple
1158 614 207 43 Sclerosis.

221 703 92 37 This
331 703 31 37 is
380 703 64 37 the
462 715 81 25 case
560 707 40 33 to
626 703 126 37 which
780 704 18 36 I
826 703 97 38 have
948 705 136 48 briefly
1112 705 164 38 referred
1303 708 41 35 in
1372 707 65 37 the
1464 707 174 37 fifteenth
1663 713 162 32 chapter,

174 761 109 36 when
302 762 162 48 treating
483 761 40 36 of
534 761 64 36 the
616 761 136 49 speech
770 761 260 38 disturbances
1048 764 191 47 produced
1258 765 52 48 by
1329 766 180 36 Multiple
1529 765 187 37 Sclerosis.

222 818 81 37 The
321 819 157 48 patient,
500 820 45 35 D.
564 819 56 45 R.,
638 831 74 24 was
733 819 79 36 first
829 819 186 37 admitted
1034 825 39 32 to
1091 833 65 36 my
1172 822 119 36 wards
1310 835 49 23 on
1377 823 94 47 July
1488 822 101 46 16th,
1605 824 104 34 1885,
1722 821 110 37 when

174 876 46 36 he
238 889 76 24 was
332 879 46 34 23
396 889 107 35 years
522 876 41 37 of
576 888 77 35 age.
708 877 72 37 His
799 876 147 49 history
964 890 75 24 was
1057 890 39 25 as
1115 879 220 38 follows:—

225 934 114 37 Until
369 934 47 37 he
446 934 169 37 received
646 934 64 36 the
740 935 131 48 injury
900 939 39 32 to
971 935 46 36 be
1046 936 196 48 presently
1272 938 204 46 described,
1506 938 49 36 he
1588 937 76 37 had
1694 948 139 36 always

177 992 158 49 enjoyed
354 991 113 49 fairly
483 992 97 49 good
597 991 132 37 health
744 1005 7 32 ;
778 992 186 49 although
981 993 49 37 he
1048 993 73 37 had
1142 995 249 48 occasionally
1406 996 95 36 been
1518 995 182 36 irregular
1716 994 40 36 in
1776 993 59 35 his

177 1049 136 45 habits,
331 1062 39 24 as
391 1054 38 32 to
448 1049 65 37 the
531 1062 66 24 use
615 1049 41 37 of
670 1050 229 37 stimulants.
955 1051 62 37 He
1035 1052 122 36 stated
1175 1052 83 37 that
1276 1053 48 36 he
1342 1053 77 37 had
1437 1066 115 24 never
1568 1053 76 37 had
1662 1052 171 48 syphilis,

179 1108 70 35 but
266 1107 75 37 had
360 1120 91 24 once
470 1107 73 37 had
563 1119 234 35 gonorrhoea.

225 1165 55 36 At
296 1165 65 37 the
378 1166 92 36 time
489 1165 40 36 of
544 1165 64 37 the
626 1166 131 47 injury
774 1165 49 36 he
841 1178 75 24 was
937 1166 42 36 in
1005 1166 65 37 the
1097 1167 140 37 service
1264 1168 40 36 of
1326 1168 66 36 the
1416 1172 184 43 tramway
1626 1178 184 37 company
1828 1178 8 30 ;

178 1222 59 36 his
255 1222 96 48 duty
365 1223 112 36 being
494 1227 39 32 to
552 1223 115 45 wash,
680 1223 139 48 during
837 1223 65 37 the
916 1223 123 49 night,
1051 1224 66 36 the
1132 1236 78 24 cars
1224 1225 83 36 that
1321 1225 76 37 had
1411 1225 94 37 been
1519 1236 167 36 running
1700 1223 138 47 during

178 1280 64 36 the
262 1280 82 48 day.
399 1281 60 36 He
477 1281 171 36 received
667 1280 64 36 the
749 1281 131 47 injury
898 1281 41 35 in
958 1281 65 36 the
1042 1281 195 37 following
1256 1295 157 23 manner
1430 1296 58 23 :—

228 1339 117 48 Eight
370 1339 154 36 months
549 1339 126 36 before
702 1339 218 44 admission,
940 1340 112 36 when
1079 1340 176 46 engaged,
1276 1353 69 23 one
1371 1340 121 48 night,
1512 1340 41 35 in
1580 1339 168 36 washing
1773 1337 65 36 the

180 1410 88 33 cars,
284 1397 48 37 he
351 1397 198 37 carelessly
567 1398 121 36 undid
706 1398 66 37 the
790 1398 190 36 fastening
999 1397 41 37 of
1054 1397 66 37 the
1138 1398 117 36 brake
1270 1398 40 36 of
1325 1410 21 24 a
1360 1410 60 24 car
1434 1397 125 37 which
1574 1409 74 24 was
1663 1395 175 47 standing

179 1468 103 23 upon
301 1468 48 23 an
368 1455 157 37 incline.
578 1455 82 37 The
678 1455 141 37 handle
838 1455 40 37 of
900 1455 66 36 the
983 1455 117 36 brake
1121 1455 211 37 thereupon
1359 1455 84 36 flew
1469 1455 123 36 round
1617 1453 95 37 with
1737 1456 103 44 great

179 1511 109 37 force,
308 1513 74 35 and
401 1513 130 36 struck
549 1513 82 36 him
649 1526 50 23 on
717 1513 64 37 the
799 1513 178 36 forehead
995 1525 39 24 so
1053 1512 188 37 violently
1259 1525 39 24 as
1316 1517 39 32 to
1374 1513 106 36 drive
1499 1513 83 35 him
1605 1512 96 36 back
1726 1522 114 24 about

179 1571 72 35 five
279 1570 121 47 yards.
455 1571 61 36 He
543 1583 74 24 was
645 1571 206 36 somewhat
877 1571 186 45 stunned;
1092 1571 70 36 but
1187 1571 49 36 he
1263 1571 169 36 retained
1460 1582 287 25 consciousness,
1766 1566 74 37 and

181 1641 73 23 was
280 1628 94 46 able,
394 1629 272 48 immediately,
686 1634 38 31 to
752 1629 121 36 fasten
899 1628 66 36 the
991 1629 128 36 brake,
1138 1629 76 36 and
1242 1641 39 24 so
1310 1633 38 32 to
1377 1632 159 45 prevent
1563 1627 65 37 the
1656 1639 61 23 car
1744 1625 97 36 from

179 1686 168 36 running
364 1687 113 35 down
496 1687 64 36 the
578 1687 152 36 incline.
785 1688 61 35 He
861 1687 69 37 felt
948 1687 92 45 sick,
1059 1686 185 37 however,
1263 1687 76 36 and
1356 1686 76 37 had
1450 1691 39 32 to
1515 1690 75 32 rest
1615 1685 97 36 from
1738 1683 104 36 work

179 1744 58 37 for
265 1757 22 24 a
317 1745 92 36 time
426 1758 9 32 ;
460 1745 148 37 though
637 1746 41 36 in
711 1745 117 37 about
857 1758 49 24 an
936 1745 98 36 hour
1059 1745 48 37 he
1133 1745 199 37 recovered
1367 1744 228 37 sufficiently
1624 1747 38 32 to
1696 1753 147 25 resume

181 1803 115 36 work.
350 1803 61 36 He
441 1803 205 36 continued
676 1808 39 32 at
745 1804 105 36 work
878 1803 58 36 for
969 1803 118 37 about
1120 1803 74 36 five
1221 1803 127 36 hours,
1380 1802 63 37 till
1467 1803 61 36 his
1553 1800 111 38 usual
1688 1800 92 36 time
1807 1797 41 37 of

181 1873 113 37 going
320 1860 112 37 home
457 1862 41 35 in
525 1861 65 36 the
615 1862 187 36 morning.
858 1862 47 35 In
932 1861 170 48 walking
1131 1860 124 37 home,
1282 1860 48 36 he
1360 1873 76 23 was
1466 1872 39 24 so
1536 1858 117 49 giddy
1683 1860 84 33 that
1795 1856 49 35 he

181 1919 192 48 staggered
392 1919 142 37 several
553 1919 121 37 times.
728 1919 112 37 After
860 1919 88 46 this,
967 1919 49 36 he
1045 1918 207 37 continued
1277 1918 154 49 nightly
1448 1921 38 33 at
1512 1916 105 37 work
1648 1915 56 36 for
1728 1926 116 24 about

182 1982 74 30 two
273 1977 155 36 months
444 1991 8 31 ;
476 1977 72 37 but
565 1977 60 36 his
643 1977 190 49 giddiness
851 1977 201 49 gradually
1069 1976 204 37 increased,
1293 1988 39 24 so
1353 1979 86 33 that
1463 1975 49 37 he
1538 1973 213 37 sometimes
1777 1970 68 37 fell

183 2034 110 36 when
308 2034 177 49 walking,
498 2035 76 36 and
585 2035 92 37 then
690 2035 214 36 sometimes
916 2035 75 36 had
1004 2034 188 37 difficulty
1203 2035 42 35 in
1259 2035 146 47 getting
1419 2046 52 35 up
1485 2045 121 35 again.
1662 2031 36 35 It
1709 2042 75 24 was
1796 2042 49 24 on

181 2097 159 32 account
358 2093 40 36 of
412 2093 76 37 this
507 2093 191 49 giddiness
716 2093 84 37 that
818 2093 48 36 he
879 2093 82 36 first
979 2097 137 32 sought
1134 2092 207 37 admission
1354 2095 38 33 to
1411 2091 65 37 the
1491 2089 121 49 Royal
1632 2089 211 46 Infirmary.

231 2150 200 37 Admitted
449 2163 48 24 on
516 2151 65 36 the
601 2151 90 36 16th
711 2151 40 37 of
765 2151 97 48 July
886 2151 102 37 1885,
1007 2150 50 37 he
1083 2162 75 25 was
1184 2162 22 24 a
1231 2153 149 45 patient
1404 2149 43 36 in
1471 2160 67 36 my
1563 2146 103 37 ward
1692 2145 61 37 till
1781 2145 64 36 the

187 2208 86 36 10th
289 2209 40 36 of
344 2209 230 49 September.
621 2210 73 36 His
708 2209 102 37 chief
822 2209 227 37 complaints
1063 2221 98 24 were
1174 2208 158 36 marked
1347 2218 222 37 staggering,
1581 2205 75 37 and
1670 2217 22 24 a
1707 2203 139 49 feeling

182 2265 41 37 of
235 2266 206 49 giddiness,
458 2268 42 36 in
519 2267 176 38 walking.
750 2268 73 36 His
839 2272 89 44 gait,
947 2267 150 37 indeed,
1116 2278 76 24 was
1210 2279 39 23 so
1268 2265 79 37 like
1365 2265 83 36 that
1467 2264 40 37 of
1529 2277 22 23 a
1575 2275 136 37 person
1729 2274 115 24 some-

182 2323 103 37 what
302 2325 222 47 inebriated,
543 2325 83 37 that
645 2338 49 24 on
713 2338 70 24 one
802 2325 170 37 occasion
989 2325 49 36 he
1056 2336 75 25 was
1151 2324 187 48 supposed
1355 2323 53 48 by
1425 2335 48 23 an
1493 2322 201 46 Infirmary
1713 2319 134 37 official

182 2385 39 33 to
239 2381 47 38 be
302 2383 41 36 in
361 2383 85 37 that
463 2384 205 36 condition,
688 2383 76 37 and
789 2395 77 25 was
891 2382 174 49 reported
1091 2381 252 48 accordingly.
1397 2380 72 36 His
1495 2379 188 46 tendency
1707 2389 74 25 was
1806 2380 40 33 to

184 2443 146 45 stagger
346 2445 38 32 to
402 2441 66 37 the
485 2441 103 37 right
605 2442 80 36 side
703 2441 76 37 and
798 2444 207 33 somewhat
1024 2439 189 36 forwards.
1266 2438 55 36 At
1346 2437 77 37 this
1449 2437 92 36 time
1567 2435 105 37 there
1698 2447 74 24 was
1798 2446 49 25 no

185 2498 157 37 distinct
361 2498 198 37 alteration
579 2499 41 36 of
635 2499 146 49 speech,
801 2499 71 36 but
897 2498 108 36 there
1030 2509 76 25 was
1134 2496 153 37 already
1314 2495 207 38 occasional
1549 2498 232 44 nystagmus,
1808 2504 40 24 as

184 2555 88 37 well
289 2569 40 24 as
347 2556 117 49 slight
481 2558 245 48 impairment
744 2557 41 36 of
808 2556 124 37 vision
957 2556 75 36 and
1059 2555 167 37 hearing.
1280 2556 54 35 As
1361 2558 37 32 to
1425 2552 120 45 mind,
1564 2552 48 36 he
1636 2563 74 24 was
1736 2549 113 48 fairly

186 2613 239 50 intelligent;
451 2615 75 36 and
545 2614 48 37 he
612 2627 75 24 was
706 2614 169 37 cheerful
893 2614 76 36 and
986 2613 130 48 happy
1134 2613 41 35 in
1195 2611 235 49 disposition.
1477 2609 153 45 Indeed,
1650 2609 106 36 there
1774 2620 74 24 was

185 2671 214 50 something
434 2673 211 49 suggestive
681 2672 41 37 of
752 2671 146 38 mental
933 2671 193 36 weakness
1156 2671 41 35 in
1228 2670 60 36 his
1318 2667 234 39 remarkable
1584 2678 264 34 cheerfulness,

186 2728 126 37 which
330 2730 148 36 seemed
502 2743 39 23 so
567 2729 102 37 little
695 2729 212 37 warranted
933 2729 51 36 by
1003 2728 65 37 the
1094 2740 289 25 circumstances
1409 2726 40 36 of
1474 2725 59 37 his
1561 2737 91 25 case.
1703 2724 55 36 As
1786 2727 64 44 yet

186 2787 105 37 there
309 2800 75 24 was
402 2799 49 24 no
469 2787 157 37 distinct
644 2788 74 36 loss
737 2787 41 37 of
792 2787 193 36 muscular
1003 2799 125 36 power
1146 2786 41 36 in
1213 2785 66 36 the
1305 2785 125 45 limbs,
1449 2784 75 36 and
1550 2783 64 36 the
1635 2782 216 48 knee-jerks

188 2857 97 25 were
303 2844 92 49 only
414 2844 157 50 slightly
591 2845 253 48 exaggerated.
899 2845 73 36 His
998 2844 192 36 residence
1218 2843 40 36 in
1287 2842 65 37 the
1383 2841 212 48 Infirmary,
1623 2839 76 37 and
1725 2850 125 24 subse-

187 2902 161 49 quently
379 2903 41 36 in
450 2903 65 36 the
546 2903 274 36 Convalescent
851 2904 142 35 House,
1022 2901 61 37 led
1116 2906 38 32 to
1185 2914 49 24 an
1265 2901 165 35 increase
1461 2899 40 35 of
1528 2897 149 49 weight,
1709 2896 73 36 and
1811 2900 39 32 to

186 2960 280 48 improvement
499 2960 41 36 in
575 2960 59 36 his
667 2960 152 49 general
853 2972 243 36 appearance,
1135 2959 70 36 but
1239 2962 39 32 to
1312 2970 50 23 no
1397 2957 277 47 improvement
1707 2954 41 36 in
1786 2952 65 37 the

188 3023 211 43 symptoms
419 3018 55 36 for
492 3017 124 37 which
635 3017 49 37 he
701 3017 75 37 had
796 3022 137 44 sought
951 3017 216 37 admission.

237 3076 113 36 From
370 3075 64 37 the
453 3076 153 36 copious
624 3080 108 32 notes
750 3076 114 35 taken
885 3076 40 34 of
940 3075 77 36 this
1036 3088 93 23 case,
1148 3074 95 36 from
1263 3073 92 36 time
1373 3076 38 32 to
1432 3071 90 36 time
1540 3082 52 36 up
1611 3073 38 32 to
1675 3068 65 36 the
1766 3067 86 36 date

190 3133 40 37 of
257 3133 63 38 the
349 3139 176 44 patient's
553 3133 114 37 death
698 3145 51 24 on
778 3132 65 37 the
871 3137 84 33 31et
982 3133 40 36 of
1051 3131 129 37 March
1213 3132 104 35 1894,
1348 3130 17 36 I
1397 3133 142 33 extract
1568 3127 64 37 the
1658 3125 196 46 following
