1933 3217
755 299 214 32 SYNOPSIS
992 299 52 31 OF
1070 301 90 29 THE
1185 301 226 30 SIMIADiE.

397 293 93 41 212

552 438 62 29 the
630 443 112 35 upper
758 443 95 35 parts
871 430 163 48 purplish
1054 431 124 36 brown
1195 444 11 31 ;
1227 443 20 23 a
1267 431 110 35 white
1402 430 96 36 baud
1521 431 241 47 surrounding

553 497 62 35 the
633 497 93 35 back
745 498 41 34 of
800 503 61 30 the
881 498 104 34 neck.
1044 496 167 36 Inhabits
1232 496 180 47 Ethiopia.

502 562 35 36 6.
568 560 42 39 C.
639 575 114 33 ATYs,
782 563 62 36 the
872 561 96 48 Atys
1036 561 114 38 Simia
1174 569 91 40 atys,
1296 561 153 37 Audeh.
1505 560 108 48 Atys,
1637 560 125 51 Geoff.

553 628 110 36 Ann.
684 627 55 38 du
756 629 114 35 Mus.
891 641 75 23 xix.
985 641 33 34 p.
1040 628 62 36 99.
1158 627 158 37 Guenon
1336 634 90 40 atys,
1445 628 134 35 Desm.
1594 627 168 36 Mamm.

554 706 33 35 p.
608 694 62 36 62.
726 693 167 48 Entirely
919 695 41 35 of
984 707 21 22 a
1023 693 316 48 yellowish-white
1356 707 12 31 ;
1395 700 64 29 the
1478 693 120 36 naked
1615 705 95 35 parts
1729 694 41 35 of

554 766 64 29 the
640 759 83 36 skin
749 759 288 36 flesh-coloured.
1105 756 77 51 (By
1203 758 173 48 Geoffroy
1394 760 30 34 it
1441 759 30 36 is
1490 759 74 36 said
1584 764 38 30 to
1647 759 44 35 be
1719 770 47 24 an

555 825 123 35 albino
706 824 139 47 variety
870 825 41 35 of
937 837 99 23 some
1067 837 187 23 unknown
1281 825 145 47 species,
1458 825 72 35 and
1560 830 37 31 to
1625 824 144 36 inhabit

559 886 138 52 India.)

689 993 139 38 Genus
850 993 396 47 XIII.—Macacus^
1271 994 219 38 Lacepede.

454 1072 123 37 Facial
595 1085 106 34 angle
719 1074 111 35 about
849 1074 70 35 40°
941 1086 38 24 or
1006 1074 70 36 45°
1092 1087 12 32 ;
1131 1086 140 24 muzzle
1294 1073 191 47 elongated
1499 1086 11 32 ;
1539 1073 231 47 superciliary

400 1140 116 36 ridges
534 1140 172 45 distinct;
733 1140 127 35 canine
882 1139 102 36 teeth
1013 1145 122 41 strong
1156 1140 72 35 and
1249 1139 98 48 large
1375 1137 146 51 (longer
1542 1139 88 36 than
1648 1140 39 35 in
1706 1140 63 35 the

401 1205 191 47 preceding
608 1217 111 35 genus
737 1202 30 51 ;)
797 1210 62 31 the
890 1204 62 36 tail
972 1206 139 35 shorter
1131 1212 87 30 than
1239 1212 62 29 the
1321 1205 97 36 third
1438 1206 40 35 of
1501 1205 62 36 the
1589 1205 126 36 length
1735 1206 41 35 of

402 1270 64 36 the
484 1272 108 45 body,
616 1283 39 23 or
673 1283 99 23 more
788 1283 10 32 ;
819 1271 61 35 the
895 1272 94 34 form
1010 1284 122 35 strong
1150 1273 71 34 and
1240 1277 175 41 compact.

403 1334 136 37 Plate
565 1335 207 37 XIV—1.
804 1335 55 37 M.
890 1349 179 33 silenus,
1101 1337 62 36 the
1197 1335 231 39 Ouanderow
1494 1334 114 38 Simia
1632 1337 139 43 canina,

560 1402 130 36 Penn.
709 1400 179 49 Macaque
906 1415 20 22 a
941 1403 166 46 ciiniere,
1122 1403 99 37 Cuv.
1238 1402 98 37 Reg.
1356 1401 80 37 An.
1495 1401 112 36 Papio
1625 1401 146 45 silenus,

563 1466 125 51 Geoff.
707 1466 110 38 Ann.
839 1468 55 36 du
915 1467 109 38 Mus.
1040 1481 76 24 xix.
1136 1482 34 34 p.
1195 1468 84 37 100.
1349 1466 180 37 Macaque
1546 1468 226 43 ouanderow,

561 1534 133 36 Desm.
712 1530 165 40 Mamm.
891 1547 33 35 p.
946 1535 62 35 63.
1063 1534 131 36 Above
1214 1535 107 35 black
1339 1547 12 31 •,
1373 1534 60 35 the
1451 1533 80 35 hair
1546 1534 40 34 of
1599 1533 63 35 the
1681 1533 92 35 back

563 1600 40 34 of
614 1606 60 29 the
694 1600 93 35 neck
806 1599 99 47 long,
925 1613 83 33 and,
1028 1600 87 36 with
1137 1600 61 36 the
1219 1600 120 45 beard,
1355 1600 157 45 forming
1530 1611 20 23 a
1570 1598 101 36 thick
1683 1599 85 43 ruff,

561 1677 111 34 gray;
699 1666 116 34 under
841 1678 96 34 parts
963 1678 86 34 gray
1066 1678 11 32 ;
1105 1665 64 36 tail
1198 1667 134 45 ending
1359 1664 88 37 with
1460 1677 20 22 a
1505 1670 73 29 tuft
1603 1665 40 34 of
1667 1664 104 35 hairs.

566 1729 166 37 Inhabits
748 1730 61 36 the
829 1729 126 37 Island
975 1732 40 34 of
1031 1729 150 49 Ceylon.

509 1795 36 35 2.
563 1795 57 36 M.
645 1808 168 33 siNicus,
834 1794 156 38 Chinese
1003 1795 169 37 Monkey
1240 1795 114 38 Simia
1368 1808 123 32 sinica,
1506 1795 122 36 Linn.
1678 1794 97 37 Boru

563 1862 230 44 net-chinois,
832 1861 154 37 Audeb.
1057 1861 201 38 Cercocebe
1301 1861 307 45 bonnet-chinois,
1647 1860 126 51 Geoff.

563 1928 111 35 Ann.
691 1927 54 36 du
760 1928 112 36 Mus.
891 1939 76 24 x»x.
982 1939 31 36 p.
1028 1928 62 36 64.
1128 1926 181 38 Macaque
1323 1927 303 44 bonnet-chinois,
1640 1927 133 36 Desm.

565 1993 167 36 Mamm.
762 2006 32 34 p.
825 1993 61 36 64.
945 1992 335 47 Chestnut^brown,
1307 1993 102 48 paler
1433 1992 183 44 beneath;
1643 1992 80 36 hair
1741 1993 41 35 of

567 2065 61 29 the
647 2071 118 23 crown
785 2059 97 47 long,
902 2060 71 35 and
994 2060 188 47 spreading
1202 2065 64 30 out
1289 2061 94 34 from
1407 2065 62 29 the
1497 2063 122 31 centre
1648 2065 36 29 to
1715 2059 61 35 the

567 2125 102 35 sides.
726 2124 167 37 Inhabits
913 2124 140 37 Bengal
1072 2126 72 35 and
1165 2124 151 48 Ceylon.

515 2189 35 35 3.
572 2188 56 36 M.
651 2202 209 31 RADiATus,
881 2191 62 36 the
964 2190 396 48 Toque.^Cercocebe
1380 2197 122 41 toque,
1527 2190 123 47 Geoff.
1666 2190 109 36 Ann.

568 2255 53 35 du
637 2255 112 36 Mus.
763 2268 76 24 xix.
855 2269 33 34 p.
912 2257 61 36 98.
1013 2255 180 38 Macaque
1208 2262 122 42 toque,
1344 2257 134 36 Desm.
1494 2256 156 36 Mamm
1665 2269 32 34 p.
1714 2256 61 35 64.

569 2319 130 38 Above
717 2323 306 45 greenish-broAvn
1040 2335 12 32 ;
1080 2323 156 35 beneath
1261 2335 113 35 gray;
1403 2321 79 37 hair
1501 2323 41 35 of
1569 2328 63 30 the
1657 2334 121 23 crown

569 2385 97 49 long,
684 2388 72 34 and
775 2389 186 46 spreading
980 2394 63 30 out
1062 2389 93 35 from
1175 2395 61 29 the
1265 2394 123 30 centre
1414 2394 37 30 to
1472 2394 62 30 the
1554 2388 102 36 sides.
1714 2386 63 36 In-

569 2450 119 38 habits
709 2451 117 38 India.

601 2514 80 29 Nos.
697 2516 19 28 2
729 2515 66 30 and
810 2518 19 28 3
842 2525 54 21 arc
912 2516 122 38 closely
1048 2516 99 31 allied
1163 2520 33 27 to
1221 2518 204 32 Cercoccbus,
1441 2516 65 30 and
1517 2515 85 30 their
1610 2515 121 30 station
1745 2516 33 28 In

638 2566 57 27 the
716 2566 126 35 System
865 2568 79 29 does
964 2571 58 26 not
1043 2577 89 20 seem
1152 2567 122 38 clearly
1293 2567 211 30 established.
1553 2566 88 38 They
1654 2574 56 21 are
1731 2568 49 26 In-

644 2618 156 39 teresting
814 2617 113 37 forms,
944 2619 67 29 and
1025 2619 101 30 ought
1140 2621 33 27 to
1189 2619 40 29 be
1245 2618 80 30 kept
1338 2618 34 30 in
1387 2618 79 30 >dew
1484 2618 38 37 by
1539 2619 56 27 the
1609 2624 167 30 zoologist.
