2113 3404
811 156 86 33 THE
928 157 243 31 DISORDERS
1203 157 53 31 OF
1288 157 174 31 SPEECH.

314 144 80 39 11C

315 270 73 43 the
426 272 229 43 formation
698 276 44 40 of
785 276 119 42 these
942 276 224 42 articulate
1205 275 147 49 words,
1390 275 71 41 the
1499 274 101 42 Oral
1637 275 279 49 Artieulative

316 341 272 45 Mechanism
613 346 121 42 takes
767 361 23 27 a
813 351 96 49 part
931 360 55 27 no
1008 345 83 43 less
1122 346 237 53 important
1382 344 103 41 than
1509 344 94 41 that
1626 346 126 41 taken
1776 347 54 55 by
1853 349 68 44 the

317 411 273 44 Mechanism
622 416 44 40 of
698 415 72 42 the
801 416 144 41 Voice.
1009 414 193 43 Further,
1234 413 58 41 all
1324 413 250 54 experience
1605 428 98 40 goes
1736 420 42 37 to
1809 417 109 42 show

319 482 95 41 that
437 483 73 42 the
533 484 302 43 development
857 486 46 40 of
928 484 239 41 functional
1191 497 140 40 power
1354 483 44 39 in
1423 482 72 42 the
1519 483 100 41 Oral
1641 484 281 47 Artieulative

317 552 271 43 Mechanism
623 555 133 42 bears,
777 556 44 40 in
855 555 72 41 the
961 553 129 42 child,
1112 567 24 27 a
1166 557 114 37 most
1311 552 237 54 important
1578 553 277 57 relationship
1884 563 42 37 to

318 622 74 42 the
429 623 305 43 development
770 626 46 40 of
855 625 72 40 the
963 623 270 41 intellectual
1270 621 207 43 faculties.
1541 623 88 43 The
1665 624 260 46 intellectual

321 693 198 42 faculties
542 694 123 51 form,
689 709 44 27 as
768 695 35 41 it
826 707 122 28 were,
968 706 26 28 a
1025 696 358 50 superstructure,
1405 692 124 51 built,
1551 693 42 41 in
1618 693 72 42 the
1721 708 144 29 course
1886 699 40 40 of

321 762 318 55 development,
662 778 115 26 upon
810 777 24 27 a
858 762 251 42 foundation
1137 761 97 41 that
1255 761 36 41 is
1322 761 124 42 made
1470 776 56 41 up
1549 763 43 40 of
1623 763 73 41 the
1718 764 211 53 primitive

322 833 202 40 instincts
566 833 83 41 and
687 833 221 41 emotions.
988 832 54 41 So
1083 832 35 40 it
1154 831 35 41 is
1231 831 88 41 also
1359 832 105 40 with
1500 832 73 42 the
1610 833 242 53 expression
1889 838 41 37 of

322 902 185 53 thought
540 903 44 39 in
617 902 227 42 articulate
866 901 166 43 speed).
1096 902 43 41 It
1166 901 37 41 is
1235 915 24 27 a
1291 915 92 27 new
1407 901 208 53 function,
1637 903 137 41 added
1796 908 42 36 to
1861 903 67 45 the

322 971 247 53 previously
594 971 189 41 existing
815 970 233 42 emotional
1080 970 196 41 function
1309 970 43 41 of
1384 970 72 42 the
1487 971 119 41 voice
1625 986 8 36 ;
1665 971 82 41 and
1780 971 34 41 it
1845 973 34 40 is
1910 990 19 24 a

323 1040 197 41 function
547 1041 140 41 which
714 1042 73 41 the
808 1041 134 41 Vocal
966 1040 273 42 Mechanism
1265 1055 77 27 can
1375 1055 169 27 assume
1566 1041 101 41 only
1689 1041 122 41 when
1845 1043 33 40 it
1901 1045 31 40 is

326 1110 184 55 brought
532 1111 92 41 into
656 1111 74 41 the
764 1116 113 36 most
907 1111 199 41 intimate
1139 1111 265 41 co-ordinate
1435 1110 282 42 relationship
1740 1112 101 40 with
1866 1113 67 42 the

324 1180 265 42 mechanism
613 1182 43 40 of
689 1181 103 42 Oral
813 1181 303 41 Articulation.
1179 1181 88 41 The
1298 1180 196 42 intellect
1515 1181 44 40 of
1590 1181 72 41 the
1694 1181 116 41 child
1841 1196 93 42 may

326 1251 125 54 fairly
477 1251 52 42 be
551 1252 91 41 said
676 1256 43 37 to
752 1252 51 42 be
836 1251 206 55 budding,
1065 1251 123 41 when
1211 1251 35 41 it
1272 1251 161 53 begins,
1455 1251 64 41 for
1550 1251 71 41 the
1645 1251 91 41 first
1758 1252 114 50 time,
1894 1259 40 36 to

326 1321 267 42 understand
616 1323 73 41 the
721 1323 202 41 meaning
954 1323 44 40 of
1029 1337 23 26 a
1084 1323 82 40 few
1198 1322 164 54 spoken
1394 1322 162 41 words;
1587 1321 85 42 and
1702 1322 35 41 it
1769 1336 96 40 may
1887 1323 48 42 be

329 1392 91 41 said
444 1397 43 36 to
511 1393 51 41 be
584 1393 224 54 gradually
823 1392 257 55 expanding,
1098 1392 123 41 when
1246 1391 86 42 this
1355 1391 255 42 vocabulary
1629 1393 46 40 of
1694 1392 135 42 words
1846 1393 91 41 that

329 1476 77 26 can
430 1463 52 41 be
506 1463 260 41 understood
800 1463 36 41 is
870 1462 205 41 observed
1099 1467 42 36 to
1164 1462 51 41 be
1236 1461 190 55 growing
1448 1462 108 40 from
1579 1461 83 55 day
1685 1466 43 36 to
1750 1461 82 55 day
1855 1463 78 41 and

330 1533 121 41 week
473 1539 43 35 to
539 1533 130 41 week.
731 1533 90 41 The
843 1537 104 36 next
969 1537 94 36 step
1085 1532 36 41 is
1145 1532 64 40 for
1234 1531 73 41 the
1329 1531 116 41 child
1476 1531 174 41 himself
1682 1537 43 35 to
1757 1532 178 54 produce

332 1602 227 41 articulate
583 1602 148 41 words.
793 1602 82 41 We
898 1602 110 41 have
1039 1616 113 27 seen,
1174 1602 46 40 in
1242 1601 74 42 the
1338 1601 85 41 last
1455 1601 188 54 chapter,
1664 1602 108 50 how,
1794 1602 45 40 in
1870 1602 69 42 the

330 1684 149 28 course
519 1671 43 40 of
595 1671 173 40 natural
807 1670 315 54 development,
1160 1670 87 41 this
1285 1676 93 35 step
1416 1671 37 40 is
1490 1670 70 41 led
1597 1684 58 41 up
1692 1675 55 46 to,
1781 1671 56 54 by
1869 1671 69 41 the

332 1740 253 42 instinctive
608 1740 85 41 and
716 1740 235 41 automatic
969 1740 208 41 exercises
1195 1740 45 41 of
1258 1739 73 42 the
1353 1740 286 41 mechanisms
1661 1741 46 40 of
1725 1740 151 55 speech
1898 1741 42 40 in

333 1811 73 41 the
438 1825 218 40 processes
688 1811 46 41 of
762 1810 227 55 Babbling,
1012 1810 210 55 Crowing,
1254 1810 85 41 and
1360 1810 155 41 Mimic
1546 1810 202 42 Eeading.
1810 1811 130 41 These

332 1880 282 53 preliminary
637 1880 210 41 exercises
875 1880 168 41 remind
1066 1894 80 27 one
1168 1880 43 41 of
1243 1879 73 42 the
1338 1881 232 40 automatic
1592 1880 187 41 exercise
1801 1880 45 42 of
1873 1880 68 41 the

331 1951 120 41 voice
484 1951 146 41 before
660 1950 37 42 it
727 1950 77 42 has
846 1950 199 42 assumed
1078 1950 58 41 its
1166 1950 198 41 function
1396 1951 43 40 of
1471 1950 246 54 expressing
1748 1951 192 41 emotiou.

333 2021 148 54 Begun
506 2020 316 55 instinctively,
840 2020 84 41 and
946 2020 214 55 practised
1183 2020 322 42 automatically
1529 2021 107 40 from
1660 2034 24 27 a
1705 2034 104 40 very
1831 2020 109 55 early

331 2090 146 55 period
519 2091 44 41 of
598 2091 90 41 life,
724 2091 36 41 it
796 2091 37 41 is
876 2091 171 41 curious
1084 2095 43 36 to
1170 2090 177 42 observe
1384 2090 96 41 how
1516 2090 120 42 these
1678 2090 264 42 artieulative

333 2161 209 41 exercises
565 2161 102 41 tend
691 2165 43 36 to
751 2174 172 27 assume
940 2174 55 27 an
1017 2160 215 41 imitative
1249 2160 228 41 character,
1494 2160 82 41 and
1596 2164 41 36 to
1655 2159 178 42 develop
1856 2159 86 41 into

337 2230 234 42 Echolalia.
634 2232 90 40 The
742 2230 115 42 child
881 2231 150 41 begins
1047 2234 44 37 to
1110 2230 121 42 catch
1249 2244 59 41 up
1326 2230 159 42 sounds
1508 2230 46 41 of
1575 2230 134 41 words
1726 2235 95 35 that
1842 2229 102 41 have

333 2299 92 55 just
457 2300 106 40 been
597 2299 169 41 uttered
799 2299 58 55 by
882 2300 155 41 others,
1060 2299 85 42 and
1167 2305 44 36 to
1242 2304 146 37 repeat
1411 2300 119 41 these
1561 2299 321 54 mechanically,
1902 2311 42 28 as

334 2383 115 27 mere
472 2369 137 41 sound
632 2369 253 41 imitations,
908 2375 186 35 without
1115 2368 44 42 in
1183 2369 73 42 the
1277 2369 109 42 least
1408 2370 259 54 attempting
1689 2375 42 35 to
1748 2369 194 54 decipher

335 2439 113 41 their
489 2439 211 41 meaning.
776 2439 44 41 It
856 2439 36 41 is
933 2439 132 41 about
1101 2439 88 41 this
1231 2439 104 42 time
1372 2439 96 42 that
1503 2439 73 43 the
1611 2449 120 45 great
1767 2445 93 35 step
1901 2439 41 40 in

333 2509 191 41 advance
557 2509 37 41 is
626 2509 143 41 taken.
832 2509 90 41 The
954 2509 117 41 child
1101 2508 78 43 has
1211 2509 172 55 already
1406 2510 173 41 learned
1610 2514 44 37 to
1684 2508 259 43 understand

339 2580 73 41 the
444 2580 203 40 meaning
669 2580 45 39 of
743 2593 24 26 a
790 2579 81 41 few
894 2579 151 41 words,
1068 2579 83 40 and
1173 2579 185 54 perhaps
1381 2579 75 42 has
1485 2579 260 43 reproduced
1769 2592 114 29 some
1903 2578 42 41 of

336 2651 122 41 these
480 2651 55 54 by
561 2649 234 42 echolalia;
825 2649 79 41 but
925 2662 96 27 now
1039 2649 66 40 for
1127 2648 72 42 the
1217 2649 92 41 first
1332 2650 102 41 time
1458 2650 53 41 he
1533 2650 149 41 begins
1701 2655 42 36 to
1765 2662 179 41 produce

332 2721 120 40 these
485 2718 139 42 words
656 2723 76 36 not
775 2732 46 28 as
858 2732 116 27 mere
1011 2718 151 42 echoes
1199 2719 46 40 of
1278 2719 170 52 sounds,
1483 2720 76 41 but
1597 2734 45 27 as
1679 2719 135 42 words
1847 2715 95 45 with

332 2791 177 42 definite
533 2789 285 55 signification
837 2804 9 37 ;
872 2802 57 37 or,
952 2788 129 42 being
1101 2788 132 42 asked
1255 2793 44 37 to
1321 2803 247 41 pronounce
1591 2803 24 28 a
1637 2790 159 41 certain
1821 2787 122 48 word,

327 2862 55 41 he
404 2863 211 38 attempts
638 2863 42 36 to
703 2857 53 42 do
778 2871 46 29 so
848 2857 55 42 by
921 2871 24 28 a
964 2857 180 42 distinct
1167 2858 124 41 effort
1312 2859 45 40 of
1376 2858 67 41 his
1462 2858 99 41 will.
1623 2858 136 41 These
1780 2871 70 27 are
1874 2855 68 42 the

329 2931 85 43 real
454 2928 256 57 beginnings
744 2928 46 42 of
823 2928 446 55 speech-production.
1333 2928 87 42 The
1456 2929 136 41 words
1629 2928 189 42 hitherto
1853 2940 89 41 pro-
