2125 3612
283 278 306 32 STAMMERING,
623 275 92 31 AND
749 275 88 30 THE
870 274 146 32 STUDY
1049 273 53 34 OF
1135 274 88 32 THE
1256 274 244 32 ALPHABET.

1664 264 52 42 15

399 442 277 45 Comparison
697 441 105 43 ivith
825 441 65 42 the
915 440 223 57 Ordinary
1160 440 224 43 Alphabet.

122 569 45 41 It
189 565 91 45 will
314 567 51 41 be
397 563 144 44 useful
575 570 45 35 to
653 575 200 42 compare
880 561 76 43 the
988 560 319 57 physiological
1339 560 209 57 alphabet
1579 562 138 43 above

61 638 234 45 explained
328 636 107 43 with
468 635 74 42 the
576 632 209 46 alphabet
832 637 46 39 at
920 639 180 50 present
1136 633 46 42 in
1220 633 178 56 general
1440 647 88 29 use.
1612 634 106 43 This

62 711 92 45 will
187 711 53 43 be
268 708 136 57 easily
428 707 125 43 done,
576 704 37 45 if
643 705 75 43 the
751 705 205 56 ordinary
980 705 209 56 alphabet
1211 705 53 42 be
1286 703 177 57 printed
1497 718 46 29 as
1567 704 155 54 below,

62 785 85 42 and
187 784 73 42 the
298 782 153 42 letters
489 779 47 42 of
563 778 36 42 it
636 777 142 43 which
814 792 70 28 are
923 777 186 43 omitted
1146 777 113 42 from
1293 776 75 43 the
1401 776 320 58 physiological

61 856 219 56 alphabet,
303 867 47 30 or
382 866 70 29 are
485 865 105 28 only
620 849 46 44 in
699 855 99 51 part
831 849 282 57 represented
1147 848 183 52 therein,
1353 849 53 42 be
1439 848 190 44 denoted
1663 849 58 57 by

61 928 163 57 special
247 932 104 51 type
374 925 103 42 thus
494 941 67 25 :—

435 1045 676 54 abedefffhij
1157 1044 187 43 klm

437 1132 251 43 nopr/
738 1122 517 41 rstuvwory
1306 1131 36 30 z.

123 1272 175 40 Among
321 1269 74 42 the
416 1268 153 42 letters
594 1265 101 43 thus
718 1266 224 43 indicated
962 1266 49 42 in
1033 1265 163 57 special
1220 1270 117 52 type,
1363 1276 33 29 c
1420 1266 38 42 is
1482 1270 78 38 not
1578 1281 143 42 repre-

61 1342 155 44 sented
247 1342 48 42 in
327 1341 75 42 the
434 1337 318 59 physiological
784 1338 221 56 alphabet,
1029 1338 185 43 because
1246 1339 58 41 its
1329 1337 130 43 value
1490 1338 37 42 is
1556 1338 164 44 always

61 1413 176 43 exactly
254 1412 142 42 either
417 1412 98 40 that
538 1411 47 41 of
602 1419 26 32 S
650 1423 47 27 or
720 1409 96 43 that
838 1412 46 40 of
898 1407 37 43 k
954 1421 10 40 ;
1006 1419 35 44 q
1063 1410 36 42 is
1123 1414 78 37 not
1224 1409 295 56 represented,
1537 1409 184 45 because

59 1486 37 42 it
137 1485 36 43 is
221 1484 45 43 of
312 1498 57 27 no
412 1496 130 28 value
589 1480 189 44 without
820 1497 56 27 an
920 1482 205 43 attached
1163 1491 48 42 u,
1249 1482 131 43 while
1419 1490 72 44 qu
1523 1482 79 42 has
1646 1483 76 43 the

60 1571 119 29 same
214 1555 129 42 value
377 1568 47 29 as
446 1551 118 55 kw;
605 1565 46 42 x,
677 1554 129 55 again
840 1554 78 43 has
949 1555 75 42 the
1058 1568 120 29 same
1211 1553 131 44 value
1375 1568 47 29 as
1457 1552 77 54 ks,
1559 1555 87 42 and
1684 1555 39 43 is

60 1628 215 43 therefore
298 1630 77 39 not
392 1627 47 42 in
462 1627 76 42 the
560 1626 320 57 physiological
899 1627 234 56 alphabet;
1164 1636 46 44 g,
1245 1627 47 41 in
1311 1626 73 43 the
1403 1628 319 56 physiological

62 1701 218 56 alphabet,
301 1704 245 51 represents
572 1699 73 43 the
668 1700 108 42 hard
799 1708 35 44 g
860 1714 47 28 as
929 1701 47 41 in
999 1709 140 44 gum,
1165 1698 132 44 while
1322 1699 73 43 the
1419 1701 87 42 soft
1540 1709 46 44 g,
1610 1715 45 28 as
1679 1701 47 41 in

62 1773 211 54 George,
307 1771 37 42 is
377 1777 79 38 not
497 1772 283 55 represented
826 1772 59 56 by
927 1786 87 40 any
1047 1771 142 58 single
1221 1771 144 43 letter,
1408 1772 58 42 its
1514 1772 210 57 phonetic

61 1847 261 43 translation
346 1847 130 43 being
500 1842 97 44 dzh
619 1855 9 41 ;
663 1844 86 42 and
774 1844 74 43 the
871 1859 120 28 same
1007 1850 264 37 translation
1288 1843 169 56 applies
1473 1844 91 44 also
1582 1850 42 38 to
1649 1846 75 43 the

62 1920 184 56 English
270 1918 36 55 j,
332 1935 45 27 as
409 1921 48 41 in
489 1916 154 45 John,
706 1918 55 41 In
794 1917 184 53 French,
998 1915 20 57 j
1044 1917 87 44 and
1164 1917 88 42 soft
1281 1926 35 43 g
1338 1931 71 28 are
1442 1919 283 53 pronounced

63 1992 189 43 without
289 1992 75 43 the
401 1992 149 43 initial
589 1991 64 44 d;
686 2003 46 28 as
766 1988 46 42 in
844 1989 136 44 Jean
1023 1990 88 43 and
1153 1986 216 56 George.
1449 1990 45 42 It
1536 1991 38 43 is
1618 2006 108 42 very

63 2065 242 55 important
327 2069 44 38 to
395 2064 179 56 explain
609 2071 43 38 to
676 2081 25 28 a
733 2079 259 30 stammerer
1014 2064 75 42 the
1112 2064 209 56 phonetic
1344 2064 207 43 meaning
1574 2064 44 42 of
1649 2065 76 42 the

64 2136 187 57 English
272 2134 19 56 j
317 2151 46 28 or
397 2137 87 42 soft
513 2148 44 43 g.
624 2139 128 43 Some
785 2152 127 43 years
947 2151 92 42 ago,
1063 2137 23 42 I
1124 2137 87 42 had
1247 2142 100 37 sent
1382 2141 45 38 to
1465 2151 70 28 me
1571 2141 45 38 at
1651 2137 76 43 the

66 2207 140 58 Royal
243 2208 247 59 Infirmary,
513 2211 57 57 by
608 2226 74 27 my
716 2210 145 43 friend
896 2209 115 42 Prof.
1049 2207 179 44 Chiene,
1264 2223 25 28 a
1324 2209 85 42 boy
1445 2208 44 43 of
1526 2209 67 51 12,
1629 2209 98 43 who

64 2281 265 43 stammered
360 2297 47 28 so
441 2282 134 44 badly
597 2283 100 43 that
727 2283 55 42 he
814 2281 88 43 had
934 2282 111 42 been
1078 2286 100 38 sent
1209 2281 61 56 by
1292 2280 69 44 his
1387 2280 153 44 doctor
1573 2286 44 38 to
1650 2281 76 45 the

66 2353 225 43 Professor
327 2354 67 43 for
437 2355 190 57 surgical
670 2359 239 40 treatment
943 2355 47 41 of
1030 2353 69 43 his
1143 2368 157 42 organs
1345 2353 45 43 of
1432 2354 295 44 articulation.

64 2426 148 43 When
235 2426 54 43 he
313 2441 86 29 was
421 2428 160 56 passed
604 2443 57 28 on
684 2433 45 39 to
752 2443 76 41 my
851 2426 155 44 wards,
1021 2425 55 45 he
1092 2440 89 29 was
1205 2426 137 44 asked
1367 2426 71 44 his
1461 2441 129 28 name
1608 2443 8 37 ;
1648 2428 83 42 but

65 2498 55 43 he
142 2499 224 56 struggled
388 2499 104 58 long
515 2500 86 44 and
625 2500 199 44 severely
847 2499 192 43 without
1061 2499 133 57 being
1216 2498 98 44 able
1338 2503 44 39 to
1404 2513 254 43 pronounce
1681 2500 50 52 it,

66 2571 87 43 and
185 2576 45 39 at
262 2571 86 44 last
380 2572 136 44 broke
549 2572 130 44 down
712 2573 46 42 in
793 2588 24 28 a
849 2573 126 43 burst
1007 2572 44 43 of
1084 2571 211 58 weeping.
1361 2572 86 43 His
1481 2586 128 30 name
1643 2587 89 29 was

66 2641 162 44 James.
292 2643 147 44 When
474 2644 37 42 it
544 2659 87 29 was
664 2644 183 57 pointed
880 2649 78 38 out
992 2649 44 38 to
1069 2644 94 42 him
1196 2643 100 49 that
1328 2643 69 44 his
1431 2658 130 30 name
1593 2645 141 56 really

126 2728 80 44 gan
232 2714 105 45 with
361 2714 111 53 dzh,
497 2717 86 43 and
616 2717 55 43 he
696 2731 88 29 was
818 2717 154 43 shown
1004 2717 100 42 how
1138 2721 45 38 to
1217 2716 142 43 throw
1388 2716 75 43 the
1488 2716 121 44 voice
1638 2717 96 43 into

68 2786 75 43 the
176 2786 145 46 initial
345 2786 45 53 d,
418 2788 53 43 he
505 2789 179 44 became
716 2789 99 44 able
847 2794 45 39 to
924 2803 252 43 pronounce
1210 2789 76 43 the
1318 2803 130 29 name
1480 2789 110 43 with
1613 2804 123 40 ease;

69 2859 85 43 and
179 2860 139 52 when,
341 2875 119 29 some
484 2862 145 43 weeks
656 2868 270 38 afterwards,
948 2861 56 44 he
1027 2876 88 29 was
1149 2861 154 44 shown
1328 2861 60 43 by
1409 2875 71 29 me
1505 2865 44 39 to
1573 2875 25 29 a
1624 2861 112 44 class

69 2931 45 42 of
148 2933 364 55 post-graduates,
534 2934 54 43 he
611 2949 110 43 gave
754 2935 70 43 his
860 2949 141 28 name,
1025 2934 86 43 and
1144 2933 170 44 replied
1346 2937 45 39 to
1415 2932 170 44 several
1608 2948 129 42 ques-

70 2999 127 54 tions,
222 3002 191 43 without
437 3003 74 43 the
536 3004 208 57 slightest
766 3004 234 43 difficulty.
1077 3004 55 42 In
1166 3003 90 43 this
1290 3002 262 43 connexion,
1575 3003 36 42 it
1634 3018 103 41 may

71 3070 53 44 be
156 3074 142 43 added
330 3074 99 43 that
453 3075 74 44 the
560 3082 88 37 soft
670 3074 67 45 ch
759 3077 45 42 in
828 3074 199 45 church
1057 3076 38 43 is
1128 3079 304 53 phonetically
1455 3072 102 45 tsh,
1582 3075 87 42 and
1701 3075 37 43 is

73 3142 102 44 thus
198 3145 73 43 the
294 3146 213 44 voiceless
533 3145 257 61 equivalent
813 3149 46 42 of
886 3149 75 43 the
986 3147 153 44 voiced
1166 3144 101 45 dzh
1289 3147 138 43 above
1450 3146 189 44 referred
1661 3150 56 39 to.
