2107 3450
678 139 294 35 INTELLIGENT
1005 137 180 35 SPEECH.

1646 129 80 41 101

73 275 44 35 to
156 269 100 45 him.
322 268 151 41 "Thus
506 263 148 48 attai,
678 261 87 50 tai,
788 261 132 43 atta,
946 273 111 28 were
1079 264 120 36 often
1234 258 137 55 easily
1395 259 85 41 and
1515 259 213 55 correctly

73 341 200 55 repeated
315 341 41 39 in
404 336 86 43 this
535 347 94 42 way
650 347 8 37 ;
702 332 90 49 but,
829 329 240 57 strangely,
1092 329 187 54 enough,
1317 329 252 55 frequently
1614 330 45 40 in
1704 345 25 26 a

73 411 221 55 whisper."
357 408 53 42 In
435 407 73 42 the
533 402 309 56 twenty-third
867 401 168 50 month,
1057 401 36 41 it
1114 400 37 42 is
1174 399 132 42 noted
1332 404 96 36 that
1451 398 35 44 it'
1511 399 74 42 the
1609 400 119 42 child

69 481 126 42 hears
218 495 117 28 some
358 493 80 28 one
462 476 134 44 speak
621 475 53 41 he
699 474 120 42 often
843 478 171 50 repeats
1038 472 74 42 the
1135 471 87 43 last
1244 471 187 56 syllable
1454 471 44 42 of
1521 471 74 42 the
1629 486 97 28 sen-

70 557 124 37 tence
212 552 94 54 just
341 548 198 44 finished,
562 548 35 40 it
628 546 74 42 the
736 550 153 38 accent
922 545 52 42 be
1007 559 55 27 on
1097 545 60 52 it;
1189 558 46 28 as
1261 545 43 40 in
1329 544 163 42 'What
1523 544 96 42 said
1653 545 74 42 the

68 622 163 46 man?'
265 637 126 27 when
435 622 55 41 he
532 634 99 41 says
674 628 150 41 man;
862 631 47 27 or
942 617 45 41 in
1030 617 142 42 'Who
1215 617 36 42 is
1289 616 168 43 there?'
1502 615 128 43 when
1673 615 54 44 he

68 708 100 27 says
190 692 157 43 there.
413 692 119 41 Once
557 691 74 42 the
664 704 130 28 name
816 688 143 56 Willy
985 703 85 27 was
1105 688 165 53 called;
1302 688 87 42 and
1422 687 304 57 immediately

67 765 75 42 the
180 766 119 41 child
334 764 139 42 called
495 762 114 43 iiile,
644 761 107 43 with
786 761 77 42 the
897 765 155 39 accent
1073 776 56 26 on
1164 761 76 42 the
1273 760 87 43 last
1393 759 212 57 syllable;
1639 761 87 42 and

67 836 205 56 repeated
310 836 74 42 the
428 835 117 42 word
589 849 133 27 many
760 833 141 43 times.
967 833 53 41 In
1061 833 73 42 the
1174 832 341 56 twenty-fourth
1558 832 169 54 month,

67 907 225 42 Echolalia
315 908 36 42 is
375 907 92 43 still
491 906 170 42 further
684 904 263 44 developed:
972 904 74 43 the
1065 904 118 42 child
1200 912 114 34 after
1336 903 180 57 hearing
1538 909 189 38 shouted

69 979 74 42 the
167 980 190 41 German
383 978 117 43 word
522 984 8 16 '
547 978 167 42 Herein
733 977 29 42 !'
804 977 25 56 ('
849 976 133 43 Come
1019 977 44 41 in
1083 976 63 56 !'),
1205 976 203 43 repeated
1431 976 37 42 it
1497 990 47 27 as
1567 974 156 52 arein,

66 1049 182 50 arrein,
271 1049 261 45 ha-arein;
563 1055 46 37 at
640 1050 94 41 first
756 1063 46 27 as
835 1063 25 27 a
891 1048 155 43 sound,
1079 1048 77 42 but
1190 1047 251 43 afterwards
1465 1048 109 42 with
1606 1062 120 28 more

66 1120 294 57 intelligence,
387 1121 179 43 looking
598 1127 46 36 at
676 1121 75 42 the
784 1120 116 43 door.
967 1120 55 42 In
1045 1120 75 42 the
1143 1121 379 54 twenty-seventh
1556 1120 169 50 month,

67 1193 281 42 articulation
373 1194 130 42 being
529 1193 170 43 further
722 1192 252 55 developed,
997 1192 75 42 the
1096 1192 116 41 child
1235 1192 37 42 is
1294 1191 98 42 able
1417 1196 43 38 to
1483 1197 152 51 repeat
1667 1191 58 56 by

66 1265 227 42 Echolalia
325 1265 118 42 little
478 1278 229 29 sentences
744 1263 142 41 which
922 1262 54 43 he
1012 1263 77 42 has
1119 1263 96 55 just
1250 1263 134 41 heard
1418 1263 311 55 pronounced;

66 1335 86 42 and
187 1349 118 28 some
343 1335 47 41 of
424 1335 134 42 these,
593 1340 45 37 at
674 1348 272 41 subsequent
984 1334 142 42 times,
1160 1333 56 42 he
1250 1333 146 42 would
1432 1335 291 56 occasionally

64 1406 238 42 reproduce
327 1407 109 40 from
462 1421 195 27 memory
680 1405 189 42 without
895 1405 353 55 understanding
1281 1405 133 50 them,
1438 1410 44 38 to
1505 1406 75 43 the
1602 1416 124 48 great

60 1484 277 36 amusement
368 1479 47 40 of
445 1478 75 42 the
543 1478 179 55 family;
754 1477 67 41 for
847 1476 214 57 example,
1086 1475 104 44 Um
1217 1475 190 45 Gottes
1427 1476 176 45 willen
1640 1480 84 56 (for

22 1546 4 65 j
61 1550 131 43 God's
235 1549 136 56 sake),
404 1549 86 43 and
534 1548 80 44 Da
648 1548 163 44 hastn
855 1548 143 55 (there
1040 1563 88 41 you
1172 1548 111 42 have
1327 1548 125 56 him).
1518 1550 72 43 He
1632 1552 92 43 also

58 1622 204 42 imitated
284 1621 60 43 all
367 1630 112 34 sorts
502 1623 44 41 of
578 1621 158 50 noises,
759 1620 108 43 such
900 1635 47 28 as
971 1620 75 44 the
1072 1620 174 43 whistle
1268 1620 45 42 of
1346 1620 75 44 the
1444 1621 277 56 locomotive,

59 1697 84 42 and
170 1697 73 42 the
266 1696 144 42 voices
433 1696 45 42 of
499 1694 198 44 animals.

668 1852 247 56 Inlclliyeiit
947 1851 160 57 Speech.

119 1988 50 40 A.
205 1987 97 41 The
334 1986 403 42 Understanding
776 1996 54 31 of
865 1985 181 43 Spoken
1079 1985 368 43 Woi;ds.—How
1485 1986 119 58 early
1644 1988 75 44 the

56 2058 263 57 awakening
350 2058 280 42 intelligence
663 2058 46 41 of
741 2057 75 43 the
850 2057 119 42 child
1002 2057 152 56 begins
1189 2063 43 36 to
1265 2057 217 57 interpret
1516 2058 75 44 the
1624 2060 94 42 lan-

54 2146 140 41 guage
228 2131 44 41 of
303 2135 185 52 gesture,
511 2134 103 38 tone
641 2130 45 41 of
710 2129 132 43 voice,
865 2129 86 42 and
981 2129 132 43 facial
1145 2130 268 55 expression,
1438 2131 77 43 has
1538 2133 179 56 already

55 2204 109 41 been
198 2201 250 43 illustrated
481 2202 57 42 by
563 2201 73 43 the
670 2215 96 29 case
800 2201 45 42 of
877 2215 81 29 one
992 2202 47 41 of
1067 2202 219 42 Darwin's
1319 2202 182 52 infants,
1541 2204 97 43 who
1671 2212 47 36 at

54 2276 98 41 four
174 2274 178 43 months
376 2273 156 43 smiled
555 2273 47 42 in
632 2287 207 42 response
872 2278 44 37 to
940 2287 25 28 a
986 2273 140 53 smile,
1150 2274 85 42 and
1267 2282 46 34 at
1335 2275 67 41 six
1425 2276 178 44 months
1629 2292 87 29 was

53 2347 190 43 brought
266 2353 43 36 to
334 2347 74 42 the
446 2352 126 50 point
595 2345 45 43 of
672 2346 155 55 crying
852 2345 125 43 when
1012 2345 75 43 the
1120 2361 131 28 nurse
1274 2348 242 55 pretended
1550 2354 44 37 to
1627 2364 89 31 cry.

52 2420 89 42 The
177 2419 364 44 Understanding
575 2419 45 42 of
654 2418 177 56 Spoken
861 2418 161 43 Words
1045 2418 152 43 dawns
1231 2434 118 41 upon
1373 2420 75 43 the
1471 2421 118 43 child
1613 2437 102 28 con-

52 2491 218 44 siderably
295 2491 121 43 later.
480 2491 56 42 In
568 2490 202 44 learning
803 2496 44 37 to
880 2491 272 43 understand
1188 2492 141 43 words
1356 2493 88 43 and
1477 2499 44 37 to
1564 2496 149 42 speak,

49 2563 106 56 girls
178 2577 83 37 are,
284 2577 46 28 as
353 2577 25 28 a
399 2562 110 44 rule,
532 2562 154 43 earlier
719 2562 105 42 than
860 2563 117 55 boys.
1043 2563 91 43 The
1168 2577 97 29 case
1298 2565 46 41 of
1374 2578 83 30 one
1490 2565 118 45 little
1630 2569 83 53 girl

49 2636 79 43 has
161 2650 175 28 already
361 2635 108 42 been
503 2642 127 45 cited,
662 2634 96 43 who
781 2641 45 36 at
859 2635 153 43 eleven
1048 2636 178 42 months
1249 2637 215 56 correctly
1488 2640 225 43 answered

49 2709 75 43 the
156 2708 240 57 questions,
434 2707 199 43 "Where
665 2707 37 43 is
736 2707 188 56 Papa?"
967 2707 199 43 "Where
1190 2708 37 42 is
1258 2708 234 57 Nanny?"
1526 2718 94 46 etc.,
1655 2712 57 56 by

49 2787 203 50 pointing
276 2788 107 34 with
418 2779 74 43 the
528 2780 170 55 fingers,
729 2779 168 56 though
931 2787 77 35 not
1030 2784 78 52 yet
1139 2779 99 44 able
1272 2787 44 36 to
1348 2782 136 55 speak
1518 2797 25 28 a
1578 2784 130 43 word.

49 2853 55 43 In
128 2868 24 27 a
174 2867 172 42 process
376 2853 47 42 of
451 2852 323 56 development,
796 2852 36 42 it
865 2866 140 29 seems
1041 2852 177 42 natural
1242 2852 97 43 that
1374 2854 142 43 words
1551 2856 157 42 should

47 2925 54 43 be
125 2924 262 43 understood
412 2925 146 42 before
582 2924 105 43 they
712 2939 80 28 can
817 2924 52 43 be
892 2924 303 56 intelligently
1219 2924 247 56 produced;
1503 2927 86 41 and
1615 2927 37 42 it
1675 2928 35 42 is

47 2997 74 43 the
160 2998 89 42 fact
285 2997 108 50 that,
432 2996 271 43 throughout
741 2997 76 42 the
850 3010 174 42 process
1062 2996 45 42 of
1138 2996 202 56 learning
1373 3004 45 36 to
1451 2998 148 55 speak,
1636 2999 74 43 the
