1933 3302
162 146 53 39 84

569 148 123 31 Innere
716 149 228 44 Behandlung
967 152 59 32 des
1048 153 318 32 Hospitalbrandes.

161 254 101 40 aucli
300 254 191 39 innerlich
529 268 129 36 gegen
697 257 61 38 die
794 258 223 39 Krankheit
1051 260 56 38 als
1145 261 130 39 solche
1314 264 190 49 gegeben.
1562 266 210 42 Pouteau

162 310 78 49 gab
277 311 21 36 5
342 309 134 50 grains
521 309 46 38 de
606 310 194 50 Campher
837 313 39 37 in
915 313 230 38 Pillenform
1183 314 74 40 alle
1296 318 81 37 vier
1418 317 185 41 Stunden.
1665 323 108 37 Auch

163 364 61 37 die
253 362 205 39 Gebrüder
481 362 189 40 Wenzel
700 367 78 36 und
803 366 101 38 Wer
913 367 113 37 neck
1058 368 78 37 und
1166 372 154 46 spätere
1347 371 177 39 Autoren
1554 376 218 36 empfehlen

162 418 75 37 den
267 416 244 38 innerlichen
542 416 209 40 Gebrauch
782 420 66 37 des
880 420 233 38 Kamphers.

292 469 142 39 Starke
463 470 142 40 Weine
636 473 161 37 Avurden
828 486 75 24 von
925 474 72 36 den
1020 475 164 37 meisten
1205 475 188 49 Autoren,
1425 479 56 37 sei
1502 492 40 25 es
1563 493 73 25 von
1658 495 116 25 vorn-

161 523 150 48 herein,
344 525 58 38 sei
433 538 40 25 es
502 525 41 38 in
573 529 184 46 späteren
779 525 159 39 Stadien
969 529 235 36 empfohlen.

293 578 223 47 Valeriana,
549 579 266 51 Essignaphta
845 581 173 49 empfahl
1049 581 240 41 Werneck
1320 598 55 24 als
1406 584 285 42 Stimulantien.

291 633 190 38 Tinctura
497 633 151 50 Capsici
665 648 87 23 ann.
771 634 63 37 bei
852 633 144 51 Stupor
1013 636 68 37 der
1098 636 148 39 schwer
1258 638 199 47 Kranken,
1475 640 129 38 ferner
1617 641 157 48 Aether,

161 687 158 38 starker
340 687 134 39 Kaffee
492 691 72 35 etc.
577 688 161 38 wurden
755 701 76 24 von
845 692 182 46 späteren
1040 690 175 38 Autoren
1229 694 317 47 symptomatisch
1563 699 210 36 verwandt.

294 741 336 50 Chiuapräparate
651 741 232 39 bewährten
899 742 82 38 sich
1001 743 118 37 nicht.
1151 744 226 48 Pouteau,
1395 747 119 46 Bell,
1534 747 240 51 Gillespie,

161 810 42 23 V..
229 794 143 40 Pitha
402 796 79 37 und
511 795 159 38 Andere
702 796 170 38 betonen
902 797 60 37 die
994 796 336 41 Unwirksamkeit
1368 801 66 37 des
1464 801 146 39 Mittels
1649 817 126 37 gegen

161 850 327 50 Hospitalbrand.
548 849 92 38 Man
660 850 91 37 liest
772 851 85 37 eine
879 850 75 38 Art
974 851 301 52 Enttäuschung
1294 853 159 39 betreffs
1475 856 123 38 dieses
1629 857 147 39 Mittels

161 904 197 39 zwischen
390 905 74 37 den
495 903 148 47 Zeilen,
675 917 76 24 von
781 905 88 37 dem
890 904 82 38 sich
993 905 175 38 offenbar
1189 907 61 37 die
1271 906 175 40 Autoren
1469 909 67 37 der
1557 911 218 50 damaligen

161 958 89 39 Zeit
280 972 78 24 viel
388 958 265 38 versprochen
684 957 148 39 hatten.

294 1012 83 39 Das
411 1011 145 51 Opium
589 1012 132 37 wurde
753 1025 76 25 von
860 1013 74 37 den
961 1011 233 40 Gebrüdern
1215 1013 189 39 Wenzel
1432 1015 39 38 in
1503 1018 21 35 2
1556 1016 136 39 Fällen
1721 1019 55 37 als

163 1066 249 39 specifisches
444 1066 132 38 Mittel
606 1079 129 37 gegen
767 1067 74 37 den
863 1066 311 50 Hospitalbrand
1204 1068 183 38 versucht
1414 1069 98 39 nach
1545 1071 106 38 einer
1679 1071 96 39 Em-

162 1121 195 50 pfehlung
379 1120 201 38 Brown's
611 1121 78 37 und
721 1134 102 24 zwar
852 1121 39 37 in
914 1134 164 37 grossen
1100 1121 144 38 Dosen.
1286 1122 81 38 Der
1388 1124 84 37 eine
1495 1124 155 38 Patient
1669 1126 105 38 starb

161 1190 52 23 an
236 1174 404 51 Opiumvergiftung;
671 1175 64 37 bei
766 1175 88 37 dem
885 1175 171 38 anderen
1087 1189 79 24 war
1197 1176 114 38 keine
1339 1176 100 50 Spur
1469 1191 75 24 von
1574 1180 202 37 örtlichem

162 1230 143 38 Erfolg
328 1228 342 38 wahrzunehmen.
702 1229 72 38 Als
796 1230 367 49 symptomatisches
1182 1229 129 39 Mittel
1324 1245 130 37 gegen
1470 1232 60 37 die
1545 1231 232 40 Schmerzen

162 1284 107 38 beim
299 1283 315 50 Hospitalbrand
644 1283 118 50 spielt
789 1284 67 37 das
880 1283 157 50 Opium,
1067 1283 139 39 örtlich
1226 1285 74 37 wie
1320 1285 191 40 innerlich
1531 1290 244 34 angewandt,

161 1339 89 37 eine
293 1351 134 37 grosse
470 1337 124 38 Rolle.
654 1337 75 38 Die
768 1337 163 39 örtliche
971 1337 260 50 Applikation
1267 1339 241 49 besprachen
1552 1341 68 36 wir
1666 1341 109 37 oben.

161 1392 200 39 Innerlich
392 1393 92 36 kam
515 1405 40 25 es
585 1392 212 38 besonders
817 1393 55 36 im
893 1392 336 38 amerikanischen
1251 1392 145 49 Kriege
1419 1407 67 24 zur
1506 1393 269 52 Anwendung.

164 1447 136 38 Theils
323 1447 134 37 wurde
479 1460 41 25 es
540 1449 72 35 mit
633 1445 118 39 Wein
772 1447 79 37 und
872 1447 140 37 Porter
1033 1446 257 38 verabreicht.
1350 1447 233 39 Thomson
1614 1448 75 47 gab
1711 1462 66 24 zur

161 1502 234 38 Linderung
426 1502 67 36 der
524 1499 237 39 Schmerzen
791 1501 80 37 und
901 1514 68 24 zur
1008 1500 173 38 Hebung
1219 1501 65 37 des
1323 1501 184 49 Appetits
1543 1502 24 36 4
1605 1502 173 38 Tropfen

164 1555 206 39 Salzsäure
403 1556 70 37 mit
505 1556 49 36 16
584 1555 176 49 Tropfen
785 1554 143 51 Opium
951 1554 74 38 alle
1048 1555 83 37 drei
1162 1554 186 38 Stunden.
1407 1555 195 38 Fischer
1632 1560 143 42 mahnt,

161 1625 93 24 man
285 1610 95 38 solle
410 1609 109 38 nicht
551 1614 249 34 versäumen,
841 1609 122 37 durch
996 1608 210 38 reichliche
1243 1608 138 38 Gaben
1419 1623 75 24 von
1535 1609 141 39 Opium
1717 1611 59 36 die

162 1679 167 38 grossen
360 1664 235 39 Schmerzen
624 1665 79 36 und
734 1664 61 37 die
824 1666 249 35 nächtlichen
1103 1662 192 39 Unruhen
1324 1663 67 38 der
1421 1677 133 24 armen
1591 1664 186 37 Kranken

164 1735 50 23 zu
234 1719 232 38 beseitigen.
508 1719 55 37 Er
585 1719 75 49 gab
684 1719 67 36 das
774 1717 146 39 Opium
939 1717 191 38 innerlich
1160 1718 77 37 und
1268 1720 201 35 subcutan.
1514 1717 263 38 Neudörfer

161 1775 81 37 und
275 1774 157 37 Andere
463 1773 212 37 schliessen
706 1773 82 37 sich
818 1773 127 37 seiner
976 1771 267 50 Empfehlung
1273 1786 59 22 an.
1394 1772 102 37 1870
1507 1794 40 4 —
1556 1773 47 36 71
1626 1772 152 37 scheint

160 1830 44 37 in
234 1829 74 37 den
339 1828 180 38 Berliner
550 1827 206 38 Baracken
786 1826 60 38 die
877 1826 168 50 baldige,
1077 1825 163 38 örtliche
1271 1825 174 50 Tilgung
1467 1826 68 37 der
1557 1825 223 38 Krankheit

162 1884 77 38 den
272 1881 210 40 Gebrauch
527 1895 75 25 von
648 1880 187 51 Opiaten,
866 1893 102 37 resp.
1009 1880 462 49 Morphiuminjectionen
1508 1879 70 38 auf
1610 1879 62 38 ein
1707 1892 71 37 ge-

162 1951 136 25 ringes
328 1937 131 38 Maass
488 1936 174 38 reducirt
691 1950 47 23 zu
767 1935 142 37 haben.

297 1992 98 38 Eine
427 1991 214 37 besondere
674 1989 111 39 Rolle
816 2002 139 24 spielte
985 1988 102 38 beim
1120 1987 308 39 Hospitalbrand
1459 1988 60 38 die
1539 1987 133 38 innere
1694 1986 84 38 An-

164 2047 199 38 wendung
384 2059 76 24 von
481 2049 249 34 verdünnten
752 2043 161 38 Säuren.
972 2042 329 49 Dussaussoy,
1323 2042 174 49 Boyer,
1528 2040 248 46 Werneck,

163 2100 409 40 Brüninghausen
601 2099 80 37 und
702 2098 158 38 Andere
892 2097 205 38 schrieben
1128 2097 87 36 dem
1237 2095 167 38 Cremor.
1427 2099 134 35 tartar.
1585 2108 83 24 eine
1690 2107 88 25 sehr

161 2156 190 52 günstige
390 2154 200 37 Wirkung
620 2167 59 23 zu.
711 2151 275 46 Citronensaft,
1009 2151 231 37 Essigsäure
1262 2151 77 36 und
1362 2155 213 32 verdünnte
1593 2148 184 38 Mineral-

162 2224 167 25 ääuren:
376 2208 297 51 Salpetersäure
718 2205 272 50 (Delpech),
1041 2203 308 39 Schwefelsäure
1392 2217 55 24 als
1496 2216 283 33 „Haller'sches

163 2264 165 47 Sauer",
360 2263 326 50 Phosphorsäure
717 2259 271 50 (Pirogoff)
1010 2259 162 37 wurden
1193 2258 166 38 vielfach
1379 2258 191 50 gegeben,
1601 2258 177 36 nament-

160 2319 83 39 lich
273 2319 63 38 bei
367 2319 88 37 dem
487 2316 132 39 Status
651 2316 194 51 gastricus
874 2315 55 36 im
959 2313 197 50 Anfange.

297 2373 196 49 Arsenige
515 2371 136 38 Säure,
683 2371 37 37 in
744 2369 118 38 Form
889 2369 67 37 der
978 2366 318 39 Fowler'schen
1317 2365 187 45 Solution,
1529 2364 155 46 welche,
1706 2376 72 24 wie

165 2442 73 25 wir
267 2441 143 25 sahen,
442 2426 212 38 besonders
685 2425 141 38 örtlich
856 2424 237 50 angewandt
1122 2421 152 46 wurde,
1305 2421 51 37 ist
1385 2433 75 25 von
1489 2418 290 38 Blackadder

162 2482 104 40 auch
295 2481 191 38 innerlich
517 2480 192 50 gegeben,
737 2477 142 52 jedoch
909 2477 99 38 ohne
1038 2475 169 39 Nutzen.

298 2537 118 37 Aqua
446 2535 122 37 chlori
598 2534 134 37 wurde
763 2546 74 24 von
869 2530 220 39 Pirogoff
1114 2530 56 38 als
1202 2529 173 50 Klystier
1418 2526 35 50 (1
1487 2541 47 23 zu
1564 2527 20 36 7
1617 2525 163 38 Theilen

163 2590 186 50 Wasser)
381 2589 184 50 applicirt
602 2589 79 36 und
719 2587 100 38 auch
848 2584 190 39 innerhch
1073 2598 47 24 zu
1153 2585 101 36 1—2
1285 2581 221 39 Drachmen
1534 2579 147 50 täglich
1710 2581 70 35 mit

164 2645 218 39 Limonade
414 2656 193 39 gegeben.

297 2700 158 38 Andere
501 2697 350 48 Chlorpräparate,
890 2693 134 37 ferner
1065 2691 268 39 Karbolsäure
1372 2689 85 38 sind
1495 2687 189 39 ebenfalls
1723 2699 55 24 als

163 2754 220 39 innerliche
413 2752 287 39 Medicamente
741 2762 130 38 gegen
911 2748 75 37 den
1024 2745 332 51 Hospitalbrand,
1395 2757 112 24 wenn
1547 2742 96 38 auch
1680 2752 98 26 ohne

166 2809 159 38 Nutzen
355 2809 187 37 versucht
571 2817 171 26 worden.

301 2862 139 39 Gegen
471 2859 230 40 Durchfälle
732 2857 104 38 beim
867 2855 308 39 Hospitalbrand
1206 2852 158 38 wurden
1395 2852 40 36 in
1456 2851 68 37 der
1547 2862 125 25 ersten
1694 2847 86 38 Zeit

168 2916 144 51 Opiate
352 2916 194 52 gegeben.
607 2911 240 40 Werneck
883 2909 173 50 empfahl
1096 2921 129 38 gegen
1267 2906 60 38 die
1370 2903 229 40 Durchfälle
1638 2901 139 38 Alaun.

167 2970 178 51 Marmy
391 2970 76 51 gab
507 2969 145 38 Opium
691 2970 70 34 mit
796 2965 279 39 Ipecacuauha.
1140 2976 35 26 v.
1213 2960 137 40 Pitha
1394 2960 93 37 fand
1533 2957 66 44 das
1636 2954 143 51 Opium
