1895 3217
689 285 90 32 THE
804 284 199 32 SIAMIRI.

1433 276 89 48 179

223 413 91 46 We
337 427 102 30 now
455 426 121 31 come
590 416 45 40 to
651 411 185 45 another
850 410 126 53 form,
997 408 163 55 which,
1180 409 170 62 though
1363 409 155 62 joined

159 491 64 59 by
246 504 140 45 many
410 488 232 45 zoologists
667 487 112 45 with
813 494 78 38 the
913 486 248 61 preceding,
1185 502 200 45 presents
1409 502 111 47 very

159 565 298 45 considerable
502 562 255 46 differences
801 561 47 46 in
892 562 111 45 form
1048 563 91 45 and
1180 562 165 46 habits.
1428 564 92 45 We

159 643 129 43 begin
316 647 45 39 to
389 656 126 29 enter
545 639 112 45 with
688 639 36 45 it
751 646 127 38 those
912 639 131 45 small
1074 654 164 45 species
1262 639 148 45 where
1440 640 79 45 the

159 718 114 44 nails
304 717 105 45 take
440 716 77 45 the
548 715 110 45 form
693 715 50 45 of
774 716 149 53 claws,
959 715 90 45 and
1083 715 148 45 where
1262 715 78 45 the
1367 716 150 45 habits

157 794 176 44 become
356 808 120 30 more
500 793 107 44 akin
630 798 44 38 to
707 792 78 44 the
815 791 118 45 little
964 791 260 54 carnivora;
1258 807 96 29 raw
1376 799 138 47 meat,

155 869 176 53 insects,
357 869 89 44 and
469 868 118 45 birds
611 883 73 30 are
705 867 190 46 relished
918 868 62 60 by
1002 873 142 48 them,
1170 868 90 45 and
1281 868 78 45 the
1382 868 135 46 latter

158 961 73 29 are
266 951 135 39 taken
436 943 113 46 with
582 950 125 55 great
741 943 204 46 activity.
1021 944 97 45 The
1151 951 176 38 nearest
1364 945 46 45 in
1447 946 67 44 al-

154 1021 142 45 liance
320 1028 45 38 to
389 1021 78 45 the
489 1022 215 59 Sapajous
728 1020 37 46 is
788 1027 77 38 the
888 1035 138 45 genus
1054 1019 238 47 Callithrix
1314 1020 50 46 of
1379 1020 135 46 Geof-

156 1096 109 61 frey,
286 1097 318 45 characterised
627 1098 61 60 by
712 1112 27 30 a
761 1097 130 44 facial
914 1111 128 30 angle
1066 1095 50 46 of
1140 1094 83 47 60°
1243 1113 15 37 ;
1295 1112 94 31 ears
1412 1113 101 45 pro-

154 1173 268 62 portionally
460 1189 109 45 very
608 1173 151 61 large;
800 1173 78 45 the
915 1173 119 60 body
1071 1172 203 54 slender;
1314 1179 78 39 the
1431 1175 81 44 tail

155 1249 148 60 longer
324 1256 111 38 than
458 1250 78 44 the
558 1251 134 60 body,
718 1249 191 60 entirely
931 1249 147 60 hairy,
1103 1250 83 43 but
1215 1255 78 39 not
1321 1250 191 59 prehen-

155 1325 79 45 sile
251 1342 15 36 ;
291 1332 76 39 the
390 1326 114 45 nails
535 1326 187 45 straight
751 1326 90 45 and
869 1324 174 54 raised;
1075 1340 166 30 colours
1265 1324 50 46 of
1334 1326 77 45 the
1441 1325 71 46 fur

153 1401 160 60 bright.
382 1403 96 44 The
511 1408 110 54 type
658 1401 50 45 of
737 1409 78 37 the
850 1416 139 45 genus
1019 1401 81 45 has
1131 1402 111 44 been
1275 1402 138 44 taken
1448 1403 61 59 by

154 1476 210 61 Geoffroy
400 1476 45 45 in
485 1478 78 44 the
602 1477 153 45 Simla
791 1478 175 44 sciurea
1003 1476 49 46 of
1091 1477 227 54 Linnaeus,
1362 1478 146 45 which

154 1552 158 45 should
335 1568 102 30 now
460 1552 132 46 stand
615 1568 47 30 as
