2411 3372
102 183 529 67 Brotscllîmmelpilz
686 183 268 68 glänzend
1007 182 280 70 bestätigt,
1341 209 105 31 was
1502 210 66 29 an
1623 185 96 55 der
1771 184 326 57 Meblmotte
2154 209 80 45 ge¬

104 262 209 51 funden
340 260 185 50 wurde
549 289 72 4 —
642 261 113 48 und
782 262 56 46 in
866 260 321 63 geduldiger
1212 261 349 50 Kleinarbeit
1587 264 121 49 sind
1735 266 55 46 in
1819 263 135 49 aller
1982 264 139 48 Welt
2147 264 87 48 die

101 334 258 51 Forscher
392 331 179 60 dabei,
606 332 199 49 Schritt
840 332 90 49 für
965 332 197 50 Schritt
1195 336 195 47 immer
1423 335 165 48 tiefer
1623 335 394 64 einzudringen
2051 338 57 46 in
2142 336 92 48 das

103 407 312 50 Geheimnis
454 403 97 50 der
584 403 342 66 Vererbung.

171 476 190 64 Wenig
405 476 188 50 wurde
639 476 186 49 bisher
870 496 125 30 vom
1039 477 288 51 Menschen
1374 481 345 62 gesprochen.
1767 481 150 51 Aber
1964 485 129 49 auch
2142 484 94 49 der

101 549 213 50 Mensch
356 548 301 63 unterliegt
701 548 102 49 den
846 548 268 50 Gesetzen
1158 551 95 49 der
1294 551 342 65 Vererbung.
1680 554 157 49 Nicht
1878 575 105 29 nur
2024 555 211 63 Augen¬

101 622 156 49 farbe
289 620 112 50 und
433 620 334 49 Nasenform
797 621 220 48 werden
1049 622 239 50 vererbt.
1323 623 148 50 Auch
1504 624 296 65 Begabung
1831 627 138 49 wird
1999 630 73 46 im
2104 627 131 49 Erb¬

102 708 91 49 gut
228 692 437 63 weitergegeben
701 712 106 29 von
845 692 337 51 Generation
1219 716 63 28 zu
1320 695 358 51 Generation:
1716 698 112 49 Der
1861 698 376 50 Stammbaum

102 766 93 49 der
232 764 463 50 Musikerfamilie
735 764 141 50 Bach
914 767 69 48 ist
1024 768 86 47 ein
1147 767 402 51 wundervolles
1589 768 239 64 Beispiel
1869 769 178 51 dafür.
2088 770 150 50 Aber

102 838 127 49 auch
266 837 140 49 viele
443 836 386 50 Krankheiten
867 837 120 50 sind
1024 837 217 51 erblich.
1279 839 80 49 Im
1395 840 147 49 Tier-
1579 841 113 49 und
1727 841 404 50 Pflanzenreich
2168 844 69 48 ist

103 908 321 64 Vererbung
468 908 281 60 Schicksal,
792 909 465 52 unentrinnbares
1303 911 212 50 Gesetz.
1560 913 139 49 Dem
1741 912 288 51 Menschen
2076 914 163 49 allein

99 984 68 48 ist
209 1001 53 31 es
305 980 258 63 gegeben,
606 981 85 50 die
732 980 179 51 Macht
954 981 91 51 des
1087 982 395 51 Erbschicksals
1523 1004 65 29 zu
1627 984 384 51 beherrschen:
2056 985 181 49 Durch

102 1054 151 50 Geist
288 1053 113 50 und
435 1052 327 65 Erziehung.
800 1053 125 50 Und
960 1054 169 50 selbst
1167 1055 84 49 die
1289 1055 294 50 Schrecken
1622 1056 95 49 der
1753 1056 486 50 Erbkrankheiten

102 1126 133 49 wird
279 1146 58 29 er
383 1128 147 47 eines
577 1125 171 63 Tages
793 1126 93 49 für
930 1129 194 46 immer
1169 1127 251 59 brechen,
1467 1127 142 49 dann
1654 1128 248 59 nämlich,
1947 1148 159 30 wenn
2154 1128 84 50 die

100 1197 475 63 entsagungsvolle
623 1197 313 65 Forschung
984 1217 100 31 uns
1137 1199 84 49 die
1272 1199 502 63 Zusammenhänge
1825 1200 260 50 zwischen
2138 1201 101 48 den

101 1270 184 50 Genen
319 1273 73 46 im
426 1269 259 50 Zellkern
718 1270 114 49 und
867 1270 96 49 der
995 1271 285 48 normalen
1314 1273 101 47 wie
1452 1271 96 49 der
1583 1271 379 50 krankhaften
1998 1272 239 49 äußeren

99 1340 368 64 Erscheinung
511 1344 195 47 immer
751 1341 187 50 besser
983 1341 293 50 verstehen
1320 1343 115 49 läßt
1479 1343 113 48 und
1635 1362 100 31 uns
1784 1342 84 50 die
1915 1343 325 50 Wirkstoffe

101 1414 214 50 kennen
345 1414 113 49 und
489 1414 297 49 anwenden
815 1413 164 60 lehrt,
1008 1416 99 47 mit
1140 1414 172 49 denen
1343 1434 125 29 man
1501 1415 84 49 die
1615 1415 169 49 Kette
1815 1434 126 30 vom
1971 1415 115 50 Gen
2118 1434 121 30 zum

100 1484 269 51 Merkmal
404 1485 367 51 beeinflussen
808 1486 113 49 und
958 1505 57 30 so
1053 1505 126 30 vom
1216 1485 177 51 Bösen
1431 1507 122 28 zum
1591 1486 181 50 Guten
1808 1487 228 49 wenden
2075 1486 163 49 kann.

169 1562 129 51 Fast
324 1563 110 49 will
463 1583 53 30 es
546 1564 212 49 freilich
787 1564 267 60 scheinen,
1084 1564 103 50 daß
1216 1585 128 40 nun,
1375 1566 65 49 da
1471 1566 84 49 die
1584 1567 303 63 Erbträger
1917 1569 74 50 als
2021 1569 220 50 Riesen¬

98 1634 275 51 moleküle
424 1635 237 50 erkannt
708 1636 224 50 worden
981 1636 137 59 sind,
1169 1638 91 50 das
1311 1637 245 51 Wunder
1606 1639 96 49 der
1750 1639 328 65 Vererbung
2128 1653 112 36 ent¬

98 1706 227 51 zaubert
359 1709 96 49 sei:
491 1708 62 49 In
586 1707 319 50 Molekülen
939 1709 113 49 und
1084 1708 502 65 Molekülgruppen
1620 1711 342 50 beschlossen
1999 1713 121 50 sind
2155 1712 85 49 die

99 1778 263 65 Anlagen,
393 1800 94 30 aus
520 1780 173 50 denen
723 1781 105 50 sich
861 1781 70 49 all
963 1780 84 51 die
1079 1780 309 62 Schönheit,
1420 1782 70 49 all
1522 1782 85 50 die
1637 1783 365 51 wunderbare
2034 1785 208 49 Zweck¬

97 1851 304 64 mäßigkeit
443 1852 99 50 der
581 1853 332 64 leibendigen
953 1852 179 51 Natur
1172 1855 279 50 entfaltet.
1492 1855 149 50 Aber
1683 1857 97 49 der
1820 1855 225 51 Aufbau
2087 1859 156 59 jener

99 1924 506 60 Eiweißmoleküle,
658 1925 85 50 die
792 1928 99 46 wir
943 1925 74 50 als
1069 1925 206 65 Träger
1327 1927 92 50 des
1469 1927 239 63 Erbguts
1760 1928 218 49 kennen
2031 1929 212 62 gelernt

98 1995 194 61 haben,
328 1999 217 48 erweist
579 1998 106 49 sich
719 1997 169 59 sejjîst
919 1997 301 50 wiederum
1255 1999 74 50 als
1364 2001 87 47 ein
1484 2019 171 30 neuer
1688 2001 235 49 Kosmos
1958 2003 99 47 mit
2092 2003 153 47 einer

97 2066 171 52 schier
310 2068 422 51 unabsehbaren
773 2069 155 51 Fülle
972 2068 507 64 kompliziertester
1521 2071 354 60 Strukturen,
1918 2072 185 49 hinter
2149 2072 96 49 der

98 2140 104 50 sich
237 2140 269 51 abermals
542 2142 92 50 das
664 2142 279 49 wahrhaft
975 2140 409 65 Schöpferische
1416 2143 249 64 verbirgt
1693 2174 72 5 —
1797 2143 95 50 der
1925 2145 92 48 für
2049 2147 195 46 immer

98 2212 448 63 geheimnisvolle
581 2213 262 64 Urgrund
876 2214 130 50 alles
1040 2213 245 51 Wunder
1320 2215 97 50 der
1448 2215 347 64 Vererbung,
1831 2215 134 50 aller
2000 2216 246 49 Wunder

98 2285 91 51 des
220 2285 211 52 Lebens
462 2286 114 49 und
605 2286 134 50 aller
770 2286 244 49 Wunder
1046 2287 178 49 dieser
1256 2286 160 51 Welt.

98 2925 895 63 Lux-Lesebogen
1062 2926 164 49 103
1292 2946 19 8 -
1374 2924 484 63 Heftpreis
1923 2926 92 49 25
2072 2925 178 61 Pfg.

105 3008 165 40 Natur-
292 3011 95 38 und
408 3009 411 40 kulturkundliche
841 3011 140 40 Hefte
1006 3033 54 6 —
1085 3011 337 49 Bestellungen
1449 3010 326 49 (viertel]ährl.
1806 3013 23 37 6
1855 3011 141 39 Hefte
2023 3011 91 38 DM
2139 3011 107 48 1.50)

105 3065 135 38 durch
264 3066 109 48 jede
399 3065 364 49 Buchhandlung
789 3066 94 38 und
908 3065 111 50 jede
1047 3066 289 38 Postanstalt
1358 3088 55 5 —
1437 3065 176 49 Verlag
1630 3066 251 38 Sebastian
1897 3066 108 44 Lux,
2026 3066 222 37 Murnau-

420 3120 233 39 München
672 3142 53 6 —•
745 3121 165 38 Druck:
937 3120 363 39 Buchdruckerei
1322 3120 320 48 Mühlberger,
1668 3119 255 49 Augsburg

1139 3250 64 48 31
