2125 3524
836 260 86 31 THE
956 261 241 33 DISOltDEKS
1229 264 53 31 OF
1313 265 175 32 SPEECH.

352 244 53 40 66

348 372 74 42 the
459 372 131 45 latter
621 390 107 39 case,
750 391 82 30 one
864 379 90 42 will
987 380 104 43 hear
1127 380 121 44 those
1286 383 212 55 straining
1533 383 123 42 vocal
1688 384 139 43 noises
1860 386 100 48 (half

350 444 244 44 smothered
617 448 143 57 owing
793 454 43 37 to
872 450 74 43 the
977 451 157 43 almost
1166 452 211 55 complete
1408 453 245 54 apposition
1685 455 46 40 of
1759 454 74 43 the
1864 456 99 46 false

351 514 143 56 cords)
536 517 97 42 that
669 532 72 30 are
783 533 47 29 so
871 521 323 42 characteristic
1235 523 47 40 of
1319 522 73 42 the
1430 529 70 35 act
1536 524 44 40 of
1622 524 218 55 straining.
1915 527 48 44 In

351 584 211 58 doubting
603 588 73 42 the
710 603 207 42 accuracy
953 591 47 42 of
1030 591 73 41 the
1140 591 295 42 observations
1472 592 134 42 above
1642 593 186 42 referred
1863 598 53 47 to,
1943 598 21 41 I

352 656 110 42 have
485 657 73 42 the
581 657 84 43 less
689 659 245 52 hesitation,
957 661 224 42 inasmuch
1205 675 45 27 as
1275 662 21 40 I
1321 663 215 53 recognise
1555 662 105 41 that,
1675 663 44 40 in
1737 663 120 42 order
1875 665 88 44 that

354 726 73 42 the
449 734 112 36 state
594 729 45 40 of
669 729 73 42 the
763 727 150 57 glottis
946 731 156 55 during
1134 731 72 42 the
1234 745 144 28 spasm
1411 732 156 41 should
1598 732 51 42 be
1681 733 232 55 displayed,
1933 737 32 42 it

354 797 145 42 would
550 798 50 42 be
643 813 228 41 necessary
914 801 64 41 for
1020 801 73 41 the
1145 801 171 54 patient
1361 807 42 35 to
1445 802 131 54 speak
1619 815 46 27 or
1709 802 95 55 sing
1845 805 120 44 while

355 867 74 42 the
453 867 152 42 mirror
635 869 36 40 is
705 869 45 40 in
788 869 67 41 his
888 869 155 42 throat,
1065 870 85 41 and
1173 870 89 42 also
1285 875 45 37 at
1352 871 73 42 the
1458 885 116 28 same
1606 872 105 41 time
1742 876 44 38 to
1817 872 106 44 have
1943 890 22 28 a

355 942 95 37 true
482 938 279 54 involuntary
797 944 283 49 spasm—not
1112 940 160 55 merely
1305 941 137 49 make,
1464 941 277 55 voluntarily,
1773 942 116 42 what
1918 944 48 44 he

357 1007 141 56 might
529 1008 198 41 consider
759 1022 54 27 an
846 1009 219 42 imitation
1098 1011 47 39 of
1184 1023 90 28 one.
1336 1011 90 41 The
1457 1011 219 41 condition
1718 1025 175 40 appears
1928 1022 38 33 to

360 1091 67 28 me
460 1083 44 36 to
535 1078 53 41 be
622 1091 81 28 one
737 1077 46 41 in
818 1078 142 42 which
992 1079 73 41 the
1100 1079 139 41 whole
1272 1079 161 55 glottis,
1459 1085 95 37 true
1588 1081 84 41 and
1709 1081 103 42 false
1853 1084 114 42 cords

358 1148 127 50 alike,
508 1148 36 42 is
577 1148 142 41 seized
753 1148 106 41 with
896 1148 281 55 involuntary
1214 1162 156 41 spasm,
1401 1150 85 41 and
1517 1151 36 41 is
1586 1151 139 42 closed
1760 1165 69 41 up,
1861 1166 105 27 com-

357 1219 164 55 pletely
560 1233 48 27 or
650 1218 323 55 incompletely,
1010 1233 45 27 as
1093 1219 35 42 it
1165 1220 214 54 normally
1421 1221 35 41 is
1499 1220 156 56 during
1696 1235 85 41 any
1822 1228 68 35 act
1929 1225 39 40 of

358 1289 226 48 straining.

417 1359 88 41 The
529 1358 253 43 Tremulous
808 1359 182 42 Variety
1014 1360 44 41 of
1079 1359 176 43 writer's
1278 1374 146 28 cramp
1446 1361 36 41 is
1505 1360 184 55 thought
1711 1361 56 55 by
1790 1362 178 42 Frankel

356 1434 45 37 to
424 1430 51 41 be
493 1430 276 41 represented
786 1429 45 42 in
851 1430 72 41 the
941 1429 157 55 larynx
1121 1430 56 41 by
1195 1430 162 41 certain
1381 1430 131 41 forms
1531 1431 46 40 of
1595 1431 276 54 involuntary
1889 1432 78 41 and

357 1500 293 41 irrepressible
678 1500 183 41 Tremolo
894 1499 46 41 in
962 1500 74 41 the
1070 1500 204 42 emission
1296 1501 45 41 of
1374 1506 149 36 notes;
1554 1501 77 41 but
1655 1501 51 42 he
1732 1500 148 42 thinks
1902 1500 67 43 the

357 1571 169 41 subject
548 1571 36 40 is
607 1584 45 27 as
674 1577 75 47 yet
770 1570 270 55 imperfectly
1059 1570 272 42 understood,
1348 1571 83 41 and
1455 1571 99 41 does
1577 1575 75 37 not
1669 1585 120 27 enter
1812 1571 157 41 further

358 1655 116 41 upon
499 1641 72 41 the
594 1641 240 41 discussion
857 1641 46 40 of
921 1641 44 41 it.

416 1712 61 40 To
499 1711 73 41 the
596 1711 115 41 third
733 1724 46 27 or
801 1710 216 55 Paralytic
1039 1710 195 54 Variety,
1251 1711 189 41 Frankel
1461 1711 174 42 devotes
1657 1710 158 54 special
1836 1716 132 36 atten-

359 1782 102 41 tion.
524 1782 70 40 He
627 1781 77 41 has
736 1780 96 41 had,
854 1780 45 41 in
931 1780 70 41 all,
1024 1781 68 40 six
1123 1781 189 54 patients
1336 1781 95 41 who
1454 1781 183 41 suffered
1659 1780 109 41 from
1791 1780 56 41 it:
1879 1780 91 40 four

358 1851 148 55 public
527 1852 164 54 singers
713 1851 137 55 (three
872 1850 155 42 female
1046 1850 84 41 and
1153 1864 79 28 one
1255 1851 143 54 male),
1415 1865 79 27 one
1517 1850 155 42 female
1696 1850 178 42 teacher,
1891 1850 79 40 and

357 1936 81 28 one
470 1922 215 54 preacher.
749 1919 71 43 He
853 1920 225 42 describes,
1101 1935 45 27 as
1178 1920 121 42 those
1326 1922 45 40 of
1399 1935 24 26 a
1444 1921 209 54 perfectly
1676 1919 161 56 typical
1870 1933 100 36 case,

358 1993 73 41 the
469 1996 240 51 symptoms
747 2004 45 28 as
830 1990 103 55 they
955 1990 229 54 presented
1217 1990 259 41 themselves
1508 1991 45 39 in
1586 2004 80 27 one
1697 1990 46 41 of
1771 1990 73 41 the
1874 1988 95 55 lady

358 2063 178 40 singers.
601 2061 84 42 She
710 2075 83 27 was
823 2073 157 42 young,
1002 2059 86 42 and
1110 2059 254 55 apparently
1387 2060 45 40 in
1455 2059 213 42 excellent
1690 2059 170 42 health;
1891 2058 78 41 and

359 2147 76 27 she
457 2131 185 42 suffered
675 2132 108 40 from
815 2144 56 28 no
893 2130 169 42 trouble
1085 2130 45 40 in
1163 2130 74 41 the
1258 2130 154 54 larynx
1436 2135 155 36 except
1617 2130 124 41 when
1764 2130 75 41 she
1861 2142 108 41 sang.

359 2203 145 41 When
526 2201 228 43 requested
785 2206 44 36 to
851 2201 107 55 sing,
981 2201 76 41 she
1088 2201 137 41 began
1246 2200 45 41 in
1325 2215 24 27 a
1371 2200 224 47 beautiful,
1618 2204 147 50 strong
1786 2212 185 35 soprano,

359 2273 113 42 clear
493 2287 46 27 as
561 2287 25 27 a
609 2272 109 51 bell;
749 2271 91 42 but,
862 2271 110 41 after
1003 2285 24 27 a
1048 2272 162 40 certain
1243 2272 116 40 time,
1383 2271 72 41 the
1488 2271 119 41 voice
1638 2270 173 41 became
1840 2268 129 54 weak,

360 2343 86 41 and
467 2357 81 27 one
579 2342 127 42 could
729 2355 68 28 see
830 2346 96 36 that
958 2341 35 41 it
1025 2354 86 28 was
1144 2341 224 41 becoming
1399 2354 116 28 more
1538 2340 85 41 and
1653 2354 117 27 more
1795 2337 177 43 difficult

360 2414 66 40 for
464 2413 75 40 her
575 2417 44 36 to
657 2411 125 41 bring
819 2415 75 36 out
932 2416 99 35 tone
1068 2424 46 27 as
1152 2410 76 42 she
1265 2411 84 40 had
1387 2411 110 41 done
1534 2417 44 34 at
1619 2410 73 41 the
1733 2408 236 53 beginning.

360 2489 19 15 "
403 2483 167 41 Finally
600 2482 75 41 she
707 2481 193 54 stopped,
924 2481 102 40 with
1062 2486 110 35 tears
1195 2480 45 40 in
1262 2481 79 41 her
1361 2494 111 41 eyes,
1495 2480 44 42 in
1563 2481 72 40 the
1659 2479 158 41 middle
1839 2479 43 40 of
1904 2477 66 41 the

361 2567 115 28 song.
539 2552 144 41 When
721 2551 131 41 asked
890 2550 99 54 why
1027 2550 74 41 she
1139 2549 73 41 did
1248 2556 77 35 not
1360 2565 52 40 go
1449 2565 66 27 on,
1554 2564 73 27 she
1664 2549 228 47 answered,
1928 2551 7 16 '
1952 2546 16 40 I

361 2628 168 38 cannot.
593 2621 54 41 In
680 2620 73 41 the
788 2620 93 41 first
917 2618 119 55 place
1059 2619 34 40 it
1114 2619 120 54 gives
1258 2633 66 27 me
1355 2621 100 53 pain
1478 2620 45 40 in
1547 2619 71 41 the
1642 2618 151 42 throat.
1855 2617 115 47 That,

361 2694 211 41 however,
596 2691 21 41 I
640 2690 154 42 should
817 2694 77 36 not
921 2702 94 28 care
1048 2689 75 40 for.
1186 2689 88 41 But
1306 2689 21 41 I
1360 2703 68 27 am
1461 2696 74 34 not
1568 2689 94 41 able
1693 2694 43 36 to
1769 2688 94 54 sing
1893 2698 76 40 any

359 2778 141 28 more:
528 2776 71 27 my
624 2761 118 41 voice
763 2761 37 41 is
821 2758 132 57 gone.'
1014 2758 223 54 Although
1260 2759 44 40 in
1326 2760 149 54 giving
1497 2759 86 42 this
1605 2772 122 41 reply
1749 2758 75 42 she
1846 2768 124 43 spoke

359 2835 46 42 in
437 2849 25 27 a
494 2831 209 57 perfectly
727 2844 112 28 clear
861 2829 130 42 voice,
1014 2829 36 40 it
1071 2842 86 27 was
1179 2828 249 54 impossible
1460 2829 66 41 for
1558 2829 73 41 her
1660 2836 43 34 to
1725 2841 96 41 sing
1841 2839 128 42 again.

360 2906 90 41 The
472 2907 186 39 attempt
681 2906 43 37 to
746 2900 54 42 do
823 2913 45 28 so
891 2898 102 55 only
1017 2897 215 55 produced
1254 2911 24 28 a
1300 2898 118 41 noise
1441 2897 95 42 that
1563 2897 188 55 scarcely
1774 2891 197 47 deserved

361 2983 43 35 to
437 2976 51 41 be
521 2972 137 44 called
690 2969 136 44 tone."
887 2967 339 56 Laryngoscopic
1259 2967 290 42 examination
1588 2966 172 43 showed
1797 2963 174 54 nothing

358 3047 193 49 distinct,
572 3041 208 45 although
818 3038 188 45 Frankel
1043 3051 86 29 was
1164 3037 189 43 inclined
1385 3045 42 34 to
1464 3037 128 43 think
1626 3037 95 43 that
1752 3037 73 42 the
1856 3029 113 47 vocal
