<?xml version="1.0" encoding="UTF-8"?>
<alto xmlns="http://www.loc.gov/standards/alto/ns-v2#" xmlns:xsi="http://www.w3.org/2001/XMLSchema-instance" xsi:schemaLocation="http://www.loc.gov/standards/alto/ns-v2# http://www.loc.gov/standards/alto/alto.xsd">
  <Description>
    <MeasurementUnit>pixel</MeasurementUnit>
    <sourceImageInformation>
      <fileName>b21273911_abbyy.xml</fileName>
    </sourceImageInformation>
    <OCRProcessing ID="OCR_1">
      <preProcessingStep>
        <processingDateTime>2014-10-24T02:15:27</processingDateTime>
        <processingAgency>intranda GmbH, www.intranda.com</processingAgency>
        <processingSoftware>
          <softwareCreator>intranda GmbH, Germany</softwareCreator>
          <softwareName>intranda OCR Module for TaskManager</softwareName>
          <softwareVersion>1.0r42</softwareVersion>
        </processingSoftware>
      </preProcessingStep>
      <ocrProcessingStep>
        <processingSoftware>
          <softwareCreator>ABBYY (BIT Software), Russia</softwareCreator>
          <softwareName>FineReader Engine</softwareName>
          <softwareVersion>10</softwareVersion>
        </processingSoftware>
      </ocrProcessingStep>
    </OCRProcessing>
  </Description>
  <Layout>
    <Page PHYSICAL_IMG_NR="378" ID="PAGE_378" WIDTH="2113" HEIGHT="3404">
      <TopMargin ID="TopMargin_1" HPOS="369" VPOS="194" WIDTH="1151" HEIGHT="57">
        <TextBlock ID="TextBlock_1183" HPOS="369" VPOS="194" WIDTH="1151" HEIGHT="57">
          <TextLine ID="TextLine_14046" HPOS="369" VPOS="194" WIDTH="84" HEIGHT="42">
            <String ID="Word_142508" HPOS="369" VPOS="194" WIDTH="84" HEIGHT="42" CONTENT="358" />
          </TextLine>
          <TextLine ID="TextLine_14047" HPOS="871" VPOS="214" WIDTH="649" HEIGHT="37">
            <String ID="Word_142509" HPOS="871" VPOS="214" WIDTH="86" HEIGHT="31" CONTENT="THE" />
            <SP ID="SP_128468" HPOS="957" VPOS="214" WIDTH="34" HEIGHT="0" />
            <String ID="Word_142510" HPOS="991" VPOS="216" WIDTH="239" HEIGHT="32" CONTENT="DISORDERS" />
            <SP ID="SP_128469" HPOS="1230" VPOS="216" WIDTH="33" HEIGHT="0" />
            <String ID="Word_142511" HPOS="1263" VPOS="219" WIDTH="53" HEIGHT="30" CONTENT="OF" />
            <SP ID="SP_128470" HPOS="1316" VPOS="219" WIDTH="31" HEIGHT="0" />
            <String ID="Word_142512" HPOS="1347" VPOS="219" WIDTH="173" HEIGHT="32" CONTENT="SPEECH." />
          </TextLine>
        </TextBlock>
      </TopMargin>
      <PrintSpace ID="PrintSpace_379" HPOS="346" VPOS="319" WIDTH="1646" HEIGHT="2753">
        <TextBlock ID="TextBlock_1182" HPOS="346" VPOS="319" WIDTH="1646" HEIGHT="2753">
          <TextLine ID="TextLine_14048" HPOS="371" VPOS="325" WIDTH="1612" HEIGHT="69">
            <String ID="Word_142513" HPOS="371" VPOS="325" WIDTH="129" HEIGHT="56" CONTENT="tirely" />
            <SP ID="SP_128471" HPOS="500" VPOS="325" WIDTH="18" HEIGHT="0" />
            <String ID="Word_142514" HPOS="518" VPOS="327" WIDTH="291" HEIGHT="57" CONTENT="disappeared," />
            <SP ID="SP_128472" HPOS="809" VPOS="327" WIDTH="18" HEIGHT="0" />
            <String ID="Word_142515" HPOS="827" VPOS="346" WIDTH="45" HEIGHT="28" CONTENT="so" />
            <SP ID="SP_128473" HPOS="872" VPOS="333" WIDTH="24" HEIGHT="0" />
            <String ID="Word_142516" HPOS="896" VPOS="333" WIDTH="94" HEIGHT="43" CONTENT="that" />
            <SP ID="SP_128474" HPOS="990" VPOS="333" WIDTH="21" HEIGHT="0" />
            <String ID="Word_142517" HPOS="1011" VPOS="335" WIDTH="74" HEIGHT="41" CONTENT="the" />
            <SP ID="SP_128475" HPOS="1085" VPOS="335" WIDTH="23" HEIGHT="0" />
            <String ID="Word_142518" HPOS="1108" VPOS="336" WIDTH="167" HEIGHT="54" CONTENT="patient" />
            <SP ID="SP_128476" HPOS="1275" VPOS="336" WIDTH="21" HEIGHT="0" />
            <String ID="Word_142519" HPOS="1296" VPOS="337" WIDTH="124" HEIGHT="41" CONTENT="could" />
            <SP ID="SP_128477" HPOS="1420" VPOS="337" WIDTH="22" HEIGHT="0" />
            <String ID="Word_142520" HPOS="1442" VPOS="338" WIDTH="118" HEIGHT="41" CONTENT="write" />
            <SP ID="SP_128478" HPOS="1560" VPOS="338" WIDTH="17" HEIGHT="0" />
            <String ID="Word_142521" HPOS="1577" VPOS="339" WIDTH="134" HEIGHT="55" CONTENT="again." />
            <SP ID="SP_128479" HPOS="1711" VPOS="339" WIDTH="62" HEIGHT="0" />
            <String ID="Word_142522" HPOS="1773" VPOS="339" WIDTH="68" HEIGHT="43" CONTENT="He" />
            <SP ID="SP_128480" HPOS="1841" VPOS="339" WIDTH="18" HEIGHT="0" />
            <String ID="Word_142523" HPOS="1859" VPOS="341" WIDTH="124" HEIGHT="41" CONTENT="could" />
          </TextLine>
          <TextLine ID="TextLine_14049" HPOS="368" VPOS="396" WIDTH="1615" HEIGHT="57">
            <String ID="Word_142524" HPOS="368" VPOS="396" WIDTH="134" HEIGHT="54" CONTENT="speak" />
            <SP ID="SP_128481" HPOS="502" VPOS="396" WIDTH="24" HEIGHT="0" />
            <String ID="Word_142525" HPOS="526" VPOS="398" WIDTH="198" HEIGHT="52" CONTENT="Russian," />
            <SP ID="SP_128482" HPOS="724" VPOS="398" WIDTH="24" HEIGHT="0" />
            <String ID="Word_142526" HPOS="748" VPOS="402" WIDTH="178" HEIGHT="51" CONTENT="French," />
            <SP ID="SP_128483" HPOS="926" VPOS="402" WIDTH="22" HEIGHT="0" />
            <String ID="Word_142527" HPOS="948" VPOS="405" WIDTH="83" HEIGHT="41" CONTENT="and" />
            <SP ID="SP_128484" HPOS="1031" VPOS="405" WIDTH="26" HEIGHT="0" />
            <String ID="Word_142528" HPOS="1057" VPOS="405" WIDTH="198" HEIGHT="43" CONTENT="German." />
            <SP ID="SP_128485" HPOS="1255" VPOS="405" WIDTH="64" HEIGHT="0" />
            <String ID="Word_142529" HPOS="1319" VPOS="406" WIDTH="72" HEIGHT="42" CONTENT="Six" />
            <SP ID="SP_128486" HPOS="1391" VPOS="406" WIDTH="29" HEIGHT="0" />
            <String ID="Word_142530" HPOS="1420" VPOS="407" WIDTH="169" HEIGHT="42" CONTENT="months" />
            <SP ID="SP_128487" HPOS="1589" VPOS="407" WIDTH="23" HEIGHT="0" />
            <String ID="Word_142531" HPOS="1612" VPOS="409" WIDTH="110" HEIGHT="41" CONTENT="after" />
            <SP ID="SP_128488" HPOS="1722" VPOS="409" WIDTH="23" HEIGHT="0" />
            <String ID="Word_142532" HPOS="1745" VPOS="410" WIDTH="71" HEIGHT="41" CONTENT="the" />
            <SP ID="SP_128489" HPOS="1816" VPOS="410" WIDTH="23" HEIGHT="0" />
            <String ID="Word_142533" HPOS="1839" VPOS="423" WIDTH="144" HEIGHT="29" CONTENT="occur-" />
          </TextLine>
          <TextLine ID="TextLine_14050" HPOS="370" VPOS="469" WIDTH="1616" HEIGHT="67">
            <String ID="Word_142534" HPOS="370" VPOS="479" WIDTH="125" HEIGHT="31" CONTENT="rence" />
            <SP ID="SP_128490" HPOS="495" VPOS="469" WIDTH="36" HEIGHT="0" />
            <String ID="Word_142535" HPOS="531" VPOS="469" WIDTH="45" HEIGHT="41" CONTENT="of" />
            <SP ID="SP_128491" HPOS="576" VPOS="469" WIDTH="38" HEIGHT="0" />
            <String ID="Word_142536" HPOS="614" VPOS="470" WIDTH="71" HEIGHT="43" CONTENT="the" />
            <SP ID="SP_128492" HPOS="685" VPOS="470" WIDTH="39" HEIGHT="0" />
            <String ID="Word_142537" HPOS="724" VPOS="473" WIDTH="160" HEIGHT="53" CONTENT="paresis" />
            <SP ID="SP_128493" HPOS="884" VPOS="473" WIDTH="38" HEIGHT="0" />
            <String ID="Word_142538" HPOS="922" VPOS="474" WIDTH="42" HEIGHT="41" CONTENT="in" />
            <SP ID="SP_128494" HPOS="964" VPOS="474" WIDTH="38" HEIGHT="0" />
            <String ID="Word_142539" HPOS="1002" VPOS="475" WIDTH="72" HEIGHT="42" CONTENT="the" />
            <SP ID="SP_128495" HPOS="1074" VPOS="475" WIDTH="37" HEIGHT="0" />
            <String ID="Word_142540" HPOS="1111" VPOS="475" WIDTH="128" HEIGHT="52" CONTENT="hand," />
            <SP ID="SP_128496" HPOS="1239" VPOS="475" WIDTH="33" HEIGHT="0" />
            <String ID="Word_142541" HPOS="1272" VPOS="477" WIDTH="121" HEIGHT="42" CONTENT="when" />
            <SP ID="SP_128497" HPOS="1393" VPOS="477" WIDTH="39" HEIGHT="0" />
            <String ID="Word_142542" HPOS="1432" VPOS="477" WIDTH="52" HEIGHT="42" CONTENT="he" />
            <SP ID="SP_128498" HPOS="1484" VPOS="477" WIDTH="37" HEIGHT="0" />
            <String ID="Word_142543" HPOS="1521" VPOS="492" WIDTH="83" HEIGHT="28" CONTENT="was" />
            <SP ID="SP_128499" HPOS="1604" VPOS="483" WIDTH="36" HEIGHT="0" />
            <String ID="Word_142544" HPOS="1640" VPOS="483" WIDTH="45" HEIGHT="37" CONTENT="at" />
            <SP ID="SP_128500" HPOS="1685" VPOS="483" WIDTH="31" HEIGHT="0" />
            <String ID="Word_142545" HPOS="1716" VPOS="493" WIDTH="54" HEIGHT="28" CONTENT="an" />
            <SP ID="SP_128501" HPOS="1770" VPOS="481" WIDTH="32" HEIGHT="0" />
            <String ID="Word_142546" HPOS="1802" VPOS="481" WIDTH="184" HEIGHT="55" CONTENT="evening" />
          </TextLine>
          <TextLine ID="TextLine_14051" HPOS="368" VPOS="539" WIDTH="1613" HEIGHT="63">
            <String ID="Word_142547" HPOS="368" VPOS="539" WIDTH="230" HEIGHT="56" CONTENT="assembly," />
            <SP ID="SP_128502" HPOS="598" VPOS="539" WIDTH="22" HEIGHT="0" />
            <String ID="Word_142548" HPOS="620" VPOS="540" WIDTH="53" HEIGHT="43" CONTENT="he" />
            <SP ID="SP_128503" HPOS="673" VPOS="540" WIDTH="25" HEIGHT="0" />
            <String ID="Word_142549" HPOS="698" VPOS="542" WIDTH="145" HEIGHT="52" CONTENT="found," />
            <SP ID="SP_128504" HPOS="843" VPOS="542" WIDTH="23" HEIGHT="0" />
            <String ID="Word_142550" HPOS="866" VPOS="548" WIDTH="43" HEIGHT="37" CONTENT="to" />
            <SP ID="SP_128505" HPOS="909" VPOS="545" WIDTH="33" HEIGHT="0" />
            <String ID="Word_142551" HPOS="942" VPOS="545" WIDTH="66" HEIGHT="42" CONTENT="his" />
            <SP ID="SP_128506" HPOS="1008" VPOS="545" WIDTH="32" HEIGHT="0" />
            <String ID="Word_142552" HPOS="1040" VPOS="552" WIDTH="119" HEIGHT="48" CONTENT="great" />
            <SP ID="SP_128507" HPOS="1159" VPOS="547" WIDTH="30" HEIGHT="0" />
            <String ID="Word_142553" HPOS="1189" VPOS="547" WIDTH="199" HEIGHT="55" CONTENT="surprise," />
            <SP ID="SP_128508" HPOS="1388" VPOS="547" WIDTH="23" HEIGHT="0" />
            <String ID="Word_142554" HPOS="1411" VPOS="547" WIDTH="96" HEIGHT="42" CONTENT="that" />
            <SP ID="SP_128509" HPOS="1507" VPOS="547" WIDTH="23" HEIGHT="0" />
            <String ID="Word_142555" HPOS="1530" VPOS="548" WIDTH="120" HEIGHT="43" CONTENT="when" />
            <SP ID="SP_128510" HPOS="1650" VPOS="548" WIDTH="27" HEIGHT="0" />
            <String ID="Word_142556" HPOS="1677" VPOS="549" WIDTH="229" HEIGHT="43" CONTENT="addressed" />
            <SP ID="SP_128511" HPOS="1906" VPOS="549" WIDTH="35" HEIGHT="0" />
            <String ID="Word_142557" HPOS="1941" VPOS="551" WIDTH="40" HEIGHT="41" CONTENT="in" />
          </TextLine>
          <TextLine ID="TextLine_14052" HPOS="368" VPOS="607" WIDTH="1617" HEIGHT="69">
            <String ID="Word_142558" HPOS="368" VPOS="607" WIDTH="167" HEIGHT="43" CONTENT="French" />
            <SP ID="SP_128512" HPOS="535" VPOS="607" WIDTH="23" HEIGHT="0" />
            <String ID="Word_142559" HPOS="558" VPOS="624" WIDTH="48" HEIGHT="28" CONTENT="or" />
            <SP ID="SP_128513" HPOS="606" VPOS="611" WIDTH="21" HEIGHT="0" />
            <String ID="Word_142560" HPOS="627" VPOS="611" WIDTH="189" HEIGHT="43" CONTENT="German" />
            <SP ID="SP_128514" HPOS="816" VPOS="611" WIDTH="25" HEIGHT="0" />
            <String ID="Word_142561" HPOS="841" VPOS="613" WIDTH="52" HEIGHT="42" CONTENT="he" />
            <SP ID="SP_128515" HPOS="893" VPOS="613" WIDTH="23" HEIGHT="0" />
            <String ID="Word_142562" HPOS="916" VPOS="614" WIDTH="125" HEIGHT="42" CONTENT="could" />
            <SP ID="SP_128516" HPOS="1041" VPOS="614" WIDTH="24" HEIGHT="0" />
            <String ID="Word_142563" HPOS="1065" VPOS="620" WIDTH="76" HEIGHT="37" CONTENT="not" />
            <SP ID="SP_128517" HPOS="1141" VPOS="616" WIDTH="21" HEIGHT="0" />
            <String ID="Word_142564" HPOS="1162" VPOS="616" WIDTH="121" HEIGHT="55" CONTENT="reply" />
            <SP ID="SP_128518" HPOS="1283" VPOS="616" WIDTH="18" HEIGHT="0" />
            <String ID="Word_142565" HPOS="1301" VPOS="617" WIDTH="41" HEIGHT="41" CONTENT="in" />
            <SP ID="SP_128519" HPOS="1342" VPOS="617" WIDTH="25" HEIGHT="0" />
            <String ID="Word_142566" HPOS="1367" VPOS="617" WIDTH="137" HEIGHT="42" CONTENT="either" />
            <SP ID="SP_128520" HPOS="1504" VPOS="617" WIDTH="22" HEIGHT="0" />
            <String ID="Word_142567" HPOS="1526" VPOS="618" WIDTH="46" HEIGHT="41" CONTENT="of" />
            <SP ID="SP_128521" HPOS="1572" VPOS="618" WIDTH="20" HEIGHT="0" />
            <String ID="Word_142568" HPOS="1592" VPOS="618" WIDTH="118" HEIGHT="44" CONTENT="these" />
            <SP ID="SP_128522" HPOS="1710" VPOS="618" WIDTH="22" HEIGHT="0" />
            <String ID="Word_142569" HPOS="1732" VPOS="620" WIDTH="253" HEIGHT="53" CONTENT="languages;" />
          </TextLine>
          <TextLine ID="TextLine_14053" HPOS="368" VPOS="678" WIDTH="1613" HEIGHT="64">
            <String ID="Word_142570" HPOS="368" VPOS="678" WIDTH="161" HEIGHT="56" CONTENT="though" />
            <SP ID="SP_128523" HPOS="529" VPOS="678" WIDTH="24" HEIGHT="0" />
            <String ID="Word_142571" HPOS="553" VPOS="680" WIDTH="54" HEIGHT="42" CONTENT="he" />
            <SP ID="SP_128524" HPOS="607" VPOS="680" WIDTH="23" HEIGHT="0" />
            <String ID="Word_142572" HPOS="630" VPOS="682" WIDTH="261" HEIGHT="43" CONTENT="understood" />
            <SP ID="SP_128525" HPOS="891" VPOS="682" WIDTH="24" HEIGHT="0" />
            <String ID="Word_142573" HPOS="915" VPOS="685" WIDTH="210" HEIGHT="53" CONTENT="perfectly" />
            <SP ID="SP_128526" HPOS="1125" VPOS="685" WIDTH="26" HEIGHT="0" />
            <String ID="Word_142574" HPOS="1151" VPOS="686" WIDTH="113" HEIGHT="42" CONTENT="what" />
            <SP ID="SP_128527" HPOS="1264" VPOS="686" WIDTH="23" HEIGHT="0" />
            <String ID="Word_142575" HPOS="1287" VPOS="701" WIDTH="84" HEIGHT="28" CONTENT="was" />
            <SP ID="SP_128528" HPOS="1371" VPOS="687" WIDTH="22" HEIGHT="0" />
            <String ID="Word_142576" HPOS="1393" VPOS="687" WIDTH="92" HEIGHT="42" CONTENT="said" />
            <SP ID="SP_128529" HPOS="1485" VPOS="687" WIDTH="23" HEIGHT="0" />
            <String ID="Word_142577" HPOS="1508" VPOS="693" WIDTH="42" HEIGHT="37" CONTENT="to" />
            <SP ID="SP_128530" HPOS="1550" VPOS="689" WIDTH="23" HEIGHT="0" />
            <String ID="Word_142578" HPOS="1573" VPOS="689" WIDTH="87" HEIGHT="41" CONTENT="him" />
            <SP ID="SP_128531" HPOS="1660" VPOS="689" WIDTH="25" HEIGHT="0" />
            <String ID="Word_142579" HPOS="1685" VPOS="690" WIDTH="43" HEIGHT="41" CONTENT="in" />
            <SP ID="SP_128532" HPOS="1728" VPOS="690" WIDTH="25" HEIGHT="0" />
            <String ID="Word_142580" HPOS="1753" VPOS="690" WIDTH="129" HEIGHT="42" CONTENT="them," />
            <SP ID="SP_128533" HPOS="1882" VPOS="690" WIDTH="17" HEIGHT="0" />
            <String ID="Word_142581" HPOS="1899" VPOS="691" WIDTH="82" HEIGHT="41" CONTENT="and" />
          </TextLine>
          <TextLine ID="TextLine_14054" HPOS="367" VPOS="749" WIDTH="1616" HEIGHT="67">
            <String ID="Word_142582" HPOS="367" VPOS="749" WIDTH="125" HEIGHT="42" CONTENT="could" />
            <SP ID="SP_128534" HPOS="492" VPOS="749" WIDTH="34" HEIGHT="0" />
            <String ID="Word_142583" HPOS="526" VPOS="751" WIDTH="90" HEIGHT="41" CONTENT="still" />
            <SP ID="SP_128535" HPOS="616" VPOS="751" WIDTH="34" HEIGHT="0" />
            <String ID="Word_142584" HPOS="650" VPOS="766" WIDTH="176" HEIGHT="32" CONTENT="express" />
            <SP ID="SP_128536" HPOS="826" VPOS="753" WIDTH="32" HEIGHT="0" />
            <String ID="Word_142585" HPOS="858" VPOS="753" WIDTH="176" HEIGHT="43" CONTENT="himself" />
            <SP ID="SP_128537" HPOS="1034" VPOS="753" WIDTH="31" HEIGHT="0" />
            <String ID="Word_142586" HPOS="1065" VPOS="754" WIDTH="43" HEIGHT="43" CONTENT="in" />
            <SP ID="SP_128538" HPOS="1108" VPOS="754" WIDTH="35" HEIGHT="0" />
            <String ID="Word_142587" HPOS="1143" VPOS="756" WIDTH="184" HEIGHT="42" CONTENT="Russian" />
            <SP ID="SP_128539" HPOS="1327" VPOS="756" WIDTH="19" HEIGHT="0" />
            <String ID="Word_142588" HPOS="1346" VPOS="756" WIDTH="104" HEIGHT="42" CONTENT="with" />
            <SP ID="SP_128540" HPOS="1450" VPOS="756" WIDTH="32" HEIGHT="0" />
            <String ID="Word_142589" HPOS="1482" VPOS="757" WIDTH="67" HEIGHT="42" CONTENT="his" />
            <SP ID="SP_128541" HPOS="1549" VPOS="757" WIDTH="32" HEIGHT="0" />
            <String ID="Word_142590" HPOS="1581" VPOS="759" WIDTH="200" HEIGHT="54" CONTENT="ordinary" />
            <SP ID="SP_128542" HPOS="1781" VPOS="759" WIDTH="25" HEIGHT="0" />
            <String ID="Word_142591" HPOS="1806" VPOS="760" WIDTH="177" HEIGHT="56" CONTENT="facility." />
          </TextLine>
          <TextLine ID="TextLine_14055" HPOS="368" VPOS="819" WIDTH="1616" HEIGHT="66">
            <String ID="Word_142592" HPOS="368" VPOS="819" WIDTH="132" HEIGHT="43" CONTENT="Little" />
            <SP ID="SP_128543" HPOS="500" VPOS="819" WIDTH="15" HEIGHT="0" />
            <String ID="Word_142593" HPOS="515" VPOS="821" WIDTH="55" HEIGHT="54" CONTENT="by" />
            <SP ID="SP_128544" HPOS="570" VPOS="821" WIDTH="16" HEIGHT="0" />
            <String ID="Word_142594" HPOS="586" VPOS="821" WIDTH="126" HEIGHT="52" CONTENT="little," />
            <SP ID="SP_128545" HPOS="712" VPOS="821" WIDTH="15" HEIGHT="0" />
            <String ID="Word_142595" HPOS="727" VPOS="822" WIDTH="52" HEIGHT="43" CONTENT="he" />
            <SP ID="SP_128546" HPOS="779" VPOS="822" WIDTH="15" HEIGHT="0" />
            <String ID="Word_142596" HPOS="794" VPOS="823" WIDTH="242" HEIGHT="55" CONTENT="improved;" />
            <SP ID="SP_128547" HPOS="1036" VPOS="823" WIDTH="16" HEIGHT="0" />
            <String ID="Word_142597" HPOS="1052" VPOS="826" WIDTH="220" HEIGHT="55" CONTENT="regaining" />
            <SP ID="SP_128548" HPOS="1272" VPOS="826" WIDTH="16" HEIGHT="0" />
            <String ID="Word_142598" HPOS="1288" VPOS="827" WIDTH="71" HEIGHT="41" CONTENT="the" />
            <SP ID="SP_128549" HPOS="1359" VPOS="827" WIDTH="15" HEIGHT="0" />
            <String ID="Word_142599" HPOS="1374" VPOS="841" WIDTH="141" HEIGHT="40" CONTENT="power" />
            <SP ID="SP_128550" HPOS="1515" VPOS="829" WIDTH="15" HEIGHT="0" />
            <String ID="Word_142600" HPOS="1530" VPOS="829" WIDTH="45" HEIGHT="39" CONTENT="of" />
            <SP ID="SP_128551" HPOS="1575" VPOS="829" WIDTH="10" HEIGHT="0" />
            <String ID="Word_142601" HPOS="1585" VPOS="830" WIDTH="207" HEIGHT="54" CONTENT="speaking" />
            <SP ID="SP_128552" HPOS="1792" VPOS="830" WIDTH="16" HEIGHT="0" />
            <String ID="Word_142602" HPOS="1808" VPOS="831" WIDTH="176" HEIGHT="49" CONTENT="French," />
          </TextLine>
          <TextLine ID="TextLine_14056" HPOS="368" VPOS="889" WIDTH="1613" HEIGHT="59">
            <String ID="Word_142603" HPOS="368" VPOS="889" WIDTH="164" HEIGHT="56" CONTENT="though" />
            <SP ID="SP_128553" HPOS="532" VPOS="889" WIDTH="23" HEIGHT="0" />
            <String ID="Word_142604" HPOS="555" VPOS="891" WIDTH="96" HEIGHT="42" CONTENT="that" />
            <SP ID="SP_128554" HPOS="651" VPOS="891" WIDTH="17" HEIGHT="0" />
            <String ID="Word_142605" HPOS="668" VPOS="893" WIDTH="45" HEIGHT="40" CONTENT="of" />
            <SP ID="SP_128555" HPOS="713" VPOS="893" WIDTH="19" HEIGHT="0" />
            <String ID="Word_142606" HPOS="732" VPOS="894" WIDTH="210" HEIGHT="54" CONTENT="speaking" />
            <SP ID="SP_128556" HPOS="942" VPOS="894" WIDTH="17" HEIGHT="0" />
            <String ID="Word_142607" HPOS="959" VPOS="894" WIDTH="188" HEIGHT="42" CONTENT="German" />
            <SP ID="SP_128557" HPOS="1147" VPOS="894" WIDTH="24" HEIGHT="0" />
            <String ID="Word_142608" HPOS="1171" VPOS="896" WIDTH="89" HEIGHT="41" CONTENT="still" />
            <SP ID="SP_128558" HPOS="1260" VPOS="896" WIDTH="25" HEIGHT="0" />
            <String ID="Word_142609" HPOS="1285" VPOS="897" WIDTH="217" HEIGHT="42" CONTENT="remained" />
            <SP ID="SP_128559" HPOS="1502" VPOS="897" WIDTH="22" HEIGHT="0" />
            <String ID="Word_142610" HPOS="1524" VPOS="897" WIDTH="84" HEIGHT="42" CONTENT="lost" />
            <SP ID="SP_128560" HPOS="1608" VPOS="897" WIDTH="20" HEIGHT="0" />
            <String ID="Word_142611" HPOS="1628" VPOS="903" WIDTH="42" HEIGHT="36" CONTENT="to" />
            <SP ID="SP_128561" HPOS="1670" VPOS="899" WIDTH="17" HEIGHT="0" />
            <String ID="Word_142612" HPOS="1687" VPOS="899" WIDTH="99" HEIGHT="41" CONTENT="him." />
            <SP ID="SP_128562" HPOS="1786" VPOS="899" WIDTH="53" HEIGHT="0" />
            <String ID="Word_142613" HPOS="1839" VPOS="900" WIDTH="142" HEIGHT="42" CONTENT="When" />
          </TextLine>
          <TextLine ID="TextLine_14057" HPOS="365" VPOS="960" WIDTH="1618" HEIGHT="63">
            <String ID="Word_142614" HPOS="365" VPOS="965" WIDTH="45" HEIGHT="36" CONTENT="at" />
            <SP ID="SP_128563" HPOS="410" VPOS="960" WIDTH="32" HEIGHT="0" />
            <String ID="Word_142615" HPOS="442" VPOS="960" WIDTH="87" HEIGHT="43" CONTENT="this" />
            <SP ID="SP_128564" HPOS="529" VPOS="960" WIDTH="32" HEIGHT="0" />
            <String ID="Word_142616" HPOS="561" VPOS="966" WIDTH="130" HEIGHT="51" CONTENT="stage," />
            <SP ID="SP_128565" HPOS="691" VPOS="963" WIDTH="21" HEIGHT="0" />
            <String ID="Word_142617" HPOS="712" VPOS="963" WIDTH="54" HEIGHT="42" CONTENT="he" />
            <SP ID="SP_128566" HPOS="766" VPOS="963" WIDTH="32" HEIGHT="0" />
            <String ID="Word_142618" HPOS="798" VPOS="964" WIDTH="147" HEIGHT="49" CONTENT="found," />
            <SP ID="SP_128567" HPOS="945" VPOS="964" WIDTH="23" HEIGHT="0" />
            <String ID="Word_142619" HPOS="968" VPOS="979" WIDTH="79" HEIGHT="28" CONTENT="one" />
            <SP ID="SP_128568" HPOS="1047" VPOS="965" WIDTH="30" HEIGHT="0" />
            <String ID="Word_142620" HPOS="1077" VPOS="965" WIDTH="95" HEIGHT="55" CONTENT="day," />
            <SP ID="SP_128569" HPOS="1172" VPOS="965" WIDTH="22" HEIGHT="0" />
            <String ID="Word_142621" HPOS="1194" VPOS="980" WIDTH="53" HEIGHT="27" CONTENT="on" />
            <SP ID="SP_128570" HPOS="1247" VPOS="967" WIDTH="35" HEIGHT="0" />
            <String ID="Word_142622" HPOS="1282" VPOS="967" WIDTH="259" HEIGHT="55" CONTENT="attempting" />
            <SP ID="SP_128571" HPOS="1541" VPOS="967" WIDTH="31" HEIGHT="0" />
            <String ID="Word_142623" HPOS="1572" VPOS="971" WIDTH="42" HEIGHT="37" CONTENT="to" />
            <SP ID="SP_128572" HPOS="1614" VPOS="969" WIDTH="24" HEIGHT="0" />
            <String ID="Word_142624" HPOS="1638" VPOS="969" WIDTH="119" HEIGHT="41" CONTENT="write" />
            <SP ID="SP_128573" HPOS="1757" VPOS="969" WIDTH="32" HEIGHT="0" />
            <String ID="Word_142625" HPOS="1789" VPOS="983" WIDTH="25" HEIGHT="27" CONTENT="a" />
            <SP ID="SP_128574" HPOS="1814" VPOS="968" WIDTH="29" HEIGHT="0" />
            <String ID="Word_142626" HPOS="1843" VPOS="968" WIDTH="140" HEIGHT="52" CONTENT="letter," />
          </TextLine>
          <TextLine ID="TextLine_14058" HPOS="365" VPOS="1031" WIDTH="1619" HEIGHT="62">
            <String ID="Word_142627" HPOS="365" VPOS="1031" WIDTH="95" HEIGHT="41" CONTENT="that" />
            <SP ID="SP_128575" HPOS="460" VPOS="1031" WIDTH="23" HEIGHT="0" />
            <String ID="Word_142628" HPOS="483" VPOS="1031" WIDTH="53" HEIGHT="43" CONTENT="he" />
            <SP ID="SP_128576" HPOS="536" VPOS="1031" WIDTH="24" HEIGHT="0" />
            <String ID="Word_142629" HPOS="560" VPOS="1033" WIDTH="125" HEIGHT="41" CONTENT="could" />
            <SP ID="SP_128577" HPOS="685" VPOS="1033" WIDTH="34" HEIGHT="0" />
            <String ID="Word_142630" HPOS="719" VPOS="1039" WIDTH="76" HEIGHT="36" CONTENT="not" />
            <SP ID="SP_128578" HPOS="795" VPOS="1035" WIDTH="22" HEIGHT="0" />
            <String ID="Word_142631" HPOS="817" VPOS="1035" WIDTH="123" HEIGHT="41" CONTENT="write" />
            <SP ID="SP_128579" HPOS="940" VPOS="1035" WIDTH="34" HEIGHT="0" />
            <String ID="Word_142632" HPOS="974" VPOS="1049" WIDTH="25" HEIGHT="27" CONTENT="a" />
            <SP ID="SP_128580" HPOS="999" VPOS="1035" WIDTH="33" HEIGHT="0" />
            <String ID="Word_142633" HPOS="1032" VPOS="1035" WIDTH="137" HEIGHT="42" CONTENT="single" />
            <SP ID="SP_128581" HPOS="1169" VPOS="1035" WIDTH="26" HEIGHT="0" />
            <String ID="Word_142634" HPOS="1195" VPOS="1037" WIDTH="110" HEIGHT="40" CONTENT="word" />
            <SP ID="SP_128582" HPOS="1305" VPOS="1037" WIDTH="22" HEIGHT="0" />
            <String ID="Word_142635" HPOS="1327" VPOS="1051" WIDTH="8" HEIGHT="37" CONTENT=";" />
            <SP ID="SP_128583" HPOS="1335" VPOS="1036" WIDTH="33" HEIGHT="0" />
            <String ID="Word_142636" HPOS="1368" VPOS="1036" WIDTH="71" HEIGHT="42" CONTENT="the" />
            <SP ID="SP_128584" HPOS="1439" VPOS="1036" WIDTH="35" HEIGHT="0" />
            <String ID="Word_142637" HPOS="1474" VPOS="1037" WIDTH="84" HEIGHT="42" CONTENT="loss" />
            <SP ID="SP_128585" HPOS="1558" VPOS="1037" WIDTH="34" HEIGHT="0" />
            <String ID="Word_142638" HPOS="1592" VPOS="1039" WIDTH="46" HEIGHT="40" CONTENT="of" />
            <SP ID="SP_128586" HPOS="1638" VPOS="1038" WIDTH="27" HEIGHT="0" />
            <String ID="Word_142639" HPOS="1665" VPOS="1038" WIDTH="74" HEIGHT="42" CONTENT="the" />
            <SP ID="SP_128587" HPOS="1739" VPOS="1038" WIDTH="30" HEIGHT="0" />
            <String ID="Word_142640" HPOS="1769" VPOS="1052" WIDTH="141" HEIGHT="41" CONTENT="power" />
            <SP ID="SP_128588" HPOS="1910" VPOS="1041" WIDTH="31" HEIGHT="0" />
            <String ID="Word_142641" HPOS="1941" VPOS="1041" WIDTH="43" HEIGHT="40" CONTENT="of" />
          </TextLine>
          <TextLine ID="TextLine_14059" HPOS="368" VPOS="1102" WIDTH="1614" HEIGHT="61">
            <String ID="Word_142642" HPOS="368" VPOS="1102" WIDTH="171" HEIGHT="56" CONTENT="writing" />
            <SP ID="SP_128589" HPOS="539" VPOS="1102" WIDTH="21" HEIGHT="0" />
            <String ID="Word_142643" HPOS="560" VPOS="1103" WIDTH="130" HEIGHT="56" CONTENT="being" />
            <SP ID="SP_128590" HPOS="690" VPOS="1103" WIDTH="21" HEIGHT="0" />
            <String ID="Word_142644" HPOS="711" VPOS="1109" WIDTH="77" HEIGHT="37" CONTENT="out" />
            <SP ID="SP_128591" HPOS="788" VPOS="1106" WIDTH="32" HEIGHT="0" />
            <String ID="Word_142645" HPOS="820" VPOS="1106" WIDTH="47" HEIGHT="40" CONTENT="of" />
            <SP ID="SP_128592" HPOS="867" VPOS="1105" WIDTH="32" HEIGHT="0" />
            <String ID="Word_142646" HPOS="899" VPOS="1105" WIDTH="59" HEIGHT="41" CONTENT="all" />
            <SP ID="SP_128593" HPOS="958" VPOS="1105" WIDTH="38" HEIGHT="0" />
            <String ID="Word_142647" HPOS="996" VPOS="1106" WIDTH="246" HEIGHT="54" CONTENT="proportion" />
            <SP ID="SP_128594" HPOS="1242" VPOS="1106" WIDTH="40" HEIGHT="0" />
            <String ID="Word_142648" HPOS="1282" VPOS="1111" WIDTH="43" HEIGHT="37" CONTENT="to" />
            <SP ID="SP_128595" HPOS="1325" VPOS="1107" WIDTH="36" HEIGHT="0" />
            <String ID="Word_142649" HPOS="1361" VPOS="1107" WIDTH="72" HEIGHT="42" CONTENT="the" />
            <SP ID="SP_128596" HPOS="1433" VPOS="1107" WIDTH="23" HEIGHT="0" />
            <String ID="Word_142650" HPOS="1456" VPOS="1107" WIDTH="131" HEIGHT="56" CONTENT="slight" />
            <SP ID="SP_128597" HPOS="1587" VPOS="1107" WIDTH="22" HEIGHT="0" />
            <String ID="Word_142651" HPOS="1609" VPOS="1113" WIDTH="137" HEIGHT="37" CONTENT="motor" />
            <SP ID="SP_128598" HPOS="1746" VPOS="1109" WIDTH="19" HEIGHT="0" />
            <String ID="Word_142652" HPOS="1765" VPOS="1109" WIDTH="217" HEIGHT="43" CONTENT="weakness" />
          </TextLine>
          <TextLine ID="TextLine_14060" HPOS="366" VPOS="1173" WIDTH="1614" HEIGHT="62">
            <String ID="Word_142653" HPOS="366" VPOS="1173" WIDTH="139" HEIGHT="42" CONTENT="which" />
            <SP ID="SP_128599" HPOS="505" VPOS="1173" WIDTH="24" HEIGHT="0" />
            <String ID="Word_142654" HPOS="529" VPOS="1174" WIDTH="91" HEIGHT="41" CONTENT="still" />
            <SP ID="SP_128600" HPOS="620" VPOS="1174" WIDTH="22" HEIGHT="0" />
            <String ID="Word_142655" HPOS="642" VPOS="1174" WIDTH="191" HEIGHT="57" CONTENT="lingered" />
            <SP ID="SP_128601" HPOS="833" VPOS="1174" WIDTH="23" HEIGHT="0" />
            <String ID="Word_142656" HPOS="856" VPOS="1176" WIDTH="45" HEIGHT="41" CONTENT="in" />
            <SP ID="SP_128602" HPOS="901" VPOS="1176" WIDTH="23" HEIGHT="0" />
            <String ID="Word_142657" HPOS="924" VPOS="1176" WIDTH="74" HEIGHT="42" CONTENT="the" />
            <SP ID="SP_128603" HPOS="998" VPOS="1176" WIDTH="22" HEIGHT="0" />
            <String ID="Word_142658" HPOS="1020" VPOS="1176" WIDTH="116" HEIGHT="56" CONTENT="right" />
            <SP ID="SP_128604" HPOS="1136" VPOS="1176" WIDTH="23" HEIGHT="0" />
            <String ID="Word_142659" HPOS="1159" VPOS="1176" WIDTH="125" HEIGHT="42" CONTENT="hand." />
            <SP ID="SP_128605" HPOS="1284" VPOS="1176" WIDTH="63" HEIGHT="0" />
            <String ID="Word_142660" HPOS="1347" VPOS="1177" WIDTH="69" HEIGHT="42" CONTENT="He" />
            <SP ID="SP_128606" HPOS="1416" VPOS="1177" WIDTH="19" HEIGHT="0" />
            <String ID="Word_142661" HPOS="1435" VPOS="1178" WIDTH="117" HEIGHT="41" CONTENT="then," />
            <SP ID="SP_128607" HPOS="1552" VPOS="1178" WIDTH="19" HEIGHT="0" />
            <String ID="Word_142662" HPOS="1571" VPOS="1193" WIDTH="53" HEIGHT="26" CONTENT="on" />
            <SP ID="SP_128608" HPOS="1624" VPOS="1179" WIDTH="20" HEIGHT="0" />
            <String ID="Word_142663" HPOS="1644" VPOS="1179" WIDTH="72" HEIGHT="40" CONTENT="the" />
            <SP ID="SP_128609" HPOS="1716" VPOS="1179" WIDTH="19" HEIGHT="0" />
            <String ID="Word_142664" HPOS="1735" VPOS="1179" WIDTH="103" HEIGHT="40" CONTENT="10th" />
            <SP ID="SP_128610" HPOS="1838" VPOS="1177" WIDTH="20" HEIGHT="0" />
            <String ID="Word_142665" HPOS="1858" VPOS="1177" WIDTH="122" HEIGHT="45" CONTENT="April" />
          </TextLine>
          <TextLine ID="TextLine_14061" HPOS="368" VPOS="1245" WIDTH="1614" HEIGHT="59">
            <String ID="Word_142666" HPOS="368" VPOS="1245" WIDTH="124" HEIGHT="51" CONTENT="1883," />
            <SP ID="SP_128611" HPOS="492" VPOS="1245" WIDTH="33" HEIGHT="0" />
            <String ID="Word_142667" HPOS="525" VPOS="1245" WIDTH="226" HEIGHT="42" CONTENT="consulted" />
            <SP ID="SP_128612" HPOS="751" VPOS="1245" WIDTH="35" HEIGHT="0" />
            <String ID="Word_142668" HPOS="786" VPOS="1246" WIDTH="111" HEIGHT="41" CONTENT="Prof." />
            <SP ID="SP_128613" HPOS="897" VPOS="1246" WIDTH="41" HEIGHT="0" />
            <String ID="Word_142669" HPOS="938" VPOS="1247" WIDTH="194" HEIGHT="42" CONTENT="Charcot." />
            <SP ID="SP_128614" HPOS="1132" VPOS="1247" WIDTH="81" HEIGHT="0" />
            <String ID="Word_142670" HPOS="1213" VPOS="1247" WIDTH="90" HEIGHT="43" CONTENT="The" />
            <SP ID="SP_128615" HPOS="1303" VPOS="1247" WIDTH="31" HEIGHT="0" />
            <String ID="Word_142671" HPOS="1334" VPOS="1248" WIDTH="275" HEIGHT="56" CONTENT="intelligence" />
            <SP ID="SP_128616" HPOS="1609" VPOS="1248" WIDTH="39" HEIGHT="0" />
            <String ID="Word_142672" HPOS="1648" VPOS="1263" WIDTH="84" HEIGHT="27" CONTENT="was" />
            <SP ID="SP_128617" HPOS="1732" VPOS="1249" WIDTH="37" HEIGHT="0" />
            <String ID="Word_142673" HPOS="1769" VPOS="1249" WIDTH="132" HEIGHT="41" CONTENT="found" />
            <SP ID="SP_128618" HPOS="1901" VPOS="1249" WIDTH="37" HEIGHT="0" />
            <String ID="Word_142674" HPOS="1938" VPOS="1254" WIDTH="44" HEIGHT="37" CONTENT="to" />
          </TextLine>
          <TextLine ID="TextLine_14062" HPOS="365" VPOS="1315" WIDTH="1617" HEIGHT="59">
            <String ID="Word_142675" HPOS="365" VPOS="1315" WIDTH="51" HEIGHT="42" CONTENT="be" />
            <SP ID="SP_128619" HPOS="416" VPOS="1315" WIDTH="23" HEIGHT="0" />
            <String ID="Word_142676" HPOS="439" VPOS="1315" WIDTH="180" HEIGHT="52" CONTENT="normal," />
            <SP ID="SP_128620" HPOS="619" VPOS="1315" WIDTH="17" HEIGHT="0" />
            <String ID="Word_142677" HPOS="636" VPOS="1316" WIDTH="82" HEIGHT="41" CONTENT="and" />
            <SP ID="SP_128621" HPOS="718" VPOS="1316" WIDTH="25" HEIGHT="0" />
            <String ID="Word_142678" HPOS="743" VPOS="1316" WIDTH="120" HEIGHT="42" CONTENT="there" />
            <SP ID="SP_128622" HPOS="863" VPOS="1316" WIDTH="25" HEIGHT="0" />
            <String ID="Word_142679" HPOS="888" VPOS="1331" WIDTH="85" HEIGHT="28" CONTENT="was" />
            <SP ID="SP_128623" HPOS="973" VPOS="1331" WIDTH="24" HEIGHT="0" />
            <String ID="Word_142680" HPOS="997" VPOS="1332" WIDTH="54" HEIGHT="26" CONTENT="no" />
            <SP ID="SP_128624" HPOS="1051" VPOS="1317" WIDTH="19" HEIGHT="0" />
            <String ID="Word_142681" HPOS="1070" VPOS="1317" WIDTH="372" HEIGHT="43" CONTENT="word-blindness," />
            <SP ID="SP_128625" HPOS="1442" VPOS="1317" WIDTH="18" HEIGHT="0" />
            <String ID="Word_142682" HPOS="1460" VPOS="1318" WIDTH="74" HEIGHT="42" CONTENT="the" />
            <SP ID="SP_128626" HPOS="1534" VPOS="1318" WIDTH="23" HEIGHT="0" />
            <String ID="Word_142683" HPOS="1557" VPOS="1319" WIDTH="166" HEIGHT="54" CONTENT="patient" />
            <SP ID="SP_128627" HPOS="1723" VPOS="1319" WIDTH="22" HEIGHT="0" />
            <String ID="Word_142684" HPOS="1745" VPOS="1319" WIDTH="126" HEIGHT="55" CONTENT="being" />
            <SP ID="SP_128628" HPOS="1871" VPOS="1319" WIDTH="17" HEIGHT="0" />
            <String ID="Word_142685" HPOS="1888" VPOS="1319" WIDTH="94" HEIGHT="42" CONTENT="able" />
          </TextLine>
          <TextLine ID="TextLine_14063" HPOS="365" VPOS="1386" WIDTH="1618" HEIGHT="51">
            <String ID="Word_142686" HPOS="365" VPOS="1391" WIDTH="43" HEIGHT="37" CONTENT="to" />
            <SP ID="SP_128629" HPOS="408" VPOS="1387" WIDTH="35" HEIGHT="0" />
            <String ID="Word_142687" HPOS="443" VPOS="1387" WIDTH="100" HEIGHT="42" CONTENT="read" />
            <SP ID="SP_128630" HPOS="543" VPOS="1386" WIDTH="37" HEIGHT="0" />
            <String ID="Word_142688" HPOS="580" VPOS="1386" WIDTH="128" HEIGHT="42" CONTENT="aloud" />
            <SP ID="SP_128631" HPOS="708" VPOS="1386" WIDTH="38" HEIGHT="0" />
            <String ID="Word_142689" HPOS="746" VPOS="1387" WIDTH="181" HEIGHT="50" CONTENT="French," />
            <SP ID="SP_128632" HPOS="927" VPOS="1387" WIDTH="35" HEIGHT="0" />
            <String ID="Word_142690" HPOS="962" VPOS="1387" WIDTH="201" HEIGHT="43" CONTENT="German," />
            <SP ID="SP_128633" HPOS="1163" VPOS="1387" WIDTH="31" HEIGHT="0" />
            <String ID="Word_142691" HPOS="1194" VPOS="1402" WIDTH="46" HEIGHT="27" CONTENT="or" />
            <SP ID="SP_128634" HPOS="1240" VPOS="1388" WIDTH="36" HEIGHT="0" />
            <String ID="Word_142692" HPOS="1276" VPOS="1388" WIDTH="195" HEIGHT="42" CONTENT="Russian." />
            <SP ID="SP_128635" HPOS="1471" VPOS="1388" WIDTH="76" HEIGHT="0" />
            <String ID="Word_142693" HPOS="1547" VPOS="1389" WIDTH="87" HEIGHT="41" CONTENT="But" />
            <SP ID="SP_128636" HPOS="1634" VPOS="1388" WIDTH="30" HEIGHT="0" />
            <String ID="Word_142694" HPOS="1664" VPOS="1388" WIDTH="54" HEIGHT="42" CONTENT="he" />
            <SP ID="SP_128637" HPOS="1718" VPOS="1388" WIDTH="33" HEIGHT="0" />
            <String ID="Word_142695" HPOS="1751" VPOS="1389" WIDTH="122" HEIGHT="41" CONTENT="could" />
            <SP ID="SP_128638" HPOS="1873" VPOS="1389" WIDTH="34" HEIGHT="0" />
            <String ID="Word_142696" HPOS="1907" VPOS="1395" WIDTH="76" HEIGHT="36" CONTENT="not" />
          </TextLine>
          <TextLine ID="TextLine_14064" HPOS="366" VPOS="1457" WIDTH="1614" HEIGHT="57">
            <String ID="Word_142697" HPOS="366" VPOS="1457" WIDTH="120" HEIGHT="42" CONTENT="write" />
            <SP ID="SP_128639" HPOS="486" VPOS="1457" WIDTH="33" HEIGHT="0" />
            <String ID="Word_142698" HPOS="519" VPOS="1457" WIDTH="42" HEIGHT="41" CONTENT="in" />
            <SP ID="SP_128640" HPOS="561" VPOS="1457" WIDTH="36" HEIGHT="0" />
            <String ID="Word_142699" HPOS="597" VPOS="1471" WIDTH="86" HEIGHT="42" CONTENT="any" />
            <SP ID="SP_128641" HPOS="683" VPOS="1471" WIDTH="23" HEIGHT="0" />
            <String ID="Word_142700" HPOS="706" VPOS="1471" WIDTH="80" HEIGHT="28" CONTENT="one" />
            <SP ID="SP_128642" HPOS="786" VPOS="1458" WIDTH="34" HEIGHT="0" />
            <String ID="Word_142701" HPOS="820" VPOS="1458" WIDTH="44" HEIGHT="41" CONTENT="of" />
            <SP ID="SP_128643" HPOS="864" VPOS="1457" WIDTH="34" HEIGHT="0" />
            <String ID="Word_142702" HPOS="898" VPOS="1457" WIDTH="120" HEIGHT="43" CONTENT="these" />
            <SP ID="SP_128644" HPOS="1018" VPOS="1457" WIDTH="30" HEIGHT="0" />
            <String ID="Word_142703" HPOS="1048" VPOS="1458" WIDTH="242" HEIGHT="55" CONTENT="languages." />
            <SP ID="SP_128645" HPOS="1290" VPOS="1458" WIDTH="63" HEIGHT="0" />
            <String ID="Word_142704" HPOS="1353" VPOS="1458" WIDTH="141" HEIGHT="41" CONTENT="When" />
            <SP ID="SP_128646" HPOS="1494" VPOS="1458" WIDTH="24" HEIGHT="0" />
            <String ID="Word_142705" HPOS="1518" VPOS="1458" WIDTH="130" HEIGHT="42" CONTENT="asked" />
            <SP ID="SP_128647" HPOS="1648" VPOS="1458" WIDTH="25" HEIGHT="0" />
            <String ID="Word_142706" HPOS="1673" VPOS="1463" WIDTH="41" HEIGHT="37" CONTENT="to" />
            <SP ID="SP_128648" HPOS="1714" VPOS="1458" WIDTH="24" HEIGHT="0" />
            <String ID="Word_142707" HPOS="1738" VPOS="1458" WIDTH="131" HEIGHT="42" CONTENT="write," />
            <SP ID="SP_128649" HPOS="1869" VPOS="1458" WIDTH="23" HEIGHT="0" />
            <String ID="Word_142708" HPOS="1892" VPOS="1463" WIDTH="20" HEIGHT="18" CONTENT="&quot;" />
            <SP ID="SP_128650" HPOS="1912" VPOS="1459" WIDTH="14" HEIGHT="0" />
            <String ID="Word_142709" HPOS="1926" VPOS="1459" WIDTH="54" HEIGHT="41" CONTENT="Je" />
          </TextLine>
          <TextLine ID="TextLine_14065" HPOS="363" VPOS="1527" WIDTH="1618" HEIGHT="56">
            <String ID="Word_142710" HPOS="363" VPOS="1527" WIDTH="203" HEIGHT="43" CONTENT="demeure" />
            <SP ID="SP_128651" HPOS="566" VPOS="1527" WIDTH="36" HEIGHT="0" />
            <String ID="Word_142711" HPOS="602" VPOS="1527" WIDTH="136" HEIGHT="43" CONTENT="Hotel" />
            <SP ID="SP_128652" HPOS="738" VPOS="1527" WIDTH="36" HEIGHT="0" />
            <String ID="Word_142712" HPOS="774" VPOS="1527" WIDTH="52" HEIGHT="43" CONTENT="de" />
            <SP ID="SP_128653" HPOS="826" VPOS="1527" WIDTH="35" HEIGHT="0" />
            <String ID="Word_142713" HPOS="861" VPOS="1527" WIDTH="153" HEIGHT="43" CONTENT="Bade,&quot;" />
            <SP ID="SP_128654" HPOS="1014" VPOS="1527" WIDTH="33" HEIGHT="0" />
            <String ID="Word_142714" HPOS="1047" VPOS="1528" WIDTH="55" HEIGHT="42" CONTENT="he" />
            <SP ID="SP_128655" HPOS="1102" VPOS="1528" WIDTH="39" HEIGHT="0" />
            <String ID="Word_142715" HPOS="1141" VPOS="1529" WIDTH="124" HEIGHT="41" CONTENT="could" />
            <SP ID="SP_128656" HPOS="1265" VPOS="1528" WIDTH="34" HEIGHT="0" />
            <String ID="Word_142716" HPOS="1299" VPOS="1528" WIDTH="102" HEIGHT="55" CONTENT="only" />
            <SP ID="SP_128657" HPOS="1401" VPOS="1528" WIDTH="33" HEIGHT="0" />
            <String ID="Word_142717" HPOS="1434" VPOS="1528" WIDTH="120" HEIGHT="42" CONTENT="write" />
            <SP ID="SP_128658" HPOS="1554" VPOS="1528" WIDTH="35" HEIGHT="0" />
            <String ID="Word_142718" HPOS="1589" VPOS="1529" WIDTH="88" HEIGHT="41" CONTENT="&quot;Je" />
            <SP ID="SP_128659" HPOS="1677" VPOS="1527" WIDTH="34" HEIGHT="0" />
            <String ID="Word_142719" HPOS="1711" VPOS="1527" WIDTH="138" HEIGHT="43" CONTENT="dem.&quot;" />
            <SP ID="SP_128660" HPOS="1849" VPOS="1527" WIDTH="61" HEIGHT="0" />
            <String ID="Word_142720" HPOS="1910" VPOS="1529" WIDTH="71" HEIGHT="42" CONTENT="He" />
          </TextLine>
          <TextLine ID="TextLine_14066" HPOS="363" VPOS="1598" WIDTH="1616" HEIGHT="56">
            <String ID="Word_142721" HPOS="363" VPOS="1599" WIDTH="127" HEIGHT="42" CONTENT="could" />
            <SP ID="SP_128661" HPOS="490" VPOS="1598" WIDTH="37" HEIGHT="0" />
            <String ID="Word_142722" HPOS="527" VPOS="1598" WIDTH="103" HEIGHT="43" CONTENT="only" />
            <SP ID="SP_128662" HPOS="630" VPOS="1598" WIDTH="37" HEIGHT="0" />
            <String ID="Word_142723" HPOS="667" VPOS="1599" WIDTH="121" HEIGHT="41" CONTENT="write" />
            <SP ID="SP_128663" HPOS="788" VPOS="1599" WIDTH="44" HEIGHT="0" />
            <String ID="Word_142724" HPOS="832" VPOS="1599" WIDTH="75" HEIGHT="42" CONTENT="the" />
            <SP ID="SP_128664" HPOS="907" VPOS="1599" WIDTH="48" HEIGHT="0" />
            <String ID="Word_142725" HPOS="955" VPOS="1613" WIDTH="126" HEIGHT="27" CONTENT="name" />
            <SP ID="SP_128665" HPOS="1081" VPOS="1600" WIDTH="49" HEIGHT="0" />
            <String ID="Word_142726" HPOS="1130" VPOS="1600" WIDTH="46" HEIGHT="39" CONTENT="of" />
            <SP ID="SP_128666" HPOS="1176" VPOS="1599" WIDTH="49" HEIGHT="0" />
            <String ID="Word_142727" HPOS="1225" VPOS="1599" WIDTH="111" HEIGHT="42" CONTENT="Prof." />
            <SP ID="SP_128667" HPOS="1336" VPOS="1599" WIDTH="38" HEIGHT="0" />
            <String ID="Word_142728" HPOS="1374" VPOS="1599" WIDTH="183" HEIGHT="42" CONTENT="Charcot" />
            <SP ID="SP_128668" HPOS="1557" VPOS="1599" WIDTH="40" HEIGHT="0" />
            <String ID="Word_142729" HPOS="1597" VPOS="1599" WIDTH="45" HEIGHT="41" CONTENT="in" />
            <SP ID="SP_128669" HPOS="1642" VPOS="1599" WIDTH="52" HEIGHT="0" />
            <String ID="Word_142730" HPOS="1694" VPOS="1599" WIDTH="164" HEIGHT="41" CONTENT="French" />
            <SP ID="SP_128670" HPOS="1858" VPOS="1599" WIDTH="37" HEIGHT="0" />
            <String ID="Word_142731" HPOS="1895" VPOS="1600" WIDTH="84" HEIGHT="41" CONTENT="and" />
          </TextLine>
          <TextLine ID="TextLine_14067" HPOS="364" VPOS="1669" WIDTH="1616" HEIGHT="51">
            <String ID="Word_142732" HPOS="364" VPOS="1670" WIDTH="200" HEIGHT="42" CONTENT="Russian," />
            <SP ID="SP_128671" HPOS="564" VPOS="1670" WIDTH="22" HEIGHT="0" />
            <String ID="Word_142733" HPOS="586" VPOS="1670" WIDTH="79" HEIGHT="40" CONTENT="but" />
            <SP ID="SP_128672" HPOS="665" VPOS="1670" WIDTH="22" HEIGHT="0" />
            <String ID="Word_142734" HPOS="687" VPOS="1673" WIDTH="76" HEIGHT="37" CONTENT="not" />
            <SP ID="SP_128673" HPOS="763" VPOS="1669" WIDTH="21" HEIGHT="0" />
            <String ID="Word_142735" HPOS="784" VPOS="1669" WIDTH="43" HEIGHT="41" CONTENT="in" />
            <SP ID="SP_128674" HPOS="827" VPOS="1669" WIDTH="26" HEIGHT="0" />
            <String ID="Word_142736" HPOS="853" VPOS="1669" WIDTH="199" HEIGHT="42" CONTENT="German." />
            <SP ID="SP_128675" HPOS="1052" VPOS="1669" WIDTH="64" HEIGHT="0" />
            <String ID="Word_142737" HPOS="1116" VPOS="1669" WIDTH="44" HEIGHT="41" CONTENT="It" />
            <SP ID="SP_128676" HPOS="1160" VPOS="1669" WIDTH="23" HEIGHT="0" />
            <String ID="Word_142738" HPOS="1183" VPOS="1683" WIDTH="85" HEIGHT="27" CONTENT="was" />
            <SP ID="SP_128677" HPOS="1268" VPOS="1669" WIDTH="33" HEIGHT="0" />
            <String ID="Word_142739" HPOS="1301" VPOS="1669" WIDTH="133" HEIGHT="41" CONTENT="found" />
            <SP ID="SP_128678" HPOS="1434" VPOS="1669" WIDTH="34" HEIGHT="0" />
            <String ID="Word_142740" HPOS="1468" VPOS="1669" WIDTH="91" HEIGHT="41" CONTENT="that" />
            <SP ID="SP_128679" HPOS="1559" VPOS="1669" WIDTH="34" HEIGHT="0" />
            <String ID="Word_142741" HPOS="1593" VPOS="1669" WIDTH="119" HEIGHT="41" CONTENT="there" />
            <SP ID="SP_128680" HPOS="1712" VPOS="1669" WIDTH="24" HEIGHT="0" />
            <String ID="Word_142742" HPOS="1736" VPOS="1683" WIDTH="84" HEIGHT="27" CONTENT="was" />
            <SP ID="SP_128681" HPOS="1820" VPOS="1670" WIDTH="23" HEIGHT="0" />
            <String ID="Word_142743" HPOS="1843" VPOS="1670" WIDTH="89" HEIGHT="41" CONTENT="still" />
            <SP ID="SP_128682" HPOS="1932" VPOS="1670" WIDTH="23" HEIGHT="0" />
            <String ID="Word_142744" HPOS="1955" VPOS="1685" WIDTH="25" HEIGHT="26" CONTENT="a" />
          </TextLine>
          <TextLine ID="TextLine_14068" HPOS="361" VPOS="1739" WIDTH="1620" HEIGHT="56">
            <String ID="Word_142745" HPOS="361" VPOS="1740" WIDTH="115" HEIGHT="42" CONTENT="little" />
            <SP ID="SP_128683" HPOS="476" VPOS="1739" WIDTH="23" HEIGHT="0" />
            <String ID="Word_142746" HPOS="499" VPOS="1739" WIDTH="214" HEIGHT="42" CONTENT="difficulty" />
            <SP ID="SP_128684" HPOS="713" VPOS="1739" WIDTH="22" HEIGHT="0" />
            <String ID="Word_142747" HPOS="735" VPOS="1740" WIDTH="46" HEIGHT="41" CONTENT="in" />
            <SP ID="SP_128685" HPOS="781" VPOS="1740" WIDTH="32" HEIGHT="0" />
            <String ID="Word_142748" HPOS="813" VPOS="1740" WIDTH="72" HEIGHT="41" CONTENT="the" />
            <SP ID="SP_128686" HPOS="885" VPOS="1740" WIDTH="35" HEIGHT="0" />
            <String ID="Word_142749" HPOS="920" VPOS="1744" WIDTH="267" HEIGHT="37" CONTENT="movements" />
            <SP ID="SP_128687" HPOS="1187" VPOS="1739" WIDTH="37" HEIGHT="0" />
            <String ID="Word_142750" HPOS="1224" VPOS="1739" WIDTH="46" HEIGHT="41" CONTENT="of" />
            <SP ID="SP_128688" HPOS="1270" VPOS="1739" WIDTH="30" HEIGHT="0" />
            <String ID="Word_142751" HPOS="1300" VPOS="1740" WIDTH="71" HEIGHT="41" CONTENT="the" />
            <SP ID="SP_128689" HPOS="1371" VPOS="1739" WIDTH="36" HEIGHT="0" />
            <String ID="Word_142752" HPOS="1407" VPOS="1739" WIDTH="112" HEIGHT="55" CONTENT="right" />
            <SP ID="SP_128690" HPOS="1519" VPOS="1739" WIDTH="33" HEIGHT="0" />
            <String ID="Word_142753" HPOS="1552" VPOS="1739" WIDTH="129" HEIGHT="49" CONTENT="hand," />
            <SP ID="SP_128691" HPOS="1681" VPOS="1739" WIDTH="31" HEIGHT="0" />
            <String ID="Word_142754" HPOS="1712" VPOS="1740" WIDTH="104" HEIGHT="41" CONTENT="with" />
            <SP ID="SP_128692" HPOS="1816" VPOS="1740" WIDTH="33" HEIGHT="0" />
            <String ID="Word_142755" HPOS="1849" VPOS="1740" WIDTH="132" HEIGHT="42" CONTENT="slight" />
          </TextLine>
          <TextLine ID="TextLine_14069" HPOS="361" VPOS="1809" WIDTH="1618" HEIGHT="55">
            <String ID="Word_142756" HPOS="361" VPOS="1825" WIDTH="235" HEIGHT="28" CONTENT="cutaneous" />
            <SP ID="SP_128693" HPOS="596" VPOS="1810" WIDTH="23" HEIGHT="0" />
            <String ID="Word_142757" HPOS="619" VPOS="1810" WIDTH="267" HEIGHT="43" CONTENT="anaesthesia," />
            <SP ID="SP_128694" HPOS="886" VPOS="1810" WIDTH="21" HEIGHT="0" />
            <String ID="Word_142758" HPOS="907" VPOS="1811" WIDTH="85" HEIGHT="41" CONTENT="and" />
            <SP ID="SP_128695" HPOS="992" VPOS="1809" WIDTH="23" HEIGHT="0" />
            <String ID="Word_142759" HPOS="1015" VPOS="1809" WIDTH="260" HEIGHT="55" CONTENT="incomplete" />
            <SP ID="SP_128696" HPOS="1275" VPOS="1809" WIDTH="22" HEIGHT="0" />
            <String ID="Word_142760" HPOS="1297" VPOS="1809" WIDTH="86" HEIGHT="42" CONTENT="loss" />
            <SP ID="SP_128697" HPOS="1383" VPOS="1809" WIDTH="22" HEIGHT="0" />
            <String ID="Word_142761" HPOS="1405" VPOS="1810" WIDTH="42" HEIGHT="41" CONTENT="of" />
            <SP ID="SP_128698" HPOS="1447" VPOS="1809" WIDTH="24" HEIGHT="0" />
            <String ID="Word_142762" HPOS="1471" VPOS="1809" WIDTH="71" HEIGHT="41" CONTENT="the" />
            <SP ID="SP_128699" HPOS="1542" VPOS="1809" WIDTH="24" HEIGHT="0" />
            <String ID="Word_142763" HPOS="1566" VPOS="1824" WIDTH="121" HEIGHT="27" CONTENT="sense" />
            <SP ID="SP_128700" HPOS="1687" VPOS="1810" WIDTH="31" HEIGHT="0" />
            <String ID="Word_142764" HPOS="1718" VPOS="1810" WIDTH="44" HEIGHT="40" CONTENT="of" />
            <SP ID="SP_128701" HPOS="1762" VPOS="1810" WIDTH="32" HEIGHT="0" />
            <String ID="Word_142765" HPOS="1794" VPOS="1817" WIDTH="185" HEIGHT="47" CONTENT="position" />
          </TextLine>
          <TextLine ID="TextLine_14070" HPOS="360" VPOS="1881" WIDTH="327" HEIGHT="55">
            <String ID="Word_142766" HPOS="360" VPOS="1882" WIDTH="45" HEIGHT="40" CONTENT="of" />
            <SP ID="SP_128702" HPOS="405" VPOS="1881" WIDTH="21" HEIGHT="0" />
            <String ID="Word_142767" HPOS="426" VPOS="1881" WIDTH="73" HEIGHT="42" CONTENT="the" />
            <SP ID="SP_128703" HPOS="499" VPOS="1881" WIDTH="22" HEIGHT="0" />
            <String ID="Word_142768" HPOS="521" VPOS="1882" WIDTH="166" HEIGHT="41" CONTENT="fingers." />
          </TextLine>
          <TextLine ID="TextLine_14071" HPOS="419" VPOS="1948" WIDTH="1559" HEIGHT="59">
            <String ID="Word_142769" HPOS="419" VPOS="1952" WIDTH="126" HEIGHT="42" CONTENT="Some" />
            <SP ID="SP_128704" HPOS="545" VPOS="1952" WIDTH="23" HEIGHT="0" />
            <String ID="Word_142770" HPOS="568" VPOS="1952" WIDTH="106" HEIGHT="55" CONTENT="days" />
            <SP ID="SP_128705" HPOS="674" VPOS="1951" WIDTH="22" HEIGHT="0" />
            <String ID="Word_142771" HPOS="696" VPOS="1958" WIDTH="109" HEIGHT="34" CONTENT="after" />
            <SP ID="SP_128706" HPOS="805" VPOS="1950" WIDTH="23" HEIGHT="0" />
            <String ID="Word_142772" HPOS="828" VPOS="1950" WIDTH="72" HEIGHT="42" CONTENT="the" />
            <SP ID="SP_128707" HPOS="900" VPOS="1950" WIDTH="23" HEIGHT="0" />
            <String ID="Word_142773" HPOS="923" VPOS="1950" WIDTH="98" HEIGHT="41" CONTENT="date" />
            <SP ID="SP_128708" HPOS="1021" VPOS="1950" WIDTH="34" HEIGHT="0" />
            <String ID="Word_142774" HPOS="1055" VPOS="1950" WIDTH="43" HEIGHT="41" CONTENT="of" />
            <SP ID="SP_128709" HPOS="1098" VPOS="1948" WIDTH="35" HEIGHT="0" />
            <String ID="Word_142775" HPOS="1133" VPOS="1948" WIDTH="87" HEIGHT="43" CONTENT="this" />
            <SP ID="SP_128710" HPOS="1220" VPOS="1948" WIDTH="31" HEIGHT="0" />
            <String ID="Word_142776" HPOS="1251" VPOS="1948" WIDTH="306" HEIGHT="49" CONTENT="examination," />
            <SP ID="SP_128711" HPOS="1557" VPOS="1948" WIDTH="23" HEIGHT="0" />
            <String ID="Word_142777" HPOS="1580" VPOS="1948" WIDTH="72" HEIGHT="42" CONTENT="the" />
            <SP ID="SP_128712" HPOS="1652" VPOS="1948" WIDTH="33" HEIGHT="0" />
            <String ID="Word_142778" HPOS="1685" VPOS="1949" WIDTH="166" HEIGHT="54" CONTENT="patient" />
            <SP ID="SP_128713" HPOS="1851" VPOS="1949" WIDTH="30" HEIGHT="0" />
            <String ID="Word_142779" HPOS="1881" VPOS="1949" WIDTH="97" HEIGHT="42" CONTENT="died" />
          </TextLine>
          <TextLine ID="TextLine_14072" HPOS="359" VPOS="2022" WIDTH="831" HEIGHT="56">
            <String ID="Word_142780" HPOS="359" VPOS="2023" WIDTH="226" HEIGHT="42" CONTENT="suddenly." />
            <SP ID="SP_128714" HPOS="585" VPOS="2022" WIDTH="21" HEIGHT="0" />
            <String ID="Word_142781" HPOS="649" VPOS="2022" WIDTH="137" HEIGHT="42" CONTENT="There" />
            <SP ID="SP_128715" HPOS="786" VPOS="2022" WIDTH="23" HEIGHT="0" />
            <String ID="Word_142782" HPOS="809" VPOS="2035" WIDTH="86" HEIGHT="28" CONTENT="was" />
            <SP ID="SP_128716" HPOS="895" VPOS="2035" WIDTH="24" HEIGHT="0" />
            <String ID="Word_142783" HPOS="919" VPOS="2035" WIDTH="54" HEIGHT="27" CONTENT="no" />
            <SP ID="SP_128717" HPOS="973" VPOS="2027" WIDTH="22" HEIGHT="0" />
            <String ID="Word_142784" HPOS="995" VPOS="2034" WIDTH="195" HEIGHT="40" CONTENT="autopsy." />
          </TextLine>
          <TextLine ID="TextLine_14073" HPOS="417" VPOS="2089" WIDTH="1560" HEIGHT="59">
            <String ID="Word_142785" HPOS="417" VPOS="2093" WIDTH="226" HEIGHT="42" CONTENT="Although" />
            <SP ID="SP_128718" HPOS="643" VPOS="2093" WIDTH="34" HEIGHT="0" />
            <String ID="Word_142786" HPOS="677" VPOS="2093" WIDTH="36" HEIGHT="41" CONTENT="it" />
            <SP ID="SP_128719" HPOS="713" VPOS="2093" WIDTH="34" HEIGHT="0" />
            <String ID="Word_142787" HPOS="747" VPOS="2093" WIDTH="36" HEIGHT="41" CONTENT="is" />
            <SP ID="SP_128720" HPOS="783" VPOS="2091" WIDTH="33" HEIGHT="0" />
            <String ID="Word_142788" HPOS="816" VPOS="2091" WIDTH="204" HEIGHT="56" CONTENT="probable" />
            <SP ID="SP_128721" HPOS="1020" VPOS="2090" WIDTH="37" HEIGHT="0" />
            <String ID="Word_142789" HPOS="1057" VPOS="2090" WIDTH="105" HEIGHT="50" CONTENT="that," />
            <SP ID="SP_128722" HPOS="1162" VPOS="2090" WIDTH="35" HEIGHT="0" />
            <String ID="Word_142790" HPOS="1197" VPOS="2091" WIDTH="43" HEIGHT="39" CONTENT="in" />
            <SP ID="SP_128723" HPOS="1240" VPOS="2090" WIDTH="37" HEIGHT="0" />
            <String ID="Word_142791" HPOS="1277" VPOS="2090" WIDTH="86" HEIGHT="40" CONTENT="this" />
            <SP ID="SP_128724" HPOS="1363" VPOS="2090" WIDTH="35" HEIGHT="0" />
            <String ID="Word_142792" HPOS="1398" VPOS="2103" WIDTH="105" HEIGHT="35" CONTENT="case," />
            <SP ID="SP_128725" HPOS="1503" VPOS="2089" WIDTH="24" HEIGHT="0" />
            <String ID="Word_142793" HPOS="1527" VPOS="2089" WIDTH="72" HEIGHT="41" CONTENT="the" />
            <SP ID="SP_128726" HPOS="1599" VPOS="2089" WIDTH="34" HEIGHT="0" />
            <String ID="Word_142794" HPOS="1633" VPOS="2094" WIDTH="144" HEIGHT="37" CONTENT="centre" />
            <SP ID="SP_128727" HPOS="1777" VPOS="2090" WIDTH="37" HEIGHT="0" />
            <String ID="Word_142795" HPOS="1814" VPOS="2090" WIDTH="40" HEIGHT="40" CONTENT="D" />
            <SP ID="SP_128728" HPOS="1854" VPOS="2090" WIDTH="39" HEIGHT="0" />
            <String ID="Word_142796" HPOS="1893" VPOS="2105" WIDTH="84" HEIGHT="27" CONTENT="was" />
          </TextLine>
          <TextLine ID="TextLine_14074" HPOS="358" VPOS="2159" WIDTH="1619" HEIGHT="57">
            <String ID="Word_142797" HPOS="358" VPOS="2165" WIDTH="193" HEIGHT="42" CONTENT="affected," />
            <SP ID="SP_128729" HPOS="551" VPOS="2164" WIDTH="22" HEIGHT="0" />
            <String ID="Word_142798" HPOS="573" VPOS="2164" WIDTH="120" HEIGHT="42" CONTENT="there" />
            <SP ID="SP_128730" HPOS="693" VPOS="2164" WIDTH="24" HEIGHT="0" />
            <String ID="Word_142799" HPOS="717" VPOS="2177" WIDTH="86" HEIGHT="27" CONTENT="was" />
            <SP ID="SP_128731" HPOS="803" VPOS="2161" WIDTH="23" HEIGHT="0" />
            <String ID="Word_142800" HPOS="826" VPOS="2161" WIDTH="223" HEIGHT="43" CONTENT="evidently" />
            <SP ID="SP_128732" HPOS="1049" VPOS="2161" WIDTH="22" HEIGHT="0" />
            <String ID="Word_142801" HPOS="1071" VPOS="2161" WIDTH="162" HEIGHT="41" CONTENT="serious" />
            <SP ID="SP_128733" HPOS="1233" VPOS="2160" WIDTH="23" HEIGHT="0" />
            <String ID="Word_142802" HPOS="1256" VPOS="2160" WIDTH="163" HEIGHT="41" CONTENT="disease" />
            <SP ID="SP_128734" HPOS="1419" VPOS="2159" WIDTH="31" HEIGHT="0" />
            <String ID="Word_142803" HPOS="1450" VPOS="2159" WIDTH="45" HEIGHT="41" CONTENT="in" />
            <SP ID="SP_128735" HPOS="1495" VPOS="2159" WIDTH="34" HEIGHT="0" />
            <String ID="Word_142804" HPOS="1529" VPOS="2159" WIDTH="122" HEIGHT="42" CONTENT="other" />
            <SP ID="SP_128736" HPOS="1651" VPOS="2159" WIDTH="31" HEIGHT="0" />
            <String ID="Word_142805" HPOS="1682" VPOS="2164" WIDTH="116" HEIGHT="50" CONTENT="parts" />
            <SP ID="SP_128737" HPOS="1798" VPOS="2160" WIDTH="31" HEIGHT="0" />
            <String ID="Word_142806" HPOS="1829" VPOS="2160" WIDTH="44" HEIGHT="40" CONTENT="of" />
            <SP ID="SP_128738" HPOS="1873" VPOS="2159" WIDTH="33" HEIGHT="0" />
            <String ID="Word_142807" HPOS="1906" VPOS="2159" WIDTH="71" HEIGHT="42" CONTENT="the" />
          </TextLine>
          <TextLine ID="TextLine_14075" HPOS="358" VPOS="2229" WIDTH="1617" HEIGHT="61">
            <String ID="Word_142808" HPOS="358" VPOS="2236" WIDTH="133" HEIGHT="42" CONTENT="brain," />
            <SP ID="SP_128739" HPOS="491" VPOS="2235" WIDTH="18" HEIGHT="0" />
            <String ID="Word_142809" HPOS="509" VPOS="2235" WIDTH="104" HEIGHT="41" CONTENT="with" />
            <SP ID="SP_128740" HPOS="613" VPOS="2235" WIDTH="26" HEIGHT="0" />
            <String ID="Word_142810" HPOS="639" VPOS="2248" WIDTH="116" HEIGHT="28" CONTENT="some" />
            <SP ID="SP_128741" HPOS="755" VPOS="2232" WIDTH="24" HEIGHT="0" />
            <String ID="Word_142811" HPOS="779" VPOS="2232" WIDTH="298" HEIGHT="42" CONTENT="involvement" />
            <SP ID="SP_128742" HPOS="1077" VPOS="2231" WIDTH="17" HEIGHT="0" />
            <String ID="Word_142812" HPOS="1094" VPOS="2231" WIDTH="43" HEIGHT="41" CONTENT="of" />
            <SP ID="SP_128743" HPOS="1137" VPOS="2231" WIDTH="23" HEIGHT="0" />
            <String ID="Word_142813" HPOS="1160" VPOS="2231" WIDTH="73" HEIGHT="42" CONTENT="the" />
            <SP ID="SP_128744" HPOS="1233" VPOS="2231" WIDTH="22" HEIGHT="0" />
            <String ID="Word_142814" HPOS="1255" VPOS="2234" WIDTH="144" HEIGHT="38" CONTENT="centre" />
            <SP ID="SP_128745" HPOS="1399" VPOS="2229" WIDTH="18" HEIGHT="0" />
            <String ID="Word_142815" HPOS="1417" VPOS="2229" WIDTH="41" HEIGHT="42" CONTENT="A" />
            <SP ID="SP_128746" HPOS="1458" VPOS="2229" WIDTH="17" HEIGHT="0" />
            <String ID="Word_142816" HPOS="1475" VPOS="2244" WIDTH="46" HEIGHT="27" CONTENT="or" />
            <SP ID="SP_128747" HPOS="1521" VPOS="2231" WIDTH="17" HEIGHT="0" />
            <String ID="Word_142817" HPOS="1538" VPOS="2231" WIDTH="35" HEIGHT="40" CONTENT="B" />
            <SP ID="SP_128748" HPOS="1573" VPOS="2231" WIDTH="17" HEIGHT="0" />
            <String ID="Word_142818" HPOS="1590" VPOS="2245" WIDTH="8" HEIGHT="36" CONTENT=";" />
            <SP ID="SP_128749" HPOS="1598" VPOS="2230" WIDTH="23" HEIGHT="0" />
            <String ID="Word_142819" HPOS="1621" VPOS="2230" WIDTH="82" HEIGHT="41" CONTENT="and" />
            <SP ID="SP_128750" HPOS="1703" VPOS="2229" WIDTH="18" HEIGHT="0" />
            <String ID="Word_142820" HPOS="1721" VPOS="2229" WIDTH="35" HEIGHT="42" CONTENT="it" />
            <SP ID="SP_128751" HPOS="1756" VPOS="2229" WIDTH="21" HEIGHT="0" />
            <String ID="Word_142821" HPOS="1777" VPOS="2229" WIDTH="36" HEIGHT="42" CONTENT="is" />
            <SP ID="SP_128752" HPOS="1813" VPOS="2229" WIDTH="22" HEIGHT="0" />
            <String ID="Word_142822" HPOS="1835" VPOS="2229" WIDTH="140" HEIGHT="42" CONTENT="there-" />
          </TextLine>
          <TextLine ID="TextLine_14076" HPOS="358" VPOS="2299" WIDTH="1617" HEIGHT="62">
            <String ID="Word_142823" HPOS="358" VPOS="2309" WIDTH="89" HEIGHT="40" CONTENT="fore" />
            <SP ID="SP_128753" HPOS="447" VPOS="2305" WIDTH="21" HEIGHT="0" />
            <String ID="Word_142824" HPOS="468" VPOS="2305" WIDTH="204" HEIGHT="56" CONTENT="probable" />
            <SP ID="SP_128754" HPOS="672" VPOS="2305" WIDTH="24" HEIGHT="0" />
            <String ID="Word_142825" HPOS="696" VPOS="2305" WIDTH="95" HEIGHT="41" CONTENT="that" />
            <SP ID="SP_128755" HPOS="791" VPOS="2304" WIDTH="23" HEIGHT="0" />
            <String ID="Word_142826" HPOS="814" VPOS="2304" WIDTH="72" HEIGHT="42" CONTENT="the" />
            <SP ID="SP_128756" HPOS="886" VPOS="2302" WIDTH="23" HEIGHT="0" />
            <String ID="Word_142827" HPOS="909" VPOS="2302" WIDTH="204" HEIGHT="56" CONTENT="agraphia" />
            <SP ID="SP_128757" HPOS="1113" VPOS="2302" WIDTH="23" HEIGHT="0" />
            <String ID="Word_142828" HPOS="1136" VPOS="2315" WIDTH="85" HEIGHT="28" CONTENT="was" />
            <SP ID="SP_128758" HPOS="1221" VPOS="2305" WIDTH="23" HEIGHT="0" />
            <String ID="Word_142829" HPOS="1244" VPOS="2305" WIDTH="76" HEIGHT="37" CONTENT="not" />
            <SP ID="SP_128759" HPOS="1320" VPOS="2300" WIDTH="32" HEIGHT="0" />
            <String ID="Word_142830" HPOS="1352" VPOS="2300" WIDTH="82" HEIGHT="42" CONTENT="due" />
            <SP ID="SP_128760" HPOS="1434" VPOS="2299" WIDTH="32" HEIGHT="0" />
            <String ID="Word_142831" HPOS="1466" VPOS="2299" WIDTH="136" HEIGHT="56" CONTENT="solely" />
            <SP ID="SP_128761" HPOS="1602" VPOS="2299" WIDTH="22" HEIGHT="0" />
            <String ID="Word_142832" HPOS="1624" VPOS="2304" WIDTH="44" HEIGHT="37" CONTENT="to" />
            <SP ID="SP_128762" HPOS="1668" VPOS="2299" WIDTH="23" HEIGHT="0" />
            <String ID="Word_142833" HPOS="1691" VPOS="2299" WIDTH="284" HEIGHT="43" CONTENT="disablement" />
          </TextLine>
          <TextLine ID="TextLine_14077" HPOS="356" VPOS="2368" WIDTH="1616" HEIGHT="56">
            <String ID="Word_142834" HPOS="356" VPOS="2379" WIDTH="47" HEIGHT="41" CONTENT="of" />
            <SP ID="SP_128763" HPOS="403" VPOS="2377" WIDTH="19" HEIGHT="0" />
            <String ID="Word_142835" HPOS="422" VPOS="2377" WIDTH="74" HEIGHT="42" CONTENT="the" />
            <SP ID="SP_128764" HPOS="496" VPOS="2377" WIDTH="23" HEIGHT="0" />
            <String ID="Word_142836" HPOS="519" VPOS="2389" WIDTH="146" HEIGHT="29" CONTENT="centre" />
            <SP ID="SP_128765" HPOS="665" VPOS="2375" WIDTH="22" HEIGHT="0" />
            <String ID="Word_142837" HPOS="687" VPOS="2375" WIDTH="52" HEIGHT="41" CONTENT="D." />
            <SP ID="SP_128766" HPOS="739" VPOS="2374" WIDTH="64" HEIGHT="0" />
            <String ID="Word_142838" HPOS="803" VPOS="2374" WIDTH="45" HEIGHT="41" CONTENT="It" />
            <SP ID="SP_128767" HPOS="848" VPOS="2373" WIDTH="20" HEIGHT="0" />
            <String ID="Word_142839" HPOS="868" VPOS="2373" WIDTH="36" HEIGHT="41" CONTENT="is" />
            <SP ID="SP_128768" HPOS="904" VPOS="2373" WIDTH="23" HEIGHT="0" />
            <String ID="Word_142840" HPOS="927" VPOS="2376" WIDTH="77" HEIGHT="37" CONTENT="not" />
            <SP ID="SP_128769" HPOS="1004" VPOS="2371" WIDTH="16" HEIGHT="0" />
            <String ID="Word_142841" HPOS="1020" VPOS="2371" WIDTH="141" HEIGHT="42" CONTENT="stated" />
            <SP ID="SP_128770" HPOS="1161" VPOS="2370" WIDTH="23" HEIGHT="0" />
            <String ID="Word_142842" HPOS="1184" VPOS="2370" WIDTH="94" HEIGHT="41" CONTENT="how" />
            <SP ID="SP_128771" HPOS="1278" VPOS="2369" WIDTH="23" HEIGHT="0" />
            <String ID="Word_142843" HPOS="1301" VPOS="2369" WIDTH="73" HEIGHT="42" CONTENT="the" />
            <SP ID="SP_128772" HPOS="1374" VPOS="2369" WIDTH="22" HEIGHT="0" />
            <String ID="Word_142844" HPOS="1396" VPOS="2370" WIDTH="166" HEIGHT="54" CONTENT="patient" />
            <SP ID="SP_128773" HPOS="1562" VPOS="2368" WIDTH="18" HEIGHT="0" />
            <String ID="Word_142845" HPOS="1580" VPOS="2368" WIDTH="123" HEIGHT="42" CONTENT="could" />
            <SP ID="SP_128774" HPOS="1703" VPOS="2368" WIDTH="20" HEIGHT="0" />
            <String ID="Word_142846" HPOS="1723" VPOS="2369" WIDTH="121" HEIGHT="41" CONTENT="write" />
            <SP ID="SP_128775" HPOS="1844" VPOS="2369" WIDTH="24" HEIGHT="0" />
            <String ID="Word_142847" HPOS="1868" VPOS="2376" WIDTH="104" HEIGHT="34" CONTENT="with" />
          </TextLine>
          <TextLine ID="TextLine_14078" HPOS="356" VPOS="2445" WIDTH="328" HEIGHT="46">
            <String ID="Word_142848" HPOS="356" VPOS="2449" WIDTH="74" HEIGHT="42" CONTENT="the" />
            <SP ID="SP_128776" HPOS="430" VPOS="2448" WIDTH="22" HEIGHT="0" />
            <String ID="Word_142849" HPOS="452" VPOS="2448" WIDTH="80" HEIGHT="41" CONTENT="left" />
            <SP ID="SP_128777" HPOS="532" VPOS="2445" WIDTH="25" HEIGHT="0" />
            <String ID="Word_142850" HPOS="557" VPOS="2445" WIDTH="127" HEIGHT="43" CONTENT="hand." />
          </TextLine>
          <TextLine ID="TextLine_14079" HPOS="416" VPOS="2580" WIDTH="1557" HEIGHT="59">
            <String ID="Word_142851" HPOS="416" VPOS="2591" WIDTH="118" HEIGHT="42" CONTENT="Case" />
            <SP ID="SP_128778" HPOS="534" VPOS="2587" WIDTH="24" HEIGHT="0" />
            <String ID="Word_142852" HPOS="558" VPOS="2587" WIDTH="57" HEIGHT="41" CONTENT="II." />
            <SP ID="SP_128779" HPOS="615" VPOS="2585" WIDTH="35" HEIGHT="0" />
            <String ID="Word_142853" HPOS="650" VPOS="2585" WIDTH="79" HEIGHT="54" CONTENT="(M." />
            <SP ID="SP_128780" HPOS="729" VPOS="2583" WIDTH="26" HEIGHT="0" />
            <String ID="Word_142854" HPOS="755" VPOS="2583" WIDTH="169" HEIGHT="42" CONTENT="Pitres)." />
            <SP ID="SP_128781" HPOS="924" VPOS="2582" WIDTH="63" HEIGHT="0" />
            <String ID="Word_142855" HPOS="987" VPOS="2582" WIDTH="89" HEIGHT="41" CONTENT="The" />
            <SP ID="SP_128782" HPOS="1076" VPOS="2581" WIDTH="30" HEIGHT="0" />
            <String ID="Word_142856" HPOS="1106" VPOS="2581" WIDTH="168" HEIGHT="55" CONTENT="patient" />
            <SP ID="SP_128783" HPOS="1274" VPOS="2581" WIDTH="22" HEIGHT="0" />
            <String ID="Word_142857" HPOS="1296" VPOS="2593" WIDTH="85" HEIGHT="28" CONTENT="was" />
            <SP ID="SP_128784" HPOS="1381" VPOS="2593" WIDTH="32" HEIGHT="0" />
            <String ID="Word_142858" HPOS="1413" VPOS="2593" WIDTH="98" HEIGHT="28" CONTENT="seen" />
            <SP ID="SP_128785" HPOS="1511" VPOS="2583" WIDTH="27" HEIGHT="0" />
            <String ID="Word_142859" HPOS="1538" VPOS="2583" WIDTH="84" HEIGHT="37" CONTENT="two" />
            <SP ID="SP_128786" HPOS="1622" VPOS="2583" WIDTH="32" HEIGHT="0" />
            <String ID="Word_142860" HPOS="1654" VPOS="2592" WIDTH="122" HEIGHT="41" CONTENT="years" />
            <SP ID="SP_128787" HPOS="1776" VPOS="2580" WIDTH="31" HEIGHT="0" />
            <String ID="Word_142861" HPOS="1807" VPOS="2580" WIDTH="110" HEIGHT="42" CONTENT="after" />
            <SP ID="SP_128788" HPOS="1917" VPOS="2580" WIDTH="31" HEIGHT="0" />
            <String ID="Word_142862" HPOS="1948" VPOS="2594" WIDTH="25" HEIGHT="27" CONTENT="a" />
          </TextLine>
          <TextLine ID="TextLine_14080" HPOS="355" VPOS="2650" WIDTH="1615" HEIGHT="56">
            <String ID="Word_142863" HPOS="355" VPOS="2658" WIDTH="189" HEIGHT="46" CONTENT="cerebral" />
            <SP ID="SP_128789" HPOS="544" VPOS="2657" WIDTH="36" HEIGHT="0" />
            <String ID="Word_142864" HPOS="580" VPOS="2670" WIDTH="175" HEIGHT="30" CONTENT="seizure," />
            <SP ID="SP_128790" HPOS="755" VPOS="2654" WIDTH="35" HEIGHT="0" />
            <String ID="Word_142865" HPOS="790" VPOS="2654" WIDTH="140" HEIGHT="42" CONTENT="which" />
            <SP ID="SP_128791" HPOS="930" VPOS="2653" WIDTH="38" HEIGHT="0" />
            <String ID="Word_142866" HPOS="968" VPOS="2653" WIDTH="84" HEIGHT="41" CONTENT="had" />
            <SP ID="SP_128792" HPOS="1052" VPOS="2651" WIDTH="34" HEIGHT="0" />
            <String ID="Word_142867" HPOS="1086" VPOS="2651" WIDTH="200" HEIGHT="42" CONTENT="occurred" />
            <SP ID="SP_128793" HPOS="1286" VPOS="2650" WIDTH="39" HEIGHT="0" />
            <String ID="Word_142868" HPOS="1325" VPOS="2650" WIDTH="43" HEIGHT="41" CONTENT="in" />
            <SP ID="SP_128794" HPOS="1368" VPOS="2650" WIDTH="42" HEIGHT="0" />
            <String ID="Word_142869" HPOS="1410" VPOS="2651" WIDTH="123" HEIGHT="49" CONTENT="1882," />
            <SP ID="SP_128795" HPOS="1533" VPOS="2650" WIDTH="37" HEIGHT="0" />
            <String ID="Word_142870" HPOS="1570" VPOS="2650" WIDTH="84" HEIGHT="41" CONTENT="and" />
            <SP ID="SP_128796" HPOS="1654" VPOS="2650" WIDTH="37" HEIGHT="0" />
            <String ID="Word_142871" HPOS="1691" VPOS="2650" WIDTH="83" HEIGHT="41" CONTENT="had" />
            <SP ID="SP_128797" HPOS="1774" VPOS="2650" WIDTH="43" HEIGHT="0" />
            <String ID="Word_142872" HPOS="1817" VPOS="2651" WIDTH="153" HEIGHT="42" CONTENT="caused" />
          </TextLine>
          <TextLine ID="TextLine_14081" HPOS="353" VPOS="2719" WIDTH="1617" HEIGHT="66">
            <String ID="Word_142873" HPOS="353" VPOS="2731" WIDTH="161" HEIGHT="54" CONTENT="lasting" />
            <SP ID="SP_128798" HPOS="514" VPOS="2727" WIDTH="21" HEIGHT="0" />
            <String ID="Word_142874" HPOS="535" VPOS="2741" WIDTH="161" HEIGHT="43" CONTENT="paresis" />
            <SP ID="SP_128799" HPOS="696" VPOS="2725" WIDTH="32" HEIGHT="0" />
            <String ID="Word_142875" HPOS="728" VPOS="2725" WIDTH="84" HEIGHT="42" CONTENT="and" />
            <SP ID="SP_128800" HPOS="812" VPOS="2723" WIDTH="33" HEIGHT="0" />
            <String ID="Word_142876" HPOS="845" VPOS="2723" WIDTH="176" HEIGHT="56" CONTENT="rigidity" />
            <SP ID="SP_128801" HPOS="1021" VPOS="2723" WIDTH="23" HEIGHT="0" />
            <String ID="Word_142877" HPOS="1044" VPOS="2723" WIDTH="45" HEIGHT="40" CONTENT="of" />
            <SP ID="SP_128802" HPOS="1089" VPOS="2722" WIDTH="30" HEIGHT="0" />
            <String ID="Word_142878" HPOS="1119" VPOS="2722" WIDTH="71" HEIGHT="40" CONTENT="the" />
            <SP ID="SP_128803" HPOS="1190" VPOS="2721" WIDTH="32" HEIGHT="0" />
            <String ID="Word_142879" HPOS="1222" VPOS="2721" WIDTH="114" HEIGHT="55" CONTENT="right" />
            <SP ID="SP_128804" HPOS="1336" VPOS="2720" WIDTH="31" HEIGHT="0" />
            <String ID="Word_142880" HPOS="1367" VPOS="2720" WIDTH="77" HEIGHT="56" CONTENT="leg," />
            <SP ID="SP_128805" HPOS="1444" VPOS="2719" WIDTH="23" HEIGHT="0" />
            <String ID="Word_142881" HPOS="1467" VPOS="2719" WIDTH="133" HEIGHT="56" CONTENT="slight" />
            <SP ID="SP_128806" HPOS="1600" VPOS="2719" WIDTH="31" HEIGHT="0" />
            <String ID="Word_142882" HPOS="1631" VPOS="2719" WIDTH="160" HEIGHT="55" CONTENT="paresis" />
            <SP ID="SP_128807" HPOS="1791" VPOS="2719" WIDTH="32" HEIGHT="0" />
            <String ID="Word_142883" HPOS="1823" VPOS="2721" WIDTH="43" HEIGHT="40" CONTENT="of" />
            <SP ID="SP_128808" HPOS="1866" VPOS="2719" WIDTH="33" HEIGHT="0" />
            <String ID="Word_142884" HPOS="1899" VPOS="2719" WIDTH="71" HEIGHT="43" CONTENT="the" />
          </TextLine>
          <TextLine ID="TextLine_14082" HPOS="352" VPOS="2789" WIDTH="1614" HEIGHT="70">
            <String ID="Word_142885" HPOS="352" VPOS="2802" WIDTH="117" HEIGHT="43" CONTENT="right" />
            <SP ID="SP_128809" HPOS="469" VPOS="2802" WIDTH="32" HEIGHT="0" />
            <String ID="Word_142886" HPOS="501" VPOS="2813" WIDTH="92" HEIGHT="28" CONTENT="arm" />
            <SP ID="SP_128810" HPOS="593" VPOS="2796" WIDTH="35" HEIGHT="0" />
            <String ID="Word_142887" HPOS="628" VPOS="2796" WIDTH="84" HEIGHT="44" CONTENT="and" />
            <SP ID="SP_128811" HPOS="712" VPOS="2794" WIDTH="41" HEIGHT="0" />
            <String ID="Word_142888" HPOS="753" VPOS="2794" WIDTH="127" HEIGHT="43" CONTENT="hand," />
            <SP ID="SP_128812" HPOS="880" VPOS="2792" WIDTH="32" HEIGHT="0" />
            <String ID="Word_142889" HPOS="912" VPOS="2792" WIDTH="85" HEIGHT="43" CONTENT="and" />
            <SP ID="SP_128813" HPOS="997" VPOS="2791" WIDTH="36" HEIGHT="0" />
            <String ID="Word_142890" HPOS="1033" VPOS="2791" WIDTH="118" HEIGHT="56" CONTENT="right" />
            <SP ID="SP_128814" HPOS="1151" VPOS="2791" WIDTH="36" HEIGHT="0" />
            <String ID="Word_142891" HPOS="1187" VPOS="2791" WIDTH="311" HEIGHT="54" CONTENT="homonymous" />
            <SP ID="SP_128815" HPOS="1498" VPOS="2789" WIDTH="34" HEIGHT="0" />
            <String ID="Word_142892" HPOS="1532" VPOS="2789" WIDTH="304" HEIGHT="56" CONTENT="hemianopsia." />
            <SP ID="SP_128816" HPOS="1836" VPOS="2789" WIDTH="62" HEIGHT="0" />
            <String ID="Word_142893" HPOS="1898" VPOS="2790" WIDTH="68" HEIGHT="42" CONTENT="He" />
          </TextLine>
          <TextLine ID="TextLine_14083" HPOS="353" VPOS="2858" WIDTH="1604" HEIGHT="61">
            <String ID="Word_142894" HPOS="353" VPOS="2886" WIDTH="87" HEIGHT="28" CONTENT="was" />
            <SP ID="SP_128817" HPOS="440" VPOS="2867" WIDTH="34" HEIGHT="0" />
            <String ID="Word_142895" HPOS="474" VPOS="2867" WIDTH="133" HEIGHT="44" CONTENT="found" />
            <SP ID="SP_128818" HPOS="607" VPOS="2867" WIDTH="34" HEIGHT="0" />
            <String ID="Word_142896" HPOS="641" VPOS="2872" WIDTH="42" HEIGHT="36" CONTENT="to" />
            <SP ID="SP_128819" HPOS="683" VPOS="2865" WIDTH="33" HEIGHT="0" />
            <String ID="Word_142897" HPOS="716" VPOS="2865" WIDTH="110" HEIGHT="41" CONTENT="have" />
            <SP ID="SP_128820" HPOS="826" VPOS="2861" WIDTH="36" HEIGHT="0" />
            <String ID="Word_142898" HPOS="862" VPOS="2861" WIDTH="202" HEIGHT="58" CONTENT="agraphia" />
            <SP ID="SP_128821" HPOS="1064" VPOS="2860" WIDTH="43" HEIGHT="0" />
            <String ID="Word_142899" HPOS="1107" VPOS="2874" WIDTH="123" HEIGHT="29" CONTENT="when" />
            <SP ID="SP_128822" HPOS="1230" VPOS="2859" WIDTH="33" HEIGHT="0" />
            <String ID="Word_142900" HPOS="1263" VPOS="2859" WIDTH="53" HEIGHT="43" CONTENT="he" />
            <SP ID="SP_128823" HPOS="1316" VPOS="2858" WIDTH="31" HEIGHT="0" />
            <String ID="Word_142901" HPOS="1347" VPOS="2858" WIDTH="239" HEIGHT="56" CONTENT="attempted" />
            <SP ID="SP_128824" HPOS="1586" VPOS="2858" WIDTH="32" HEIGHT="0" />
            <String ID="Word_142902" HPOS="1618" VPOS="2863" WIDTH="43" HEIGHT="38" CONTENT="to" />
            <SP ID="SP_128825" HPOS="1661" VPOS="2863" WIDTH="31" HEIGHT="0" />
            <String ID="Word_142903" HPOS="1692" VPOS="2873" WIDTH="172" HEIGHT="40" CONTENT="express" />
            <SP ID="SP_128826" HPOS="1864" VPOS="2859" WIDTH="34" HEIGHT="0" />
            <String ID="Word_142904" HPOS="1898" VPOS="2859" WIDTH="59" HEIGHT="40" CONTENT="his" />
          </TextLine>
          <TextLine ID="TextLine_14084" HPOS="353" VPOS="2929" WIDTH="1614" HEIGHT="68">
            <String ID="Word_142905" HPOS="353" VPOS="2941" WIDTH="207" HEIGHT="46" CONTENT="thoughts" />
            <SP ID="SP_128827" HPOS="560" VPOS="2939" WIDTH="22" HEIGHT="0" />
            <String ID="Word_142906" HPOS="582" VPOS="2939" WIDTH="44" HEIGHT="41" CONTENT="in" />
            <SP ID="SP_128828" HPOS="626" VPOS="2936" WIDTH="26" HEIGHT="0" />
            <String ID="Word_142907" HPOS="652" VPOS="2936" WIDTH="172" HEIGHT="42" CONTENT="writing" />
            <SP ID="SP_128829" HPOS="824" VPOS="2933" WIDTH="20" HEIGHT="0" />
            <String ID="Word_142908" HPOS="844" VPOS="2933" WIDTH="103" HEIGHT="42" CONTENT="with" />
            <SP ID="SP_128830" HPOS="947" VPOS="2932" WIDTH="23" HEIGHT="0" />
            <String ID="Word_142909" HPOS="970" VPOS="2932" WIDTH="74" HEIGHT="43" CONTENT="the" />
            <SP ID="SP_128831" HPOS="1044" VPOS="2931" WIDTH="22" HEIGHT="0" />
            <String ID="Word_142910" HPOS="1066" VPOS="2931" WIDTH="114" HEIGHT="56" CONTENT="right" />
            <SP ID="SP_128832" HPOS="1180" VPOS="2930" WIDTH="21" HEIGHT="0" />
            <String ID="Word_142911" HPOS="1201" VPOS="2930" WIDTH="127" HEIGHT="52" CONTENT="hand," />
            <SP ID="SP_128833" HPOS="1328" VPOS="2930" WIDTH="19" HEIGHT="0" />
            <String ID="Word_142912" HPOS="1347" VPOS="2930" WIDTH="162" HEIGHT="55" CONTENT="though" />
            <SP ID="SP_128834" HPOS="1509" VPOS="2929" WIDTH="25" HEIGHT="0" />
            <String ID="Word_142913" HPOS="1534" VPOS="2929" WIDTH="103" HEIGHT="42" CONTENT="with" />
            <SP ID="SP_128835" HPOS="1637" VPOS="2929" WIDTH="26" HEIGHT="0" />
            <String ID="Word_142914" HPOS="1663" VPOS="2935" WIDTH="93" HEIGHT="36" CONTENT="that" />
            <SP ID="SP_128836" HPOS="1756" VPOS="2929" WIDTH="22" HEIGHT="0" />
            <String ID="Word_142915" HPOS="1778" VPOS="2929" WIDTH="112" HEIGHT="41" CONTENT="hand" />
            <SP ID="SP_128837" HPOS="1890" VPOS="2929" WIDTH="25" HEIGHT="0" />
            <String ID="Word_142916" HPOS="1915" VPOS="2929" WIDTH="52" HEIGHT="42" CONTENT="he" />
          </TextLine>
          <TextLine ID="TextLine_14085" HPOS="353" VPOS="2999" WIDTH="1618" HEIGHT="67">
            <String ID="Word_142917" HPOS="353" VPOS="3013" WIDTH="128" HEIGHT="45" CONTENT="could" />
            <SP ID="SP_128838" HPOS="481" VPOS="3013" WIDTH="22" HEIGHT="0" />
            <String ID="Word_142918" HPOS="503" VPOS="3025" WIDTH="106" HEIGHT="41" CONTENT="copy" />
            <SP ID="SP_128839" HPOS="609" VPOS="3008" WIDTH="25" HEIGHT="0" />
            <String ID="Word_142919" HPOS="634" VPOS="3008" WIDTH="150" HEIGHT="42" CONTENT="letters" />
            <SP ID="SP_128840" HPOS="784" VPOS="3005" WIDTH="22" HEIGHT="0" />
            <String ID="Word_142920" HPOS="806" VPOS="3005" WIDTH="84" HEIGHT="43" CONTENT="and" />
            <SP ID="SP_128841" HPOS="890" VPOS="3005" WIDTH="25" HEIGHT="0" />
            <String ID="Word_142921" HPOS="915" VPOS="3005" WIDTH="162" HEIGHT="40" CONTENT="figures." />
            <SP ID="SP_128842" HPOS="1077" VPOS="3001" WIDTH="21" HEIGHT="0" />
            <String ID="Word_142922" HPOS="1141" VPOS="3001" WIDTH="69" HEIGHT="44" CONTENT="He" />
            <SP ID="SP_128843" HPOS="1210" VPOS="3001" WIDTH="33" HEIGHT="0" />
            <String ID="Word_142923" HPOS="1243" VPOS="3001" WIDTH="82" HEIGHT="41" CONTENT="had" />
            <SP ID="SP_128844" HPOS="1325" VPOS="3000" WIDTH="34" HEIGHT="0" />
            <String ID="Word_142924" HPOS="1359" VPOS="3000" WIDTH="173" HEIGHT="55" CONTENT="already" />
            <SP ID="SP_128845" HPOS="1532" VPOS="2999" WIDTH="23" HEIGHT="0" />
            <String ID="Word_142925" HPOS="1555" VPOS="2999" WIDTH="206" HEIGHT="43" CONTENT="educated" />
            <SP ID="SP_128846" HPOS="1761" VPOS="2999" WIDTH="34" HEIGHT="0" />
            <String ID="Word_142926" HPOS="1795" VPOS="2999" WIDTH="176" HEIGHT="42" CONTENT="himself" />
          </TextLine>
        </TextBlock>
      </PrintSpace>
    </Page>
  </Layout>
</alto>
