1933 3302
400 174 194 42 Beziehung
618 175 59 31 des
700 176 306 42 Hospitalbrandes
1030 189 58 21 zur
1112 180 364 34 Racliendiphtheritis.

142 173 75 39 102

141 280 348 39 Verschiedenheit
520 282 202 39 desselben
745 298 74 24 von
850 286 67 36 der
940 286 261 49 Diphtheritis
1232 290 181 37 ansehen.
1464 291 146 39 Heine
1643 309 89 24 ver-

139 334 113 39 sucht
272 348 78 24 nun
371 335 224 39 seinerseits
617 337 60 38 die
692 338 329 51 Beweisführung
1043 341 66 37 der
1124 340 187 41 Identität
1332 344 67 37 der
1423 345 136 37 beiden
1575 346 157 40 Krank-

137 388 134 38 heiten
301 388 70 37 auf
398 388 24 37 4
454 388 172 40 Wegen:

273 442 33 37 1.
338 442 71 37 auf
436 443 88 38 dem
556 443 126 40 Wege
714 446 66 37 des
810 446 289 38 Experiments,

268 496 35 36 2.
336 496 70 37 auf
433 497 87 38 dem
551 499 275 38 casuistischen
847 499 231 39 Nachweise
1102 502 104 38 eines
1229 503 249 50 genetischen
1501 505 233 51 Abhängig-

138 549 396 50 keitsverhilltnisses,

268 604 35 37 3.
336 605 70 37 auf
433 605 86 39 dem
555 605 124 52 Wege
711 607 67 38 der
809 606 195 48 Statistik,

269 657 36 38 4.
338 658 121 39 durch
491 660 310 50 vergleichende,
833 661 264 39 anatomische
1128 661 367 54 Untersuchungen.

269 711 97 40 Was
403 714 61 37 die
494 712 289 52 Experimente'
811 715 217 47 anbetrifPt,
1070 729 41 25 so
1143 718 175 38 erwähnt
1347 718 157 40 Heine
1534 720 200 40 Versuche

138 779 75 24 von
252 765 161 48 Felix,
454 767 168 39 welcher
652 768 183 38 Material
864 782 76 25 von
979 770 87 38 dem
1096 769 158 40 Rachen
1284 772 355 50 Diphtheritischer
1669 775 71 38 auf

136 820 122 47 reine,
291 821 276 50 granulirende
590 821 289 39 Wundflächen
899 823 173 47 brachte,
1105 825 77 37 und
1204 828 112 35 unter
1339 827 22 36 9
1383 826 224 40 Versuchen
1631 829 106 38 2mal

138 874 68 38 das
239 875 210 38 Auftreten
480 876 105 38 eines
615 877 266 49 grauweissen
902 877 179 52 Anflugs,
1113 878 98 38 auch
1243 879 104 38 eines
1378 880 196 39 dichteren
1605 882 128 39 Exsu-

138 929 108 38 dates
284 930 270 46 beobachtete,
594 930 187 38 während
812 931 60 37 die
903 931 156 39 Wunde
1091 932 261 39 schmerzhaft
1382 935 131 37 wurde
1543 936 77 37 und
1650 937 84 38 ihre

137 982 243 52 Umgebung
419 984 81 38 sich
528 984 166 38 röthete.
754 984 100 39 Dass
893 986 104 38 diese
1026 985 219 48 Versuche,
1286 1000 72 25 wie
1388 987 158 39 Heine
1585 990 149 50 glaubt,

139 1038 87 37 dem
267 1038 301 51 unbefangenen
600 1038 179 39 Urtheile
817 1040 119 50 jeden
967 1039 161 39 Zweifel
1167 1041 167 37 darüber
1373 1041 233 48 benehmen,
1648 1044 87 38 dass

139 1092 68 38 der
230 1092 376 51 Ansteckungsstoff
632 1094 68 37 der
730 1094 141 37 beiden
894 1094 271 38 Krankheiten
1186 1095 66 38 der
1278 1095 191 38 nämliche
1491 1096 80 38 sein
1592 1102 141 42 müsse,

137 1146 106 38 kann
273 1160 91 24 man
393 1147 227 50 unmöglich
649 1148 191 50 zugeben.
891 1147 68 39 Ich
980 1148 143 50 glaube
1152 1149 53 37 im
1227 1148 246 51 Gregentheil,
1505 1150 87 38 dass
1614 1151 60 37 die
1696 1151 41 37 in

139 1201 68 37 der
223 1200 202 38 Literatur
443 1201 279 50 vorliegenden
733 1201 519 52 Uebertragungsversuche
1267 1204 70 36 auf
1352 1203 142 38 Thiere
1512 1204 141 38 einmal
1666 1207 71 35 mit

139 1255 365 49 diphtheritischen,
523 1256 217 38 anderseits
757 1260 72 34 mit
844 1256 403 50 hospitalbrandigem
1258 1256 181 38 Material
1453 1257 89 37 sehr
1553 1261 185 47 geeignet

138 1309 98 47 sind,
255 1310 61 37 die
327 1309 352 39 Verschiedenheit
693 1311 67 37 der
771 1311 140 37 beiden
923 1311 272 37 Krankheiten
1206 1325 47 23 zu
1263 1311 205 38 beweisen.
1499 1310 238 40 Impfungen

138 1366 72 35 mit
231 1363 364 51 diphtheritischem
615 1364 183 38 Material
818 1365 39 37 in
871 1365 185 37 Wunden
1070 1365 64 38 bei
1149 1364 230 39 Kaninchen
1399 1365 85 38 sind
1504 1378 75 25 von
1595 1365 142 39 Tren-

139 1418 275 51 delenburg,
440 1418 180 48 Oertel,
645 1419 206 38 Verfasser
873 1433 35 23 u.
929 1419 45 37 A.
997 1422 71 34 mit
1087 1419 206 50 positiven,
1317 1419 421 38 übereinstimmenden

137 1472 236 39 Resultaten
390 1473 168 38 vielfach
576 1473 212 38 angestellt
803 1474 167 37 worden.
1000 1473 88 38 Von
1107 1474 67 37 der
1186 1472 216 39 Impfstelle
1418 1487 68 24 aus
1503 1474 234 37 verbreitete

138 1527 83 39 sich
237 1527 240 39 namentlich,
497 1528 53 37 im
563 1527 158 39 Muskel
743 1528 85 38 eine
849 1529 199 37 trockene,
1073 1528 116 37 derbe
1208 1527 404 38 dunkelroth-braune
1628 1526 110 38 Infil-

138 1582 146 38 tration
315 1585 71 35 mit
417 1582 327 51 Hämorrhagien,
778 1582 145 38 welche
953 1584 107 36 nicht
1089 1581 89 39 sehr
1208 1581 268 39 ausgebreitet
1505 1595 47 24 zu
1581 1581 157 38 werden

125 1636 174 52 *pflegte,
332 1651 45 23 an
411 1637 168 38 welcher
616 1637 92 38 aber
740 1637 60 37 die
833 1636 142 38 Thiere
1006 1637 39 37 in
1081 1636 156 50 einigen
1268 1636 138 49 Tagen
1441 1635 167 38 starben.
1666 1634 71 38 Bei

140 1691 75 38 den
245 1691 288 51 erfolgreichen
563 1691 361 51 Uebertragungen
954 1691 66 37 des
1041 1690 350 38 Hospitalbrandes
1423 1690 69 36 auf
1510 1689 229 37 Kaninchen

140 1745 123 38 durch
292 1745 192 39 Fischer
516 1749 266 47 vergrösserte
814 1745 81 38 sich
926 1745 89 38 sehr
1044 1744 92 38 bald
1167 1744 60 38 die
1259 1743 285 51 geschwollene
1567 1743 78 37 und
1667 1755 71 36 ge-

138 1799 154 39 röthete
323 1799 329 39 Infectionsstelle
683 1801 78 37 und
791 1799 265 39 verwandelte
1087 1798 82 38 sich
1198 1798 40 37 in
1269 1798 61 38 ein
1368 1799 260 47 schmutziges
1660 1795 79 39 Ge-

140 1854 166 39 schwür,
339 1855 169 38 bedeckt
539 1868 75 25 von
645 1855 108 37 einer
791 1853 171 50 gelblich
972 1875 16 5 -
997 1854 176 36 braunen
1202 1852 217 38 Membran.
1478 1851 87 37 Von
1595 1850 146 38 diesem

141 1908 216 39 Geschwür
387 1923 69 24 aus
487 1909 264 38 verbreiteten
782 1908 82 38 sich
892 1907 114 39 rasch
1037 1920 133 36 grosse
1208 1908 214 36 subcutane
1453 1904 287 46 Brandhöhlen,

139 1964 149 38 welche
320 1964 60 38 die
412 1977 124 38 ganze
567 1963 234 38 Bauchhaut
832 1962 318 38 unterminirten,
1190 1961 79 37 und
1299 1959 189 38 ebenfalls
1529 1972 75 24 von
1635 1971 107 25 einer

138 2019 353 51 gelblichbraunen
512 2017 205 39 Membran
739 2016 274 51 ausgekleidet
1035 2029 142 24 waren,
1209 2028 73 24 wie
1306 2027 67 24 wir
1395 2013 54 38 sie
1480 2013 99 38 oben
1608 2012 132 37 sahen.

271 2073 160 38 Heine
468 2073 139 37 meint,
649 2073 87 37 dass
768 2072 66 37 das
865 2070 257 50 Experiment
1160 2067 465 39 zweckentsprechender
1655 2079 86 24 um-

144 2127 172 52 gekehrt
345 2127 233 38 au.sgeführt
607 2127 159 38 werden
787 2126 145 37 würde,
964 2138 113 23 wenn
1097 2137 91 24 man
1207 2119 448 52 Hospitalbrandjauche
1678 2119 70 38 auf

145 2183 61 38 die
237 2181 424 39 Rachenschleimhaut
690 2182 240 36 übertragen
959 2179 159 37 könnte.
1169 2175 137 40 Solche
1327 2175 201 38 Versuche
1559 2174 85 38 sind
1667 2187 79 24 nun

145 2237 216 38 allerdings
392 2238 108 36 nicht
531 2238 196 49 gemacht,
760 2234 98 39 doch
886 2234 131 37 hegen
1046 2233 40 37 in
1116 2246 35 24 v.
1179 2230 188 47 Pitha's,
1399 2229 239 38 Pischer's
1668 2228 79 37 und

143 2292 196 38 Heine's
370 2291 211 38 Berichten
620 2289 192 39 klinische
853 2287 337 39 Beobachtungen
1228 2298 76 25 von
1333 2283 307 50 Hospitalbrand
1679 2282 67 37 der

144 2345 426 40 Rachenschleimhaut
601 2358 86 25 vor,
728 2343 146 39 welche
906 2355 100 25 oben
1044 2340 241 39 ausführlich
1322 2337 240 51 mitgetheilt
1590 2336 157 38 Avorden

145 2402 99 37 sind.
295 2401 53 38 Es
378 2413 93 25 mag
502 2399 232 39 wiederholt
755 2398 168 38 werden,
957 2397 87 37 dass
1075 2395 81 38 sich
1186 2394 39 37 in
1256 2408 34 23 v.
1322 2392 171 38 Pitha's
1516 2390 135 38 Fällen
1681 2389 69 38 auf

146 2456 69 38 der
254 2455 269 39 Schleimhaut
561 2455 69 37 der
661 2452 201 39 Tonsillen
902 2451 80 38 und
1020 2451 66 37 des
1124 2449 185 38 Pharynx
1348 2447 38 37 in
1424 2446 203 37 kürzester
1663 2443 86 38 Zeit

146 2524 154 37 grosse,
341 2510 187 50 speckige
561 2507 236 40 Geschwüre
829 2508 71 36 mit
929 2503 320 40 unterminirten,
1287 2499 240 40 hochrothen
1566 2498 183 37 Rändern

145 2565 187 38 bildeten,
364 2563 94 39 tiefe
480 2563 203 39 Cavernen
706 2560 248 40 darstellend,
987 2558 146 38 welche
1157 2559 69 36 mit
1244 2568 158 26 rascher
1423 2553 238 48 Zerstörung
1682 2551 67 37 des

148 2618 199 40 Gaumens
386 2619 78 37 und
503 2618 68 37 der
601 2616 186 38 Mandeln
826 2614 177 38 drohten.
1063 2611 113 39 Auch
1213 2610 158 38 Heine
1410 2606 69 39 sah
1509 2606 241 48 Zerstörung

148 2674 123 38 durch
293 2672 310 40 Hospitalbrand
621 2670 70 39 auf
704 2668 318 40 Schleimhäuten
1039 2666 176 50 (Rachen
1230 2664 78 38 und
1326 2662 170 50 Vagina)
1519 2674 40 24 so
1581 2660 74 37 tief
1672 2658 79 38 und

148 2729 248 38 ausgedehnt
427 2727 71 38 wie
526 2740 49 25 an
597 2738 171 25 anderen
790 2722 147 39 Stellen
957 2721 65 39 bei
1043 2721 126 38 dieser
1190 2716 230 41 Krankheit.
1463 2714 95 39 Dies
1578 2714 51 38 ist
1649 2713 102 38 denn

149 2783 99 38 doch
278 2783 63 38 ein
370 2795 100 39 ganz
500 2793 164 26 anderes
695 2776 325 41 Krankheitsbild
1060 2775 55 38 als
1155 2775 66 36 das
1252 2773 67 37 der
1347 2766 402 52 Rachendiphtherie!

281 2837 147 38 Heine
460 2835 105 38 zieht
594 2848 78 24 nun
704 2834 185 37 zweitens
911 2831 74 37 den
1016 2826 275 42 casuistischen
1311 2823 208 40 Nachweis
1541 2835 73 25 von
1637 2819 113 50 diph-

149 2892 257 38 theritischen
430 2888 465 49 Rachenerkrankungen
925 2885 134 37 heran,
1093 2881 143 39 welche
1267 2881 70 36 mit
1362 2874 384 50 „mathematischer"

152 2944 237 40 Gewissheit
419 2943 122 40 durch
571 2942 194 39 Infection
795 2953 76 25 von
891 2933 490 44 Hospitalbrandkranken
1411 2930 228 40 entstanden
1670 2940 83 24 sein

151 2999 135 38 sollen.
337 2998 213 39 Dieselben
571 3009 243 26 enstammen
835 2994 132 38 seinen
999 2992 78 37 und
1099 2989 203 38 Weber's
1323 2985 329 48 Beobachtungen
1685 2994 68 24 aus
