2113 3404
416 234 86 43 406

911 252 87 31 THE
1030 254 243 35 DISORDERS
1306 259 52 31 OF
1390 260 173 33 SPEECH.

417 372 192 36 moment
645 368 169 43 became
837 370 224 56 incapable
1085 374 43 41 of
1160 376 163 56 finding
1347 378 70 41 the
1441 384 86 37 vest
1548 381 44 41 of
1624 380 71 42 the
1719 382 137 42 words
1887 383 44 41 in
1963 383 67 43 his

416 450 205 43 memory,
654 452 46 28 or
733 439 71 43 the
842 442 166 42 strokes
1041 444 46 40 of
1115 445 73 42 the
1223 446 148 44 letters
1409 449 231 56 belonging
1674 456 42 37 to
1749 452 152 42 them."
1962 454 69 41 He

418 512 132 38 wrote
573 522 116 29 some
713 510 148 52 words,
884 512 85 42 and
997 513 127 42 knew
1148 515 94 43 that
1273 517 102 55 they
1403 534 105 28 were
1541 526 75 36 not
1647 521 129 56 right,
1796 522 80 42 but
1907 523 123 41 could

419 582 76 38 not
530 579 78 41 tell
640 580 172 56 exactly
847 581 114 43 what
994 597 84 29 was
1115 599 143 43 wrong
1295 588 104 42 with
1435 589 127 44 them.
1625 592 68 42 He
1722 592 224 51 therefore,
1976 593 56 55 by

419 649 118 55 signs
560 649 84 42 and
666 651 348 54 monosyllables,
1037 654 166 55 quietly
1238 657 177 43 ordered
1448 673 120 42 away
1592 661 71 42 the
1699 676 96 27 man
1820 663 94 41 who
1949 677 84 28 was

418 719 178 56 waiting
617 720 66 42 for
704 720 74 43 the
799 722 175 54 receipt,
991 724 85 41 and
1093 727 235 52 proceeded
1346 732 43 38 to
1406 729 176 43 observe
1598 731 67 41 his
1683 745 95 28 own
1801 733 229 41 condition.

420 789 70 43 He
514 790 134 42 found
672 791 94 42 that
790 792 52 41 he
866 793 126 41 could
1016 794 125 41 think
1176 797 119 54 quite
1326 798 171 54 clearly,
1519 799 44 43 in
1599 802 111 53 spite
1731 803 46 40 of
1805 803 230 41 emotional

420 861 86 41 and
527 861 235 42 ideational
784 862 290 54 disturbance,
1096 866 84 41 and
1199 866 95 42 that
1315 868 52 42 he
1386 869 125 41 could
1535 884 68 28 see
1626 871 84 42 and
1732 871 101 43 hear
1853 876 21 17 "
1888 886 146 42 every-

420 930 126 56 thing
567 931 131 41 about
730 932 90 40 him
845 932 104 42 with
972 934 57 42 its
1051 948 154 42 proper
1227 936 130 55 shape
1380 939 84 41 and
1492 939 173 42 sound."
1727 941 88 42 But
1838 941 120 42 when
1981 943 51 41 he

420 1001 113 42 tried
556 1007 42 36 to
621 1002 145 54 speak,
788 1002 54 43 he
865 1003 133 42 found
1023 1005 95 41 that
1150 1006 52 42 he
1225 1007 125 42 could
1385 1009 102 55 only
1509 1023 242 41 pronounce
1775 1012 260 55 unmeaning

420 1072 216 56 syllables.
699 1073 127 42 After
860 1074 74 41 sad
969 1075 257 43 meditation
1260 1092 116 40 upon
1411 1079 67 42 his
1515 1080 217 43 condition
1766 1082 64 41 for
1863 1082 93 41 half
1983 1097 53 27 an

421 1145 120 49 hour,
578 1143 53 42 he
670 1144 134 41 found
836 1144 177 43 himself
1049 1147 169 54 getting
1255 1148 157 42 clearer
1454 1150 84 41 and
1574 1164 115 29 more
1725 1152 121 54 quiet
1885 1152 44 41 in
1971 1152 66 42 his

421 1215 131 42 mind.
615 1215 205 55 Wishing
858 1220 43 37 to
938 1230 201 28 summon
1178 1218 66 41 his
1288 1219 161 55 family,
1486 1219 53 42 he
1582 1220 92 42 first
1714 1221 210 54 practised
1967 1221 71 42 the

420 1286 336 56 pronunciation
779 1287 46 40 of
844 1287 72 42 the
939 1288 207 54 requisite
1170 1289 132 42 order,
1320 1290 85 41 and
1423 1290 103 42 then
1547 1305 105 27 rang
1674 1292 64 40 for
1760 1292 72 41 the
1854 1298 185 36 servant.

421 1358 146 42 When
603 1357 72 42 the
711 1358 211 42 members
957 1358 43 42 of
1034 1358 73 42 the
1144 1359 153 55 family
1329 1361 180 50 arrived,
1531 1361 53 42 he
1607 1375 85 28 was
1717 1361 95 42 able
1834 1366 42 37 to
1908 1361 131 55 speak

424 1433 43 38 to
501 1429 130 50 them,
663 1428 165 56 though
860 1429 151 55 slowly
1045 1430 84 40 and
1165 1431 103 40 with
1301 1431 237 55 difficulty;
1571 1432 87 49 but,
1689 1432 252 55 by-and-by,
1972 1432 68 42 his

423 1499 168 42 facility
615 1499 45 41 of
682 1504 219 36 utterance
933 1499 228 42 returned;
1193 1500 83 41 and
1310 1500 51 42 he
1395 1501 134 41 found
1552 1500 173 42 himself
1756 1501 101 41 only
1881 1500 104 42 with
2017 1514 24 27 a

425 1569 162 42 trifling
609 1569 227 42 headache.
899 1569 71 42 He
1000 1584 95 27 now
1117 1570 241 41 bethought
1389 1570 91 41 him
1503 1571 44 40 of
1580 1571 69 41 the
1681 1575 159 37 receipt
1872 1570 53 41 he
1956 1570 83 41 had

425 1642 106 41 been
557 1640 261 55 attempting
840 1645 44 36 to
907 1640 133 42 write,
1063 1640 302 42 and—behold
1382 1641 234 42 !—instead
1640 1642 45 40 of
1703 1646 20 16 "
1737 1641 119 55 Fifty
1883 1641 157 42 dollars

426 1712 66 41 for
524 1711 91 41 half
647 1725 24 27 a
702 1710 134 55 year's
869 1710 213 42 interest,"
1105 1725 45 27 as
1171 1711 36 41 it
1238 1711 155 41 should
1425 1711 108 41 have
1556 1711 119 42 been,
1696 1711 54 41 he
1781 1711 134 41 found
1947 1715 95 37 that

426 1783 54 41 he
514 1781 86 42 had
626 1781 184 41 written,
832 1781 47 41 in
910 1795 46 28 as
988 1781 112 42 clear
1131 1781 86 41 and
1248 1781 182 55 straight
1460 1781 165 42 strokes
1660 1795 45 28 as
1739 1795 99 27 ever
1871 1781 53 41 he
1958 1781 84 41 had

426 1867 125 28 made
573 1852 47 41 in
646 1851 67 43 his
735 1851 168 42 life,—"
919 1851 118 42 Fifty
1061 1851 158 42 dollars
1253 1851 184 42 through
1461 1851 71 42 the
1554 1851 310 42 sanctification
1896 1852 45 40 of
1970 1851 72 41 the

427 1923 121 44 bri-,"
570 1924 107 41 with
712 1938 24 26 a
770 1923 188 55 hyphen,
980 1937 46 27 as
1057 1922 55 41 he
1143 1922 85 41 had
1259 1936 119 28 come
1410 1926 43 37 to
1485 1922 73 41 the
1580 1921 84 42 end
1685 1921 43 42 of
1759 1935 24 27 a
1813 1921 98 41 line.
1972 1920 70 42 He

427 1995 128 44 could
576 1999 76 37 not
673 1994 46 42 in
741 2008 85 42 any
852 2008 91 27 way
966 1998 181 37 account
1171 1993 64 42 for
1259 1992 75 43 the
1365 1992 322 43 extraordinary
1710 1991 134 42 words
1875 1991 54 42 he
1960 1991 83 41 had

426 2072 184 36 written.

486 2137 91 43 The
599 2150 94 29 case
716 2136 36 41 is
774 2136 46 41 of
848 2135 161 55 special
1040 2135 191 41 interest,
1254 2148 44 27 as
1331 2133 194 54 showing
1554 2133 107 54 (like
1694 2132 111 43 Prof.
1829 2132 215 42 Charcot's

428 2223 109 28 case,
573 2206 176 43 alluded
783 2211 45 37 to
865 2206 45 41 in
949 2206 73 40 the
1058 2205 192 41 footnote
1284 2208 42 37 to
1357 2218 38 40 p.
1428 2204 103 53 404)
1576 2202 95 42 that
1715 2202 46 41 in
1806 2201 239 41 functional

429 2279 179 43 aphasia
629 2278 121 42 there
773 2291 113 41 may,
903 2290 126 28 along
1046 2275 108 42 with
1171 2274 155 43 simple
1343 2287 191 29 amnesia
1549 2272 197 49 verbalis,
1763 2270 281 55 occasionally

429 2352 53 41 be
504 2363 89 29 also
616 2347 291 57 paragraphia,
929 2346 86 42 and
1036 2345 154 43 failure
1211 2345 47 41 in
1287 2344 216 42 reception
1535 2343 84 41 and
1650 2342 325 55 interpretation
2004 2341 45 40 of

430 2421 167 56 speech.

489 2493 90 41 The
600 2505 96 29 case
728 2490 46 42 of
802 2489 218 42 Professor
1051 2486 158 42 Lordat
1241 2485 43 41 of
1315 2482 281 55 Montpellier
1627 2482 35 41 is
1694 2481 43 41 of
1767 2480 91 42 still
1882 2485 165 50 greater

430 2564 205 42 interest;
666 2562 182 41 because
870 2558 169 42 Lordat,
1062 2556 95 41 who
1190 2568 85 28 was
1307 2553 176 42 himself
1510 2552 74 41 the
1618 2552 179 54 patient,
1830 2551 83 40 had
1946 2551 99 54 long

430 2636 109 41 been
561 2632 154 56 deeply
738 2627 236 46 interested
994 2628 46 41 in
1062 2627 74 41 the
1158 2625 167 42 subject
1347 2624 46 41 of
1422 2622 166 56 speech,
1610 2621 85 42 and
1718 2635 84 27 was
1825 2621 222 49 therefore,

431 2721 56 28 on
508 2706 69 41 his
599 2716 215 42 recovery,
836 2701 95 42 able
965 2705 42 36 to
1038 2698 98 56 give
1167 2711 25 27 a
1224 2710 102 40 very
1349 2694 187 43 detailed
1567 2697 182 38 account
1779 2692 43 42 of
1853 2692 66 41 his
1950 2706 94 27 own

432 2789 287 30 experiences.
783 2773 89 41 But
892 2770 23 41 I
937 2769 159 42 refrain
1128 2768 110 41 from
1268 2764 148 57 giving
1448 2764 87 42 this
1557 2777 94 29 case
1672 2763 47 42 in
1741 2761 142 51 detail,
1906 2761 139 56 partly

432 2848 183 41 because
646 2845 36 42 it
713 2844 77 42 has
822 2842 108 42 been
962 2854 45 28 so
1040 2844 118 36 often
1190 2835 211 44 recorded,
1423 2834 85 42 and
1540 2833 143 57 partly
1704 2833 180 42 because
1915 2832 35 41 it
1971 2831 74 41 has

432 2931 162 29 always
636 2913 170 45 seemed
849 2918 42 36 to
926 2924 68 28 me
1030 2921 202 43 probable
1270 2909 95 39 that
1406 2904 73 42 the
1521 2917 93 29 case
1651 2916 98 41 may
1790 2902 108 40 have
1940 2900 104 42 been

433 2989 84 42 due
539 2992 44 37 to
605 3000 118 29 some
745 2983 172 56 organic
939 2994 137 29 cause,
1093 2977 107 44 such
1221 2990 45 29 as
1287 2974 258 44 thrombosis
1568 2974 45 41 of
1632 2987 24 27 a
1677 2971 185 43 cerebral
1886 2970 95 42 vein
2003 2984 45 27 or

434 3073 132 30 sinus.
629 3057 23 41 I
675 3055 135 43 found
831 3053 89 42 this
942 3050 175 56 opinion
1145 3062 114 28 upon
1293 3047 72 42 the
1400 3045 244 55 facts—(1),
1674 3048 95 36 that
1800 3041 73 42 the
1904 3039 143 43 attack
