2107 3450
811 274 165 31 VISUAL
1008 274 208 30 APHASIA.

191 407 85 35 two
299 403 321 39 convolutions,
637 396 75 43 the
733 395 203 43 Angular
958 394 263 43 constitutes
1247 393 72 42 the
1345 408 117 27 more
1485 394 243 55 important
1752 399 99 49 part

190 473 47 40 of
256 471 74 42 the
353 484 157 29 centre.
577 467 114 43 Both
714 472 310 42 convolutions
1046 465 160 57 belong
1226 470 43 38 to
1289 464 74 43 the
1381 465 183 42 inferior
1586 469 100 51 part
1708 466 44 41 of
1776 465 73 43 the

190 542 189 44 Parietal
394 540 224 44 Lobe,aud
634 540 102 42 both
754 553 73 29 are
841 538 205 56 supplied
1060 537 102 42 with
1180 536 129 44 blood
1326 537 55 55 by
1401 537 73 42 the
1490 536 184 57 Sylvian
1692 541 156 52 artery.

256 617 30 38 11
318 615 33 41 is
375 628 96 28 now
496 611 272 44 universally
792 610 215 43 admitted
1043 609 97 42 that
1162 609 273 43 destruction
1464 608 44 42 of
1541 608 75 43 the
1642 614 148 37 centre
1816 609 33 42 C

186 686 211 57 produces
434 683 414 44 Word-Blindness,
891 682 104 42 with
1040 685 272 39 consequent
1355 681 298 42 annihilation
1692 682 47 41 of
1776 681 73 43 the

186 773 145 42 power
353 758 48 42 of
418 757 180 55 reading
622 755 191 57 (alexia).
878 754 105 42 This
1008 755 36 42 is
1066 754 58 43 its
1151 753 284 44 well-known
1459 753 128 44 effect
1621 768 118 42 upon
1776 755 74 42 the

187 829 241 42 Reception
452 827 86 43 and
574 826 345 43 Interpretation
943 827 47 41 of
1011 831 175 37 written
1210 825 86 42 and
1321 831 177 50 printed
1521 824 172 57 speech.
1761 826 90 41 But

188 901 118 42 what
329 901 36 42 is
388 901 58 41 its
469 900 128 42 effect
623 914 115 42 upon
764 899 74 43 the
862 898 271 43 Production
1157 899 47 42 of
1223 903 178 38 written
1425 897 158 57 speech
1603 900 14 40 ?

246 972 138 42 There
416 986 72 28 are
526 986 116 42 upon
677 971 151 43 record
862 985 132 42 many
1019 985 119 29 cases
1166 971 47 41 of
1235 970 367 43 word-blindness
1637 971 44 41 in
1707 971 143 42 which

187 1045 74 42 the
296 1045 183 56 patient,
503 1044 163 42 utterly
695 1044 162 42 unable
891 1050 43 36 to
969 1043 327 43 read—unable
1328 1049 42 36 to
1393 1043 104 43 read
1520 1058 112 28 even
1649 1044 70 42 his
1752 1059 98 27 own

189 1117 504 57 handwriting,—could
724 1121 77 53 yet
832 1122 121 37 write
984 1116 188 43 fluently
1195 1116 86 42 and
1316 1116 224 56 correctly.
1605 1117 140 43 There
1768 1132 84 36 are,

188 1190 215 43 however,
429 1189 125 43 other
593 1203 119 29 cases
750 1190 47 41 in
838 1189 143 43 which
1020 1188 75 43 the
1130 1187 269 44 word-blind
1430 1188 174 56 patient
1638 1203 88 28 was
1759 1189 92 43 also

187 1263 220 56 agraphic,
441 1262 132 42 being
605 1261 97 42 able
739 1266 42 37 to
818 1266 122 37 write
974 1261 117 43 little
1125 1276 47 27 or
1206 1260 188 57 nothing
1428 1261 226 56 correctly.
1720 1262 130 42 Until

186 1335 211 56 recently,
420 1336 36 40 it
480 1348 86 28 was
590 1333 219 56 supposed
844 1338 96 38 that
964 1333 128 43 when
1129 1334 72 42 the
1228 1333 266 41 word-blind
1525 1334 173 55 patient
1722 1335 129 41 could

189 1414 121 36 write
333 1406 210 44 correctly
571 1406 52 43 he
657 1405 130 43 could
819 1406 55 42 do
898 1421 47 27 so
969 1406 186 42 because
1189 1405 132 42 much
1356 1405 207 56 previous
1591 1406 191 55 practice
1804 1405 47 43 in

186 1480 175 41 writing
384 1479 83 42 had
487 1478 242 42 imprinted
749 1478 73 42 the
843 1482 143 38 motor
1003 1479 164 41 images
1186 1477 48 43 of
1253 1477 178 57 writing
1449 1492 47 28 so
1514 1478 199 56 securely
1734 1493 118 28 upon

184 1551 74 42 the
280 1550 344 56 graphic-motor
648 1555 149 37 centre
821 1554 45 37 at
889 1550 41 41 D
963 1549 97 43 that
1084 1549 122 43 these
1227 1556 144 35 motor
1392 1549 165 56 images
1581 1550 180 42 sufficed
1786 1551 67 41 for

185 1637 209 41 purposes
418 1622 44 42 of
486 1628 188 50 writing,
699 1621 167 43 though
891 1622 59 42 all
975 1621 218 57 guidance
1216 1622 112 41 from
1352 1621 76 43 the
1453 1622 144 42 visual
1620 1623 166 57 images
1809 1629 46 36 at

184 1694 37 45 C
256 1695 84 42 had
374 1695 110 42 been
518 1693 97 53 lost,
649 1694 146 42 owing
829 1699 44 37 to
907 1694 272 42 destruction
1216 1694 44 41 of
1295 1693 100 43 this,
1426 1693 75 43 the
1537 1694 142 43 visual
1713 1695 140 43 word-

184 1773 148 37 centre
352 1783 9 37 ;
395 1766 98 43 and,
508 1781 56 27 on
584 1766 74 43 the
683 1766 127 43 other
834 1766 132 52 hand,
987 1767 126 42 when
1138 1766 75 42 the
1234 1766 269 43 word-blind
1526 1768 174 55 patient
1722 1769 131 42 could

185 1844 70 38 not
280 1843 134 38 write,
438 1838 36 43 it
499 1853 85 27 was
608 1839 224 55 supposed
858 1838 96 43 that
979 1839 73 42 the
1075 1838 347 57 graphic-motor
1444 1839 165 57 images
1632 1845 46 37 at
1700 1841 42 41 D
1767 1841 86 43 had

187 1917 77 37 not
287 1913 108 41 been
419 1911 269 43 sufficiently
716 1911 99 43 well
847 1911 241 56 imprinted
1113 1911 56 56 by
1195 1912 193 54 practice
1411 1917 45 37 to
1479 1912 157 43 enable
1662 1914 121 43 them
1807 1920 45 37 to

184 1989 70 38 act
282 1983 358 56 independently.

247 2056 90 42 But
369 2062 149 37 recent
552 2055 279 43 observation
866 2055 78 43 has
978 2055 173 43 thrown
1174 2070 25 28 a
1222 2070 98 29 new
1343 2056 115 56 light
1490 2071 56 28 on
1571 2057 74 43 the
1669 2060 182 43 subject.

192 2129 37 40 It
270 2129 76 41 has
384 2127 197 56 recently
619 2127 109 43 been
770 2128 154 42 shown
963 2134 123 50 quite
1126 2128 301 56 conclusively
1464 2129 98 43 that
1598 2131 74 43 the
1710 2133 141 42 visual

184 2201 165 55 images
373 2206 45 36 at
442 2200 33 43 C
500 2214 83 36 are,
608 2200 42 40 in
677 2199 58 42 all
760 2213 135 38 cases,
918 2200 256 56 important,
1198 2205 77 37 not
1307 2200 105 56 only
1438 2201 67 42 for
1529 2202 73 42 the
1626 2206 226 42 reception

185 2273 85 41 and
295 2272 340 43 interpretation
659 2272 45 41 of
729 2272 176 43 written
938 2272 87 42 and
1057 2272 178 56 printed
1269 2273 172 55 speech,
1466 2273 80 43 but
1572 2275 92 43 also
1688 2276 67 43 for
1776 2278 76 43 the

186 2344 256 57 production
468 2344 47 42 of
535 2344 186 56 writing.
790 2344 43 42 It
859 2344 77 42 has
971 2345 109 42 been
1105 2344 166 43 shown,
1294 2345 44 41 in
1364 2345 101 52 fact,
1490 2346 98 44 that
1613 2348 125 43 when
1778 2351 74 42 the

184 2424 148 38 centre
357 2419 33 43 C
413 2419 37 42 is
474 2417 234 57 destroyed
734 2418 74 43 the
830 2418 174 56 patient
1038 2433 80 27 can
1150 2418 174 43 neither
1346 2419 102 42 read
1473 2434 79 28 nor
1588 2422 134 42 write.
1787 2423 65 43 As

184 2496 44 37 to
267 2491 190 56 reading,
495 2490 55 43 he
593 2490 38 43 is
671 2490 297 54 word-blind;
1016 2505 46 28 as
1107 2495 44 38 to
1189 2491 191 56 writing,
1419 2491 55 44 he
1517 2492 79 44 has
1638 2493 216 45 Amnesia

184 2563 259 43 Literarum,
476 2562 86 43 and
596 2563 218 43 therefore
853 2567 163 39 cannot
1048 2563 84 42 call
1166 2578 60 42 up
1260 2563 45 42 in
1338 2564 71 43 his
1443 2565 124 43 mind
1602 2566 74 44 the
1709 2569 145 41 visual

184 2636 163 57 images
371 2637 47 41 of
436 2635 152 43 letters
611 2635 87 43 and
722 2636 142 42 words
889 2635 205 44 required
1117 2636 65 42 for
1205 2651 212 41 purposes
1441 2639 46 41 of
1510 2639 183 57 writing.
1754 2642 41 41 It
1817 2642 37 43 is

184 2723 95 28 now
304 2707 256 44 considered
585 2714 42 37 to
650 2708 55 43 be
730 2708 275 56 improbable
1030 2708 97 43 that
1151 2709 75 42 the
1248 2709 350 57 graphic-motor
1620 2712 165 58 images
1808 2720 46 37 at

184 2781 41 41 D
249 2795 80 28 can
353 2780 48 42 in
423 2794 86 42 any
533 2780 141 57 single
706 2795 98 29 case
827 2781 52 43 be
903 2795 48 29 so
975 2781 199 57 strongly
1198 2782 242 55 imprinted
1465 2798 47 28 as
1536 2791 44 35 to
1603 2786 152 43 suffice
1790 2789 64 41 for

185 2854 74 42 the
282 2861 70 35 act
375 2854 47 40 of
444 2853 186 56 writing,
656 2853 350 56 independently
1031 2854 47 42 of
1107 2868 86 43 any
1217 2854 217 56 guidance
1470 2856 111 42 from
1610 2857 75 44 the
1708 2860 144 42 visual

185 2926 165 42 images
372 2929 47 38 at
442 2924 45 44 C.

248 2997 128 51 How,
421 2996 120 51 then,
580 3011 70 28 are
694 2997 75 42 the
811 3011 121 29 cases
975 2997 45 42 of
1066 3011 110 42 pure
1218 2997 401 46 Word-Blindness
1664 3008 191 38 without

189 3068 334 57 Agraphia—in
560 3068 144 43 which
738 3068 74 43 the
846 3069 173 55 patient
1056 3083 80 29 can
1173 3071 123 42 write
1335 3072 227 56 correctly,
1595 3073 168 57 though
1800 3076 53 42 he

190 3149 161 35 cannot
396 3140 99 43 read
541 3153 110 29 even
699 3140 98 42 that
840 3140 142 42 which
1029 3141 53 41 he
1127 3141 180 43 himself
1349 3142 79 43 has
1475 3144 282 44 written—to
1804 3147 51 43 be
