2107 3450
1733 259 87 42 433

465 264 266 33 PATHOLOGY
763 265 56 33 OF
850 266 89 32 THE
972 267 153 32 MOTOR
1158 268 368 34 SPEECH-TRACTS.

167 385 109 53 how,
298 385 141 56 again,
458 385 126 43 when
608 385 75 44 the
709 385 141 45 whole
875 401 131 29 nerve
1032 388 136 42 trunk
1191 389 36 42 is
1251 389 132 57 being
1405 389 155 57 slowly
1587 390 235 43 weakened

168 458 55 56 by
246 471 212 43 pressure,
480 458 167 56 paresis
671 472 99 43 may
795 458 120 43 show
938 458 121 43 itself
1083 460 94 42 first
1199 458 47 45 in
1270 460 75 42 the
1369 465 254 39 movement
1655 461 98 42 that
1785 461 36 42 is

165 529 234 57 originally
423 530 75 43 the
522 530 181 43 weaker.

228 602 63 42 Dr
334 602 193 51 Semon,1
571 602 219 51 however,
833 602 208 43 explains
1085 602 77 43 the
1207 603 286 55 phenomena
1541 605 47 41 in
1639 618 24 28 a
1715 619 108 43 very

166 675 206 42 different
393 689 198 28 manner.
655 673 72 43 He
752 673 129 44 holds
914 674 113 51 that,
1049 674 49 42 in
1121 674 77 44 the
1233 680 87 38 two
1344 680 91 38 sets
1469 677 50 41 of
1545 676 130 43 fibres
1707 690 117 29 com-

166 748 158 56 posing
339 747 75 43 the
430 762 135 28 nerve
584 747 150 51 trunk,
749 746 123 43 there
891 760 73 29 are
983 746 208 44 inherent
1206 748 327 57 physiological
1551 749 270 43 differences.

167 820 59 42 To
245 819 73 43 the
337 819 215 43 adductor
570 819 142 52 fibres,
729 818 55 44 he
802 819 239 42 attributes
1065 833 25 29 a
1111 824 175 52 greater
1309 820 207 44 inherent
1533 822 289 51 exeiiability;

165 892 86 42 and
287 897 44 37 to
364 892 103 51 this,
490 892 56 42 he
580 892 169 51 thinks,
789 892 37 42 is
860 891 87 43 due
979 891 76 44 the
1096 892 173 44 closure
1303 892 48 43 of
1380 893 76 44 the
1489 900 155 51 glottis
1677 893 146 43 which

164 978 152 29 occurs
349 964 130 43 when
512 965 76 42 the
622 963 144 43 whole
809 964 137 42 trunk
982 965 38 42 is
1057 965 275 44 stimulated.
1396 967 61 42 To
1495 965 76 44 the
1607 965 217 43 abductor

164 1038 139 42 fibres,
327 1052 58 27 on
420 1037 76 43 the
533 1036 126 43 other
692 1036 134 52 hand,
852 1036 57 43 he
944 1037 239 43 attributes
1217 1052 25 28 a
1276 1043 175 51 greater
1483 1038 337 52 vulnerability;

163 1109 85 43 and
270 1110 49 41 in
343 1109 89 43 this
454 1109 56 44 he
535 1109 113 43 finds
670 1108 76 43 the
781 1108 292 44 explanation
1104 1110 47 41 of
1176 1109 76 43 the
1277 1111 90 42 fact
1399 1111 100 42 that
1522 1110 218 57 paralysis
1778 1110 47 42 of

164 1181 240 43 abduction
426 1181 209 56 precedes
660 1180 219 57 paralysis
903 1181 48 42 of
969 1180 256 53 adduction,
1249 1181 132 43 when
1407 1182 77 43 the
1507 1182 144 43 whole
1686 1181 136 43 trunk

164 1254 37 42 is
224 1253 132 56 being
380 1252 157 44 slowly
561 1252 204 44 disabled
787 1253 60 56 by
870 1267 204 42 pressure
1107 1253 114 42 from
1247 1254 198 43 without.
1513 1254 55 52 If,
1591 1254 233 50 hereafter,

163 1327 37 41 it
221 1325 160 44 should
403 1326 54 43 be
481 1325 273 57 thoroughly
773 1325 277 44 established
1073 1325 111 43 that,
1201 1326 49 42 in
1269 1326 126 44 these
1415 1340 123 30 cases
1556 1327 45 43 of
1619 1339 205 45 pressure

163 1413 57 29 on
243 1398 75 44 the
340 1413 148 29 nerve,
510 1398 125 44 there
669 1399 38 42 is
741 1398 236 57 distinctly
1001 1402 175 53 greater
1207 1400 185 42 wasting
1414 1400 49 42 in
1501 1399 77 43 the
1612 1399 214 43 abductor

162 1471 168 44 muscle
353 1471 110 43 than
484 1472 48 42 in
563 1472 75 43 the
670 1471 249 43 adductors,
943 1471 110 43 then
1075 1472 67 42 Dr
1166 1472 199 43 Semon's
1389 1472 294 44 explanation
1706 1475 121 38 must

161 1546 53 43 be
247 1545 236 56 accepted;
517 1545 81 42 but
620 1544 46 52 if,
689 1558 58 28 on
778 1544 78 43 the
888 1544 129 43 other
1049 1543 136 53 hand,
1208 1544 76 43 the
1310 1544 156 43 degree
1501 1543 48 43 of
1568 1543 190 56 wasting
1786 1542 39 43 is

161 1617 132 44 equal
314 1617 48 42 in
385 1617 216 43 abductor
630 1616 89 43 and
751 1616 252 44 adductors,
1037 1616 110 42 then
1181 1616 67 42 Dr
1280 1615 219 44 Gowers's
1533 1628 292 44 explanation

163 1690 91 42 will
276 1690 114 43 have
412 1689 77 44 the
512 1694 260 52 advantage.

219 1764 43 41 A
304 1763 123 42 third
466 1767 290 40 explanation
799 1762 45 44 of
881 1762 78 44 the
1003 1761 122 58 early
1165 1776 276 43 appearance
1485 1762 45 42 of
1573 1761 167 58 paresis
1780 1761 44 42 of

158 1837 242 42 abduction
433 1837 49 42 in
521 1836 126 43 these
681 1850 121 29 cases
842 1836 48 42 of
922 1849 207 42 pressure
1169 1850 57 28 on
1265 1835 76 43 the
1379 1849 134 29 nerve
1552 1834 138 43 trunk
1733 1848 89 29 was

157 1909 160 43 offered
351 1909 59 56 by
434 1909 71 43 Sir
537 1908 164 44 Morell
732 1908 280 43 Mackenzie,
1034 1908 49 41 in
1116 1907 71 43 his
1222 1908 121 42 work
1376 1922 58 28 on
1466 1908 193 42 Diseases
1690 1908 51 56 of
1756 1907 67 43 the

163 1984 184 53 Larynx.
433 1980 70 43 He
547 1980 240 57 suggested
831 1980 111 43 that,
981 1980 48 42 in
1067 1979 76 44 the
1183 1980 138 42 trunk
1359 1980 50 42 of
1443 1980 75 43 the
1558 1994 148 29 nerve,
1746 1978 76 44 the

155 2055 216 42 abductor
394 2054 129 42 fibres
548 2053 142 56 might
714 2053 54 42 be
798 2052 216 57 arranged
1047 2052 301 57 peripherally
1371 2053 49 42 in
1445 2053 74 42 the
1552 2057 128 38 outer
1712 2066 108 29 zone

155 2127 47 42 of
221 2127 76 42 the
321 2125 320 44 nerve-trunk;
664 2125 196 43 whereas
879 2124 78 43 the
982 2124 217 43 adductor
1220 2125 131 42 fibres
1370 2125 147 42 might
1533 2125 55 42 be
1606 2123 216 44 collected

157 2200 45 41 in
234 2200 74 42 the
340 2212 161 30 centre.
565 2198 106 41 This
706 2196 151 43 would
889 2202 205 38 account,
1127 2197 56 43 he
1217 2197 207 57 thought,
1447 2197 69 43 for
1551 2197 77 43 the
1665 2197 157 43 earlier

156 2286 273 43 appearance
452 2270 50 44 of
518 2270 216 43 abductor
755 2269 179 57 paresis.
1005 2271 87 41 But
1115 2275 325 38 experimental
1463 2269 282 44 stimulation
1778 2271 49 42 of

157 2343 74 43 the
265 2357 135 29 nerve
433 2342 130 42 fibres
596 2341 48 43 in
677 2341 77 43 the
778 2341 136 43 trunk
938 2341 80 43 has
1048 2345 79 39 not
1161 2341 242 43 confirmed
1425 2341 92 44 this
1551 2342 269 56 suggestion.

156 2417 66 42 Dr
257 2416 154 43 Risien
446 2414 209 52 Russell,2
683 2414 256 57 especially,
974 2413 80 44 has
1089 2414 129 43 made
1255 2428 26 29 a
1316 2414 134 44 series
1485 2415 49 42 of
1565 2415 255 43 conclusive

153 2489 303 57 experiments
480 2502 120 28 upon
626 2487 76 43 the
738 2501 155 30 nerves
926 2487 48 43 of
1002 2487 143 56 living
1179 2486 202 44 animals.
1446 2487 263 44 Dissecting
1741 2492 80 39 out

155 2562 73 42 the
262 2575 135 29 nerve
430 2560 191 43 bundles
654 2559 112 44 from
799 2559 108 44 each
936 2559 141 44 other,
1104 2559 88 44 and
1226 2559 287 59 stimulating
1544 2560 125 43 them
1701 2560 118 43 indi-

154 2634 198 43 vidually
398 2638 108 38 with
551 2632 262 57 electricity,
856 2632 55 44 he
956 2632 78 44 has
1069 2633 112 43 been
1216 2633 98 43 able
1347 2637 47 39 to
1436 2633 272 44 distinguish
1742 2634 76 43 the

153 2707 214 42 adductor
390 2706 111 42 from
527 2705 75 44 the
627 2705 216 44 abductor
876 2705 204 44 bundles,
1103 2705 89 43 and
1224 2705 80 44 has
1338 2706 140 43 found
1511 2706 124 43 them
1662 2711 80 39 not
1773 2711 46 39 to

154 2779 53 43 be
245 2777 214 44 arranged
497 2792 47 29 as
583 2777 238 57 suggested
859 2778 58 56 by
957 2777 280 44 Mackenzie,
1275 2778 82 42 but
1394 2781 46 40 to
1476 2778 54 43 be
1569 2778 149 43 mixed
1758 2793 60 41 up

153 2849 304 57 indifferently
480 2848 275 57 throughout
779 2849 75 43 the
878 2848 231 44 thickness
1133 2849 48 43 of
1202 2849 75 43 the
1301 2848 147 44 trunk.

202 3013 11 23 1
241 3013 21 20 "
275 3011 225 38 Oeschichte
517 3011 67 37 der
602 3011 121 38 Lehre
742 3023 74 26 von
834 3011 75 38 den
930 3011 256 38 motorischen
1208 3011 472 49 Kehlkopflakmungen,"
1693 3025 21 24 a
1732 3025 86 24 con-

153 3072 186 38 tribution
358 3077 38 32 to
426 3072 184 38 Virchoiifs
630 3073 216 47 Festschrift,
869 3072 73 39 vol.
963 3073 53 38 iii.
1037 3085 35 36 p.
1093 3075 84 36 407.

202 3132 14 23 2
245 3132 231 49 Proceedings
494 3132 41 48 of
548 3132 54 37 the
625 3133 116 47 Royal
758 3132 150 49 Societyf
929 3132 71 37 vol.
1021 3132 39 38 li.
1081 3145 33 37 p.
1141 3133 78 36 102.

1574 3184 24 42 3
1626 3187 12 38 I
