1933 3302
1613 151 48 38 19

343 164 211 34 Eindringen
577 163 34 30 in
636 161 158 31 Wunden
819 157 259 33 verschiedener
1103 155 279 32 Beschaffenheit.

65 273 281 40 Schnelligkeit
375 273 242 38 entwickelte
647 269 82 39 sich
758 269 66 37 der
853 264 325 52 Hospitalbrand;
1210 263 60 37 die
1293 260 181 40 Muskeln
1504 270 159 27 wurden

64 328 89 37 bald
182 327 38 37 in
250 327 67 37 der
345 324 267 40 Ausdehnung
642 335 194 25 mehrerer
863 318 229 40 Handteller
1120 317 74 37 frei
1223 316 133 49 gelegt
1377 345 71 9 ...
1498 313 35 37 4.
1556 311 104 38 Fall:

63 381 76 37 Ein
168 393 134 25 wegen
330 380 159 38 leichter
509 376 350 49 Zehenerfrierung
888 383 342 28 aufgenommener
1251 369 128 38 Gesell
1409 368 140 38 bekam
1571 365 91 38 bald

65 434 266 38 skorbutische
363 432 166 38 Flecken
559 444 49 24 an
645 430 138 38 beiden
814 428 166 38 Waden,
1014 439 73 25 von
1117 424 124 38 denen
1270 437 68 23 aus
1369 421 82 39 sich
1481 422 68 36 der
1578 419 83 38 Ho-

64 487 241 39 spitalbrand
333 487 39 37 in
414 497 356 26 erschreckendster
798 481 131 38 Weise
969 477 256 41 entwickelte.
1283 476 87 38 Alle
1402 472 261 41 Weichtheile

64 555 76 25 von
168 541 73 38 den
268 537 334 42 Unterschenkeln
633 551 47 23 an
710 549 127 25 waren
872 533 210 52 abgefault,
1115 531 55 38 als
1201 531 67 37 der
1297 529 84 39 Tod
1411 528 67 38 ihn
1508 532 152 35 erlöste.

64 595 67 37 Ich
160 594 66 38 bin
256 595 216 47 überzeugt,
516 591 86 36 dass
633 590 73 38 alle
737 589 234 49 diejenigen,
1014 585 143 39 welche
1188 585 66 37 das
1284 582 240 50 Eindringen
1556 594 106 26 einer

64 643 544 43 Wuudinfectionskrankheit
622 643 38 37 in
678 644 59 37 die
753 655 234 25 unverletzte
1005 640 105 38 Haut
1125 638 219 49 überhaupt
1358 636 182 50 leugnen,
1563 634 98 39 auch

64 702 102 37 beim
187 698 301 40 Hospitalbrand
515 697 124 38 einem
663 697 156 37 solchen
842 695 239 38 Eindringen
1105 715 47 5 —
1179 693 66 37 der
1275 692 257 49 angeführten
1553 688 108 39 Fälle

64 754 234 38 ungeachtet
316 774 52 4 —
387 752 140 37 keinen
549 750 173 39 Glauben
752 750 194 38 schenken
976 760 163 26 werden.
1197 745 113 39 Auch
1339 743 159 52 gestehe
1519 743 60 38 ich
1601 755 58 33 zu,

65 808 85 37 dass
180 805 215 51 prinzipiell
435 805 82 37 eine
547 804 129 38 solche
706 804 124 38 Frage
871 802 165 39 klinisch
1075 800 107 38 nicht
1216 813 45 23 zu
1292 797 246 39 entscheiden
1567 809 91 24 war.

64 860 169 39 Seitdem
271 872 90 24 aber
399 858 119 38 durch
548 857 176 39 Garr^'s
754 857 196 38 Versuche
989 856 67 37 das
1097 854 240 48 Eindringen
1379 852 66 37 des
1484 849 176 50 Staphyl.

64 927 112 36 pyog.
209 926 135 24 aureus
373 912 40 38 in
443 912 59 38 die
530 924 234 25 unverletzte
793 910 107 38 Haut
927 909 40 39 in
1000 908 205 50 positivem
1235 906 95 39 Sinn
1369 902 294 53 experimentell

64 967 244 38 entschieden
344 965 69 38 ist,
453 965 125 38 dürfte
615 964 217 50 principiell
869 963 97 37 auch
1003 962 63 38 für
1101 962 73 37 den
1211 959 308 51 Hospitalbrand
1555 970 106 25 einer

64 1033 153 25 solchen
246 1018 204 39 Annahme
479 1021 126 36 nichts
636 1029 342 39 entgegenstehen.

83 1212 34 38 2.
145 1212 76 38 Der
249 1208 301 41 Hospitalbrand
578 1209 145 38 inficirt
751 1207 173 39 Wunden
954 1207 97 39 aller
1078 1207 77 39 Art
1183 1205 78 39 und
1288 1206 41 38 in
1359 1205 101 39 allen
1490 1204 158 40 Stadien

683 1273 107 38 ihres
818 1271 213 39 Verlaufes.

194 1390 290 50 Sichergestellt
511 1389 62 38 ist,
612 1391 86 36 dass
737 1390 65 37 der
831 1388 305 39 Hospitalbrand
1164 1388 40 37 in
1235 1387 59 38 die
1324 1387 195 38 kleinsten
1557 1386 102 38 Con-

65 1445 419 48 tinuitätstrennungen
504 1443 225 51 eindringen
749 1443 116 39 kann.
906 1442 227 38 Grillespie
1163 1441 69 38 sah
1252 1441 67 37 ihn
1338 1440 227 39 wiederholt
1584 1454 76 24 von

65 1497 357 51 Mosquitostichen,
452 1497 139 37 andere
620 1510 74 24 von
722 1509 98 38 ganz
848 1496 155 38 kleinen
1029 1495 269 44 Kratzstellen,
1330 1493 330 51 Abschürfungen

65 1551 205 50 ausgehen.
314 1551 73 37 Mc.
410 1550 157 38 Dowal
590 1550 251 37 beobachtete
864 1550 102 36 1800
989 1563 47 23 an
1054 1548 101 38 Bord
1174 1549 66 37 des
1262 1548 157 45 „Prince
1437 1548 43 38 of
1498 1547 155 38 Wales"

63 1605 99 37 nach
206 1604 220 37 Aufnahme
472 1617 74 24 von
593 1603 476 38 Hospitalbrandkranken
1117 1603 65 37 das
1222 1601 126 39 IJebel
1395 1615 47 24 an
1490 1601 168 47 kleinen,

63 1671 163 24 wunden
256 1656 143 38 Stellen
429 1657 66 37 der
523 1657 255 49 Zehennägel,
810 1670 57 24 wo
898 1670 38 24 es
966 1657 88 37 sehr
1086 1655 233 38 hartnäckig
1348 1658 156 35 auftrat.
1563 1654 98 39 Sehr

63 1711 131 38 häufig
241 1725 79 23 war
369 1711 67 37 der
479 1709 337 51 Ausgangspunkt
863 1710 82 37 eine
991 1710 232 37 Vesikator-
1267 1710 92 37 oder
1406 1709 252 37 Brandblase.

64 1765 105 37 Kurz
198 1764 68 37 wir
294 1764 115 37 sehen
440 1764 72 37 den
533 1763 303 38 Hospitalbrand
865 1763 70 38 wie
966 1764 65 37 das
1052 1763 179 49 Erysipel
1259 1776 75 25 von
1364 1763 193 37 kleinsten
1581 1763 79 37 und

67 1817 322 39 oberflächlichen
425 1817 286 50 Verletzungen
752 1817 206 37 ausgehen.
1034 1817 112 37 Nach
1194 1819 147 35 älteren
1390 1816 270 38 Beobachtern

67 1872 120 37 sollen
214 1871 157 37 betreffs
401 1871 66 37 der
486 1871 238 49 Disposition
753 1884 45 24 zu
817 1870 305 38 Hospitalbrand
1148 1871 210 37 besondere
1377 1869 282 40 Unterschiede

66 1925 64 37 für
158 1924 180 37 Wunden
368 1938 47 23 an
443 1924 246 38 bestimmten
708 1924 299 38 Körpertheilen
1026 1924 196 38 bestehen.
1282 1924 88 38 Wie
1400 1924 259 50 Brugmans

66 1978 198 37 annimmt,
281 1978 151 37 werden
450 1977 227 38 Trepanirte
695 1978 161 37 zumeist
873 1978 122 38 davon
1012 1978 192 50 ergriffen,
1223 1978 97 38 auch
1336 1978 119 38 sollen
1476 1977 182 38 Wunden

66 2045 48 23 an
143 2032 73 36 den
244 2030 144 38 Armen
417 2032 78 36 und
523 2031 148 37 Beinen
709 2031 110 37 mehr
848 2031 230 50 disponiren,
1119 2031 97 38 nach
1253 2031 191 50 Boggie
1476 2031 184 38 Wunden

66 2085 40 37 in
149 2085 67 36 der
241 2084 112 38 Nähe
394 2085 64 37 des
487 2084 261 38 Kniegelenks
789 2085 108 37 mehr
926 2085 205 50 gefährdet
1159 2086 93 37 sein.
1319 2085 115 38 Diese
1464 2085 195 49 Angaben

68 2138 83 37 sind
179 2137 102 37 wohl
308 2137 38 37 in
377 2138 65 37 der
471 2138 242 50 befangenen
733 2138 415 51 Beobachtungsweise
1174 2139 111 49 jener
1313 2139 85 38 Zeit
1425 2139 230 50 begründet.

67 2191 71 36 Die
168 2190 161 50 Angabe
368 2192 190 48 dagegen,
599 2192 85 37 dass
716 2191 332 46 Quetschwunden
1085 2192 162 38 leichter
1284 2193 78 37 und
1390 2192 176 38 häufiger
1595 2205 60 24 er-

68 2243 142 37 krankt
237 2244 103 37 seien
370 2244 54 37 als
455 2244 173 38 einfache
658 2244 334 39 Schnittwunden,
1022 2246 54 37 ist
1104 2246 98 37 ohne
1231 2245 192 38 Weiteres
1452 2246 203 49 plausibel.

196 2296 85 38 Von
321 2301 213 44 grösserem
563 2297 190 38 Interesse
790 2298 64 37 für
893 2312 70 24 uns
1006 2299 85 37 sind
1121 2299 60 37 die
1209 2298 163 51 Fragen,
1403 2299 40 37 in
1472 2299 183 38 welchem

70 2348 172 39 Stadium
285 2349 66 37 der
379 2349 293 39 Wundheilung
715 2352 59 36 die
803 2351 145 38 Gefahr
991 2352 66 37 der
1084 2352 262 51 Erkrankung
1388 2366 61 24 am
1479 2355 178 48 grössten

69 2403 68 44 ist;
177 2403 47 36 ob
263 2403 62 36 für
353 2402 182 38 frischere
565 2403 91 38 oder
684 2404 269 50 granulirende
981 2405 198 45 Wunden,
1211 2406 47 37 ob
1289 2406 164 50 anfangs
1483 2406 91 37 oder
1604 2406 53 37 im

70 2458 174 46 späteren
265 2455 171 38 Verlauf.
466 2456 126 37 Wenn
615 2457 58 36 die
693 2456 174 39 Autoren
886 2458 61 37 bei
970 2459 65 36 der
1055 2458 292 38 Beschreibung
1368 2460 66 36 der
1453 2459 201 50 Hospital-

69 2509 270 37 brandformen
359 2522 71 24 von
452 2509 297 50 granulirenden
768 2510 180 38 Wunden
970 2512 206 50 ausgehen,
1206 2526 112 24 wenn
1347 2513 218 37 überhaupt
1595 2513 60 37 die

69 2561 197 37 Mehrzahl
296 2563 65 36 der
388 2562 396 49 Hospitalbrandfälle
822 2564 269 49 granulirende
1121 2566 91 37 oder
1245 2566 235 38 ulcerirende
1510 2565 147 39 Stellen

70 2614 159 45 beti-ifft,
262 2627 40 24 so
331 2615 93 49 geht
453 2616 135 37 daraus
617 2615 107 38 nicht
751 2616 153 39 hervor,
943 2619 85 36 dass
1058 2618 141 38 frische
1228 2619 182 38 Wunden
1439 2633 125 37 gegen
1595 2619 61 38 die

71 2667 187 38 Infection
273 2667 144 38 immun
430 2669 90 37 oder
536 2669 93 37 auch
646 2683 73 23 nur
730 2670 169 50 weniger
913 2671 263 50 empfänglich
1189 2673 115 37 seien.
1335 2672 44 38 In
1392 2673 261 45 Hospitälern,

70 2721 37 36 in
138 2721 121 37 denen
296 2721 106 37 nicht
437 2721 59 38 die
525 2721 218 39 Aufnahme
784 2736 47 24 an
871 2724 98 46 sich,
1013 2738 101 36 resp.
1146 2726 65 37 der
1249 2728 98 35 erste
1376 2726 181 38 Vei-band
1595 2725 60 38 die

69 2773 486 49 Hospitalbrandinfection
585 2775 70 37 mit
684 2775 81 38 sich
792 2776 179 48 brachte,
1012 2778 41 38 in
1082 2779 122 37 denen
1233 2779 186 37 vielmehr
1449 2782 78 35 erst
1555 2779 100 38 nach

71 2826 144 50 einiger
243 2826 84 38 Zeit
364 2827 58 37 die
450 2827 185 39 Infection
665 2827 121 39 Sache
816 2830 101 38 eines
952 2831 214 39 selteneren
1196 2831 145 39 Zufalls
1384 2846 95 32 war,
1521 2833 135 38 hatten

70 2879 138 38 frische
225 2879 178 38 Wunden
423 2881 346 38 natürlicherweise
790 2896 72 24 nur
881 2883 86 38 sehr
987 2885 159 50 geringe
1160 2885 177 38 Chancen
1358 2899 45 23 zu
1425 2887 227 46 erkranken,

72 2932 47 36 da
148 2933 64 37 der
241 2933 139 38 frische
410 2931 166 40 Zustand
608 2934 148 51 wenige
787 2935 123 51 Tage,
953 2938 67 37 der
1058 2938 270 50 granulirende
1358 2938 176 40 Wochen
1576 2941 79 37 und
