1933 3302
235 148 54 37 24
364 147 188 37 Verhallen
570 147 60 32 der
644 147 158 42 Gewebe,
819 150 60 31 der
897 149 237 33 Schleimhaut
1149 162 107 31 gegen
1275 153 445 33 Hosjtitalbrandiniection.

369 255 90 38 Wir
487 255 131 39 haben
645 256 133 40 ferner
807 257 60 39 die
896 257 128 52 Frage
1062 273 47 24 zu
1148 260 227 40 behandeln,
1415 263 47 37 ob
1502 266 62 35 iur
1601 265 67 37 das
1705 265 145 39 Haften

238 308 71 38 der
337 309 501 49 Hospitalbrandinfection
878 312 61 38 ein
967 311 259 40 Unterschied
1263 315 136 38 daraus
1438 316 210 48 erwachse,
1686 320 166 38 welches

241 361 169 40 Gewebe
442 363 122 38 durch
594 364 61 38 die
686 364 461 51 Continuitätstrennung
1177 367 67 38 der
1272 367 189 40 Infection
1500 376 217 45 ausgesetzt
1744 373 106 37 wird.

238 430 35 23 V.
306 416 153 38 Pitha
493 417 161 51 leugnet
684 418 112 38 einen
825 418 260 39 Unterschied
1115 421 76 37 und
1229 420 208 41 Fischer
1475 424 108 48 giebt
1620 425 84 37 eine
1733 439 120 36 ganze

237 469 125 39 Reihe
393 483 76 25 von
499 471 218 39 klinischen
747 471 185 50 Belegen,
964 472 88 38 dass
1080 474 64 37 für
1174 474 60 38 die
1263 474 189 40 Infection
1482 477 91 38 kein
1596 476 257 41 Unterschied

237 523 180 46 bestehe,
456 524 48 38 ob
535 539 80 25 nun
644 525 124 46 Haut,
807 525 377 52 Subcutangewebe,
1223 527 187 48 Muskel-,
1440 530 195 46 Fascien-,
1667 531 185 47 Sehnen-,

239 577 226 46 Knochen-,
497 578 347 39 Drüsen-Gewebe
874 579 163 39 verletzt
1064 581 158 38 worden
1252 583 117 40 seien.

372 631 98 39 Was
516 634 67 37 das
612 632 212 39 Auftreten
863 633 66 38 des
959 633 350 51 Hospitalbrandes
1348 638 69 36 auf
1442 636 313 39 Schleimhäuten
1785 638 67 38 be-

239 686 112 46 trifft,
392 700 42 24 so
473 687 152 38 kommt
660 686 175 38 offenbar
875 687 61 37 die
964 686 266 53 Erkrankung
1269 690 200 38 derselben
1506 691 89 38 sehr
1623 691 122 38 selten
1774 704 78 25 vor.

242 739 151 39 Gerade
425 740 61 39 die
517 746 104 32 alten
642 740 191 46 Autoren,
865 741 123 37 denen
1019 742 67 38 das
1112 746 151 46 grösste
1283 743 181 39 Material
1484 759 48 23 an
1551 744 304 50 Hospitalbrand

239 807 48 25 zu
309 793 148 40 Gebote
479 795 126 46 stand,
638 794 207 38 erwähnen
876 794 131 39 solche
1028 795 334 52 Beobachtungen
1383 812 60 23 am
1464 802 225 34 wenigsten.
1726 798 130 38 Wenn

240 861 43 25 so
314 849 289 38 aufmerksame
633 849 79 37 und
750 848 140 38 exakte
929 848 245 40 Beobachter
1216 850 71 38 wie
1321 851 221 50 Delpech
1572 851 282 39 Schleimhaut-

242 902 236 47 affectiqpen
507 916 73 36 gar
610 902 108 38 nicht
747 902 203 45 anführen,
983 916 42 25 so
1053 903 52 39 ist
1133 903 120 48 nicht,
1283 905 73 38 wie
1387 918 39 25 es
1454 904 150 39 Heine
1640 905 104 38 thut,
1787 919 69 24 an-

242 957 232 38 zunehmen,
507 958 88 37 dass
627 956 198 38 dieselben
855 956 213 39 übersehen
1101 958 115 38 seien,
1249 959 165 37 sondern
1444 959 87 37 dass
1561 959 53 37 sie
1643 958 107 38 nicht
1769 972 87 24 vor-

242 1011 237 51 gekommen
510 1011 97 38 sind.
666 1010 122 38 Nicht
817 1010 100 38 ohne
947 1010 193 39 Interesse
1169 1012 63 37 für
1261 1012 61 38 die
1351 1012 161 50 geringe
1534 1013 237 37 Disposition
1792 1013 67 36 der

243 1065 295 39 Schleimhäute
567 1078 47 24 zu
645 1065 68 37 der
733 1064 268 51 Erkrankung
1030 1065 52 38 ist
1112 1065 83 38 eine
1215 1065 283 39 Beobachtung
1526 1079 74 25 von
1619 1066 237 38 Werneck.

243 1119 62 39 Im
325 1119 187 39 Hospital
541 1133 44 24 zu
607 1118 267 39 Niepolemize
904 1119 39 37 in
963 1118 122 39 Polen
1112 1119 99 38 rieth
1244 1120 84 38 eine
1348 1120 230 51 Zigeunerin
1610 1119 114 49 (Frau
1755 1132 103 25 eines

244 1174 56 38 im
331 1173 127 39 Spital
487 1173 264 39 befindlichen
780 1172 262 51 ungarischen
1072 1172 199 51 Soldaten)
1302 1174 124 38 einem
1464 1188 61 24 am
1554 1173 304 50 Hospitalbrand

244 1228 237 38 siechenden
510 1227 248 38 Kameraden
788 1226 104 39 ihres
921 1227 175 46 Mannes,
1128 1228 148 50 täglich
1304 1241 76 25 von
1409 1229 86 37 dem
1525 1241 68 24 aus
1619 1228 66 37 der
1704 1226 156 38 Wunde

243 1282 236 38 fliessenden
510 1281 135 39 Secret
675 1284 72 35 mit
773 1280 171 39 Semmel
972 1295 47 23 zu
1048 1281 220 39 verzehren.
1326 1281 229 39 Werneck
1583 1282 90 37 kam
1702 1281 63 37 bei
1794 1281 68 37 der

243 1336 261 39 Abendvisite
535 1336 144 50 gerade
710 1336 107 37 dazu,
847 1335 73 38 wie
952 1335 126 37 dieser
1096 1335 160 38 Kranke
1285 1335 242 51 gemächlich
1557 1335 61 37 ein
1642 1334 219 38 Stückchen

246 1390 173 40 Semmel
447 1391 73 38 mit
551 1391 68 37 der
647 1389 238 50 Fauljauche
915 1389 268 38 imprägnirte.
1227 1389 56 38 Er
1311 1389 164 51 gestand
1504 1388 237 39 Werneck,
1773 1388 87 37 dass

246 1459 42 25 er
317 1445 123 39 schon
471 1448 75 35 seit
577 1444 51 38 14
659 1444 136 38 Tagen
825 1442 82 39 sich
939 1443 124 38 dieses
1083 1443 150 39 Mittels
1263 1444 162 38 bediene
1454 1443 76 37 und
1561 1445 92 48 gute
1666 1441 197 51 Wirkung

247 1505 201 45 verspüre.

378 1553 215 39 Immerhin
623 1553 86 38 sind
740 1566 171 25 einzelne
940 1552 109 38 Fälle
1078 1551 234 39 beobachtet
1339 1550 168 46 worden,
1549 1551 39 37 in
1627 1550 122 38 denen
1782 1548 80 38 sich

247 1610 69 37 der
335 1608 315 38 Hospitalbrand
669 1607 53 38 im
742 1607 146 38 Munde
909 1606 256 39 entwickelte,
1197 1619 86 24 zum
1303 1604 113 38 Theil
1436 1608 175 46 spontan,
1641 1617 86 24 zum
1751 1602 112 38 Theil

245 1663 104 39 nach
379 1661 266 40 Operationen
674 1662 54 37 im
756 1661 157 38 Munde.
978 1660 113 39 Auch
1130 1661 39 36 in
1207 1660 67 37 der
1311 1658 446 39 Scheidenschleimhaut
1794 1655 69 39 sah

245 1731 95 25 man
369 1717 100 38 nach
502 1715 262 39 Operationen
796 1716 74 37 den
898 1714 310 39 Hospitalbrand
1236 1713 84 38 hier
1353 1715 204 35 auftreten.
1616 1711 129 38 Tiefer
1771 1710 91 38 her-

246 1775 117 35 unter
385 1772 190 49 dagegen,
606 1771 55 37 im
681 1770 163 38 Tractus
874 1769 186 38 intestin.,
1088 1768 100 38 habe
1217 1767 65 39 ich
1309 1767 140 37 keinen
1479 1766 174 50 einzigen
1677 1764 84 38 Fall
1789 1777 75 24 von

248 1824 568 41 Hospitalbrandlokalisation
857 1823 200 39 auffinden
1100 1823 166 37 können.
1324 1820 75 39 Die
1428 1833 192 37 genauere
1659 1817 204 39 Beschrei-

247 1881 112 39 bung
396 1881 66 37 des
494 1877 612 51 Schleimhauthospitalbrandes
1142 1876 102 50 folgt
1281 1877 141 48 später.
1484 1873 55 50 (S.
1572 1874 66 37 das
1668 1872 99 50 Kap.
1799 1872 67 37 der

248 1935 273 39 Erkrankung
551 1934 68 37 der
649 1946 200 25 einzelnen
879 1930 186 51 Organe.)

381 2127 47 39 E.
475 2127 142 39 Ueber
646 2125 82 39 den
757 2122 116 42 Grad
903 2124 77 38 der
1010 2120 517 50 Ansteckungsfähigkeit
1555 2118 86 39 und
1670 2117 66 39 die

578 2189 442 41 YerM-eitnngsweise
1051 2188 72 39 des
1151 2184 396 51 Hospitalbrandes.

385 2313 75 38 Die
492 2309 222 41 erhebliche
745 2307 289 40 Contagiosität
1067 2307 67 37 des
1170 2302 348 41 Hospitalbrandes
1548 2301 68 38 hat
1643 2314 68 24 vor
1739 2299 128 38 Allem

254 2369 42 38 in
324 2380 279 38 vergangenen
632 2363 137 39 Zeiten
798 2362 105 38 diese
923 2360 223 39 Krankheit
1173 2373 47 24 zu
1250 2358 105 38 einer
1384 2369 42 25 so
1455 2355 249 38 furchtbaren
1720 2352 148 40 Geissei

257 2424 69 38 der
355 2422 167 38 Kriegs-
553 2419 81 38 und
663 2415 403 41 Friedenshospitäler
1094 2426 155 26 werden
1278 2412 139 38 lassen.

390 2475 99 40 Sehr
527 2472 208 40 instructiv
773 2471 86 38 sind
900 2471 60 37 die
989 2468 333 39 Beobachtungen
1353 2466 66 37 der
1449 2462 220 52 englischen
1697 2460 169 39 Marine-

256 2534 108 36 ärzte
405 2531 40 37 in
490 2530 75 37 den
606 2528 145 37 letzten
785 2524 226 39 Decennien
1049 2523 65 38 des
1154 2534 161 25 vorigen
1352 2517 295 41 Jahrhunderts.
1705 2515 162 43 Blane,

259 2586 195 38 Trotter
484 2597 35 24 u.
542 2581 48 39 A.
613 2582 233 48 verfolgten,
877 2591 73 25 wie
981 2578 60 37 die
1062 2575 220 40 Krankheit
1309 2587 76 24 von
1415 2584 122 25 einem
1561 2569 122 38 Schiff
1709 2568 68 38 auf
1803 2568 67 37 das

259 2653 144 26 andere
433 2636 251 50 verschleppt
708 2646 144 25 wurde.
894 2632 146 38 Ferner
1060 2631 110 50 giebt
1188 2626 208 42 Delpech
1424 2638 65 25 an:
1525 2637 151 32 „Wenn
1705 2622 61 38 ein
1794 2634 75 24 von

259 2695 146 38 diesem
435 2691 127 40 Uebel
593 2688 227 40 ergriffener
847 2686 182 38 Kranker
1062 2685 39 37 in
1132 2684 111 38 einen
1273 2681 88 39 Saal
1390 2681 70 36 mit
1487 2677 283 39 Verwundeten
1799 2687 69 37 ge-

259 2749 86 51 legt
374 2747 108 38 wii-d,
515 2759 42 24 so
587 2745 213 38 verbreitet
829 2740 83 38 sich
943 2740 60 38 die
1023 2737 230 40 Krankheit,
1285 2735 128 38 indem
1443 2732 55 38 sie
1527 2732 82 38 sich
1637 2733 126 35 zuerst
1783 2729 86 37 dem

260 2800 351 42 nächstliegenden
631 2797 291 40 Verwundeten
951 2793 197 39 mittheilt,
1178 2804 77 26 von
1284 2801 124 27 einem
1437 2786 70 38 auf
1524 2786 71 37 den
1626 2796 153 26 andern,
1810 2781 60 38 bis

262 2857 71 38 auf
360 2857 75 38 den
466 2852 319 41 entferntesten,"
820 2849 80 37 und
929 2850 152 35 weiter:
1119 2859 75 32 „Es
1223 2844 52 38 ist
1303 2840 164 40 beinahe
1496 2837 232 52 unmöglich,
1760 2848 111 25 einen

260 2909 371 41 Neuverwundeten
660 2907 40 37 in
730 2904 61 39 ein
822 2915 119 26 enges
972 2900 170 40 Gemach
1172 2913 45 24 zu
1247 2897 175 48 bringen,
1462 2908 40 24 m
1538 2904 182 27 welchem
1752 2901 119 26 schon

262 2964 179 40 mehrere
471 2977 90 25 vom
589 2957 309 53 Hospitalbrand
928 2955 206 39 ergriffene
1162 2951 158 40 Kranke
1350 2948 82 39 sich
1461 2947 189 44 befinden,
1681 2956 98 26 ohne
1804 2955 66 25 ihn
