2240 3972
1119 146 29 48 6

148 281 252 71 language
438 278 142 55 there
619 278 44 54 is
706 298 29 33 a
773 278 310 54 continuous
1124 277 409 68 differentiation,
1571 279 109 54 first
1719 280 55 54 of
1815 300 165 36 nouns
2017 283 106 55 into

151 361 343 49 substantives
522 353 101 54 and
649 353 292 72 adjectives,
967 359 126 47 then
1120 353 56 53 of
1207 354 89 53 the
1330 354 152 53 latter
1516 355 111 52 into
1655 355 264 54 adjectives
1946 377 179 53 proper

152 430 100 54 and
289 449 165 34 nouns
494 428 251 67 abstract;
787 448 308 50 synonymes
1136 429 150 53 again
1326 428 282 72 disappear,
1650 430 123 54 each
1817 431 201 71 getting
2059 433 65 53 its

153 504 183 55 special
374 503 396 73 appropriation,
802 503 101 54 and
938 503 320 53 superfluous
1293 523 165 34 words
1499 523 81 34 are
1619 509 157 49 taken
1814 526 71 51 up
1925 505 67 72 by
2017 526 109 34 new

155 580 378 53 developments
580 577 102 54 and
727 577 372 54 combinations
1146 578 56 53 of
1243 578 245 72 thought.
1569 579 150 66 How,
1763 586 139 59 then,
1943 600 100 34 was
2085 581 42 53 it

154 654 221 72 possible
413 653 114 53 that
554 673 29 33 a
609 652 267 54 one-sided
913 651 208 54 method
1147 652 166 54 which
1348 653 214 71 entirely
1583 653 215 72 ignored
1829 661 89 47 the
1946 656 180 52 exami-

155 734 177 48 nation
359 728 54 53 of
444 733 197 60 nature,
670 727 188 54 should
885 727 64 54 do
976 746 140 35 more
1149 732 127 49 than
1309 732 171 67 repeat
1515 733 88 48 the
1638 748 136 34 same
1807 729 177 71 things
2012 749 116 34 over

157 803 100 54 and
285 823 116 34 over
429 802 148 72 again
603 802 56 52 in
683 821 163 34 words
871 801 184 66 which,
1083 801 203 54 though
1310 807 121 66 they
1456 802 166 71 might
1650 802 62 54 be
1740 803 246 67 different,
2006 823 124 34 were

158 884 85 66 yet
269 883 93 48 not
387 877 98 53 less
511 876 264 54 indefinite
791 876 23 54 ?
892 877 109 53 The
1027 877 182 52 results
1234 877 128 52 have
1388 877 257 53 answered
1675 883 55 48 to
1756 884 88 47 the
1871 898 259 52 absurdity

160 953 54 54 of
241 957 90 49 the
356 951 240 66 method;
637 951 95 66 for,
761 950 127 54 after
912 951 154 71 being
1100 951 53 53 in
1187 951 199 53 fashion
1413 951 78 54 for
1526 971 140 34 more
1698 958 127 47 than
1856 958 101 48 two
1984 952 145 54 thou-

161 1027 127 54 sand
313 1046 158 52 years,
499 1026 220 71 nothing
744 1026 91 53 has
871 1025 127 54 been
1026 1025 307 54 established
1359 1025 67 72 by
1452 1026 72 68 it;
1568 1031 34 24 “
1620 1031 92 49 not
1740 1046 118 53 only
1879 1028 134 52 what
2034 1047 96 34 was

162 1100 223 55 asserted
424 1120 125 34 once
585 1100 44 53 is
665 1100 224 53 asserted
927 1101 121 63 still,
1085 1100 96 53 but
1220 1101 136 52 what
1385 1120 97 34 was
1522 1120 28 34 a
1589 1107 236 65 question
1865 1121 123 34 once
2026 1102 42 53 is
2106 1122 27 34 a

163 1182 235 65 question
438 1176 119 64 still,
587 1174 102 54 and
726 1175 198 53 instead
964 1175 54 53 of
1051 1174 157 72 being
1244 1175 228 53 resolved
1509 1174 69 73 by
1614 1176 284 54 discussion
1935 1177 44 53 is
2019 1177 113 71 only

161 1251 135 54 fixed
323 1250 99 54 and
448 1248 139 55 fed."”
672 1249 210 69 (Bacon,
913 1251 140 53 Prol.
1083 1252 127 52 Inst.
1243 1250 200 70 Magn.)

238 1325 244 71 Perhaps,
503 1324 43 52 if
567 1343 119 34 men
711 1325 103 52 had
840 1324 182 53 always
1047 1324 135 53 lived
1205 1325 55 52 in
1285 1331 88 47 the
1394 1344 165 52 sunny
1581 1325 171 53 climes
1775 1325 55 54 of
1851 1331 87 48 the
1965 1325 165 66 south,

165 1400 161 53 where
366 1400 88 52 the
491 1399 296 53 luxuriance
827 1399 55 53 of
917 1419 178 33 nature
1135 1398 206 54 allowed
1382 1400 54 52 of
1470 1400 192 53 human
1700 1400 283 65 indolence,
2017 1400 117 71 they

163 1475 168 52 might
371 1474 128 53 have
541 1473 276 54 continued
860 1474 168 71 vainly
1073 1479 55 47 to
1171 1473 257 72 speculate
1454 1497 14 43 ;
1522 1474 96 53 but
1662 1475 146 53 when
1852 1480 121 66 they
2013 1493 121 34 were

164 1549 227 54 brought
427 1549 107 52 face
572 1552 54 49 to
672 1548 107 53 face
816 1548 125 53 with
977 1567 180 34 nature
1201 1549 56 52 in
1296 1554 89 48 the
1425 1549 200 71 rugged
1663 1555 168 59 north,
1874 1549 101 54 and
2013 1569 122 33 were

166 1624 172 53 driven
368 1629 54 47 to
449 1624 134 52 force
607 1622 69 72 by
702 1624 323 70 persevering
1058 1623 182 53 labour
1273 1628 88 48 the
1388 1643 172 34 means
1588 1624 55 53 of
1670 1624 312 53 subsistence
2008 1624 126 52 from

167 1700 88 52 her
283 1698 165 54 sterile
473 1697 196 65 bosom,
698 1698 125 53 then
853 1703 140 48 there
1018 1717 145 34 arose
1195 1703 86 48 the
1306 1698 249 71 necessity
1579 1703 55 48 to
1663 1698 207 54 observe
1902 1699 88 53 her
2023 1718 112 51 pro-

168 1794 161 34 cesses
362 1772 100 55 and
500 1772 301 53 investigate
839 1772 92 53 her
969 1777 161 48 secret
1155 1792 152 52 ways.
1385 1773 160 53 There
1571 1793 99 33 was
1706 1793 65 34 an
1804 1772 331 54 unavoidable

169 1849 268 67 intending
465 1847 56 53 of
552 1853 88 47 the
666 1847 145 53 mind
841 1852 54 48 to
929 1852 87 48 the
1041 1846 221 55 realities
1299 1847 56 54 of
1385 1867 211 47 nature;
1638 1848 100 53 and
1768 1848 103 52 this
1902 1847 231 73 practice,

169 1923 166 53 which
375 1929 87 47 the
490 1922 282 53 exigencies
802 1922 55 53 of
888 1921 162 71 living
1087 1922 110 53 first
1228 1922 254 65 enforced,
1513 1921 204 54 became
1749 1923 54 52 in
1838 1923 89 53 the
1951 1922 185 53 fulness

171 1999 55 53 of
259 2003 123 48 time
408 1997 125 53 with
570 2003 147 47 those
743 1997 113 52 who
891 1996 101 54 had
1031 1996 180 53 leisure
1238 1997 99 53 and
1368 2002 331 66 opportunity
1725 1998 89 52 the
1842 1997 294 72 disposition

171 2073 314 71 consciously
510 2077 54 48 to
595 2072 302 53 investigate
935 2070 101 54 and
1074 2071 248 53 interpret
1359 2077 197 48 nature.
1636 2072 65 52 In
1741 2071 170 71 Roger
1949 2072 187 64 Bacon,

173 2167 72 34 we
273 2167 81 34 see
379 2148 87 52 the
492 2147 193 52 human
717 2146 143 52 mind
896 2146 231 70 striving,
1156 2165 53 34 as
1243 2146 42 52 it
1312 2166 144 46 were,
1484 2146 393 71 unconsciously
1905 2146 124 53 after
2055 2145 82 53 the

172 2228 115 47 true
316 2221 209 53 method
565 2222 55 52 of
656 2220 387 72 development;
1084 2220 148 54 while
1269 2221 55 52 in
1361 2221 87 52 the
1474 2221 298 54 Chancellor
1810 2221 192 65 Bacon,
2030 2239 108 33 who

175 2296 352 54 systematized
552 2302 87 47 the
678 2296 271 70 principles
977 2295 100 52 and
1102 2294 101 54 laid
1231 2296 148 52 down
1405 2300 87 48 the
1518 2315 135 33 rules
1682 2296 55 52 of
1771 2295 88 54 the
1883 2295 255 53 inductive

174 2372 323 71 philosophy,
526 2390 73 33 we
626 2370 206 53 observe
866 2370 42 52 it
936 2369 156 72 doing
1117 2369 123 53 with
1268 2370 175 53 design
1470 2370 102 53 and
1603 2370 208 53 method
1844 2376 112 46 that
1981 2368 157 54 which

175 2448 40 52 it
243 2446 99 53 had
369 2446 222 52 hitherto
618 2445 128 53 been
773 2445 198 71 blindly
992 2444 187 71 aiming
1205 2449 66 49 at.
1351 2446 109 52 But
1487 2464 53 34 as
1567 2445 42 52 it
1635 2445 41 52 is
1703 2445 125 53 with
1853 2445 87 52 the
1966 2443 170 64 infant,

177 2541 56 33 so
259 2540 102 33 was
386 2521 43 51 it
454 2520 123 53 with
604 2520 299 70 humanity;
946 2524 162 48 action
1139 2519 243 72 preceded
1409 2519 399 66 consciousness,
1839 2519 99 53 and
1973 2519 166 53 Bacon

176 2595 207 54 himself
404 2614 100 33 was
530 2600 87 48 the
645 2594 152 53 efflux
824 2595 55 51 of
902 2614 28 33 a
956 2594 146 52 spirit
1127 2593 165 54 which
1317 2594 255 72 prevailed
1600 2594 100 53 and
1725 2599 90 47 not
1841 2598 87 49 the
1954 2611 186 35 creator

180 2671 55 53 of
275 2671 60 52 it.
413 2670 80 70 By
537 2669 122 53 thus
703 2669 274 71 humbling
1020 2668 207 53 himself
1266 2674 55 48 to
1368 2668 145 70 obey,
1559 2688 120 34 man
1723 2669 91 53 has
1860 2665 278 73 conquered

179 2750 215 60 nature;
439 2743 102 54 and
580 2749 147 47 those
767 2743 265 72 plenteous
1073 2747 35 24 “
1129 2743 149 53 fruits
1319 2743 99 54 and
1457 2744 237 53 invented
1734 2742 207 54 works”
1981 2739 157 56 which

181 2820 175 53 Bacon
392 2818 302 71 confidently
732 2817 308 54 anticipated
1080 2837 53 34 as
1178 2821 36 25 “
1235 2837 237 34 sponsors
1515 2818 98 53 and
1657 2817 255 54 sureties”
1947 2817 76 53 for
2055 2815 83 53 the

182 2894 144 53 truth
352 2895 55 51 of
429 2893 80 53 his
536 2892 225 66 method,
788 2892 126 53 have
939 2892 127 54 been
1091 2892 184 54 reaped
1300 2893 54 52 in
1379 2898 87 48 the
1493 2893 185 53 richest
1705 2892 309 53 abundance.

260 2969 53 52 It
358 2987 159 34 seems
554 2972 203 48 strange
797 2966 202 54 enough
1037 2985 113 35 now
1188 2971 55 49 to
1278 2987 62 33 us
1382 2973 113 48 that
1529 2986 118 34 men
1684 2966 183 54 should
1903 2971 91 48 not
2018 2964 119 53 have

187 3062 177 34 sooner
398 3043 78 52 hit
515 3061 141 52 upon
694 3048 87 46 the
811 3041 242 53 excellent
1088 3041 99 53 and
1221 3041 265 71 profitable
1526 3042 210 53 method
1768 3042 56 53 of
1863 3039 273 55 induction.

188 3119 134 51 IIow
350 3136 138 33 came
512 3116 44 53 it
580 3135 117 51 pass
731 3116 113 52 that
871 3115 145 53 when
1042 3121 122 65 they
1191 3116 243 53 surveyed
1471 3135 205 34 organic
1701 3135 194 46 nature,
1925 3134 52 34 as
2003 3112 134 55 Aris-

186 3197 130 48 totle
341 3190 210 72 notably
571 3190 100 65 did,
693 3190 119 70 they
832 3189 152 54 failed
1011 3194 54 48 to
1092 3190 223 71 perceive
1339 3195 87 48 the
1453 3209 234 53 progress
1714 3190 54 52 in
1796 3189 341 70 development

189 3268 131 52 from
365 3271 87 47 the
492 3263 201 73 general
724 3264 100 53 and
860 3265 179 52 simple
1064 3270 54 48 to
1153 3270 89 47 the
1277 3265 184 70 special
1494 3264 101 54 and
1629 3264 245 72 complex,
1903 3261 156 55 which
2098 3259 39 52 is

191 3341 205 54 evident
421 3339 320 53 throughout
767 3339 40 52 it
825 3338 23 53 ?
928 3338 122 53 Had
1086 3339 120 71 they
1234 3338 94 55 but
1353 3339 348 53 formularised
1726 3339 102 53 this
1860 3338 92 53 law
1979 3335 55 54 of
2067 3334 69 52 in-

193 3414 225 71 creasing
448 3413 257 72 speciality
733 3413 102 53 and
867 3413 305 71 complexity
1199 3413 54 54 in
1288 3433 204 34 organic
1527 3414 291 53 adaptation
1844 3418 54 48 to
1926 3405 213 61 external

191 3508 194 46 nature,
413 3493 123 48 then
562 3487 120 71 they
709 3487 99 53 had
836 3487 214 72 scarcely
1077 3488 149 53 failed
1254 3492 53 49 to
1335 3488 151 72 apply
1511 3488 41 53 it
1577 3493 54 48 to
1659 3506 262 35 conscious
1955 3485 182 53 human

193 3564 379 72 development;
616 3561 100 56 and
743 3567 113 49 that
876 3581 33 35 w
923 3562 120 54 ould
1069 3561 128 56 have
1222 3563 126 54 been
1374 3569 54 48 to
1456 3562 241 55 establish
1725 3560 313 70 deductively
2059 3557 80 53 the
