2113 3404
859 215 86 30 THE
977 215 243 33 DISORDERS
1252 218 52 31 OF
1336 219 177 33 SPEECH.

379 200 81 38 :',4l>

374 328 223 57 evidently
621 331 97 51 due,
741 337 75 38 not
840 339 41 36 to
900 334 67 42 his
984 336 185 42 cerebral
1194 337 231 52 condition,
1444 338 77 41 but
1544 343 41 37 to
1608 338 208 43 defective
1838 339 150 42 educa-

373 398 103 44 tion.
539 400 223 57 Although
798 402 52 43 he
885 406 228 53 expressed
1149 406 175 42 himself
1436 407 170 55 writing
1641 408 101 41 with
1777 422 94 29 ease
1905 409 82 41 and

373 468 183 57 fluency,
575 470 53 43 he
645 471 127 43 could
794 473 101 41 read
913 473 73 43 the
1007 475 170 57 writing
1198 477 101 41 only
1320 477 112 41 word
1463 477 52 56 by
1538 478 124 51 word,
1678 479 108 41 after
1807 479 182 42 spelling

372 540 103 42 each
502 541 114 41 word
640 541 128 43 letter
790 543 57 55 by
870 543 138 43 letter.

431 610 62 42 As
529 617 43 36 to
606 613 163 54 spoken
804 615 168 53 speech,
995 615 71 42 the
1099 616 167 55 patient
1288 618 226 53 expressed
1539 619 176 42 himself
1744 620 102 41 with
1869 626 120 49 great

371 680 221 44 liveliness
626 683 83 41 and
745 684 241 56 volubility,
1009 686 128 55 being
1169 701 130 28 never
1320 692 45 37 at
1394 702 26 28 a
1450 688 84 43 loss
1557 690 65 41 for
1643 704 24 27 a
1691 690 125 52 word,
1837 698 153 48 except

372 752 43 41 in
441 753 71 42 the
545 767 95 28 case
672 754 44 41 of
749 768 152 41 proper
934 770 159 28 names,
1117 756 138 42 which
1291 757 51 42 he
1380 772 83 28 was
1485 763 76 37 apt
1582 764 43 36 to
1648 760 143 55 forget.
1853 760 135 43 There

373 836 84 28 was
497 837 52 27 no
586 824 306 54 forgetfulness
925 826 44 41 of
1000 826 74 42 the
1107 841 146 28 names
1286 828 43 40 of
1362 828 156 55 things,
1541 829 83 41 and
1648 844 53 27 no
1725 832 261 53 paraphasia.

370 893 84 42 His
488 894 274 55 intelligence
792 896 170 42 seemed
998 911 98 41 very
1119 898 133 55 good;
1284 898 75 41 but
1385 899 51 41 he
1459 899 267 55 complained
1750 900 45 40 of
1823 915 23 26 a
1867 915 121 28 sense

368 963 44 41 of
444 965 227 41 confusion
693 966 44 40 in
761 966 67 42 his
851 966 121 52 head,
994 971 80 38 "as
1099 968 33 40 if
1153 982 24 27 a
1199 968 124 42 cloud
1349 982 107 29 were
1478 983 99 28 over
1598 969 66 43 his
1699 970 175 53 mind;"
1906 971 84 42 and

367 1034 87 42 this
479 1035 170 56 feeling,
668 1037 194 55 together
887 1038 102 41 with
1014 1038 66 41 his
1105 1038 373 57 word-blindness,
1502 1039 84 43 had
1609 1041 122 41 made
1754 1041 90 41 him
1865 1046 119 50 quite

368 1105 157 42 unable
551 1111 41 36 to
616 1107 203 42 continue
844 1108 65 41 his
932 1109 254 54 occupation
1210 1109 43 41 of
1279 1109 227 56 collecting
1527 1117 212 35 accounts.

428 1177 125 40 After
586 1178 74 41 the
692 1178 99 42 date
823 1178 46 41 of
897 1178 87 42 this
1016 1179 292 41 examination
1339 1180 258 53 (December
1620 1180 117 51 12th,
1762 1182 131 54 1889)
1916 1182 71 42 the

368 1248 169 54 patient
554 1248 234 42 continued
806 1253 43 37 to
874 1249 136 41 reside
1034 1254 44 36 at
1100 1249 66 41 his
1188 1249 196 55 lodgings
1408 1251 62 40 for
1492 1264 115 28 some
1634 1251 180 49 months,
1832 1252 154 54 calling

367 1318 287 55 occasionally
679 1323 42 37 to
754 1326 143 35 report
926 1319 175 42 himself
1132 1325 44 36 at
1199 1319 72 42 the
1296 1320 239 56 Infirmary.
1598 1321 69 41 He
1691 1321 100 42 then
1815 1322 170 42 became

367 1389 180 41 affected
573 1389 103 41 with
699 1404 215 40 gangrene
937 1390 43 42 of
1013 1390 72 42 the
1107 1394 118 51 great
1247 1393 95 50 toe;
1374 1391 98 41 and,
1495 1405 45 27 as
1564 1390 85 42 this
1671 1391 202 55 deprived
1896 1391 86 41 him

366 1459 46 41 of
431 1459 130 55 sleep,
583 1459 54 42 he
660 1460 171 42 became
855 1460 205 42 delirious
1078 1465 44 37 at
1143 1460 135 56 night,
1301 1460 84 41 and
1407 1474 46 28 so
1477 1461 336 55 unmanageable
1836 1461 94 41 that
1953 1462 33 40 it

367 1546 85 27 was
474 1545 225 28 necessary
723 1532 66 40 for
821 1531 66 42 his
921 1531 162 41 friends
1106 1535 43 38 to
1172 1531 107 42 have
1302 1531 90 41 him
1415 1531 199 42 removed
1638 1536 42 37 to
1705 1531 71 43 the
1799 1531 186 55 hospital

366 1603 46 41 of
443 1602 51 43 St
528 1602 247 43 Cuthbert's
809 1601 282 43 Workhouse.
1155 1601 70 43 He
1260 1616 85 28 was
1380 1601 250 43 afterwards
1660 1602 257 42 transferred
1942 1606 43 37 to

367 1673 73 42 the
475 1672 101 42 City
610 1672 299 42 Workhouse;
942 1672 85 42 and
1062 1672 130 51 there,
1224 1672 263 55 eventually,
1519 1672 52 42 he
1607 1671 97 42 died
1738 1672 44 41 of
1815 1672 170 54 hepatic

367 1744 163 41 disease
555 1743 102 41 with
677 1743 216 55 jaundice,
915 1757 55 27 on
994 1743 72 41 the
1090 1743 107 41 23rd
1221 1743 44 41 of
1285 1742 195 56 January
1507 1743 123 42 1893.

425 1815 40 41 A
487 1818 298 51 post-mortem
811 1813 294 42 examination
1125 1827 85 28 was
1233 1813 123 42 made
1379 1813 55 55 by
1459 1827 66 27 me
1547 1817 85 37 two
1654 1812 105 42 days
1781 1813 108 41 after
1912 1813 71 42 the

366 1886 201 54 patient's
600 1884 140 42 death,
764 1884 83 41 and
882 1884 72 41 the
976 1884 121 41 brain
1123 1898 84 27 was
1239 1883 248 42 committed
1521 1883 64 41 for
1617 1883 289 41 examination
1940 1889 43 36 to

365 1957 66 41 Dr
467 1955 299 52 Middlemass,
804 1954 270 42 Pathologist
1118 1959 41 36 to
1202 1953 73 42 the
1319 1953 137 56 Eoyal
1494 1953 250 54 Edinburgh
1787 1952 198 52 Asylum,

366 2027 142 42 whose
538 2030 142 38 report
704 2026 19 40 I
749 2039 94 28 now
866 2024 180 55 append.

423 2168 288 54 Pathological
731 2167 153 55 Report
906 2167 49 40 by
973 2167 66 40 Br
1062 2165 365 42 Middlemass."
1443 2163 68 42 An
1533 2164 289 41 examination
1846 2164 43 41 of
1912 2164 70 41 the

366 2240 120 42 brain
523 2238 172 43 showed
731 2238 97 41 that
860 2238 120 41 there
1013 2250 85 28 was
1128 2251 55 26 no
1205 2248 117 42 gross
1344 2234 134 41 lesion
1503 2242 152 46 except
1676 2248 53 27 on
1755 2234 70 42 the
1850 2248 133 27 under

365 2325 176 28 surface.
604 2309 145 41 When
773 2308 34 41 it
830 2322 86 27 was
950 2307 154 42 turned
1127 2320 112 27 over,
1261 2305 85 41 and
1381 2304 71 42 the
1487 2304 255 42 cerebellum
1773 2304 209 50 removed,

366 2382 121 41 there
510 2394 86 28 was
618 2394 101 28 seen
741 2383 45 38 to
807 2379 53 41 be
882 2393 24 26 a
929 2376 290 43 considerable
1241 2377 179 39 amount
1445 2375 44 40 of
1519 2373 183 56 atrophy
1724 2374 43 41 of
1789 2374 72 42 the
1883 2388 98 28 con-

366 2451 216 41 volutions
606 2463 54 27 on
679 2449 74 41 the
772 2462 136 27 under
930 2447 165 41 surface
1113 2447 43 40 of
1179 2445 72 41 the
1270 2443 200 56 occipital
1492 2443 95 41 lobe
1608 2456 52 28 on
1687 2442 72 42 the
1781 2442 79 42 left
1880 2443 101 42 side.

365 2522 135 41 There
525 2534 85 28 was
632 2533 117 29 some
772 2518 154 42 falling
948 2518 43 40 in
1011 2517 43 40 of
1075 2515 73 42 the
1172 2513 298 43 convolutions
1493 2513 43 40 in
1561 2513 71 41 the
1651 2517 158 47 centre,
1826 2512 84 42 and
1928 2527 51 27 on

366 2606 221 41 palpation
610 2590 120 41 there
757 2603 82 27 was
862 2588 132 42 slight
1016 2585 254 42 fluctuation
1295 2589 42 36 to
1362 2584 50 41 be
1436 2582 89 52 felt,
1547 2596 45 28 as
1615 2583 37 40 if
1681 2582 72 42 the
1775 2583 208 54 posterior

365 2664 106 40 horn
495 2662 43 41 of
576 2661 72 41 the
672 2658 208 42 ventricle
913 2672 107 26 were
1043 2655 171 42 dilated.
1276 2653 89 42 The
1394 2657 298 50 arrangement
1714 2653 45 40 of
1789 2653 72 41 the
1884 2667 98 27 con-

365 2733 221 43 volutions
612 2745 82 27 was
717 2735 121 50 quite
860 2728 199 42 different
1082 2726 106 41 from
1213 2724 94 41 that
1331 2723 168 54 usually
1523 2722 221 42 described
1766 2723 84 41 and
1876 2723 102 41 from

367 2810 93 38 that
495 2804 43 41 of
573 2802 72 41 the
678 2800 124 42 other
833 2799 103 42 side.
997 2797 116 42 They
1151 2810 107 27 were
1292 2793 172 43 smaller
1494 2792 84 42 and
1611 2793 212 55 appeared
1856 2797 42 37 to
1933 2793 49 42 be

366 2890 116 27 more
516 2886 242 29 numerous,
781 2869 84 43 and
899 2869 119 41 there
1052 2881 84 27 was
1160 2881 23 26 a
1205 2863 291 44 considerable
1518 2869 177 39 amount
1718 2864 43 39 of
1790 2862 191 54 atrophy.

365 2944 214 43 Whether
617 2942 72 41 the
724 2943 300 38 arrangement
1060 2937 45 41 of
1147 2936 72 41 the
1257 2933 298 43 convolutions
1593 2946 84 27 was
1712 2932 81 41 due
1832 2938 42 34 to
1915 2930 67 44 tire

367 3015 183 56 atrophy
573 3027 46 27 or
640 3017 87 37 not,
750 3012 35 39 it
809 3023 84 28 was
916 3006 248 43 impossible
1188 3011 42 36 to
1250 3018 75 42 say
1348 3003 249 53 absolutely.
