1933 3302
182 140 75 37 110
321 139 185 41 Deutschi.,
523 139 160 43 Oesterr.,
700 142 151 42 Frankr.,
868 145 109 40 Engl.,
992 146 121 30 Italien
1132 148 51 30 bis
1201 148 93 31 Milte
1313 150 92 33 1800.
1431 151 201 35 Krimkrieg.

177 247 276 38 unbekannter
483 247 115 39 Hand
627 248 127 39 haben
786 251 70 37 wir
885 252 37 37 in
953 253 147 37 iiust'.s
1121 253 212 52 Magazin
1357 257 83 37 eine
1463 262 318 36 ausgezeichnete

178 300 269 51 Abliandlung
477 302 96 37 über
605 303 84 38 eine
710 303 501 53 Hospitalbrandepidemie
1232 322 87 25 vom
1340 309 112 50 April
1476 311 99 39 1827
1598 314 56 38 bi.s
1674 315 108 39 März

182 356 111 36 1828.
352 355 113 37 Dann
497 356 94 38 wird
625 357 93 37 über
749 358 60 37 die
839 358 398 50 Hospitalbrandfälle
1259 364 38 36 in
1319 363 66 38 der
1407 363 153 40 Charit(5
1584 367 100 37 1820
1709 383 73 24 von

178 407 415 53 Siedmogrodsky,
628 411 102 38 1838
762 425 74 24 von
867 412 185 50 Knapp,
1086 415 101 37 1839
1219 429 73 25 von
1323 416 228 40 Drescher
1581 420 199 40 berichtet.

178 460 142 52 Später
340 462 203 39 besserten
565 464 79 38 sich
668 465 60 37 die
748 465 283 41 Verhältnisse.
1090 467 112 39 Zwar
1222 470 153 38 wollten
1399 470 97 39 noch
1518 471 265 42 Stromeyer

176 516 39 36 in
247 516 146 37 seinem
424 516 220 39 Handbuch
677 519 68 37 der
786 518 205 52 Chirurgie
1032 519 141 51 (1844)
1210 524 76 37 und
1329 523 217 52 Pirogoff
1582 527 38 37 in
1658 517 125 49 seiner

178 569 347 52 Kriegschirurgie
556 571 140 50 (18G4)
728 573 60 37 die
820 572 155 40 Charite'
1006 589 44 23 zu
1099 576 72 37 den
1210 577 356 40 Krankenhäusern
1602 580 180 51 rechnen,

177 623 149 39 welche
356 625 63 38 nie
450 639 100 36 ganz
579 626 73 37 frei
684 639 74 25 von
788 627 308 50 Hospitalbrand
1136 630 103 38 seien
1270 632 76 37 und
1386 632 207 39 denselben
1630 636 151 48 geheim

176 677 160 39 hielten.
394 678 91 39 Ihre
516 680 209 50 Anklagen
757 681 156 38 werden
944 683 127 38 indess
1099 683 40 38 in
1168 683 215 41 Fischers
1413 685 160 40 Bericht
1595 688 99 38 1865
1717 702 67 24 zu-

177 733 312 50 rückgewiesen.
549 734 194 38 Fischer
773 735 109 50 giebt
912 750 60 32 an,
1005 737 87 38 dass
1131 737 60 38 die
1226 738 220 39 Krankheit
1483 741 146 37 damals
1667 742 117 38 schon

176 785 118 53 lange
326 787 87 38 Zeit
444 788 61 38 ein
536 788 169 38 seltener
735 789 76 37 und
843 792 95 36 stets
977 791 72 37 mit
1084 792 344 50 ungeschminkter
1469 794 317 40 Oeffentlichkeit

176 840 260 40 behandelter
468 841 98 39 Gast
594 855 184 37 gewesen
807 843 67 38 sei.

308 895 84 39 Aus
424 897 86 37 dem
542 896 151 50 Prager
724 896 258 51 allgemeinen
1015 899 310 39 Krankenhause
1354 901 127 38 haben
1510 903 69 37 wir
1609 916 73 25 von
1714 903 69 39 Dr.

179 948 146 40 Allee
357 950 112 38 einen
500 950 161 38 Bericht
691 951 97 37 über
819 952 73 37 den
922 951 307 51 Hospitalbrand
1261 967 74 25 von
1367 955 178 38 1831/32.

311 1004 114 38 Auch
454 1005 40 37 in
525 1005 73 37 den
628 1005 290 39 französischen
948 1006 266 51 Hospitälern,
1245 1022 31 23 z.
1308 1008 44 38 B.
1374 1009 37 37 in
1433 1008 121 48 Paris,
1584 1009 200 39 herrschte

177 1058 75 38 seit
284 1059 105 37 1814
419 1059 61 37 die
517 1059 234 38 Krankheit.
813 1059 253 40 Ollivier's
1103 1061 332 52 Beobachtungen
1473 1063 76 38 und
1587 1063 198 39 Versuche

175 1112 162 38 betreffs
369 1113 66 38 des
465 1113 353 50 Hospitalbrandes
850 1115 150 37 datiren
1030 1129 68 24 aus
1128 1117 87 37 dem
1235 1115 120 39 Jahre
1379 1117 114 37 1822.
1550 1116 125 39 ßozä
1696 1132 88 23 ver-

177 1167 243 38 öffentlichte
452 1168 105 37 1846
588 1168 335 51 Beobachtungen
954 1169 97 38 über
1081 1170 73 38 den
1184 1170 327 50 Hospitalbrand,
1552 1171 166 38 welcher
1746 1172 40 37 in

177 1221 69 38 der
263 1221 247 51 Abtheilung
530 1221 203 39 Jobert's
753 1223 53 37 im
828 1222 163 51 Höpital
1012 1222 54 39 St.
1080 1224 118 37 Louis
1220 1224 36 37 in
1275 1224 110 38 Paris
1406 1239 45 23 zu
1474 1225 72 37 den
1566 1225 220 50 häufigsten

177 1275 464 51 Wundcomplicationen
662 1276 177 51 gehörte.
870 1277 144 38 Racle
1035 1278 194 38 berichtet
1251 1278 101 37 1849
1374 1279 96 37 über
1493 1279 72 37 den
1586 1278 199 50 Hospital-

179 1330 125 38 brand
335 1331 53 36 im
420 1330 164 50 Höpital
615 1330 55 39 St.
703 1331 119 38 Louis
852 1332 78 37 und
959 1332 54 37 im
1043 1332 322 38 Kinderhospital
1395 1346 46 23 zu
1470 1332 122 37 Paris.

311 1385 70 37 Bei
415 1386 72 37 den
518 1385 257 38 Engländern
803 1388 80 35 trat
912 1386 39 37 in
982 1387 84 37 dem
1099 1386 200 38 indischen
1329 1386 146 38 Kriege
1498 1387 66 37 der
1586 1386 199 50 Hospital-

175 1439 126 38 brand
322 1439 38 38 in
383 1439 68 38 der
468 1440 374 38 erschreckendsten
858 1439 134 39 Weise
1009 1440 39 38 in
1066 1441 67 37 der
1146 1441 144 37 Armee
1312 1440 76 38 auf.
1421 1440 195 38 Thomas
1632 1440 155 38 Moore

176 1493 227 39 beschreibt
433 1494 67 38 das
531 1494 210 38 Auftreten
774 1494 202 38 desselben
1007 1494 97 38 nach
1129 1495 72 37 den
1223 1493 231 40 Schlachten
1486 1507 74 24 von
1591 1493 197 39 Ferozeha

179 1549 103 37 1845
327 1549 79 37 und
448 1547 174 40 Sobräon
663 1549 115 37 1846.
838 1549 74 38 Die
955 1549 224 50 englischen
1217 1548 402 38 Friedenshospitäler
1657 1562 129 24 waren

177 1603 100 38 auch
306 1603 110 38 nicht
443 1603 76 38 frei
548 1617 89 25 vom
668 1603 311 50 Hospitalbrand
1009 1604 221 50 geblieben.
1289 1602 58 38 Im
1377 1603 160 37 London
1558 1602 226 50 University

178 1657 159 39 College
368 1658 257 37 beobachtete
657 1657 163 38 Liston
851 1658 102 37 1837
986 1658 77 37 und
1093 1657 227 38 Erichson
1345 1657 98 37 1841
1468 1656 316 50 Hospitalbrand.

177 1711 60 39 Im
269 1711 55 39 St.
358 1712 188 38 Greorge's
576 1713 78 37 und
685 1712 324 37 Bartholomew's
1043 1712 180 37 Hospital
1260 1724 159 25 wurden
1458 1710 188 38 ebenfalls
1684 1710 100 37 1847

176 1767 236 50 Epidemien
453 1766 247 38 beobachtet.
760 1766 113 38 Auch
919 1765 179 39 erfahren
1139 1766 87 37 wir,
1267 1766 86 37 dass
1391 1778 74 24 von
1505 1765 47 36 da
1587 1764 59 37 bis
1684 1764 100 37 1857

178 1823 99 36 stets
309 1821 174 38 einzelne
514 1821 109 38 Fälle
653 1821 40 37 in
726 1821 73 37 den
829 1822 223 49 genannten
1081 1819 357 39 Krankenhäusern
1468 1818 223 37 vorkamen.

309 1874 46 39 In
386 1874 141 39 Italien
557 1875 202 38 herrschte
789 1874 99 38 nach
917 1874 196 38 Riberi's
1143 1873 159 39 Bericht
1332 1873 59 37 die
1414 1872 221 38 Krankheit
1654 1872 37 37 in
1714 1872 73 36 den

179 1930 169 38 Turiner
365 1929 255 39 Hospitälern
640 1930 284 37 1817—1820;
957 1929 101 37 dann
1074 1929 102 37 1830
1193 1929 77 37 und
1287 1930 131 35 später
1434 1926 97 38 nach
1552 1925 235 39 Rostolli's

177 1984 163 38 Bericht
373 1985 115 37 1849.

308 2037 47 40 In
385 2038 164 39 Ungarn
582 2038 195 38 berichtet
797 2037 69 39 Dr.
890 2037 168 50 Nagel,
1090 2036 106 38 Prof.
1219 2037 67 37 der
1307 2035 204 38 Chirurgie
1531 2034 39 37 in
1591 2033 194 38 Klausen-

176 2093 103 38 burg
320 2093 98 38 über
457 2094 73 37 den
574 2092 309 39 Hospitalbrand
921 2092 40 37 in
1007 2091 232 37 Temesvar,
1298 2102 146 25 welche
1483 2087 112 39 Stadt
1634 2087 37 37 in
1713 2087 73 37 den

176 2147 201 39 Kämpfen
399 2162 68 23 zur
488 2147 337 39 Unterdrückung
856 2147 67 36 der
953 2145 233 38 Revolution
1217 2145 38 36 in
1277 2143 162 39 Ungarn
1465 2142 101 37 1849
1586 2141 89 37 hart
1695 2143 90 35 mit-

178 2216 236 36 genommen
445 2216 146 24 wurde.
650 2201 55 38 Er
735 2200 70 39 sah
834 2203 135 35 weiter
1000 2199 60 38 die
1091 2198 222 38 Krankheit
1340 2198 40 37 in
1418 2197 128 49 Esseg
1581 2195 78 38 und
1694 2194 94 38 Pest

178 2257 215 38 1849—50
416 2257 78 38 und
517 2257 39 37 in
574 2257 73 37 den
669 2254 376 39 Militärlazarethen
1067 2267 46 23 zu
1134 2252 218 39 Pressburg
1368 2251 114 38 1851.
1514 2249 272 49 Zaborsky's

177 2311 347 51 ausgezeichneter
553 2309 285 52 Monographie
867 2309 131 38 liegen
1027 2321 106 25 seine
1162 2306 332 39 Beobachtungen
1523 2303 54 38 als
1608 2302 180 39 Chefarzt

177 2367 67 37 des
284 2365 384 39 Garnisonhospitals
708 2379 45 23 zu
801 2364 148 38 Agram
981 2363 101 37 1847
1114 2362 77 37 und
1230 2361 101 38 1850
1370 2374 47 23 zu
1454 2358 169 38 Grunde.
1681 2356 104 38 Prof.

178 2420 124 40 Groh
332 2421 40 37 in
394 2420 156 39 Olmütz
571 2419 257 39 beobachtete
859 2419 73 37 den
954 2416 307 39 Hospitalbrand
1292 2415 38 37 in
1357 2415 74 36 den
1452 2410 332 51 Militärspitälern

176 2475 211 39 Böhmens,
418 2475 53 37 im
503 2472 364 41 Garnisonhospital
897 2486 46 23 zu
973 2471 106 38 Prag
1111 2471 99 37 1851
1244 2469 77 38 und
1350 2469 39 36 in
1419 2466 187 39 Brandeis
1641 2464 143 48 a/Elbe.

177 2530 75 38 Die
283 2529 175 39 schwere
498 2529 206 38 Epidemie
746 2528 52 37 im
837 2526 151 50 Prager
1026 2523 329 40 Krankenhause,
1397 2520 147 39 aveiche
1582 2533 34 23 v.
1648 2518 137 38 Pitha

178 2586 67 37 das
288 2584 185 38 Material
509 2598 45 23 zu
592 2584 127 36 seiner
757 2580 241 39 klassischen
1035 2578 266 39 Abhandlung
1336 2576 97 38 über
1469 2575 73 37 den
1581 2572 203 50 Hospital-

176 2639 123 39 brand
332 2639 172 38 lieferte,
543 2638 89 38 fällt
670 2638 37 36 in
748 2637 104 37 diese
892 2634 103 38 Zeit,
1034 2632 169 39 nämlich
1240 2644 88 25 vom
1363 2629 175 39 Februar
1575 2627 59 37 bis
1674 2626 110 38 Ende

178 2693 171 39 October
382 2694 116 37 1850.

308 2747 60 39 Im
397 2746 254 39 Krimkriege
682 2745 69 37 hat
780 2745 67 37 der
878 2741 308 40 Hospitalbrand
1213 2739 84 38 eine
1318 2750 135 39 grosse
1474 2735 111 39 Rolle
1606 2734 176 50 gespielt.

176 2803 57 39 Er
261 2803 70 37 hat
360 2801 237 39 namentlich
628 2812 114 26 unter
773 2799 74 37 den
876 2795 290 40 französischen
1196 2793 185 50 Truppen
1412 2791 211 50 gewüthet.
1655 2787 127 49 Zeug-

176 2858 81 37 niss
288 2858 127 37 davon
444 2856 116 38 legen
589 2854 214 39 besonders
835 2852 60 38 die
926 2849 344 48 Beschreibungen
1300 2846 209 48 Marmy's
1539 2843 47 38 ab
1607 2842 95 37 über
1723 2840 60 37 die

177 2911 254 38 furchtbaren
461 2909 233 40 Epidemien
727 2908 37 37 in
796 2903 318 42 Constantinopel
1144 2902 75 38 und
1250 2901 53 37 im
1339 2898 176 51 Hospital
1545 2910 44 24 zu
1611 2894 173 49 Canhdjd

179 2979 60 24 am
271 2965 198 39 Bosporus
503 2965 101 37 1855
637 2963 76 37 und
745 2962 131 38 ferner
907 2960 60 38 die
995 2957 183 40 Berichte
1199 2955 235 38 Lallour's.
1491 2950 112 44 Auch
1624 2948 69 38 auf
1710 2948 72 36 den
