2107 3450
228 329 86 32 THE
348 327 325 33 DEVELOPMENT
705 326 54 32 OF
791 325 169 33 SPEECH
993 326 49 31 IN
1074 326 88 32 THE
1196 325 166 33 HUMAN
1395 325 128 33 RACE.
1618 311 85 45 153

45 449 206 45 instincts
286 465 46 28 as
366 450 54 42 he
453 462 146 30 ceases
632 453 44 38 to
699 451 119 40 want
851 447 132 44 them.
1048 446 86 44 His
1157 460 149 30 senses
1330 446 178 44 become
1532 445 173 49 fainter,

45 521 142 44 when,
225 537 45 28 as
307 521 45 45 in
389 521 74 43 the
497 535 97 29 case
629 520 48 44 of
707 524 134 49 scent,
876 519 109 44 they
1018 519 180 43 become
1233 532 179 31 useless.
1474 517 121 43 Thus
1627 515 77 44 the

45 595 190 42 creative
274 593 169 44 faculty
479 592 145 44 which
661 607 109 43 gave
807 596 47 40 to
897 591 109 45 each
1047 590 178 59 general
1268 589 275 57 conception,
1577 602 48 29 as
1667 588 37 43 it

42 671 179 43 thrilled
245 671 67 42 for
333 671 73 42 the
435 670 95 43 first
552 671 105 43 time
681 670 190 43 through
894 669 75 44 the
992 669 138 43 brain,
1154 683 25 28 a
1200 681 210 44 phonetic
1433 666 268 51 expression,

42 743 176 43 became
242 743 167 43 extinct
431 742 128 43 when
581 743 58 43 its
662 742 146 57 object
828 756 90 29 was
941 741 227 45 fulfilled."

101 815 90 42 The
223 815 180 55 opinion
435 814 105 44 thus
573 814 234 57 expressed
838 814 60 43 by
930 814 225 43 Professor
1177 812 167 44 Muller
1371 827 47 28 as
1441 816 46 39 to
1509 816 22 17 "
1546 814 118 40 roots
1681 809 21 17 "

41 887 130 43 being
193 886 201 44 ultimate
418 887 109 42 facts
554 887 47 42 in
633 887 239 57 philology,
894 901 148 30 whose
1076 886 144 44 origin
1242 886 36 43 it
1310 886 38 43 is
1370 883 261 59 impossible
1654 887 47 39 to

39 963 186 39 account
248 959 64 42 for
328 958 170 44 farther
514 959 110 43 than
641 959 47 43 in
711 974 120 29 some
848 959 110 44 such
975 973 140 30 vague
1134 973 184 29 manner
1339 972 47 29 as
1408 957 56 44 he
1487 959 214 53 suggests,

39 1030 79 44 has
140 1035 77 39 not
239 1035 90 39 met
353 1031 108 43 with
492 1037 262 51 acceptance
786 1047 160 42 among
977 1033 279 56 philologists
1282 1030 237 58 generally.
1583 1029 46 42 It
1661 1028 38 43 is

38 1104 200 56 strongly
261 1104 191 57 opposed
473 1104 60 57 by
556 1119 134 43 many
713 1104 278 57 philologists
1014 1106 45 41 of
1088 1118 239 30 eminence,
1349 1117 99 29 who
1472 1101 105 44 hold
1601 1106 99 38 that

38 1175 76 44 the
137 1176 311 44 development
479 1177 47 43 of
553 1177 226 57 language,
803 1177 229 43 including
1055 1177 75 43 the
1158 1175 312 45 development
1492 1174 45 43 of
1568 1178 130 48 roots,

37 1247 79 43 has
148 1249 111 42 been
292 1263 25 28 a
349 1263 106 43 very
486 1249 183 56 gradual
701 1263 187 42 process,
921 1249 146 43 whose
1105 1249 95 42 first
1232 1247 264 57 beginnings
1529 1261 81 28 can
1643 1246 55 43 be

36 1320 236 43 explained
305 1321 46 42 in
384 1336 25 27 a
440 1321 175 43 natural
646 1321 88 43 and
766 1320 346 57 comparatively
1137 1319 159 44 simple
1329 1333 195 29 manner.
1589 1318 108 43 This

35 1393 150 42 school
208 1393 46 43 of
274 1393 288 57 philologists,
583 1393 145 43 which
751 1393 79 43 has
853 1393 111 43 been
986 1393 170 43 termed
1175 1393 76 43 the
1269 1392 232 43 Imitative
1521 1391 173 51 School,

34 1465 40 43 is
112 1480 108 42 very
257 1471 149 37 strong
442 1466 47 41 in
527 1465 233 43 Germany.
825 1466 46 42 It
903 1466 37 42 is
974 1464 282 44 represented
1290 1464 48 42 in
1381 1464 91 43 this
1507 1477 191 43 country

35 1537 160 57 chiefly
227 1538 59 42 by
317 1538 75 42 Mr
422 1537 247 57 Hensleigh
701 1537 300 57 Wedgwood,1
1033 1537 89 43 and
1152 1537 76 43 the
1262 1537 108 42 Eev.
1407 1535 292 44 Archdeacon

37 1608 183 45 Farrar.2
281 1609 144 44 These
458 1610 193 42 authors,
673 1610 87 42 and
792 1610 76 43 the
903 1609 150 44 school
1074 1609 285 57 represented
1382 1609 58 57 by
1464 1608 136 44 them,
1623 1623 74 29 are

36 1683 59 42 by
117 1696 55 28 no
206 1697 151 29 means
392 1682 193 44 inclined
619 1686 45 40 to
700 1687 152 39 accept
885 1682 77 43 the
997 1682 171 43 dictum
1203 1682 45 42 of
1271 1682 224 42 Professor
1517 1679 180 55 Muller,

35 1755 98 42 that
155 1760 115 38 roots
292 1769 72 29 are
396 1755 204 43 ultimate
633 1755 111 43 facts
776 1755 46 42 in
845 1754 237 57 philology.
1145 1755 66 43 As
1234 1755 75 42 Mr
1331 1755 156 42 Farrar
1509 1759 105 52 puts
1648 1755 50 51 it,

33 1833 21 16 "
72 1828 44 42 If
138 1842 64 28 we
225 1841 72 29 are
319 1827 92 42 told
435 1827 97 43 that
553 1841 25 28 a
600 1826 118 57 large
735 1827 155 43 family
908 1827 48 43 of
970 1827 143 43 words
1131 1841 122 29 come
1271 1827 113 43 from
1409 1831 8 18 '
1433 1828 71 42 ar,'
1528 1842 47 28 or
1593 1831 9 18 '
1619 1827 80 56 ga,'

34 1915 48 28 or
104 1906 8 15 '
128 1899 113 44 sal';
272 1899 87 43 and
380 1900 35 42 if
437 1904 164 38 about'
617 1899 71 43 ar,'
709 1899 89 43 and
819 1899 101 58 'ga,'
942 1899 88 43 and
1053 1899 113 53 'sal,'
1189 1899 188 58 nothing
1395 1914 119 29 more
1537 1914 81 30 can
1642 1901 55 42 be

34 1973 107 43 said,
156 1972 107 43 then
284 1971 119 43 what
423 1971 113 44 have
559 1986 64 29 we
654 1971 177 44 learned
848 1974 15 41 ?
926 1972 90 43 The
1050 1976 118 39 roots
1191 1986 71 30 are
1284 1987 119 29 mere
1426 1973 270 43 mysterious

35 2045 269 43 nonentities
324 2044 141 43 which
482 2044 113 43 have
617 2044 158 43 taught
797 2058 51 29 us
870 2044 199 57 nothing,
1087 2044 88 43 and
1198 2059 122 29 come
1344 2045 114 43 from
1478 2046 216 45 nowhere.

34 2119 92 42 The
144 2117 122 44 earth
284 2122 111 38 rests
413 2132 55 28 on
486 2116 75 44 the
583 2117 113 43 back
719 2117 47 42 of
783 2131 57 28 an
858 2117 221 57 elephant,
1097 2117 88 43 and
1209 2117 74 44 the
1306 2118 212 56 elephant
1540 2119 156 44 stands

33 2205 57 29 on
129 2205 25 28 a
191 2189 205 44 tortoise;
437 2189 81 43 but
554 2189 119 43 what
710 2189 102 43 does
850 2189 75 43 the
968 2189 179 43 tortoise
1191 2190 131 43 stand
1365 2205 120 41 upon
1502 2191 51 43 ?"
1638 2191 56 43 In

33 2262 328 45 endeavouring
392 2266 45 38 to
469 2261 93 43 find
594 2261 119 43 what
743 2261 77 44 the
851 2261 180 43 tortoise
1064 2262 153 43 stands
1245 2277 132 41 upon,
1400 2262 126 45 these
1549 2264 145 56 philo-

31 2335 156 56 logists
221 2338 153 51 accept
407 2333 75 43 the
517 2333 253 43 conclusion
795 2333 144 43 which
974 2333 75 43 the
1073 2334 203 44 Sciences
1299 2336 48 41 of
1373 2335 199 58 Geology
1605 2337 89 43 and

35 2406 187 43 Natural
260 2405 187 57 History
484 2405 127 56 point
648 2410 56 48 to,
742 2405 96 44 viz.,
873 2405 99 44 that
1009 2420 102 29 man
1149 2407 219 56 appeared
1406 2408 89 43 late
1533 2409 48 42 in
1616 2409 78 43 the

31 2480 174 42 history
239 2478 46 43 of
319 2477 74 43 the
433 2477 146 52 world,
601 2478 87 42 and
724 2477 97 45 that
856 2479 53 43 lie
944 2493 88 29 was
1067 2478 156 59 slowly
1256 2480 244 57 developed
1523 2482 111 43 from
1670 2498 25 27 a

33 2550 346 58 comparatively
402 2549 180 44 humble
605 2550 239 54 condition,
866 2551 48 43 in
937 2551 144 44 which
1105 2552 55 44 he
1184 2567 88 29 was
1295 2553 215 57 probably
1533 2555 162 44 devoid

32 2627 45 42 of
99 2638 87 43 any
210 2624 84 56 gift
316 2623 46 42 of
381 2622 155 57 speech
560 2623 204 57 properly
787 2638 47 29 so
867 2624 151 44 called.
1083 2624 77 44 Mr
1191 2625 269 58 Wedgwood
1482 2629 214 52 remarks,

29 2704 22 16 "
69 2697 90 43 The
195 2710 117 28 mere
347 2695 183 43 absence
565 2696 45 43 of
632 2710 102 29 man
769 2710 160 30 among
964 2712 57 28 an
1054 2698 166 43 animal
1254 2699 259 56 population
1549 2701 45 43 of
1618 2701 76 45 the

31 2769 153 44 world,
206 2769 37 42 is
268 2767 80 44 felt
370 2768 57 56 by
460 2782 55 28 no
548 2783 81 29 one
661 2783 47 29 as
740 2775 249 51 repugnant
1011 2775 45 38 to
1080 2786 25 27 a
1128 2771 218 58 thorough
1370 2772 138 44 belief
1536 2773 48 45 in
1617 2775 77 43 the

31 2839 304 46 Providential
358 2839 92 43 rule
473 2840 44 42 of
539 2840 73 43 the
637 2841 190 44 Creator.
891 2842 122 58 Why
1032 2842 107 44 then
1163 2844 159 43 should
1346 2845 109 43 such
1479 2860 26 28 a
1527 2846 167 58 feeling

31 2915 54 44 be
108 2911 157 45 roused
297 2912 58 57 by
388 2911 74 45 the
495 2913 375 59 complementary
904 2915 167 57 theory,
1094 2916 146 44 which
1273 2917 176 57 bridges
1479 2933 105 29 over
1616 2919 76 43 the

31 2985 192 45 interval
254 2989 45 38 to
333 2984 74 44 the
438 2999 268 43 appearance
739 2987 45 43 of
817 3002 115 29 man,
955 2988 87 43 and
1075 3003 212 43 supposes
1310 2990 102 44 that
1432 3005 84 29 one
1538 2991 46 43 of
1616 2992 77 44 the

30 3073 120 30 races
173 3059 45 41 of
239 3057 75 43 the
337 3057 154 57 purely
513 3058 163 43 animal
699 3059 151 57 period
875 3074 87 30 was
984 3061 233 57 gradually
1241 3063 144 43 raised
1409 3061 46 45 in
1479 3063 74 43 the
1576 3065 116 43 scale

79 3144 13 25 1
118 3143 34 37 A
176 3143 221 46 Dictionary
414 3142 42 47 of
467 3143 157 47 English
643 3145 221 48 Etymology,
883 3143 172 53 prefaced
1074 3147 51 48 by
1143 3159 49 25 an
1211 3147 188 38 elaborate
1418 3148 272 38 introduction.

79 3207 14 23 2
123 3205 168 38 Chapters
308 3216 45 25 on
370 3204 204 48 Language,
597 3208 104 45 1873,
720 3206 75 37 and
817 3207 129 53 Origin
964 3207 42 49 of
1018 3208 208 49 Language,
1249 3212 104 37 I860.

1482 3272 31 34 V
