2323 3951
1123 328 58 42 10

675 625 151 49 From
853 627 49 48 J.
931 626 56 47 P.
1017 626 171 57 Glen,
1219 625 134 64 Esq.,
1386 623 235 49 Surgeon.

373 765 22 46 I
422 766 123 46 have
575 765 177 48 known
783 765 92 47 Mr.
915 766 135 48 John
1078 765 135 49 Dick
1250 765 75 49 for
1351 781 151 47 many
1528 780 293 48 years—am
1847 764 51 47 in
1924 764 78 46 his

300 835 285 47 immediate
611 836 430 63 neighbourhood,
1063 836 98 47 and
1186 837 127 46 have
1334 836 99 46 had
1458 835 162 62 ample
1641 837 363 60 opportunities

300 903 55 47 of
371 906 342 60 appreciating
740 907 74 45 his
839 905 324 64 professional
1188 906 211 48 abilities
1419 923 12 38 ;
1469 906 137 46 these
1635 905 24 47 I
1686 905 228 47 consider
1946 910 54 41 to

299 976 60 44 be
401 974 57 47 of
493 992 29 30 a
565 992 122 46 very
721 977 121 61 high
885 976 160 58 order,
1087 976 177 48 whilst,
1304 975 127 48 from
1473 992 85 47 my
1594 975 274 62 proximity
1895 980 50 42 to
1972 991 28 30 a

297 1044 194 63 thickly
516 1047 271 60 populated
814 1047 216 48 division
1057 1046 57 48 of
1143 1047 84 46 the
1254 1045 213 48 District
1492 1052 52 40 to
1571 1046 161 46 which
1758 1045 62 47 he
1859 1045 39 45 is
1926 1051 73 40 at-

298 1114 194 57 tached,
523 1115 24 47 I
573 1132 90 31 can
691 1118 117 45 bear
844 1118 272 47 testimony
1140 1122 53 41 to
1218 1117 76 46 his
1331 1115 287 48 unwearied
1652 1116 97 46 and
1787 1116 212 45 humane

295 1185 244 47 attention
577 1192 51 41 to
667 1187 83 46 the
785 1203 125 45 poor
945 1187 177 62 placed
1160 1187 157 46 under
1353 1186 75 46 his
1466 1201 197 33 charge.
1739 1184 108 48 The
1878 1201 117 31 con-

298 1255 268 47 scientious
593 1272 204 31 manner
825 1257 50 46 in
901 1257 162 46 which
1090 1258 75 45 his
1193 1256 163 47 duties
1383 1273 82 30 are
1488 1256 221 47 fulfilled,
1735 1256 77 46 his
1850 1271 149 46 many

296 1325 209 47 amiable
532 1327 243 61 qualities,
803 1327 99 46 and
938 1327 84 47 the
1048 1327 122 62 high
1196 1333 256 41 character
1478 1326 57 48 of
1564 1327 75 45 his
1676 1326 326 62 professional

296 1395 335 57 attainments,
659 1397 126 46 have
810 1397 120 62 long
956 1397 329 47 commanded
1312 1414 86 46 my
1424 1398 190 46 sincere
1640 1402 228 57 respect;
1904 1395 99 47 and

296 1465 38 45 it
361 1465 41 46 is
431 1466 117 46 with
575 1467 81 46 the
682 1467 198 62 highest
905 1467 225 61 pleasure
1158 1465 25 48 I
1207 1474 50 40 at
1282 1474 200 55 present
1508 1466 128 47 avail
1664 1465 182 64 myself
1866 1464 56 48 of
1940 1481 63 30 an

297 1537 327 59 opportunity
652 1535 57 48 of
736 1538 268 46 recording
1041 1538 83 46 the
1151 1553 141 31 sense
1320 1536 24 47 I
1371 1537 242 47 entertain
1641 1535 56 49 of
1726 1538 75 45 his
1833 1538 168 44 fitness

296 1604 75 46 for
397 1605 82 47 the
507 1613 234 41 situation
769 1606 75 48 for
872 1607 161 47 which
1059 1608 60 46 he
1146 1608 39 46 is
1213 1624 28 30 a
1272 1606 293 50 Candidate.

1530 1742 50 48 J.
1622 1740 56 47 P.
1721 1738 208 50 GLEN.

368 1868 69 47 St.
466 1867 255 50 Andrew's
753 1869 177 59 Street,
961 1870 121 63 May
1113 1870 135 48 11th,
1285 1872 148 46 1840.

495 2311 146 48 From
669 2313 149 48 John
849 2314 322 58 Campbell,
1200 2311 134 65 Esq.,
1366 2310 233 67 Surgeon,
1628 2311 65 48 R.
1726 2311 69 49 N.

369 2424 95 47 Mr.
502 2425 136 47 John
665 2424 148 56 Dick,
847 2424 239 65 Surgeon,
1117 2425 212 47 London
1360 2425 175 48 Street,
1562 2426 87 46 has
1674 2425 125 48 been
1818 2424 182 49 known

296 2501 51 40 to
374 2511 77 30 me
472 2495 282 62 intimately
774 2495 75 48 for
868 2502 83 41 ten
978 2512 160 46 years.
1213 2495 200 47 During
1439 2496 99 46 this
1563 2496 189 62 period,
1776 2511 73 32 we
1875 2496 125 46 have

295 2566 126 45 been
461 2564 249 47 Members
746 2565 57 47 of
832 2566 84 46 the
955 2581 136 32 same
1132 2565 217 48 Medical
1388 2565 230 63 Literary
1647 2565 216 63 Society,
1903 2565 100 47 and

294 2635 128 46 have
464 2641 101 40 met
607 2635 137 46 often
786 2636 50 45 in
879 2636 333 47 consultation
1251 2636 51 44 in
1339 2636 272 60 important
1652 2634 217 48 Medical
1905 2635 98 46 and

299 2704 224 48 Surgical
551 2721 149 31 cases.
780 2704 82 47 On
887 2705 65 47 all
978 2705 255 48 occasions
1262 2704 96 47 Mr.
1386 2703 136 48 Dick
1546 2705 87 46 has
1658 2705 191 62 proved
1874 2704 127 47 him-

297 2773 95 48 self
422 2790 29 31 a
488 2774 181 51 skilful,
698 2775 320 63 painstaking
1057 2773 242 65 Surgeon,
1339 2775 110 47 well
1487 2775 247 62 qualified,
1762 2774 127 47 from
1926 2774 77 46 his

296 2844 287 57 steadiness,
612 2846 226 61 activity,
867 2845 93 46 and
992 2845 277 63 humanity,
1296 2850 53 44 to
1377 2845 258 48 discharge
1661 2845 82 47 the
1773 2844 160 48 duties
1955 2843 57 47 of

300 2913 222 62 Surgeon
549 2920 51 41 to
627 2915 84 47 the
739 2914 196 49 Town's
966 2914 250 63 Hospital.

817 3048 200 50 JOHN
1058 3047 400 61 CAMPBELL,
1503 3050 241 63 Surgeon,
1774 3047 62 48 R.
1866 3047 64 48 N.

369 3179 133 48 Kent
532 3179 177 57 Street,
747 3179 252 65 Glasgow,
1025 3179 21 65 )

449 3250 116 47 14th
596 3249 136 63 May,
768 3253 147 45 1840.
1023 3228 36 88 j*
