1895 3217
540 292 89 33 THE
653 292 187 32 HORNED
864 291 216 32 SAPAJOU.

1405 279 85 46 177

138 422 92 45 rich
263 421 159 53 coloiu',
447 419 37 46 it
507 419 37 46 is
568 419 50 45 of
642 435 27 29 a
702 419 151 45 chaste
876 418 90 44 and
995 415 200 63 pleasing
1217 421 137 55 tinge^
1389 414 104 53 and,

140 498 130 44 when
287 504 78 38 the
383 496 167 46 animal
573 495 37 45 is
632 495 203 60 healthy,
853 493 49 46 of
912 509 26 30 a
956 493 192 60 shining,
1166 490 86 46 soft
1268 491 89 45 and
1377 490 121 60 silky

139 580 190 38 texture.
400 573 96 45 The
535 572 157 44 shades
729 586 73 30 are
840 571 228 60 generally
1102 584 27 29 a
1163 574 87 39 sort
1287 566 50 47 of
1363 566 115 47 olive

140 650 151 44 tinged
315 649 112 44 with
461 664 27 29 a
520 649 157 60 golden
701 647 163 61 yellow
894 662 56 29 on
980 646 78 44 the
1087 645 113 61 light
1228 649 156 56 parts;
1419 643 81 45 the

141 726 92 45 face
255 726 38 45 is
316 725 273 45 surrounded
607 724 112 45 with
744 739 26 29 a
792 724 126 44 circle
942 722 49 46 of
1005 723 123 61 paler
1146 737 183 38 colours,
1349 720 150 46 which

142 802 143 45 varies
308 801 304 60 considerably
635 801 46 44 in
704 800 58 45 its
787 815 135 30 shade
953 799 89 45 and
1064 798 203 54 breadth,
1292 797 133 61 being
1453 797 47 44 in

144 894 119 30 some
286 893 157 46 nearly
467 877 213 45 wanting.
750 877 109 44 This
881 877 82 44 has
996 891 131 46 given
1155 875 86 45 rise
1263 880 46 40 to
1334 874 168 45 several

146 955 162 60 species
341 954 131 61 being
500 953 169 45 formed
698 952 113 46 from
841 953 51 53 it,
918 953 89 45 and
1042 958 46 39 to
1123 967 120 30 some
1274 950 229 47 confusion

146 1033 46 43 in
225 1032 59 44 its
318 1032 185 44 alliance
536 1037 46 38 to
617 1046 81 29 one
733 1045 46 30 or
811 1036 90 38 two
941 1029 125 45 other
1104 1029 246 60 Sapajous;
1398 1027 103 52 and,

146 1108 176 52 indeed,
349 1107 253 45 Humboldt
634 1121 140 29 seems
806 1106 160 44 almost
993 1104 50 46 of
1069 1104 192 62 opinion,
1293 1104 102 44 that
1425 1104 79 43 the

150 1184 168 44 animal
342 1199 68 28 we
439 1183 116 44 have
583 1182 96 60 just
709 1197 103 29 now
833 1181 169 61 figured
1025 1181 36 45 is
1085 1181 106 60 only
1215 1196 27 29 a
1263 1179 177 61 variety
1463 1178 50 46 of

151 1259 104 45 this.
323 1259 129 46 Some
475 1259 115 44 have
613 1260 110 43 been
745 1259 166 43 known
933 1264 46 39 to
1008 1258 190 60 produce
1228 1272 152 46 young
1402 1271 104 30 ones

154 1336 45 44 in
225 1335 309 45 confinement.

218 1412 206 45 Another
451 1412 132 44 allied
608 1410 176 61 species,
818 1411 225 45 described
1071 1412 61 60 by
1155 1411 78 45 the
1266 1411 242 44 last-men-

154 1488 153 45 tioned
339 1487 251 54 naturalist,
622 1487 36 45 is
689 1488 77 44 the
804 1487 272 46 Ouavapavi
1097 1488 75 44 des
1205 1501 305 31 cataractes—

162 1564 140 46 Cehus
319 1562 228 46 albifrons.
615 1563 45 45 It
683 1563 37 45 is
738 1565 134 43 about
889 1570 78 38 the
991 1578 121 30 same
1135 1563 104 55 size,
1263 1569 79 39 the
1365 1563 147 46 colour

157 1639 50 46 of
232 1640 78 44 the
344 1639 91 45 face
464 1639 322 61 grayish-blue,
812 1646 156 39 except
994 1646 79 39 the
1106 1641 135 44 orbits
1264 1639 91 45 and
1376 1638 134 55 front,

157 1716 147 45 which
322 1731 73 30 are
412 1731 109 45 pure
539 1717 167 52 white;
733 1717 88 44 and
838 1723 77 38 the
933 1722 194 39 contrast
1140 1722 107 39 thus
1265 1715 246 54 exhibited,

159 1799 46 38 at
221 1807 104 31 once
344 1792 314 45 distinguishes
673 1793 36 44 it
727 1791 110 46 from
860 1800 126 38 those
1009 1808 139 30 above
1169 1792 189 45 noticed.
1418 1792 97 46 The

160 1869 176 60 general
364 1884 146 29 colour
532 1868 49 45 of
595 1869 78 44 the
702 1869 118 59 body
843 1869 37 44 is
910 1868 335 60 grayish-olive,
1269 1868 162 44 lighter
1460 1883 56 29 on

161 1945 79 44 the
256 1945 112 43 back
383 1945 89 43 and
487 1945 136 43 belly.
666 1944 253 44 Humboldt
935 1949 94 39 met
1047 1943 113 45 with
1173 1944 91 44 this
1283 1943 169 46 animal
1469 1944 48 45 in

165 2027 145 37 troops
328 2019 46 44 in
393 2020 78 44 the
489 2018 154 45 forests
660 2034 107 30 near
780 2025 78 38 the
876 2025 215 39 cataracts
1110 2018 50 47 of
1173 2020 78 44 the
1271 2019 244 55 Oronooko,

166 2096 90 44 and
294 2102 78 38 the
410 2095 182 45 mission
631 2096 50 45 of
710 2095 140 46 Santa
889 2096 208 45 Barbara.
1167 2097 130 60 They
1327 2112 74 30 are
1435 2112 81 30 ex-

165 2179 193 53 tremely
380 2171 112 45 mild
523 2171 46 44 in
605 2171 271 60 disposition,
912 2173 90 44 and
1035 2187 107 46 very
1176 2179 174 48 active;
1396 2181 123 38 often

167 2249 108 44 kept
297 2249 61 59 by
381 2249 78 44 the
491 2248 198 52 Indians,
715 2248 89 44 and
827 2264 81 29 one
931 2265 93 29 was
1042 2264 102 30 seen
1167 2251 62 59 by
1249 2250 269 53 Humboldt,

168 2331 48 39 at
241 2325 259 60 Maypm’es,
526 2325 146 43 which
695 2340 134 45 every
852 2341 201 46 morning
1076 2327 162 44 caught
1263 2342 26 29 a
1311 2326 87 60 pig,
1432 2328 90 44 and

170 2401 239 45 continued
442 2401 151 44 seated
627 2416 54 29 on
714 2401 69 45 his
817 2403 110 44 back
962 2403 159 60 during
1153 2404 77 44 the
1256 2404 104 59 day,
1387 2403 134 45 while

171 2476 174 62 feeding
373 2477 47 45 in
453 2483 78 39 the
565 2492 197 30 savanna
784 2479 141 44 round
947 2479 77 44 the
1053 2479 162 45 Indian
1233 2479 120 45 huts.
1422 2479 101 44 An-

172 2554 126 45 other
314 2554 37 45 is
368 2553 272 54 mentioned,
656 2554 46 45 in
720 2554 76 45 the
814 2555 136 45 house
969 2554 49 46 of
1033 2570 27 30 a
1076 2555 281 60 missionary,
1375 2555 148 53 which
