2107 3450
910 274 150 35 INDEX.
1722 280 82 40 491

155 374 211 50 Macready,
388 379 55 35 75.

150 431 209 49 Magendie,
379 436 82 44 463,
483 439 83 43 467,
586 437 75 37 and
680 443 81 33 481.

150 487 176 50 Magnan,
346 491 69 37 209
435 493 76 35 and
529 494 83 35 292.

149 545 144 49 Mandl,
314 549 56 45 62,
391 550 57 45 71,
470 551 55 44 74,
546 551 76 36 and
642 552 57 38 76.

147 602 141 47 Mania,
307 606 133 47 speech
460 607 50 46 in,
534 610 79 34 188.

147 658 147 49 Masini,
316 663 72 36 302
406 665 76 35 and
500 668 84 34 440.

148 716 121 49 Mayo,
289 722 82 45 467,
391 725 83 43 469,
492 723 76 36 and
586 726 83 34 471.

144 775 170 49 Megrim,
334 790 39 24 as
392 791 22 24 a
431 792 108 24 cause
558 780 41 36 of
613 781 165 48 aphasia,
799 783 85 37 403.

142 832 262 48 Melancholia,
424 837 133 48 speech
576 838 51 46 in,
651 842 68 33 185
737 840 77 36 and
832 842 83 35 394.

143 890 228 50 Meningitis,
390 907 39 24 as
447 907 21 24 a
486 908 108 24 cause
613 895 41 37 of
667 897 165 48 aphasia,
852 899 72 36 282
943 901 74 35 and
1037 903 82 35 379.

141 948 144 37 Mental
303 950 255 50 impairment,
576 954 42 36 in
635 955 165 48 aphasia,
820 957 83 36 270.

140 1005 156 49 Merkel,
318 1010 33 45 3,
370 1012 34 43 8,
423 1011 76 35 and
518 1012 60 36 32.

140 1063 139 49 Meyer,
300 1066 44 37 G.
366 1067 49 37 II.
435 1081 86 34 von,
543 1069 60 37 34.

139 1121 140 49 Meyer,
300 1124 64 46 M.,
384 1128 83 34 464.

139 1178 183 49 Meynert,
342 1183 84 36 286.

136 1236 152 50 Michel,
308 1242 58 45 68,
388 1244 57 33 71,
463 1242 76 35 and
562 1245 55 33 74.

136 1294 256 50 Middlemass,
413 1299 82 36 342.

132 1352 241 40 Middleton's
390 1356 68 37 life
476 1356 41 36 of
530 1356 141 48 Cicero,
693 1360 56 35 76.

131 1410 131 37 Mimic
275 1413 166 49 reading,
461 1414 41 36 of
517 1414 184 46 children,
722 1417 58 35 99.

130 1468 334 50 Mind-blindness,
484 1473 83 36 273.
587 1472 83 46 352,
691 1474 83 36 374,
794 1474 76 35 and
887 1474 84 37 375.

130 1527 201 49 Mirroring
349 1529 41 36 of
404 1529 65 37 the
487 1530 118 46 mind,
626 1531 52 48 by
696 1530 146 49 speech,
866 1534 80 34 184.

132 1585 319 51 Mirror-writing,
472 1588 83 37 359.

128 1643 184 48 Mitchell,
334 1645 115 46 Weir,
469 1647 85 36 399.

129 1700 215 51 Mongorge,
364 1703 57 37 R,
442 1704 84 36 310.

125 1758 243 39 Monomania
385 1761 76 36 and
479 1761 120 37 moral
617 1761 180 49 insanity,
819 1761 134 49 speech
972 1762 52 36 in,
1048 1765 79 33 189.

128 1816 131 45 Morel,
283 1821 79 33 191.

123 1874 124 38 Motor
271 1875 155 49 ajjhasia
451 1876 219 48 (aphemia),
698 1877 70 36 299
789 1890 8 31 ;
823 1877 49 36 its
900 1877 125 36 effects
1052 1889 49 24 on
1128 1881 225 44 production
1379 1876 40 37 of
1442 1877 144 47 speech,
1614 1877 69 36 303
1701 1890 8 30 ;
1736 1889 47 22 on

218 1933 227 47 production
471 1934 41 36 of
534 1933 164 51 writing,
725 1935 71 36 315
817 1948 8 31 ;
862 1947 50 24 on
936 1934 192 36 reception
1155 1934 76 36 and
1255 1934 287 36 interpretation
1575 1933 40 36 of
1641 1933 145 45 speech,

218 1991 97 36 318;
347 2004 48 23 on
422 1992 166 47 reading,
617 1993 91 36 319;
747 2005 48 23 on
822 1992 196 48 repeating
1044 2004 41 24 or
1112 1991 158 48 echoing
1296 1991 142 48 spoken
1465 1990 143 48 speech,
1636 1990 73 35 and
1736 2002 47 23 on

217 2049 163 48 copying
412 2050 152 48 writing
597 2063 42 24 or
668 2051 118 48 print,
819 2051 68 35 321
908 2064 9 30 ;
953 2049 209 37 occasional
1192 2049 238 48 phenomena
1461 2049 50 35 in,
1544 2048 68 35 322
1633 2060 7 30 ;
1676 2050 109 33 treat-

214 2111 105 31 ment
337 2106 49 45 of,
405 2108 91 44 322;
524 2107 291 49 infra-pictorial
833 2107 259 48 (subcortical)
1112 2111 186 32 varieties,
1318 2106 70 36 366
1407 2106 73 36 and
1501 2106 81 35 422.

122 2162 123 37 Motor
263 2164 289 48 speech-centre,
573 2166 82 37 279.

118 2220 124 37 Motor
258 2221 278 49 speech-tracts,
556 2224 99 36 their
672 2227 180 33 anatomy
871 2223 76 37 and
966 2221 239 50 physiology,
1226 2225 67 33 411
1315 2234 8 31 ;
1347 2221 99 36 their
1463 2218 214 50 pathology,
1695 2216 84 37 420.

123 2279 150 37 Moxon,
291 2281 71 35 248
381 2280 74 36 and
474 2282 84 36 251.

122 2337 145 47 Miiller,
287 2338 49 44 J.,
355 2339 58 45 28,
434 2341 83 44 475,
538 2340 83 46 476,
640 2340 84 46 477,
743 2340 85 44 478,
847 2342 85 33 480,
951 2338 76 36 and
1046 2338 83 36 482.

120 2394 148 47 Midler,
289 2395 100 47 Max,
412 2401 32 42 5,
467 2400 81 44 150,
570 2400 80 34 164,
670 2397 77 37 and
769 2397 85 37 167.

119 2451 178 50 Multiple
318 2453 175 49 (insular)
512 2455 180 46 sclerosis,
712 2453 136 50 speech
867 2454 52 35 in,
940 2453 71 36 425
1028 2452 74 36 and
1122 2456 81 31 45d.

119 2507 135 49 Munk,
275 2510 81 36 334.

116 2567 157 37 Musical
292 2568 155 49 faculty,
462 2570 39 35 in
522 2569 205 38 imbeciles,
744 2572 71 34 114
832 2569 77 36 and
926 2567 69 36 125
1013 2581 7 28 ;
1049 2567 39 35 in
1109 2565 200 37 dementia,
1324 2565 70 35 217
1414 2577 8 29 ;
1449 2564 39 34 in
1503 2560 161 49 aphasia,
1680 2560 70 34 273
1769 2571 7 28 ;

213 2625 37 35 in
279 2626 176 49 auditory
481 2627 166 48 aphasia,
666 2628 72 35 294
756 2640 8 31 ;
790 2627 42 35 in
852 2623 292 49 infra-pictorial
1163 2622 174 47 auditory
1355 2617 239 52 (subcortical
1612 2613 166 48 sensory)

211 2682 164 49 aphasia,
395 2687 81 34 364.

116 2740 168 46 Mutism,
303 2741 213 48 hysterical,
534 2746 58 33 41.

111 2849 145 47 Natier,
277 2851 65 45 M.,
361 2855 58 42 45,
438 2854 58 34 47,
516 2852 75 35 and
610 2853 82 35 396.

111 2906 175 37 Necrotic
304 2908 201 49 softening,
524 2921 39 24 as
582 2921 21 24 a
622 2920 109 24 cause
750 2906 40 37 of
804 2906 167 48 aphasia,
992 2907 82 33 282.

110 2963 184 50 Negative
312 2966 74 36 and
405 2968 235 45 affirmative,
661 2965 122 36 origin
803 2964 41 36 of
858 2974 168 37 gestures
1044 2961 69 43 for,
1134 2962 56 32 ii6.

111 3022 146 47 Nisbet,
276 3023 35 37 J.
333 3023 58 47 F.,
412 3025 85 36 201.

108 3131 108 48 Ogle,
244 3133 107 45 Win.,
373 3134 85 46 241,
478 3134 82 43 253,
581 3133 83 36 308,
684 3130 74 37 and
778 3131 83 35 388.
