1478 2662
88 80 52 37 12

516 90 60 39 Dr
594 93 274 43 Abercrombie
885 113 47 26 on
951 104 59 37 tJie

243 200 15 61 1
1034 216 139 39 '■°«ent;
1201 217 58 31 the
1276 226 85 25 mass
1376 220 72 35 also

79 235 146 35 adhered
246 242 37 30 to
300 245 57 30 the
390 254 144 33 parietes
553 248 41 33 of
621 255 57 28 the
707 253 179 35 abdomen.
937 257 112 36 There
1068 272 70 23 was
1157 272 19 22 a
1194 263 127 35 similar
1338 267 112 35 deno,

79 290 121 40 s.tion,
221 291 133 43 though
372 303 34 21 in
426 295 135 33 smaller
578 305 176 41 quantity,
778 314 44 22 on
843 308 57 30 the
916 317 139 25 surface
1085 311 42 32 of
1155 316 56 28 the
1227 319 96 36 great
1341 317 104 34 intes-

79 336 87 42 tine,
185 336 69 32 and
278 349 67 23 was
376 343 115 32 traced
521 346 121 45 nearly
660 353 37 28 to
721 354 57 30 the
795 358 184 43 extremity
1000 357 43 33 of
1069 363 56 29 the
1146 364 151 37 rectum;
1328 364 27 33 it
1370 366 77 34 also

77 386 172 40 appeared
277 398 44 22 on
344 393 56 29 the
426 401 138 25 surface
590 396 42 32 of
656 398 58 33 the
740 401 95 35 liver.
888 402 75 36 The
991 416 173 26 omentum
1192 419 67 23 was
1291 411 154 37 inflamed

77 434 70 32 and
166 434 294 50 dark-coloured,
480 443 68 32 and
567 447 94 33 there
689 459 89 24 were
797 454 235 34 considerable
1052 467 119 24 marks
1198 458 44 33 of
1259 459 187 38 inflamma-

88 486 76 31 tion
184 494 46 22 on
248 489 56 29 the
323 492 226 38 peritoneum
568 493 110 47 lining
695 502 55 29 the
768 501 143 42 parietes
930 502 40 34 of
984 507 56 30 the
1057 505 182 37 abdomen.

123 580 107 36 Case
247 581 129 57 y._A
391 586 78 44 girl,
495 591 89 45 aged
615 595 55 31 15.
719 597 102 42 (12th
848 597 90 48 May
969 604 62 32 181
1064 603 157 46 .)-Had
1239 604 103 41 fever,
1360 613 85 30 with

76 640 212 33 pneumonic
305 643 196 24 symptoms
523 650 10 30 ;
563 651 67 24 was
648 643 78 33 bled
747 646 82 34 with
850 648 100 34 relief
964 661 9 30 ;
1004 651 57 33 the
1079 652 91 34 fever
1188 654 157 34 subsided
1362 667 79 30 gra.

70 681 140 44 duahy,
230 682 69 32 and
319 694 44 23 on
382 689 57 29 the
460 692 10 28 ]
482 688 59 33 9th
559 699 58 25 she
635 695 281 39 was.considered
934 709 35 23 as
990 701 92 34 well.
1136 702 56 33 On
1212 707 60 30 the
1288 708 98 37 20th,
1404 710 38 30 at

71 730 115 43 night,
205 740 60 23 she
284 734 214 43 complained
526 738 42 32 of
581 749 94 25 some
694 752 81 33 pain
806 744 41 34 of
871 749 57 31 the
959 750 106 44 belly,
1090 750 110 34 which
1228 763 88 23 soon
1348 759 93 30 went

71 779 58 40 oft,
147 779 67 33 and
233 780 152 45 through
404 788 58 29 the
477 786 99 44 night
593 788 60 34 she
670 790 65 34 felt
755 803 47 23 no
819 804 204 27 uneasiness.
1073 804 139 40 ('21st.)
1265 799 79 37 Had
1362 803 78 34 vio-

70 829 76 65 lent
163 839 94 36 pain,
276 831 83 33 with
375 834 192 45 vomiting;
589 839 99 42 pulse
706 839 186 47 frequent;
913 846 78 42 pain
1013 846 173 36 increased
1206 850 45 44 by
1268 861 170 32 pressure.

76 881 101 29 look
204 889 96 23 some
316 881 199 46 laudanum,
535 885 67 34 and
618 887 203 38 afterwards
842 899 184 37 purgative
1042 898 175 34 medicine.
1271 899 76 34 The
1374 912 63 22 vo-

66 935 124 37 miting
219 929 158 34 subsided
395 930 88 35 after
500 934 58 34 the
576 936 182 35 laudanum
775 951 12 31 ;
817 944 57 30 the
902 954 79 32 pain
1009 956 66 23 was
1103 947 106 34 much
1239 948 195 43 alleviated,

65 977 69 31 mid
154 987 69 23 was
241 988 84 34 only
346 982 216 42 complained
593 984 43 34 of
657 997 48 23 on
728 999 173 32 pressure.
951 991 77 36 The
1054 1000 183 38 purgative
1270 997 165 35 medicine

67 1027 59 30 did
145 1030 66 28 not
228 1034 144 36 operate
388 1030 129 45 during
535 1032 57 34 the
620 1034 80 46 day,
719 1037 66 33 but
812 1041 162 41 operated
1005 1043 34 32 in
1067 1049 57 28 the
1150 1045 99 44 night
1274 1045 81 34 four
1391 1058 43 23 or

66 1075 68 31 five
151 1077 108 32 times.
310 1076 14 33 1
344 1088 68 23 saw
431 1079 60 34 her
508 1080 58 34 for
584 1082 56 34 the
657 1083 74 34 first
750 1090 80 30 time
859 1099 45 22 on
932 1094 56 30 the
1014 1103 160 35 morning
1204 1094 40 34 of
1270 1098 57 30 the
1344 1097 69 33 22d

63 1124 68 31 and
150 1124 112 33 found
281 1124 61 34 her
359 1126 198 39 moribund.
609 1132 101 35 Pulse
727 1139 64 30 not
818 1140 38 30 to
884 1138 40 33 be
949 1142 149 32 counted
1125 1142 89 34 from
1242 1143 42 33 its
1317 1146 115 32 weak-

63 1181 102 34 ness;
195 1173 151 34 features
375 1176 174 47 cbllapsed
566 1192 12 31 ;
605 1181 97 47 belly
730 1187 223 42 tympanitic.
1007 1189 85 34 Died
1124 1192 34 32 in
1187 1192 62 32 less
1277 1196 80 28 than
1383 1204 46 23 an

61 1221 94 33 hour
172 1222 91 34 after
281 1224 58 33 the
368 1227 93 33 Visit.
511 1229 335 39 Dissection—The
874 1236 130 35 bowels
1037 1238 33 33 in
1090 1241 128 32 several
1236 1241 124 43 places,
1377 1252 52 23 es-

62 1271 151 46 pecially
247 1283 44 23 on
321 1274 56 33 the
409 1276 117 46 ileum,
557 1291 90 23 were
674 1282 155 35 inflamed
866 1285 87 34 with
981 1287 144 35 efl’usion
1158 1288 38 34 of
1225 1291 202 34 coagulable

58 1320 141 45 lymph.
253 1322 50 33 At
331 1323 59 34 the
407 1325 107 35 lower
531 1329 66 33 end
615 1329 40 34 of
671 1330 58 35 the
746 1332 117 45 ileum,
881 1334 110 34 about
1019 1346 43 23 an
1089 1338 81 34 inch
1188 1337 89 34 from
1296 1344 57 28 the
1369 1350 57 23 ca-

60 1373 69 41 put
148 1373 80 40 coli,
257 1376 98 29 there
379 1385 70 23 was
466 1386 42 23 an
527 1378 157 35 inflamed
710 1383 156 43 portion,
886 1384 32 32 in
939 1389 57 29 the
1012 1396 118 24 centre
1145 1387 40 34 of
1200 1387 113 33 which
1331 1387 97 36 there

60 1428 74 25 was
152 1431 19 22 a
190 1420 106 36 white
312 1427 81 39 spot
409 1428 57 29 the
483 1435 68 25 size
568 1427 42 35 of
633 1439 20 22 a
670 1429 154 47 shilling,
842 1433 68 32 and
935 1433 34 33 in
988 1438 58 30 the
1063 1445 119 25 centre
1196 1437 40 34 of
1260 1436 66 33 this
1343 1442 84 29 spot

59 1479 21 22 a
98 1472 114 32 round
227 1481 173 33 aperture,
422 1474 110 34 which
552 1478 164 34 admitted
730 1489 18 23 a
766 1482 97 32 small
881 1483 83 42 quill
982 1495 11 31 ;
1023 1488 56 30 the
1096 1496 99 33 edges
1215 1485 39 33 of
1279 1487 27 31 it
1338 1496 87 24 were

58 1519 158 35 rounded
234 1520 66 33 and
320 1531 20 22 a
357 1522 89 34 little
465 1524 196 37 thickened.
713 1527 114 36 Much
845 1530 81 34 fluid
956 1531 93 35 feces
1065 1534 67 32 and
1149 1546 57 29 gas
1221 1534 69 35 had
1307 1545 116 34 escap-

56 1568 43 32 ed
118 1569 75 34 into
212 1574 57 29 the
293 1570 120 47 cavity
438 1572 41 33 of
505 1577 59 32 the
581 1577 240 44 peritonasum,
847 1580 66 33 and
932 1580 59 34 the
1017 1583 128 33 bowels
1165 1595 87 23 were
1268 1586 65 30 not
1350 1584 71 33 dis-

57 1616 136 35 tended.
245 1618 114 35 There
387 1631 90 24 were
507 1623 33 34 in
560 1635 92 25 some
672 1637 113 34 places
802 1639 19 22 a
838 1628 64 34 few
926 1628 83 36 livid
1035 1637 110 39 spots,
1166 1634 64 33 but
1260 1644 46 23 no
1330 1643 86 33 gan.

54 1676 116 33 grene.

103 1764 103 36 Case
224 1764 149 36 VI.—A
400 1778 92 35 man,
509 1772 83 42 aged
611 1775 61 44 50,
692 1774 64 34 had
775 1787 102 23 acute
894 1788 77 33 pain
993 1778 39 34 of
1048 1779 57 33 the
1122 1779 222 45 hypogastric
1362 1791 53 22 re-

52 1814 99 46 gion,
168 1814 87 35 with
268 1815 155 46 dysuria.
460 1821 104 33 After
580 1826 56 30 the
648 1829 178 39 operation
842 1825 40 35 of
895 1837 20 22 a
930 1827 82 34 dose
1029 1828 41 33 of
1085 1838 113 24 castor
1212 1829 62 44 oil,
1293 1840 45 22 on
1357 1829 58 33 the

49 1865 189 44 following
255 1864 67 46 day
342 1869 59 29 the
426 1877 79 34 pain
533 1881 70 23 was
629 1883 39 23 so
685 1874 103 32 much
806 1875 183 42 increased,
1007 1887 36 23 as
1062 1881 38 30 to
1121 1877 156 45 produce
1294 1883 119 28 writh-

51 1914 61 44 ing
143 1914 41 34 of
212 1914 58 34 the
299 1914 96 45 body
410 1925 10 23 :
450 1923 124 37 urgent
591 1920 192 36 ineffectual
801 1924 118 34 efforts
938 1929 37 29 to
994 1937 75 32 pass
1088 1937 97 23 urine
1199 1938 11 28 ;
1235 1937 98 35 pulse
1350 1938 61 22 na-

55 1964 106 34 tural.
204 1963 121 35 Relief
347 1974 69 22 was
443 1965 163 36 obtained
635 1970 92 34 from
758 1977 58 28 the
835 1983 101 23 warm
958 1975 93 44 bath,
1069 1975 90 34 after
1185 1975 111 34 which
1315 1976 98 33 urine

46 2024 73 24 was
138 2013 135 35 voided.
326 2013 45 33 Sd
389 2013 78 46 day.
495 2014 83 35 Pain
598 2019 68 33 and
684 2021 146 45 dysuria
848 2023 191 33 continued
1056 2035 10 31 ;
1096 2025 96 43 pulse
1209 2035 121 35 nearly
1348 2035 62 23 na-

52 2064 94 35 tural
163 2075 12 31 ;
202 2061 144 36 bladder
374 2061 112 36 found
514 2071 119 40 empty
652 2069 47 45 by
725 2074 57 29 the
799 2076 163 30 catheter.
1014 2073 114 43 (4tli.)
1150 2071 156 36 Copious
1331 2084 78 22 eva-

47 2113 159 35 cuations
233 2113 49 46 by
313 2115 118 38 stool;
458 2124 93 24 some
576 2115 266 45 high-coloured
865 2122 95 33 urine
979 2122 116 43 passed
1111 2134 12 31 ;
1153 2123 97 43 pulse
1277 2125 45 32 90
1338 2122 67 34 and

48 2161 100 43 soft;
184 2168 133 28 tongue
344 2161 117 36 white.
524 2161 108 49 (5th.)
660 2165 85 36 Pain
771 2171 161 33 returned
949 2170 88 34 after
1055 2182 18 21 a
1091 2170 315 46 salinapurgative,

49 2210 119 39 which
194 2212 167 43 operated
387 2213 149 46 scantily
554 2225 11 31 ;
596 2215 26 33 it
651 2226 66 23 was
742 2217 126 47 chiefly
888 2220 147 33 referred
1054 2225 36 29 to
1107 2220 56 33 the
1180 2221 60 32 left
1258 2221 75 33 iliac
1350 2230 54 22 re-

52 2260 85 44 gion
153 2270 11 31 ;
191 2260 174 35 increased
398 2262 47 47 by
475 2273 183 36 pressure;
699 2270 232 41 restlessness;
961 2269 99 33 much
1095 2269 100 33 flatus
1230 2268 90 34 from
1348 2268 56 34 the

45 2307 157 36 stomach
218 2320 13 31 ;
257 2321 95 23 some
370 2311 169 46 vomiting
558 2323 43 22 on
621 2314 124 44 taking
761 2317 196 45 anything;
986 2320 96 42 pulse
1100 2320 58 39 96,
1175 2319 33 31 in
1229 2322 56 29 the
1301 2327 101 24 even-

42 2358 60 45 ing
122 2362 56 30 84.
230 2359 116 42 (6th.)
365 2359 76 35 The
467 2362 81 44 pain
565 2362 65 33 had
646 2362 125 34 shifted
792 2370 36 27 to
849 2372 53 27 the
932 2367 93 33 right
1040 2367 77 33 iliac
1136 2377 115 33 region
1265 2378 13 31 ;
1305 2376 96 35 pulse

46 2412 87 42 124,
151 2407 96 34 small
263 2408 67 32 and
348 2409 95 35 weak
460 2423 11 31 ;
491 2412 144 33 features
650 2412 178 44 collapsed
843 2425 9 30 ;
874 2416 93 44 body
989 2415 102 42 cold;
1119 2416 74 32 died
1210 2421 35 27 at
1262 2420 22 29 4
1306 2413 89 34 P.IM.

42 2457 376 38 Dissectioru—Much
445 2462 188 33 exudation
657 2461 67 32 and
751 2463 162 34 adhesion
947 2476 82 22 over
1059 2469 56 29 the
1139 2464 110 34 whole
1264 2471 133 24 surface

42 2507 41 35 of
111 2507 59 35 the
200 2506 138 36 bowels.
390 2506 76 38 The
483 2511 115 44 ileum,
622 2521 143 34 caecuui,
792 2513 67 34 and
885 2523 120 36 colon,
1035 2524 86 24 were
1138 2510 146 37 injected
1312 2513 81 32 with
