1895 3217
1493 322 60 41 35

754 328 236 32 MONKEYS.

189 457 324 45 Whereverwe
522 470 156 46 peruse
686 454 78 45 the
773 454 217 61 journeys
1005 451 50 47 of
1061 453 246 54 travellers,
1325 454 99 46 who
1439 455 117 47 have

188 535 209 45 explored
420 536 77 44 the
520 534 182 45 interior
719 532 50 47 of
784 533 78 45 the
880 539 177 53 tropics,
1079 547 68 30 we
1170 531 95 46 find
1282 547 209 31 accounts
1515 535 52 45 of

189 627 161 30 almost
382 610 309 46 innumerable
721 611 142 44 bands
899 609 148 45 which
1082 609 148 45 crowd
1262 615 79 39 the
1372 611 184 44 wooded

187 689 158 52 banks,
371 688 226 45 doubtless
621 686 256 46 astonished
900 693 47 38 at
972 686 108 45 such
1103 685 191 55 visiters,
1315 686 88 45 and
1427 686 132 45 exhi-

188 765 144 61 biting
349 780 136 46 every
501 764 196 46 attitude
712 763 89 45 and
815 763 207 61 grimace,
1048 769 103 39 that
1173 763 79 45 the
1276 762 215 61 impulses
1516 762 51 46 of

189 841 93 45 fear
316 842 90 44 and
439 847 179 39 caution
652 856 82 29 can
769 840 177 60 supply.
1015 840 56 45 In
1104 839 193 62 general,
1331 840 114 60 they
1468 839 91 46 live

189 919 202 44 together
423 918 46 44 in
503 918 236 60 harmony,
764 917 151 44 unless
949 932 134 29 when
1117 916 187 61 slightly
1328 916 232 46 disturbed

191 996 61 59 by
270 994 168 61 rivalry
460 993 113 46 after
591 1009 119 30 some
729 992 219 46 favourite
967 1009 165 45 supply
1149 993 50 46 of
1213 991 114 55 food,
1344 993 48 45 in
1410 993 149 45 which

191 1087 135 37 cases,
352 1072 77 44 the
452 1071 98 45 love
574 1070 90 45 and
684 1070 264 45 knowledge
972 1068 50 47 of
1036 1084 151 46 power
1208 1069 37 45 is
1263 1068 116 62 fully
1403 1069 157 46 shown

192 1148 89 44 and
316 1147 225 45 exercised
562 1148 62 59 by
648 1153 79 38 the
761 1152 150 54 strong
945 1161 103 30 over
1081 1147 117 44 their
1227 1161 179 30 weaker
1438 1161 122 31 com-

191 1224 202 59 panions.
468 1224 232 44 Intruders
737 1222 50 45 of
814 1238 92 45 any
943 1230 127 37 other
1106 1238 164 45 species
1306 1238 74 30 are
1417 1229 144 39 either

194 1300 220 59 expelled,
437 1314 60 38 or,
523 1298 40 45 if
589 1305 72 39 too
684 1297 231 62 powerful,
941 1313 74 30 are
1039 1299 230 45 chattered
1292 1305 47 39 at
1362 1298 114 45 with
1500 1300 62 44 all

191 1375 119 44 their
339 1376 180 44 natural
552 1382 252 53 petulance,
840 1375 90 44 and
961 1390 141 30 stolen
1134 1375 322 60 opportunities
1487 1391 75 29 are

193 1452 220 53 watched,
430 1458 46 38 to
493 1453 128 59 pilfer
635 1459 78 37 the
731 1458 242 54 attracting
996 1467 130 38 store,
1144 1467 46 30 or
1205 1467 150 45 annoy
1378 1458 79 39 the
1471 1467 90 30 un-

193 1529 210 44 welcome
427 1543 235 46 aggi'essor.

260 1606 136 44 Their
430 1605 382 61 breeding-places
853 1620 74 30 are
972 1605 412 45 various—cloven
1427 1612 132 49 trees,

193 1697 190 44 perhaps
417 1697 27 29 a
477 1681 204 45 forsaken
714 1688 101 38 nest
850 1681 149 45 which
1032 1681 81 45 has
1145 1682 184 61 already
1351 1684 155 44 reared
1536 1700 27 28 a

194 1758 228 45 feathered
468 1759 416 60 progeny—rocks,
931 1759 195 44 thickets
1178 1758 50 46 of
1266 1760 153 53 brush,
1474 1762 90 43 and

193 1836 114 42 rank
351 1850 155 45 grassy
545 1835 205 60 herbage,
797 1835 62 44 all
904 1834 142 45 afford
1089 1835 223 45 sheltered
1355 1836 209 61 nursing-

195 1911 161 59 places.
442 1912 97 43 The
585 1926 165 44 young,
798 1911 169 44 seldom
1010 1926 122 29 more
1177 1917 114 39 than
1336 1917 106 47 two,
1491 1927 76 29 are

195 1986 217 44 attended
435 1986 114 44 with
583 1992 77 38 the
694 1992 192 53 greatest
920 2001 96 29 care
1051 1986 89 44 and
1174 1985 189 60 anxiety
1397 1987 62 59 by
1487 1988 78 44 tlie

195 2060 161 45 female
375 2077 14 37 ;
437 2061 89 44 and
562 2061 103 60 long
701 2059 115 46 after
837 2067 113 54 they
973 2076 74 30 are
1070 2062 99 44 able
1198 2068 45 38 to
1273 2060 147 46 follow
1449 2064 118 43 their

195 2144 139 53 troop,
371 2153 56 29 on
461 2144 78 38 the
574 2137 218 60 approach
827 2135 51 47 of
908 2138 179 60 danger,
1114 2137 93 45 will
1237 2139 153 44 attach
1413 2139 153 44 them-

194 2214 141 45 selves
359 2220 44 38 to
428 2220 77 38 the
538 2229 172 45 parent,
737 2214 101 44 who
873 2213 94 45 will
1001 2229 240 30 encounter
1264 2215 162 45 almost
1450 2231 116 45 any-

195 2290 130 59 thing
364 2290 46 44 in
450 2290 117 44 their
606 2290 195 52 defence,
842 2291 90 44 and
971 2291 117 52 who,
1127 2289 112 47 from
1275 2297 79 39 the
1392 2306 172 30 utmost

195 2365 220 60 timidity,
432 2367 200 43 becomes
646 2365 127 45 fierce
789 2367 89 44 and
894 2367 189 44 reckless
1102 2365 49 46 of
1167 2383 135 45 every
1327 2374 235 53 opponent.

198 2441 44 44 It
267 2441 36 45 is
327 2441 211 61 singular,
563 2442 222 53 however,
810 2442 102 45 that
937 2442 45 45 in
1017 2443 298 45 confinement
1349 2450 77 38 the
1454 2459 107 44 very

196 2532 173 30 reverse
392 2524 117 38 most
531 2516 255 62 frequently
810 2524 127 39 takes
961 2519 122 60 place
1103 2536 13 36 ;
1158 2520 89 44 and
1283 2520 132 44 when
1439 2520 125 44 these

199 2592 190 46 animals
427 2594 129 53 have,
599 2594 112 45 with
751 2601 122 53 great
913 2610 96 30 care
1049 2596 89 44 and
1178 2596 238 54 attention,
1452 2597 107 44 beer.
