1933 3302
213 170 53 38 40

774 171 231 34 Erkrankung
1029 174 60 31 der
1112 175 145 32 Nerven.

215 278 276 51 gesclirunipit
520 279 79 37 imd
629 280 125 51 zeigte
793 280 82 39 sich
905 282 40 38 in
975 283 68 37 der
1073 283 67 38 das
1161 282 209 41 Geschwür
1398 288 265 48 umgebenden
1693 289 131 39 Narbe

215 331 57 38 als
316 332 160 50 zelliger
514 332 156 52 Strang.
744 334 209 40 Innerhalb
985 336 66 38 des
1099 336 249 41 Geschwüres
1387 340 91 38 aber
1516 354 79 24 war
1623 354 74 26 von
1737 343 85 38 der-

215 385 155 47 selben,
416 385 73 38 wie
530 387 99 37 auch
671 401 71 25 von
787 389 67 37 der
885 389 110 38 Vena
1035 390 149 49 cejjhal.
1223 391 113 39 keine
1375 392 101 50 Spur
1514 407 44 24 zu
1600 396 223 38 entdecken.

214 438 222 40 Unterhalb
479 440 67 38 des
584 440 122 40 Ulcus
743 445 149 35 setzten
930 443 81 37 sich
1048 443 113 38 beide
1199 444 56 38 als
1285 446 270 49 geschlossene
1585 447 241 40 Zellstränge

217 493 146 38 wieder
392 493 90 38 fort.

348 547 72 38 Bei
449 560 163 38 grossen
634 547 188 39 Gefdssen
853 547 70 39 sah
952 562 89 25 man
1072 563 72 25 nur
1174 551 110 39 einen
1305 552 113 39 Theil
1438 553 66 38 des
1523 553 192 51 Umfangs
1735 556 91 37 oder

217 601 100 37 auch
348 601 68 37 das
447 600 237 40 Gefässrohr
712 602 110 50 rings
850 602 136 38 herum
1017 604 70 37 auf
1112 609 176 45 grössere
1317 607 93 38 oder
1437 607 171 38 kleinere
1642 607 185 39 Strecken

218 655 232 38 erkranken.
509 655 74 39 Die
604 655 177 52 Blutung
809 656 106 37 kann
936 670 68 24 aus
1024 657 154 38 kleinen
1203 659 92 38 oder
1315 665 202 45 grösseren
1537 660 290 40 Perforationen

218 709 94 38 oder
343 709 122 38 durch
495 709 167 38 Bersten
692 710 67 37 der
789 710 311 50 abgestorbenen
1129 711 152 40 Wände
1312 714 211 38 entstehen.
1580 715 124 37 Dabei
1730 715 96 47 tritt,

217 762 74 39 wie
330 776 41 25 es
415 763 169 46 scheint,
630 763 391 52 Thrombenbildung
1064 764 135 39 vorher
1233 779 70 37 gar
1339 767 107 38 nicht
1485 769 91 37 oder
1605 782 72 24 nur
1705 772 122 34 selten

219 816 74 39 ein.
351 831 36 25 V.
418 816 139 39 Pitha
585 817 110 50 giebt
715 828 65 27 an:
818 817 133 46 „Beim
971 817 307 51 Hospitalbrand
1306 820 92 38 fand
1428 821 59 38 die
1516 821 173 51 Blutung
1709 822 120 38 durch

221 870 225 40 Ulceration
491 871 194 50 gesunder
714 870 199 47 Arterien,
959 873 337 50 gewissermassen
1337 887 72 24 nur
1447 875 119 37 durch
1594 875 235 38 Maceration

220 925 204 38 derselben
446 925 39 37 in
510 925 87 38 dem
614 925 310 51 abgesonderten
942 926 209 50 jauchigen
1164 926 196 39 Exsudate
1380 931 105 43 statt,
1511 929 66 37 das
1593 930 58 36 die
1668 928 75 38 Gef
1747 934 82 32 äss-

223 984 166 34 stämme
411 978 156 39 einfach
588 979 197 38 chemisch
806 979 225 38 aufzulösen
1052 980 143 46 schien,
1227 981 100 38 ohne
1348 981 86 38 dass
1454 982 80 37 sich
1556 982 59 38 die
1635 985 197 48 geringste

222 1032 103 40 Spur
372 1033 192 38 reactiver
614 1033 267 51 Entzündung
930 1033 262 48 (Obturation,
1237 1033 271 40 Obliteration)
1539 1036 37 37 in
1626 1036 205 37 denselben

222 1090 162 36 zeigte."
449 1086 50 39 So
531 1087 204 38 entdeckte
773 1101 41 25 er
852 1087 62 38 bei
953 1087 125 38 einem
1107 1087 84 39 Fall
1225 1102 74 24 von
1330 1089 204 38 tödthcher
1561 1089 174 38 Blutung
1772 1090 61 37 bei

223 1142 68 38 der
322 1140 173 40 Section,
538 1141 88 38 dass
659 1141 104 39 diese
794 1141 119 38 durch
958 1141 60 39 die
1060 1142 139 38 beiden
1228 1141 128 39 Arter.
1401 1143 147 38 articul.
1579 1156 103 38 genu
1719 1143 113 38 infer.

222 1195 221 39 veranlasst
477 1209 82 24 war
596 1197 80 37 und
711 1195 211 39 berichtet,
966 1196 88 38 dass
1090 1196 125 45 „diese
1254 1196 138 38 beiden
1421 1195 161 39 Gefässe
1618 1197 90 37 bald
1734 1196 99 38 nach

223 1250 125 38 ihrem
370 1248 175 52 Abgang
564 1263 76 24 von
663 1250 66 37 der
748 1248 87 39 Art.
866 1249 174 50 poplitea
1068 1249 203 39 innerhalb
1301 1251 66 37 des
1392 1250 160 50 jauchig
1580 1250 254 38 zerflossenen

225 1303 269 39 Zellgewebes
525 1304 51 38 im
608 1303 177 40 Umfang
814 1317 76 24 von
924 1305 143 35 1—2"
1098 1303 199 46 entblösst,
1328 1304 280 50 grauschwarz,
1642 1303 192 45 erweicht,

224 1358 183 38 förmlich
429 1357 183 39 macerirt
626 1359 79 37 und
727 1372 49 24 an
796 1357 205 39 mehreren
1022 1356 147 40 Stellen
1189 1360 166 35 zerstört
1371 1371 140 24 waren,
1535 1357 98 38 ohne
1654 1357 184 38 übrigens

226 1412 85 39 eine
341 1411 256 39 Abnormität
626 1412 104 38 ihres
760 1412 171 38 Lumens
969 1425 46 24 zu
1053 1411 170 38 zeigen."
1266 1411 209 38 Fischer
1505 1410 172 39 erwähnt
1709 1410 127 39 indess

227 1467 100 38 auch
358 1466 112 38 einen
491 1466 99 38 Fall,
622 1467 40 37 in
693 1466 189 38 welchem
904 1465 241 38 Thrombose
1174 1466 78 37 und
1275 1464 183 39 Gangrän
1487 1465 65 38 des
1571 1464 140 38 Fusses
1741 1464 97 37 nach

227 1520 312 40 Hospitalbrand
570 1523 202 36 eintraten.

367 1619 61 31 Bei
455 1620 95 29 einer
573 1618 209 40 72jähr)gen
807 1618 87 30 Frau
919 1618 119 31 wurde
1069 1620 54 29 ein
1147 1617 102 31 Ulcus
1275 1617 105 30 cruris
1404 1626 66 20 -von
1494 1615 265 32 Hospitalbrand
1783 1615 52 29 be-

229 1663 120 31 fallen,
374 1662 149 32 welcher
547 1661 81 31 bald
654 1661 170 31 zwischen
850 1661 56 31 die
930 1662 157 30 Muskeln
1112 1661 119 40 drang,
1256 1660 63 30 den
1344 1659 267 31 Unterschenkel
1636 1658 203 39 ringförmig

228 1707 146 41 umgab,
408 1714 67 22 von
501 1705 60 31 der
584 1705 97 30 Mitte
706 1705 180 30 desselben
914 1705 53 31 bis
997 1715 76 20 zum
1099 1703 268 32 Chopartischen
1393 1702 126 31 Gelenk
1551 1702 71 30 sich
1647 1703 191 34 erstreckte,

229 1750 56 31 die
313 1750 101 30 Tibia
432 1749 200 30 entblösste,
656 1748 93 31 diese
772 1748 71 30 und
868 1748 54 30 die
940 1748 134 31 Sehnen
1091 1756 230 22 nekrotisirte,
1344 1746 121 30 Fibula
1481 1745 68 31 und
1566 1745 103 30 Talus
1685 1743 154 40 freilegte

230 1793 73 31 und
329 1794 60 30 das
416 1792 210 31 Fussgelenk
653 1793 173 29 eröffnete.
859 1791 99 31 Dann
983 1794 68 28 trat
1074 1790 161 41 plötzlich
1254 1789 218 40 Kältegefühl
1496 1790 46 29 im
1567 1788 103 30 Fusse
1694 1787 68 38 auf,
1785 1786 54 30 die

231 1837 115 31 Zehen
370 1845 144 22 wurden
540 1835 93 31 blau,
658 1835 61 31 der
741 1835 86 30 Fuss
852 1835 94 30 starb
971 1836 53 29 ab.
1070 1835 135 30 Patient
1229 1842 93 21 erlag
1345 1832 80 31 bald
1450 1832 59 30 der
1532 1830 199 31 Krankheit.
1777 1829 62 30 Die

231 1880 138 32 Section
393 1880 116 39 ergab,
534 1878 78 31 dass
637 1879 55 30 die
715 1878 139 31 Arteria
876 1879 60 30 tib.
960 1880 113 28 antica
1095 1887 64 20 wie
1183 1878 62 29 frei
1262 1877 169 39 präparirt
1446 1877 46 28 im
1508 1872 331 41 Geschwürsgrunde

229 1925 69 40 lag.
343 1923 71 31 Das
445 1922 158 31 ziemlich
627 1922 94 30 stark
747 1922 228 30 sklerotisirte
1006 1921 119 31 Gefäss
1149 1929 71 21 war
1248 1920 36 29 in
1315 1919 59 30 der
1403 1927 127 32 ganzen
1561 1926 142 21 unteren
1728 1915 112 31 Hälfte

229 1967 111 31 durch
363 1976 101 21 einen
487 1966 195 31 Thrombus
705 1965 249 31 verschlossen.

363 2053 103 39 Dass
495 2051 64 40 bei
589 2051 144 38 diesem
763 2050 88 39 Fall
871 2050 241 38 Thrombose
1146 2049 78 37 und
1246 2046 181 52 Gangrän
1461 2048 189 35 eintraten
1679 2044 49 37 ist
1751 2055 92 25 aber

233 2108 106 41 wohl
366 2106 110 40 nicht
504 2106 117 39 allein
649 2105 72 38 auf
744 2104 220 39 Rechnung
993 2104 66 37 des
1089 2101 347 40 Hospitalbrandes
1465 2113 45 24 zu
1539 2102 141 36 setzen.

609 2241 30 33 1.
664 2237 546 44 Hospitalbranderkrankung
1235 2236 66 31 der
1325 2235 158 31 Nerven.

367 2339 98 39 Was
502 2338 60 39 die
591 2336 259 39 Einwirkung
888 2333 67 38 der
983 2330 221 40 Krankheit
1241 2329 70 38 auf
1342 2328 59 37 die
1429 2325 156 39 Nerven
1613 2322 156 45 betrifft,
1801 2335 42 24 so

236 2409 84 25 sind
353 2394 60 38 die
444 2391 191 40 örtlichen
664 2403 168 26 stetigen
863 2387 230 39 Schmerzen
1122 2385 40 37 in
1191 2384 67 37 der
1286 2377 383 54 hospitalbrandigen
1690 2376 153 38 Wunde

237 2450 177 38 offenbar
443 2447 120 38 schon
595 2446 61 38 ein
686 2445 205 50 Symptom
921 2454 105 26 einer
1055 2439 169 38 directen
1253 2435 256 49 Einwirkung
1539 2433 66 37 der
1629 2430 216 38 Krankheit

237 2504 71 39 auf
335 2503 60 39 die
424 2500 380 40 Nervenendungen.
865 2496 73 38 Die
967 2494 176 39 Autoren
1173 2491 193 39 schildern
1402 2489 101 38 diese
1533 2485 228 40 Schmerzen
1789 2496 56 24 als

239 2558 90 39 sehr
359 2556 179 52 quälend.
599 2553 61 39 Gr
670 2553 56 38 oh
756 2550 159 40 erzählt,
958 2549 87 38 dass
1074 2548 67 37 der
1170 2545 140 39 stetige
1341 2542 178 39 Schmerz
1548 2551 161 26 manche
1738 2537 104 37 Indi-

238 2613 141 38 viduen
410 2623 42 26 so
484 2607 249 52 empfindlich
762 2607 164 36 machte,
960 2604 87 37 dass
1077 2614 54 25 sie
1161 2600 118 38 schon
1308 2597 63 38 bei
1400 2597 66 36 der
1494 2593 265 48 Annäherung
1780 2591 64 37 des

239 2666 140 40 Arztes
411 2667 178 36 zitterten
619 2661 79 38 und
727 2660 64 37 bei
821 2660 66 37 der
917 2669 283 27 schonendsten
1228 2652 232 47 Berührung
1493 2648 67 37 der
1587 2645 156 39 Wunde
1771 2656 74 25 von

240 2720 219 40 Krämpfen
486 2717 170 39 befallen
676 2726 170 27 wurden.
904 2711 114 39 Auch
1046 2708 193 40 Fischer
1268 2704 200 44 berichtet,
1499 2702 85 37 dass
1615 2700 66 37 der
1709 2711 135 25 anhal-

241 2776 115 38 tende
395 2773 184 39 Schmerz
618 2771 60 37 die
717 2767 188 39 Kranken
938 2778 65 25 um
1042 2762 137 40 Schlaf
1208 2761 77 37 und
1314 2757 109 39 Ruhe
1452 2754 175 45 brachte,
1670 2753 85 37 dass
1785 2752 60 35 die

243 2830 156 38 leiseste
428 2826 236 40 Berührung
694 2821 209 39 denselben
932 2818 202 39 furchtbar
1164 2827 197 38 steigerte,
1392 2810 99 38 noch
1520 2807 109 39 mehr
1659 2820 57 24 ein
1747 2805 97 37 Ver-

242 2885 105 38 band
375 2885 73 36 mit
475 2880 203 39 reizenden
702 2875 239 40 Substanzen
971 2885 92 26 oder
1093 2883 83 26 eine
1195 2868 156 39 forcirte
1370 2864 222 50 Reinigung
1612 2862 66 36 der
1697 2862 148 33 Wund-

243 2938 144 45 fläche;
417 2934 191 41 Krämpfe
636 2933 108 37 hatte
775 2942 41 25 er
846 2926 112 40 dabei
987 2927 108 37 nicht
1123 2935 179 40 gesehen.
1359 2916 199 40 Während
1596 2915 59 37 die
1685 2924 161 26 meisten

244 2990 178 41 Autoren
453 3001 190 39 angeben,
682 2986 88 37 dass
807 2982 60 38 die
905 2993 216 26 spontanen
1151 2976 229 39 Schmerzen
1409 2973 73 36 den
1511 2981 146 39 ganzen
1691 2970 153 34 Verlaut
