1817 3171
242 267 88 40 144

810 275 216 33 BABOONS.

239 402 240 61 limilarity
507 401 52 47 of
587 408 78 39 the
695 417 141 45 upper
874 401 218 62 covering,
1133 408 79 39 the
1249 403 140 47 white
1427 408 177 55 cheeks,

239 480 89 46 and
357 479 165 46 frontal
550 480 137 53 hand,
712 478 124 62 place
859 477 37 47 it
920 478 114 46 close
1057 484 47 41 to
1126 484 128 41 those
1285 496 70 31 we
1377 482 117 48 have
1506 483 99 63 just

239 572 104 30 now
367 556 240 46 described.

304 633 90 46 We
427 649 132 30 again
580 632 115 47 refer
716 639 46 40 to
786 648 80 31 our
887 631 216 63 Synopsis
1126 631 66 47 for
1214 648 59 30 an
1297 636 311 47 enumeration

237 709 51 47 of
311 717 79 39 the
424 711 127 45 other
578 709 241 55 Cercocehi,
856 710 91 45 and
978 709 96 46 will
1107 726 103 30 now
1232 712 186 60 proceed
1451 719 46 41 to
1530 714 79 45 the

239 793 111 40 next
373 786 150 56 forms,
548 786 149 47 which
721 785 94 48 will
838 801 254 32 commence

714 1029 110 38 THE
858 1028 267 41 BABOONS.

303 1174 91 46 We
419 1173 118 46 have
570 1188 104 32 now
706 1172 189 47 reached
928 1173 127 45 these
1086 1172 134 46 forms
1244 1173 150 47 which
1417 1182 191 40 conduct

235 1249 116 47 from
373 1266 222 31 monkeys
618 1249 52 47 of
683 1265 202 46 pleasing
908 1265 274 46 appearance
1200 1250 90 46 and
1312 1257 149 55 gentle
1476 1268 133 29 man-

238 1343 115 39 ners,
378 1333 47 41 to
447 1333 79 41 the
540 1334 118 39 most
676 1327 250 62 disgusting
943 1326 51 46 of
1007 1333 79 39 the
1110 1326 145 47 whole
1277 1328 129 45 tribe.
1477 1329 132 62 They

239 1420 109 46 may
366 1406 55 44 be
443 1405 229 61 generally
690 1404 262 46 designated
968 1403 143 46 under
1126 1404 77 45 the
1217 1403 103 47 title
1338 1404 50 46 of
1396 1406 210 54 baboons,

237 1483 84 44 but
344 1483 231 60 naturally
598 1481 113 46 form
733 1481 272 46 themselves
1027 1480 96 47 into
1147 1486 91 41 two
1256 1483 353 60 groups—those

239 1558 115 46 with
398 1565 79 39 the
520 1574 180 30 muzzle
745 1558 93 46 still
881 1573 122 30 more
1052 1558 274 61 lengthened
1369 1565 116 39 than
1528 1560 80 45 the

239 1635 229 55 Guenons,
493 1637 83 45 but
598 1635 169 61 having
788 1641 79 39 the
889 1634 179 46 nostrils
1090 1635 158 61 placed
1271 1650 48 30 as
1351 1634 36 46 it
1411 1650 118 32 were
1553 1651 56 31 on

236 1713 79 46 the
333 1712 123 54 face;
482 1727 27 31 a
530 1713 121 60 body
669 1711 50 47 of
734 1711 297 46 considerable
1049 1727 89 30 size
1162 1712 91 45 and
1275 1727 218 47 strength,
1519 1714 90 45 and

241 1795 79 41 the
342 1789 83 47 tail
449 1789 200 54 shorter;
673 1789 80 45 the
772 1787 281 62 dispositions
1075 1789 232 61 becoming
1328 1804 121 31 more
1473 1791 136 62 sulky

240 1867 91 45 and
353 1866 296 54 untractable,
674 1864 169 46 furious
867 1865 90 45 and
978 1864 272 63 revengeful,
1277 1882 133 30 when
1434 1882 174 46 annoy-

239 1943 99 46 ed.*
397 1944 98 45 The
524 1958 174 39 second,
724 1941 246 47 comprised
998 1941 49 47 in
1073 1948 80 40 the
1183 1948 101 41 true
1312 1943 299 61 Cynocephali

239 2020 51 46 of
304 2020 180 54 Cuvier,
510 2020 91 45 and
623 2019 149 46 which
795 2035 73 29 are
893 2025 47 39 at
964 2034 106 31 once
1094 2020 323 46 characterised
1446 2022 62 60 by
1533 2021 77 46 the

237 2093 193 65 position
464 2095 51 48 of
539 2103 79 39 the
655 2095 179 46 nostrils
858 2102 47 39 at
943 2102 80 40 the
1046 2112 112 46 very
1188 2103 247 56 extremity
1458 2096 50 48 of
1532 2097 78 46 the

239 2174 190 45 muzzle.
504 2173 138 45 Their
657 2172 89 46 size
761 2172 37 46 is
816 2189 110 45 very
942 2173 150 62 large;
1117 2174 118 45 their
1258 2174 200 46 strength
1483 2189 126 31 enor-

239 2265 160 38 mous;
447 2249 119 46 their
598 2249 283 61 dispositions
920 2265 248 47 possessing
1207 2251 193 61 scarcely
1434 2265 26 31 a
1497 2251 112 60 good

241 2326 194 60 q^uality,
476 2326 91 45 and
602 2325 253 62 combining
891 2332 125 55 great
1051 2325 230 48 fierceness
1321 2327 89 46 and
1447 2325 161 63 malig-

167 2439 13 14 ,
242 2401 119 64 nity,
380 2402 168 57 which,
566 2402 156 62 joined
745 2402 113 47 with
891 2404 119 45 their
1033 2410 216 56 strength,
1280 2404 176 46 renders
1481 2403 126 47 them

494 2546 80 39 The
592 2545 161 42 vignette
773 2548 76 38 will
867 2561 81 36 give
967 2561 47 24 an
1031 2550 81 35 idea
1131 2549 40 36 of
1187 2548 69 37 this
1275 2548 106 37 form.
