2125 3612
195 269 267 35 LARYNGEAL
494 267 228 33 TROUBLES
755 266 48 31 IN
837 266 331 33 PROFESSIONAL
1200 263 212 36 VOICE-US
1418 263 23 33 IS
1446 262 59 35 KS.
1623 251 55 43 67

23 391 123 43 cords
171 405 110 29 were
316 405 55 27 no
405 390 151 54 longer
590 387 332 56 approximated
955 387 124 56 quite
1112 400 47 28 so
1193 384 164 56 closely
1379 398 47 28 as
1461 384 107 55 they
1590 382 87 43 had

22 461 107 43 been
154 463 146 41 before
322 461 74 43 the
419 461 172 56 patient
613 473 116 28 sang.
795 458 55 41 In
873 457 60 43 all
957 458 73 42 the
1050 457 126 42 other
1197 469 121 29 cases
1336 455 76 43 the
1430 460 246 50 symptoms

23 545 108 29 were
174 546 161 28 closely
373 531 167 43 similar
582 535 44 37 to
669 530 75 41 the
787 529 147 42 above.
998 529 91 41 The
1128 527 186 43 teacher,
1352 526 68 42 for
1462 524 216 51 example,

23 586 107 60 kfter
152 604 213 55 speaking
388 604 66 40 for
485 603 135 41 about
652 615 56 28 an
741 601 111 42 hour
874 601 87 42 and
983 615 26 28 a
1039 600 107 51 half,
1169 598 137 44 found
1332 598 97 42 that
1451 597 79 42 her
1553 596 122 42 voice

21 670 173 60 (jecame
232 674 208 57 fatigued,
474 674 86 42 and
598 679 98 36 that
733 672 77 43 she
845 672 130 43 could
1009 678 79 36 not
1122 670 185 58 proceed
1334 668 182 44 further.
1581 668 91 42 The

20 745 204 67 preacher
246 746 137 42 found
407 752 96 36 that
525 745 68 42 his
628 758 121 28 voice
773 743 132 43 failed
929 744 87 43 and
1039 742 287 57 disappeared
1350 742 46 41 in
1419 740 75 42 the
1522 753 152 28 course

21 817 41 57 pf
84 817 74 42 the
181 818 176 42 service.
416 818 108 42 Like
548 817 75 42 the
646 816 124 43 other
793 817 206 54 patients,
1021 817 49 41 he
1092 816 88 42 had
1202 831 28 26 a
1249 814 183 57 painful
1444 813 166 56 feeling
1632 813 50 54 of

20 880 160 63 'fatigue
215 889 44 41 in
295 889 73 42 the
403 894 155 47 throat,
582 887 203 44 followed
809 888 57 56 by
890 888 269 57 progressive
1182 887 156 43 failure
1361 886 44 43 of
1436 885 71 43 his
1540 898 134 35 voice,

19 974 42 28 bo
85 960 96 42 that
213 975 116 28 more
363 961 85 42 and
484 975 116 29 more
634 962 125 42 effort
791 975 89 29 was
912 961 202 43 required
1149 966 44 36 to
1225 960 130 42 bring
1386 959 36 42 it
1453 965 101 45 out;
1586 956 88 44 and

18 1035 42 37 at
81 1030 166 57 length,
270 1032 162 42 bathed
449 1033 46 41 in
520 1034 293 54 perspiration
833 1034 110 41 from
968 1033 68 41 his
1059 1032 234 42 exertions,
1309 1031 55 42 he
1391 1044 85 28 was
1499 1028 174 57 obliged

19 1100 40 46 to
81 1103 127 57 bring
230 1104 75 43 the
329 1105 165 43 service
529 1111 45 37 to
597 1120 25 28 a
644 1106 125 43 close.
834 1106 55 41 In
912 1105 59 42 all
1006 1105 125 42 other
1152 1107 208 53 respects,
1381 1102 75 42 the
1479 1107 193 51 patients

20 1190 106 29 u'ere
149 1177 47 41 in
229 1177 110 55 good
374 1177 164 43 health,
565 1178 86 42 and
686 1178 86 42 had
807 1192 56 28 no
899 1176 185 43 trouble,
1107 1190 110 28 even
1251 1175 108 42 with
1397 1175 71 42 the
1502 1174 171 51 larynx,

18 1255 153 36 except
194 1250 128 41 when
347 1250 104 56 they
476 1265 109 27 were
608 1251 130 41 using
760 1251 36 41 it
818 1249 349 56 professionally.

74 1319 189 45 Frankel
287 1322 177 41 devotes
481 1336 120 28 some
624 1336 128 28 space
769 1326 44 38 to
833 1321 73 42 the
930 1320 323 43 consideration
1273 1319 44 42 of
1340 1319 75 42 the
1436 1324 235 37 treatment

19 1393 41 42 }f
78 1393 108 42 such
209 1407 129 28 cases.
402 1393 71 43 He
497 1394 143 42 shows
665 1399 96 36 that
787 1393 195 42 hitherto
1006 1392 74 42 the
1104 1396 239 38 treatment
1366 1391 47 42 of
1432 1390 240 43 confirmed

19 1478 112 29 2ases
163 1464 78 43 has
276 1465 108 42 been
419 1480 104 41 very
557 1465 354 56 disappointing;
958 1464 87 42 and
1078 1463 53 43 he
1165 1463 195 43 reminds
1394 1463 68 42 his
1500 1462 174 43 readers

18 1536 89 42 shat
150 1536 73 43 the
268 1551 117 28 same
430 1551 101 41 may
574 1537 53 42 be
670 1537 96 42 said
807 1536 231 57 regarding
1081 1536 75 42 the
1200 1540 240 38 treatment
1483 1535 44 42 of
1570 1549 102 28 con-

14 1608 147 55 jinned
185 1608 199 43 Writer's
409 1610 173 54 Cramp.
648 1609 78 51 As,
744 1609 215 42 however,
981 1608 47 42 in
1044 1612 152 38 recent
1216 1622 138 41 years,
1373 1607 300 43 considerable

17 1680 163 42 iuccess
204 1680 77 43 has
315 1681 109 42 been
458 1681 209 42 obtained
699 1681 46 41 in
769 1681 75 42 the
868 1685 238 38 treatment
1129 1680 45 42 of
1202 1680 202 42 Writer's
1429 1679 162 56 Cramp
1615 1680 58 56 by

17 1743 66 71 [he
123 1767 75 28 use
233 1753 45 42 of
319 1753 216 55 Massage,
572 1753 56 43 he
665 1752 91 43 has,
794 1752 46 43 in
883 1767 83 28 one
1005 1767 109 28 case,
1153 1752 113 43 tried
1305 1752 89 43 this
1434 1757 240 38 treatment

28 1838 47 29 or
113 1825 164 56 fatigue
315 1826 197 42 neurosis
555 1826 48 41 of
643 1826 74 42 the
755 1826 170 56 larynx.
1007 1825 92 42 The
1137 1832 138 36 result
1314 1824 53 43 he
1405 1825 177 56 regards
1627 1840 46 27 as

16 1886 296 69 Encouraging.
379 1897 247 57 Anointing
658 1898 75 42 the
767 1897 147 42 throat
937 1897 45 42 of
1015 1897 75 43 the
1112 1898 174 54 patient
1313 1897 109 42 with
1445 1897 229 51 Lanoline,

20 1982 46 29 le
87 1969 177 42 stroked
297 1969 108 42 with
443 1970 75 41 the
552 1970 160 55 fingers
745 1970 75 42 the
854 1970 102 42 skin
988 1983 58 28 on
1079 1969 107 42 each
1209 1969 93 43 side
1325 1970 48 41 of
1402 1969 76 43 the
1501 1970 171 51 larynx,

19 2041 120 42 ilong
162 2041 75 42 the
260 2041 192 42 anterior
475 2041 178 43 borders
675 2042 44 41 of
751 2041 76 42 the
859 2041 404 43 Sterno-mastoids,
1286 2041 114 43 from
1424 2041 74 43 the
1522 2042 150 43 angles

22 2114 37 41 )f
77 2114 75 43 the
182 2116 87 53 jaw
305 2114 283 43 downwards.
652 2114 64 42 At
748 2114 106 43 each
877 2115 156 56 sitting
1055 2115 56 43 he
1144 2115 127 42 made
1294 2115 117 43 forty
1435 2131 48 27 or
1505 2117 101 56 fifty
1629 2118 47 41 of

19 2187 101 42 6uch
153 2187 251 42 downward
438 2187 248 56 strokings;
718 2187 99 42 and,
840 2192 46 37 at
908 2187 75 43 the
1016 2201 120 29 same
1159 2187 169 57 sitting,
1352 2192 75 38 ten
1449 2202 47 29 or
1518 2189 153 43 fifteen

34 2270 223 29 ransverse
280 2257 221 56 strokings
524 2271 103 29 over
649 2257 75 42 the
748 2257 152 56 Hyoid
923 2257 123 44 bone.
1112 2258 332 56 Improvement
1469 2259 203 45 followed

31 2343 28 27 n
82 2342 25 28 a
131 2328 81 43 few
236 2329 127 56 days;
385 2329 98 52 and,
501 2329 214 57 although
738 2329 75 43 the
836 2329 121 56 lapse
981 2330 46 42 of
1048 2330 106 42 time
1178 2344 88 28 was
1290 2335 78 37 not
1390 2332 222 43 sufficient
1630 2339 43 37 to

20 2400 144 43 mable
199 2401 90 42 him
326 2408 44 35 to
394 2415 76 42 say
495 2402 99 42 that
625 2416 25 28 a
682 2409 263 49 permanent
978 2417 102 28 cure
1113 2403 87 42 had
1234 2403 109 43 been
1377 2404 196 53 effected,
1597 2405 76 44 the

17 2473 164 56 patient
202 2473 87 42 had
313 2473 176 43 become
513 2473 98 43 able
635 2479 46 37 to
703 2474 99 42 sing
824 2474 67 42 for
913 2474 96 42 half
1027 2489 57 27 an
1106 2474 112 43 hour
1240 2489 49 28 or
1313 2490 128 28 more.

70 2546 138 42 These
251 2560 118 29 cases
407 2546 48 43 of
488 2546 230 43 Frankel's
753 2561 102 42 may
887 2547 54 43 be
973 2547 212 56 regarded
1222 2561 47 29 as
1308 2548 168 52 typical
1515 2549 45 42 of
1599 2550 74 43 the

17 2618 162 56 variety
219 2618 47 42 of
306 2618 164 57 fatigue
510 2620 198 41 neurosis
747 2619 143 42 which
930 2619 285 43 corresponds
1254 2626 44 36 to
1336 2620 76 42 the
1451 2620 223 44 Paralytic

19 2690 173 55 Variety
222 2692 46 41 of
296 2691 201 43 Writer's
531 2691 171 43 Cramp.
766 2692 64 42 As
864 2692 78 42 has
976 2691 177 44 already
1187 2692 110 43 been
1330 2693 244 52 remarked,
1599 2694 75 42 the

28 2777 151 41 arynx,
215 2763 44 41 in
297 2763 120 43 these
453 2778 131 36 cases,
619 2763 165 57 always
822 2764 248 55 performed
1103 2765 58 42 its
1197 2765 222 42 functions
1452 2766 219 55 normally

18 2842 148 37 except
189 2835 126 43 when
336 2836 137 42 called
500 2851 116 40 upon
637 2843 43 35 to
703 2836 54 42 do
780 2837 290 56 professional
1095 2837 129 42 work.
1289 2837 140 43 There
1452 2852 72 28 are
1547 2838 127 43 other

17 2918 125 39 tases,
157 2906 211 44 however,
385 2908 43 41 in
450 2908 141 42 which
611 2923 25 28 a
654 2909 286 42 break-down
961 2909 229 54 occurring
1209 2908 159 57 during
1385 2911 288 54 professional

18 2979 189 42 Bxertion
233 2980 211 54 produces
468 2995 24 27 a
515 2980 256 43 hoarseness
795 2995 47 28 or
875 2981 192 42 aphonia
1091 2981 99 42 that
1213 2981 192 42 remains
1429 2982 67 41 for
1529 2983 145 41 weeks

19 3061 41 31 :>r
99 3051 189 52 months,
325 3051 199 58 showing
567 3053 121 42 itself
732 3068 110 27 even
888 3054 43 41 in
972 3053 207 42 ordinary
1220 3053 319 42 conversation.
1605 3053 71 43 Sir

19 3120 155 45 Morell
214 3123 259 44 Mackenzie
512 3125 173 43 records
723 3125 168 43 several
931 3125 262 42 interesting
1235 3138 120 29 cases
1391 3126 46 40 of
1478 3124 89 42 this
1602 3123 73 43 de-
