2107 3450
316 130 192 31 DEFECTS
542 128 53 32 OF
628 127 164 31 SPEECH
829 127 45 30 IN
909 127 148 30 IDIOTS
1090 126 92 31 AND
1217 124 247 32 IMBECILES.

66 249 90 42 find
210 249 45 44 in
308 250 122 42 these
473 262 123 29 notes
640 247 56 43 all
744 247 72 42 the
861 247 297 55 peculiarities
1201 245 48 42 of
1298 243 207 42 infantile
1559 241 158 42 speech

65 321 266 55 reproduced
348 336 9 38 ;
388 320 83 43 and
497 319 73 43 the
588 333 120 29 cases
727 318 90 42 will
841 322 225 52 represent
1084 331 143 41 stages
1246 316 45 41 in
1311 315 75 41 the
1405 312 312 56 development

63 393 48 40 of
137 407 23 27 a
183 392 168 42 normal
384 391 130 52 child,
537 391 232 54 mounting
803 389 201 42 upwards
1038 389 110 41 from
1184 387 97 42 that
1315 385 108 42 total
1456 398 186 28 absence
1675 382 46 44 of

62 463 166 42 faculty
254 463 141 41 which
418 463 37 41 is
479 476 155 42 proper
656 467 43 37 to
724 462 73 42 the
821 460 119 43 child
965 460 144 56 newly
1132 460 120 49 born,
1277 464 43 36 to
1343 471 25 29 a
1394 455 115 44 level
1542 459 78 37 not
1654 454 64 42 far

61 534 201 42 removed
297 535 108 41 from
441 534 73 43 the
547 533 272 43 intellectual
859 538 200 50 capacity
1093 531 86 43 and
1218 543 326 44 speech-power
1583 528 44 39 of
1662 541 56 27 an

62 606 203 41 ordinary
288 605 134 42 adult.
487 606 127 40 Some
638 605 44 41 of
715 604 73 43 the
812 618 119 29 cases
966 610 43 36 to
1033 604 53 42 be
1119 602 225 44 described
1379 615 112 28 were
1524 614 101 28 seen
1661 598 57 56 by

62 689 67 29 me
164 682 41 35 at
241 676 74 42 the
348 675 304 59 Morningside
686 676 201 42 Asylum.
952 676 84 42 For
1068 679 323 53 opportunities
1424 672 44 43 of
1506 670 212 53 studying

61 748 134 42 these,
219 748 21 41 I
263 748 111 42 have
398 754 43 36 to
466 748 138 42 thank
627 749 66 41 Dr
720 748 223 43 Clouston.
1009 748 55 42 In
1098 747 181 42 making
1302 752 123 36 notes
1459 745 48 42 of
1537 743 133 50 them,
1696 742 21 41 I

62 833 86 28 was
171 819 157 56 kindly
351 820 127 42 aided
502 821 56 42 by
581 835 82 28 one
685 820 48 43 of
762 820 68 43 his
854 826 244 37 assistants,
1118 820 67 42 Dr
1207 818 283 51 Middlemas,
1510 814 209 56 formerly

66 904 71 29 my
162 905 95 28 own
282 892 401 56 house-physician.
749 893 128 43 Some
901 893 47 43 of
976 892 75 43 the
1084 892 125 43 other
1242 905 118 29 cases
1397 905 111 28 were
1542 887 174 44 studied

60 963 58 55 by
161 977 70 29 me
272 970 46 36 at
359 964 76 43 the
475 965 212 42 National
732 965 263 42 Institution
1038 965 66 41 for
1147 963 212 43 Imbecile
1405 961 212 44 Children
1672 967 45 34 at

61 1035 210 54 Larbert;
302 1036 86 43 and
411 1037 65 42 for
498 1037 75 43 the
595 1037 211 56 privilege
829 1037 48 42 of
894 1037 182 55 making
1099 1050 125 28 notes
1255 1036 47 42 of
1332 1036 134 50 these,
1490 1035 21 41 I
1536 1034 112 41 have
1673 1036 44 38 to

62 1106 141 43 thank
227 1108 65 41 Dr
315 1108 140 43 Leslie
478 1109 44 41 of
549 1109 193 42 Falkirk,
767 1109 73 42 the
862 1109 197 55 Visiting
1082 1107 252 57 Physician,
1355 1107 86 41 and
1465 1106 74 41 Mr
1562 1105 156 51 Skene,

63 1178 75 41 the
173 1178 213 43 Eesident
408 1179 383 55 Superintendent.
855 1179 81 56 My
961 1179 161 42 former
1150 1178 402 55 house-physician,
1576 1177 66 41 Dr
1664 1177 52 41 A.

67 1248 36 44 S.
137 1251 194 51 Duncan,
354 1251 184 42 assisted
561 1266 69 26 me
653 1252 45 40 in
722 1251 156 56 taking
909 1256 126 37 notes
1068 1251 44 41 of
1144 1250 75 42 the
1253 1250 184 41 Larbert
1468 1263 129 28 cases.
1664 1249 54 40 In

62 1322 72 41 all,
168 1322 22 40 I
225 1322 109 42 have
369 1322 144 42 before
547 1337 69 27 me
638 1328 124 36 notes
785 1322 45 42 of
861 1322 136 42 about
1028 1325 170 39 twenty
1222 1320 192 43 selected
1438 1334 130 36 cases,
1592 1320 59 41 all
1675 1322 47 39 of

64 1393 143 42 which
245 1399 178 49 present
459 1393 146 56 points
639 1394 44 41 of
715 1393 162 42 special
915 1393 214 42 interest;
1170 1393 82 42 but
1284 1392 349 42 considerations
1677 1393 46 40 of

62 1479 127 27 space
221 1464 143 42 forbid
402 1479 69 28 me
509 1470 45 37 to
591 1465 136 42 insert
764 1479 119 28 more
928 1465 107 42 than
1068 1479 24 28 a
1125 1465 174 42 limited
1332 1464 188 42 number
1555 1464 44 42 of
1645 1463 74 43 the

60 1550 130 28 cases.
256 1537 350 42 Unfortunately
639 1537 23 41 I
695 1537 123 51 have,
851 1551 159 42 among
1052 1537 136 42 them,
1220 1551 57 27 no
1316 1536 204 43 example
1560 1536 48 42 of
1644 1535 75 43 the

59 1622 105 42 very
197 1608 154 43 lowest
382 1609 137 42 depth
551 1609 44 42 of
628 1609 155 42 idiocy.
847 1609 61 42 To
932 1609 163 56 supply
1120 1610 89 41 this
1232 1608 156 43 defect,
1414 1609 22 41 I
1461 1608 114 43 shall
1607 1622 112 42 give,

61 1695 47 28 as
130 1680 75 43 the
224 1681 93 42 first
339 1695 109 29 case,
466 1696 24 27 a
512 1681 116 42 brief
646 1686 102 37 note
766 1696 46 28 as
836 1687 44 37 to
903 1682 108 42 such
1027 1696 24 28 a
1067 1686 175 52 patient
1264 1681 226 43 extracted
1511 1681 107 42 from
1645 1681 74 42 the

62 1753 201 42 valuable
288 1753 120 42 work
430 1754 47 42 of
496 1754 66 42 Dr
584 1753 187 43 Ireland.
836 1754 90 42 The
957 1759 90 37 rest
1080 1754 48 42 of
1156 1754 76 42 the
1265 1767 121 29 cases
1412 1753 89 42 will
1534 1753 51 43 be
1610 1754 106 41 from

65 1839 74 41 my
163 1839 95 27 own
284 1830 136 38 notes.

128 1968 120 44 Case
279 1969 186 55 I.—{Dr
506 1969 188 53 Ireland,
721 1986 45 40 p.
791 1971 116 56 267.)
973 1972 269 42 Intelligence
1276 1972 90 42 and
1399 1971 150 43 Speech
1583 1972 141 41 nil.—

61 2045 21 16 "
104 2042 21 41 I
166 2041 111 43 have
321 2055 102 29 seen
466 2056 56 27 an
564 2042 112 42 idiot
717 2057 133 28 seven
892 2058 127 41 years
1063 2043 73 43 old
1182 2043 95 43 who
1322 2044 105 56 only
1471 2043 251 43 swallowed

63 2114 102 42 food
189 2115 126 42 when
337 2114 153 56 placed
528 2129 55 27 on
607 2114 75 43 the
704 2115 112 42 back
852 2115 44 42 of
932 2116 74 42 the
1030 2122 162 36 tongue
1216 2116 159 42 within
1399 2116 129 42 reach
1567 2117 47 41 of
1649 2115 74 43 the

61 2186 133 42 reflex
228 2186 167 42 actions
428 2186 48 42 of
504 2186 75 43 the
612 2186 221 57 Pharynx.
898 2188 72 43 He
995 2203 87 27 was
1104 2188 110 56 kept
1246 2189 90 41 tied
1371 2189 45 41 in
1441 2203 25 28 a
1489 2189 132 50 chair,
1645 2188 78 51 for,

60 2257 212 57 although
305 2258 162 43 unable
501 2263 43 38 to
569 2259 153 57 design
745 2274 87 42 any
857 2261 178 51 motion,
1060 2260 55 43 he
1139 2261 146 42 would
1318 2261 253 43 sometimes
1597 2260 127 43 make

58 2329 285 58 involuntary
367 2330 182 53 bounds,
574 2331 143 42 which
743 2332 144 42 would
911 2332 139 43 throw
1074 2332 93 42 him
1191 2348 56 27 on
1271 2333 74 43 the
1369 2334 141 42 floor."

122 2476 119 43 Case
264 2475 322 58 II.—[Larbert
607 2477 289 57 Institution.)
942 2478 111 43 Only
1070 2493 74 28 one
1161 2479 117 42 word
1295 2494 261 28 understood.
1611 2479 113 43 Bab-

61 2548 236 55 bling.—A
333 2548 72 43 lad
444 2550 47 41 of
524 2549 218 56 eighteen,
777 2550 174 43 slender
982 2551 88 42 and
1103 2551 150 44 rather
1287 2551 146 55 short;
1471 2554 254 55 constantly

62 2620 193 57 walking
286 2621 135 43 about
462 2621 46 42 in
544 2621 252 56 shambling
829 2622 171 43 fashion
1037 2623 110 43 with
1180 2623 113 44 head
1326 2625 133 43 much
1495 2626 107 42 bent
1640 2627 85 41 for-

64 2692 164 54 wards;
270 2692 164 57 always
469 2693 182 57 smiling
685 2694 87 42 and
810 2694 213 58 laughing
1058 2696 170 56 quietly
1266 2705 44 34 to
1346 2697 184 43 himself
1560 2698 87 42 and
1683 2704 43 37 to

62 2764 159 44 others.
283 2765 148 43 Never
453 2766 110 43 cries
582 2780 79 28 nor
683 2766 130 43 sheds
836 2772 140 49 tears;
1009 2783 136 28 never
1168 2768 204 55 blushes;
1404 2776 323 50 good-natured

62 2836 86 42 and
171 2837 290 53 affectionate,
479 2838 80 42 but
583 2853 105 41 very
706 2839 149 56 stupid
874 2854 10 42 ;
919 2839 167 57 utterly
1104 2840 193 56 helpless
1316 2855 46 29 as
1381 2846 44 38 to
1443 2843 285 42 evacuations

61 2908 87 42 and
172 2923 46 27 as
241 2914 44 37 to
310 2909 198 58 dressing
531 2910 189 43 himself.
786 2911 148 43 When
958 2911 70 44 his
1052 2912 121 43 chair
1203 2914 37 42 is
1264 2918 67 38 set
1354 2918 46 38 at
1423 2914 129 43 table,
1576 2914 155 42 knows

69 2986 44 35 to
137 2980 57 42 sit
218 2981 126 42 down
371 2997 116 41 upon
524 2983 47 51 it,
593 2983 86 42 and
714 2998 78 28 can
831 2998 75 28 use
929 2998 25 28 a
977 2998 136 42 spoon
1138 2988 46 40 at
1209 2985 149 43 meals.
1423 2985 310 43 Understands

1522 3057 27 37 Q
