2107 3450
428 311 217 32 ANATOMY
677 311 93 31 AND
805 311 281 32 PHYSIOLOGY
1121 311 57 31 OF
1210 312 87 31 Till-]
1331 312 151 32 MOTOR
1514 313 178 32 TRACTS.

1806 302 87 46 417

222 447 96 29 case
353 433 45 43 of
430 433 74 43 the
531 433 126 42 fibres
690 432 66 42 for
790 431 73 43 the
897 432 132 51 hand,
1053 432 55 56 by
1135 432 229 43 becoming
1396 433 241 42 connected
1673 433 106 43 with
1816 434 73 43 the

223 505 117 43 large
374 519 141 29 motor
547 504 105 44 cells
685 504 46 42 in
766 504 74 43 the
873 504 191 43 anterior
1097 518 136 29 cornn
1266 509 46 38 at
1340 504 72 43 the
1446 504 134 43 lower
1612 510 98 50 part
1741 506 48 42 of
1818 506 74 43 the

221 577 186 43 cervical
441 591 311 42 enlargement,
775 575 100 52 and,
896 575 46 44 in
978 575 74 43 the
1084 589 97 30 case
1215 576 48 42 of
1291 575 75 44 the
1390 576 130 43 fibres
1548 576 68 43 for
1648 582 243 50 plionation

221 649 86 42 and
330 649 91 42 oral
443 648 294 51 articulation,
756 648 57 56 by
832 647 230 44 becoming
1083 648 240 42 connected
1350 647 105 43 with
1481 648 74 43 the
1578 662 142 29 motor
1745 650 145 42 nuclei

222 720 44 42 in
292 720 74 43 the
393 720 201 43 medulla.

281 794 90 42 The
393 793 159 43 second
577 797 67 38 set
665 793 48 42 of
742 792 105 43 cells
880 806 72 29 are
975 792 75 43 the
1073 792 117 57 large
1226 797 140 38 motor
1387 792 106 43 cells
1526 793 47 42 in
1597 792 75 43 the
1700 793 191 43 anterior

219 878 162 29 cornua
403 864 48 42 of
480 864 74 42 the
578 863 144 56 spinal
745 863 115 52 cord,
882 863 87 44 and
990 864 47 43 in
1062 863 74 44 the
1159 868 141 39 motor
1325 863 144 44 nuclei
1493 864 48 42 of
1570 864 75 43 the
1669 864 197 43 medulla
1885 881 9 36 ;

219 935 86 42 and
341 935 73 43 the
446 936 160 42 second
634 940 68 39 set
723 937 47 41 of
800 936 130 43 fibres
963 950 70 29 are
1057 936 75 43 the
1166 941 142 38 motor
1330 936 130 43 fibres
1492 936 264 57 proceeding
1780 937 108 42 from

219 1006 123 44 these
365 1007 108 43 cells
497 1013 44 37 to
563 1008 55 43 be
641 1008 267 43 distributed
931 1013 45 38 to
1000 1008 75 43 the
1100 1009 173 42 various
1297 1008 200 44 muscles.

282 1079 52 42 In
368 1080 218 57 teaching,
608 1081 22 42 I
664 1081 125 42 have,
810 1080 66 43 for
909 1095 24 27 a
966 1081 188 42 number
1186 1081 45 42 of
1262 1095 138 42 years,
1422 1080 139 43 found
1592 1081 38 42 it
1662 1095 106 29 very
1791 1094 101 29 con-

217 1153 184 42 venient
426 1158 42 37 to
492 1153 226 43 designate
752 1153 75 42 the
853 1153 92 42 first
978 1157 67 39 set
1074 1153 47 42 of
1150 1153 117 53 cells,
1292 1153 200 42 together
1525 1153 105 42 with
1665 1153 74 42 the
1762 1153 130 42 fibres

218 1225 240 55 prolonged
484 1226 107 41 from
628 1225 132 43 them,
783 1240 46 27 as
864 1225 73 42 the
959 1228 20 19 "
997 1226 118 41 First
1147 1225 187 42 Trophic
1368 1225 153 41 Realm
1556 1225 45 41 in
1638 1225 72 42 the
1743 1225 149 42 Motor

218 1298 166 42 Tract,"
408 1297 86 43 and
529 1297 74 43 the
627 1297 160 44 second
814 1302 67 38 set
903 1297 48 42 of
979 1297 118 43 cells,
1122 1297 105 42 with
1252 1297 77 43 the
1355 1297 128 43 fibres
1514 1297 241 56 prolonged
1778 1297 112 42 from

217 1369 134 53 them,
375 1384 47 28 as
457 1369 72 43 the
561 1374 22 17 "
599 1369 170 43 Second
791 1369 189 42 Trophic
1013 1368 156 43 Realm
1201 1369 46 42 in
1283 1369 74 42 the
1391 1369 149 42 Motor
1572 1368 163 44 Tract."
1799 1369 91 42 The

218 1446 134 37 terms
385 1456 72 28 are
491 1442 277 43 convenient,
801 1446 79 37 not
912 1442 184 41 because
1130 1441 106 43 they
1269 1441 125 42 teach
1429 1441 219 56 anything
1680 1455 109 29 new,
1811 1442 81 42 but

218 1513 185 43 because
427 1514 105 55 they
556 1514 128 42 bring
706 1514 94 42 into
826 1513 126 42 relief
972 1513 74 42 the
1071 1516 85 39 two
1180 1513 214 42 divisions
1417 1512 45 42 of
1495 1512 75 43 the
1593 1516 142 40 motor
1758 1517 136 49 tract;

219 1585 84 42 and
337 1585 184 43 because
544 1586 106 56 they
674 1586 111 42 keep
811 1599 49 28 us
883 1585 46 41 in
952 1584 125 42 mind
1099 1584 45 42 of
1176 1599 54 27 an
1254 1584 244 55 important
1521 1584 202 43 function
1748 1586 143 42 which

217 1657 37 43 is
286 1657 238 43 subserved
558 1658 59 41 by
639 1657 76 42 the
749 1661 142 38 motor
911 1660 117 39 tract
1049 1655 46 44 in
1129 1656 199 43 addition
1354 1661 44 37 to
1421 1656 58 43 its
1513 1661 142 38 motor
1677 1657 215 51 function,

218 1730 82 41 —1
351 1744 127 28 mean
526 1732 58 40 its
627 1730 190 56 Trophic
861 1729 213 42 function.
1154 1729 45 42 It
1242 1729 37 42 is
1328 1743 25 28 a
1396 1729 89 43 fact
1527 1743 99 28 now
1668 1730 225 57 generally

216 1802 266 57 recognised,
518 1806 97 38 that
651 1801 74 43 the
761 1805 88 39 two
885 1806 90 38 sets
1011 1801 47 43 of
1093 1801 106 43 cells
1235 1801 228 56 discharge
1499 1805 78 39 not
1611 1801 106 58 only
1751 1807 143 38 motor

219 1875 123 43 force,
367 1875 80 43 but
470 1875 90 42 also
585 1874 173 43 trophic
780 1874 117 43 force
920 1874 283 56 (nourishing
1235 1888 133 28 nerve
1390 1874 149 56 force),
1562 1874 85 43 and
1684 1874 97 43 that
1804 1875 88 42 this

218 1946 132 42 latter
384 1946 114 42 force
530 1946 37 42 is
600 1960 47 29 as
680 1945 208 44 essential
922 1946 66 42 for
1019 1946 76 42 the
1128 1945 219 43 nutrition
1380 1946 45 42 of
1463 1946 75 43 the
1571 1950 243 39 structures
1847 1950 45 38 to

221 2017 137 42 which
384 2017 35 41 it
442 2017 36 42 is
509 2017 205 56 supplied
738 2032 45 28 as
807 2018 36 42 is
867 2032 24 28 a
927 2017 162 56 supply
1112 2017 45 42 of
1193 2017 129 42 blood
1346 2018 111 41 from
1482 2017 75 43 the
1580 2017 308 44 bloodvessels.

218 2089 90 43 The
334 2090 188 56 vitality,
544 2090 107 42 both
675 2090 47 43 of
753 2089 76 45 the
853 2095 86 37 two
974 2096 88 37 sets
1092 2090 45 42 of
1171 2090 130 43 fibres
1336 2090 44 42 in
1405 2090 76 42 the
1506 2094 141 38 motor
1669 2094 114 39 tract
1805 2091 86 42 and

218 2162 91 42 also
344 2162 47 42 of
422 2162 74 43 the
531 2163 190 43 muscles
755 2166 45 40 to
828 2163 144 43 which
996 2162 76 44 the
1108 2177 155 29 nerves
1298 2177 73 29 are
1394 2163 278 52 distributed,
1695 2163 195 56 depends

221 2249 112 40 upon
360 2234 74 42 the
458 2235 162 56 supply
644 2235 44 42 of
711 2234 88 44 this
822 2235 172 43 trophic
1018 2235 117 42 force
1159 2235 112 42 from
1297 2234 74 43 the
1395 2249 132 29 nerve
1550 2235 117 43 cells.

277 2307 117 42 Take
420 2307 93 42 first
545 2307 76 43 the
658 2322 132 28 nerve
813 2307 302 43 fibres:—We
1138 2307 91 41 find
1260 2307 98 42 that
1379 2307 37 42 if
1442 2306 75 43 the
1539 2311 144 38 motor
1717 2307 106 43 cells
1846 2308 47 42 of

220 2378 74 43 the
318 2379 93 43 first
435 2379 173 56 trophic
630 2379 135 43 realm
803 2394 72 28 are
898 2379 247 57 destroyed,
1168 2379 105 43 then
1311 2379 75 43 the
1410 2379 130 43 fibres
1563 2381 44 41 of
1642 2380 75 43 the
1739 2380 151 51 realm,

218 2450 141 42 which
395 2464 74 29 are
505 2450 164 58 merely
704 2451 331 56 prolongations
1071 2451 47 43 of
1152 2451 76 43 the
1263 2450 117 44 cells,
1416 2450 178 44 become
1628 2451 260 44 degenerate

217 2523 128 42 down
370 2528 44 37 to
438 2523 116 43 their
571 2523 229 57 junctions
825 2523 106 43 with
955 2524 76 42 the
1054 2523 106 43 cells
1183 2524 48 42 of
1250 2523 75 43 the
1348 2523 162 43 second
1534 2523 172 57 trophic
1727 2523 161 55 realm;

216 2595 87 43 and
321 2595 108 53 that,
452 2596 44 41 in
521 2595 91 43 like
636 2611 197 29 manner,
855 2597 38 41 if
912 2596 75 43 the
1005 2596 106 43 cells
1131 2597 44 42 of
1199 2596 74 43 the
1291 2596 160 43 second
1471 2597 174 55 trophic
1663 2596 135 43 realm
1813 2611 73 29 are

217 2667 244 57 destroyed,
483 2667 108 43 then
615 2668 74 43 the
715 2669 126 43 fibres
864 2669 46 42 of
944 2669 99 42 that
1064 2668 138 44 realm
1236 2668 195 57 undergo
1454 2668 311 57 degeneration
1800 2669 86 43 and

217 2740 268 43 destruction
511 2741 127 42 down
663 2745 45 39 to
735 2741 116 43 their
885 2741 287 43 termination
1206 2741 48 43 in
1278 2741 75 43 the
1390 2741 199 44 muscles.
1655 2742 68 51 So,
1746 2742 141 52 again,

219 2813 121 42 when
368 2813 73 42 the
467 2813 125 43 fibres
628 2813 45 43 of
707 2814 141 43 either
883 2814 137 42 realm
1057 2828 72 28 are
1152 2819 76 37 cut
1250 2828 156 29 across,
1430 2814 75 42 the
1527 2817 100 53 part
1649 2814 137 43 above
1810 2814 74 44 the

214 2886 179 52 section,
415 2886 131 57 being
575 2886 91 43 still
703 2886 47 43 in
785 2887 248 43 connexion
1071 2886 105 43 with
1202 2886 57 44 its
1294 2885 118 44 cells,
1435 2886 232 43 continues
1703 2891 45 38 to
1783 2886 103 52 live,

216 2957 128 43 while
388 2958 74 43 the
505 2963 98 51 part
635 2958 140 44 below
820 2959 74 43 the
932 2959 166 43 section
1145 2958 242 57 undergoes
1430 2958 135 43 decay
1609 2958 87 42 and
1739 2958 144 44 death.

214 3029 137 44 These
389 3044 71 29 are
492 3031 82 43 but
607 3031 295 43 illustrations
945 3031 48 43 of
1035 3031 75 43 the
1154 3030 287 43 well-known
1487 3031 84 41 law
1614 3030 44 42 of
1701 3029 182 53 Waller,

214 3101 138 42 which
401 3102 75 43 has
522 3103 157 57 taught
725 3117 51 28 us
821 3103 99 42 that
963 3103 74 43 the
1085 3102 320 43 axis-cylinder
1436 3101 45 44 of
1517 3116 25 28 a
1585 3115 131 30 nerve
1765 3102 115 53 fibre,

213 3173 199 45 however
449 3175 103 59 long
596 3176 35 42 it
667 3190 98 43 may
800 3176 64 42 be,
898 3175 37 42 is
971 3175 80 42 but
1083 3189 24 28 a
1142 3179 99 52 part
1276 3174 44 42 of
1356 3173 75 44 the
1466 3173 81 43 cell
1587 3174 110 42 from
1737 3174 140 43 which

1624 3235 25 41 3
1674 3244 28 32 G
