1933 3302
185 150 53 38 54
370 150 173 42 Diagnose
567 153 59 31 des
651 156 327 42 vorgeschrittenen,
1003 162 258 40 ausgebildeten
1286 165 266 32 Hospitalbrand

703 339 91 54 III.
875 340 409 58 Diagnose.

318 472 90 38 Wie
439 475 64 37 bei
532 477 171 38 anderen
725 479 289 49 epidemischen
1036 482 282 50 Krankheiten,
1350 487 115 37 deren
1489 486 307 41 Infectionsstoff

186 527 61 39 ein
278 528 262 49 specifischer,
572 531 108 38 nicht
711 532 151 38 überall
884 535 324 40 vorkommender
1229 539 62 46 ist,
1323 553 30 24 z.
1377 540 43 37 B.
1443 540 63 38 bei
1527 542 67 37 der
1615 541 175 48 Cholera,

185 595 42 24 so
258 581 50 38 ist
347 582 100 38 auch
484 584 104 38 beim
620 584 310 51 Hospitalbrand
962 589 60 37 die
1053 590 270 53 Erforschung
1353 594 68 37 der
1451 593 341 41 Infectionsquelle

183 636 65 38 für
279 636 60 38 die
370 636 199 52 Diagnose
600 652 75 25 von
706 643 175 46 grösster
911 641 274 52 Wichtigkeit.
1244 646 98 38 Dass
1373 648 60 37 die
1464 647 221 39 Krankheit
1719 653 74 35 seit

183 689 188 51 längerer
392 690 88 39 Zeit
508 692 79 38 fast
616 693 187 51 nirgends
830 695 112 38 mehr
963 696 166 47 auftritt,
1160 698 173 40 beweist,
1365 701 87 37 dass
1474 701 66 38 der
1561 701 232 40 Infections-

185 743 96 39 stoff
306 744 90 38 sehr
427 745 78 38 viel
534 745 170 39 seltener
734 747 51 38 ist
810 749 94 37 oder
926 750 97 38 doch
1044 751 169 38 seltener
1234 767 67 23 zur
1322 754 278 52 Entwicklung
1631 756 161 47 kommt,

186 797 57 39 als
275 799 69 38 der
374 799 167 38 anderer
570 801 250 48 specifischer
849 801 492 52 Infectionskrankheiten,
1373 822 30 23 z.
1427 808 44 37 B.
1495 810 67 36 der
1592 810 66 37 des
1689 810 104 49 Ery-

186 852 132 50 sipels.
389 853 152 38 Würde
592 854 80 38 also
718 856 60 37 die
824 856 259 51 Möglichkeit
1126 860 106 37 einer
1273 860 306 52 Uebertragung
1622 864 172 48 nachge-

185 907 163 47 wiesen,
394 920 41 24 so
477 908 133 38 würde
651 910 43 49 ja
737 910 358 40 natürlicherweise
1132 912 210 40 hierdurch
1380 915 39 37 in
1457 916 126 37 einem
1621 917 172 37 zweifel-

183 960 139 39 haften
352 961 109 38 Falle
502 962 61 38 die
595 962 428 41 Wahrscheinlichkeit
1056 966 65 38 für
1160 967 85 38 eine
1283 967 193 39 Infection
1520 970 153 50 steigen
1717 971 78 37 und

187 1015 61 39 die
303 1015 476 53 Vorsichtsmaassregeln
833 1031 130 38 gegen
1016 1020 411 40 Weiterverbreitung
1479 1023 91 37 früh
1620 1024 40 36 in
1711 1023 84 38 An-

185 1070 200 50 wendung
428 1070 192 50 gebracht
659 1072 160 38 werden
861 1079 169 33 müssen.
1090 1074 84 38 Auf
1208 1075 68 38 der
1314 1077 168 37 anderen
1519 1076 104 39 Seite
1663 1078 132 38 würde

186 1138 91 24 man
317 1124 94 37 aber
447 1124 100 38 auch
586 1125 85 38 eine
710 1125 199 52 Diagnose
945 1141 69 25 aus
1054 1129 85 37 dem
1176 1128 216 40 Umstände
1429 1130 115 38 allein
1581 1131 108 37 nicht
1726 1145 70 24 an-

185 1178 161 38 fechten
389 1179 178 47 können,
615 1179 87 38 dass
742 1181 91 37 weit
872 1182 79 37 und
989 1182 119 38 breit,
1153 1183 72 37 wie
1265 1198 31 23 z.
1328 1183 43 38 B.
1404 1184 256 50 heutzutage,
1705 1185 92 37 kein

186 1232 316 50 Hospitalbrand
532 1237 236 35 vorkommt.
810 1233 131 40 Schon
970 1236 40 37 in
1040 1237 67 37 der
1128 1237 229 51 Einleitung
1386 1238 108 38 hatte
1515 1237 61 39 ich
1599 1237 196 51 Gelegen-

185 1286 84 38 heit
300 1287 142 38 darauf
467 1287 278 48 hinzuweisen,
779 1289 87 38 dass
889 1290 60 37 die
971 1289 224 39 Krankheit
1220 1291 89 38 sehr
1329 1291 116 38 lange
1466 1291 154 38 Pausen
1648 1292 148 38 mache.

186 1341 134 38 Wenn
351 1355 91 24 man
472 1356 80 23 nun
580 1343 195 46 bedenkt,
817 1344 87 37 dass
943 1345 68 36 der
1048 1344 117 38 letzte
1204 1345 248 49 sporadische
1483 1345 101 46 Fall,
1624 1345 174 38 welchen

186 1395 66 39 ich
280 1396 39 37 in
352 1396 68 38 der
450 1396 202 38 Literatur
683 1397 269 50 aufgefunden
982 1398 112 38 habe,
1126 1412 69 24 vor
1227 1401 79 35 erst
1335 1399 24 37 4
1389 1399 147 38 Jahren
1565 1399 233 38 beobachtet

190 1450 155 46 wurde,
386 1464 42 24 so
465 1451 52 37 ist
555 1464 72 37 gar
667 1451 94 38 kein
791 1450 136 39 Grund
958 1452 244 38 vorhanden,
1243 1453 81 37 sich
1354 1466 69 24 vor
1451 1453 181 37 ferneren
1662 1466 135 36 spora-

190 1504 162 38 dischen
382 1504 138 38 Fällen
551 1518 41 25 so
623 1518 100 37 ganz
753 1505 129 38 sicher
912 1520 47 23 zu
988 1506 147 38 fühlen.
1193 1506 86 38 Auf
1304 1507 370 38 mikroskopischem
1706 1507 93 37 oder

191 1559 262 38 chemischem
474 1559 130 50 Wege
626 1560 85 38 eine
731 1560 199 49 Diagnose
952 1560 137 38 stellen
1112 1575 46 23 zu
1179 1561 167 45 können,
1377 1561 59 37 ist,
1469 1562 71 36 wie
1562 1574 89 24 man
1670 1560 128 38 hoffen

191 1613 107 38 darf,
338 1627 74 24 nur
443 1614 85 37 eine
558 1613 129 50 Frage
719 1614 68 38 der
817 1614 106 38 Zeit;
963 1628 42 24 so
1033 1615 116 37 lange
1186 1628 93 24 aber
1309 1614 355 39 Untersuchungen
1702 1615 96 36 über

190 1668 62 39 die
282 1667 319 39 Beschaffenheit
631 1669 67 37 des
730 1668 325 38 veranlassenden
1086 1668 242 38 Mikrobions
1367 1669 78 37 und
1483 1671 100 35 etwa
1612 1668 94 37 über
1737 1668 60 37 die

190 1722 245 38 chemischer
474 1722 172 50 Körper,
691 1722 148 38 welche
877 1723 63 37 bei
979 1723 68 37 der
1087 1722 223 38 Krankheit
1351 1723 40 37 in
1431 1722 126 50 Frage
1602 1723 195 45 kommen,

188 1776 154 39 fehlen,
389 1777 87 37 sind
517 1777 70 37 wir
631 1777 143 37 darauf
811 1777 268 50 angewiesen,
1123 1777 60 37 die
1213 1777 225 37 Diagnosen
1479 1790 68 23 aus
1578 1776 74 37 den
1680 1775 118 37 klini-

190 1831 121 39 schen
340 1831 329 38 Erscheinungen
709 1831 118 37 allein
868 1845 48 23 zu
957 1831 151 37 stellen.
1167 1831 118 37 Diese
1320 1831 85 37 sind
1441 1831 42 48 ja
1522 1843 78 23 nun
1630 1829 98 37 auch
1758 1842 40 24 so

189 1885 243 39 besonderer
462 1886 78 37 und
571 1885 263 38 auffallender
863 1884 149 39 Natur,
1053 1885 87 37 dass
1177 1885 40 36 in
1247 1885 73 37 den
1358 1896 442 37 vorgeschrittenen

191 1940 92 38 und
327 1939 365 38 ausgebildeten
737 1939 193 38 Formen
975 1939 60 38 die
1079 1939 200 50 Diagnose
1325 1938 245 49 demjenigen
1611 1936 188 38 keinerlei

192 1994 306 39 Schwierigkeit
526 1994 177 37 bereiten
733 1994 117 38 kann,
882 1994 68 37 der
980 1993 221 38 überhaupt
1231 1993 84 37 eine
1342 1992 212 38 Kenntniss
1585 1991 67 37 der
1683 1989 116 51 Sym-

191 2062 134 38 ptome
357 2049 67 37 des
455 2048 354 50 Hospitalbrandes
849 2047 89 38 hat,
981 2047 121 38 selbst
1145 2060 113 24 wenn
1301 2046 55 38 sie
1400 2059 72 24 nur
1513 2059 67 23 aus
1619 2044 182 38 Büchern

193 2103 211 52 geschöpft
434 2103 145 37 wurde.

326 2157 162 38 Heine
520 2159 107 48 sagt:
674 2156 120 46 „Wer
825 2169 72 24 nur
928 2155 143 38 einmal
1101 2155 66 37 das
1207 2154 209 49 frappante
1448 2152 88 38 Bild
1566 2153 104 37 eines
1701 2151 98 38 voll-

193 2213 186 37 kommen
411 2211 278 39 entwickelten
718 2224 191 36 pulpösen
939 2209 352 50 Hospitalbrandes
1329 2206 171 52 gesehen
1534 2206 87 46 hat,
1664 2206 137 37 dessen

196 2266 262 39 Gedächtniss
499 2268 119 47 prägt
657 2279 41 24 es
738 2265 81 37 sich
860 2278 41 24 so
940 2262 312 39 unauslöschlich
1290 2262 78 45 ein,
1414 2261 87 37 dass
1545 2273 41 25 er
1627 2273 39 25 es
1705 2272 96 25 stets

195 2321 146 37 wieder
373 2333 199 25 erkennen
605 2333 107 24 wird.
762 2318 87 39 Nur
880 2317 151 39 Solche,
1064 2317 59 38 die
1154 2317 40 37 in
1222 2316 124 38 ihrem
1368 2315 134 38 Leben
1530 2313 100 39 noch
1659 2313 142 37 keinen

198 2375 314 38 Hospitalbrand
548 2373 236 39 beobachtet
819 2373 147 37 haben,
1004 2372 156 37 können
1191 2369 162 39 Zweifel
1380 2369 128 49 hegen
1538 2368 78 37 und
1647 2379 155 25 werden

198 2430 98 38 über
327 2429 198 38 dieselben
557 2432 81 34 erst
666 2441 115 25 unter
812 2428 74 37 den
916 2426 83 38 sich
1028 2425 303 51 potenzirenden
1351 2422 252 39 Eindrücken
1629 2421 68 37 der
1726 2433 76 25 von

198 2484 88 39 Tag
317 2498 48 24 zu
396 2483 88 38 Tag
513 2483 296 37 zunehmenden
838 2481 268 39 Verwüstung
1135 2479 105 37 Herr
1278 2490 191 25 werden."
1529 2474 272 39 Nichtsdesto-

198 2551 177 25 weniger
414 2537 150 38 erzählt
602 2536 161 38 Heine
805 2535 140 39 selbst,
988 2535 88 37 dass
1115 2533 185 38 Collegen
1338 2544 124 25 seines
1491 2529 132 38 Alters
1659 2541 142 36 ausge-

197 2593 247 51 sprochenen
481 2591 311 38 Hospitalbrand
835 2590 39 37 in
917 2589 111 37 ihren
1067 2587 254 39 Hospitälern
1364 2597 114 25 unter
1522 2584 73 36 den
1636 2582 166 37 Händen

197 2647 151 39 hatten,
379 2659 101 25 ohne
509 2645 68 38 ihn
607 2659 48 23 zu
683 2645 168 37 kennen.
910 2643 55 39 Er
994 2643 108 37 hatte
1132 2655 31 24 z.
1184 2641 45 37 B.
1251 2641 53 37 im
1324 2638 174 50 Feldzug
1529 2637 102 37 1870
1662 2633 141 40 einmal

199 2715 136 38 grosse
366 2699 373 51 Schwierigkeiten,
783 2711 112 25 einen
924 2695 292 40 französischen
1245 2693 149 39 Lehrer
1425 2692 67 37 der
1522 2689 204 50 Chirurgie
1756 2701 47 24 zu

199 2757 272 49 überzeugen,
512 2755 86 37 dass
637 2767 39 24 es
715 2752 82 38 sich
830 2752 64 38 bei
925 2752 67 37 der
1022 2749 157 39 Wunde
1210 2761 105 25 eines
1345 2746 122 38 durch
1496 2745 74 37 den
1599 2741 202 51 Hospital-

198 2811 126 38 brand
373 2822 119 26 schon
541 2807 90 39 sehr
679 2809 249 47 erschöpften
976 2816 273 39 preussischen
1293 2800 181 39 Offiziers
1518 2797 176 38 wirkhch
1737 2808 66 24 um

201 2878 158 25 solchen
387 2863 164 39 handle;
584 2864 80 36 erst
685 2861 67 38 der
773 2860 142 38 Erfolg
936 2860 67 38 des
1027 2857 231 39 Glüheisens
1288 2855 78 37 und
1396 2855 60 37 die
1477 2851 190 39 Infection
1698 2862 104 24 eines

200 2918 314 39 naheliegenden
556 2916 189 38 Kranken
784 2913 205 39 belehrten
1031 2913 74 37 den
1134 2910 196 39 Collegen.
1361 2930 53 4 —
1444 2907 248 47 Heutzutage
1736 2903 68 36 hat

202 2987 82 23 nun
319 2987 103 23 zwar
460 2971 196 39 Niemand
701 2982 75 25 von
815 2969 74 37 den
928 2969 195 49 jüngere«
1163 2963 184 39 Collegen
1385 2963 73 37 den
1497 2955 306 53 Hospitalbrand
