1895 3217
892 299 237 32 MONKEYS.

324 279 63 49 36

320 423 275 60 productive,
631 430 79 40 the
751 424 211 62 offspring
996 441 94 30 was
1124 425 315 62 immediately
1472 424 96 56 left,
1606 425 89 46 and

319 506 79 39 the
412 507 195 55 greatest
622 508 173 54 apathy
811 502 243 45 exhibited.
1105 503 157 45 Under
1285 519 135 45 every
1444 509 253 54 advantage

320 576 206 46 Frederic
551 577 166 46 Cuvier
740 593 94 30 was
867 577 306 47 unsuccessful
1205 585 148 48 twice,
1379 580 90 44 and
1499 578 138 45 found
1660 579 37 45 it

320 652 257 61 impossible
599 659 46 41 to
669 669 205 46 preserve
897 660 79 40 the
1000 670 153 46 young
1176 656 179 45 beyond
1373 671 27 30 a
1414 656 86 44 few
1515 656 182 45 hours.*

405 730 56 45 In
507 732 308 59 geographical
862 731 306 55 distribution,
1211 739 79 38 the
1331 748 365 45 quadrumanous

320 822 127 30 order
478 823 202 45 presents
715 824 122 30 some
872 808 175 46 curious
1072 809 245 61 examples.
1387 810 121 44 That
1530 815 101 54 part
1655 814 40 40 ot

318 889 127 39 them
468 891 46 38 to
533 884 149 46 which
700 885 92 45 this
811 885 179 45 volume
1008 885 37 45 is
1064 886 205 53 devoted,
1299 886 34 46 is
1350 884 138 46 found
1505 885 47 45 in
1570 886 126 44 three

318 960 214 46 divisions
563 960 50 46 of
638 968 78 39 the
751 962 155 54 world,
932 963 91 45 and
1045 962 37 45 is
1107 962 191 61 enthely
1322 961 202 47 confined
1547 968 46 39 to
1617 962 79 44 the

319 1053 192 29 warmer
543 1044 136 54 parts.
765 1039 191 59 Europe,
993 1039 115 44 with
1142 1054 82 30 one
1259 1046 248 53 exception,
1545 1036 151 47 which

317 1129 174 46 merely
516 1114 133 45 skirts
673 1114 59 46 its
757 1115 214 45 southern
992 1116 171 52 border,
1185 1115 89 45 and
1292 1115 151 45 North
1467 1114 226 54 America,

318 1205 76 30 are
417 1190 195 46 without
635 1191 142 54 them,
813 1189 114 46 from
960 1197 79 39 the
1073 1191 258 45 unsuitable
1365 1207 161 29 natui’e
1550 1191 50 45 of
1617 1192 79 44 the

319 1267 209 54 climate;
555 1268 91 45 and
661 1283 162 46 among
840 1274 78 39 the
938 1283 175 30 various
1129 1268 261 45 anomalous
1409 1267 133 46 forms
1560 1283 136 44 pecu-

318 1343 85 46 liar
424 1351 46 38 to
496 1344 121 45 New
641 1345 216 53 Holland,
884 1345 90 45 and
996 1351 79 38 the
1106 1351 101 39 vast
1242 1345 276 60 archipelago
1542 1343 51 46 of
1617 1344 79 45 the

318 1420 225 47 Southern
567 1421 165 54 Ocean,
754 1436 194 46 scarcely
967 1436 81 31 one
1067 1421 267 60 approaches
1353 1428 45 38 to
1417 1436 92 45 any
1527 1436 168 29 resem-

318 1498 171 44 blance.
574 1498 98 45 The
713 1498 181 45 smaller
932 1497 172 46 formed
1149 1497 268 46 long-tailed
1455 1498 238 53 monkeys,

322 1572 172 61 (which
518 1575 244 45 constitute
785 1581 79 38 the
887 1589 242 30 numerous
1158 1572 160 62 family
1342 1573 50 46 of
1407 1573 214 46 Guenons
1648 1574 14 45 i
1682 1592 13 27 i

317 1656 80 39 the
420 1651 234 60 systems,)
676 1650 50 46 of
739 1650 113 46 mild
875 1650 260 61 disposition
1160 1651 89 44 and
1271 1650 176 61 playful
1465 1665 212 30 manners

319 1728 91 44 and
426 1729 229 59 generally
673 1728 177 44 clothed
866 1727 112 45 with
996 1742 27 30 a
1040 1725 71 46 fur
1128 1726 50 46 of
1187 1727 299 45 considerable
1504 1728 188 52 beauty,

319 1819 74 30 are
411 1804 48 44 in
477 1820 26 29 a
519 1804 180 60 general
723 1819 105 45 way
847 1803 270 45 distributed
1135 1818 104 30 over
1257 1803 155 45 Africa
1427 1803 90 45 and
1536 1803 155 54 India;

321 1896 163 46 among
515 1882 142 53 these,
693 1881 223 53 however,
951 1886 79 39 the
1069 1895 139 46 genus
1251 1880 366 45 Semnopithecus
1652 1879 52 46 of

322 1959 51 44 F.
412 1959 179 53 Cuvier,
629 1973 142 31 seems
806 1957 277 61 exclusively
1119 1957 180 53 Indian,
1336 1957 150 53 while,
1519 1956 114 45 with
1667 1973 28 29 a

321 2034 88 46 few
427 2042 271 54 exceptions,
718 2035 78 45 the
816 2034 299 47 Cercopitkeci
1138 2033 49 46 of
1196 2040 79 39 the
1294 2050 122 29 same
1434 2033 257 54 naturalist,

322 2111 90 44 and
440 2111 228 45 Cercocebi
691 2110 49 45 of
756 2110 226 59 Geoffroy,
1014 2110 176 44 inhabit
1215 2108 169 46 Afidca.
1455 2110 97 44 The
1576 2118 117 36 most

321 2187 171 59 typical
516 2186 132 46 fonns
672 2187 47 43 in
743 2193 78 37 the
845 2185 182 60 zoology
1051 2184 51 46 of
1116 2192 127 38 these
1267 2191 236 47 countries,
1530 2201 88 37 are,
1645 2185 48 45 in

322 2264 78 44 the
424 2263 119 53 last;
586 2263 78 44 the
698 2263 208 51 baboons,
940 2277 46 29 or
1022 2260 314 60 Cpnocepkali,
1372 2276 121 30 more
1530 2262 163 45 bestial

323 2339 48 45 in
415 2340 62 44 all
520 2339 117 45 their
681 2337 134 47 forms
866 2337 90 45 and
989 2337 166 53 habits,
1191 2337 90 44 and
1316 2337 231 61 deviating
1580 2337 113 45 from

324 2422 78 39 the
442 2415 363 60 quadrumanous
851 2420 123 54 type.
1057 2413 55 45 In
1150 2428 82 31 one
1270 2429 46 30 or
1355 2420 91 38 two
1484 2421 208 37 aberrant

380 2532 21 21 •
432 2531 80 38 The
533 2531 149 39 Ouistiti
702 2532 181 47 produced
903 2531 102 35 three
1021 2532 37 34 iu
1075 2531 258 44 confinement,
1349 2531 70 34 and
1436 2531 132 34 nursed
1591 2530 100 36 them

324 2600 87 37 ■with
431 2604 99 42 great
549 2598 319 37 attention.—See
890 2608 64 25 our
976 2596 212 37 description
1210 2596 40 35 of
1265 2601 79 30 that
1362 2607 142 36 species.
