2113 3404
938 249 86 34 THE
1056 251 241 34 DISORDERS
1328 256 53 30 OF
1413 256 175 32 SPEECH.

439 234 82 43 412

438 363 165 56 though
636 365 210 54 bilateral,
869 382 69 29 are
971 373 192 53 stronger
1194 387 113 40 upon
1339 374 73 42 the
1448 376 193 54 opposite
1683 376 103 42 than
1833 392 110 41 upon
1977 379 72 41 the

438 449 118 29 same
588 436 90 42 side
698 453 8 37 ;
739 438 72 43 the
844 440 171 42 cortical
1051 443 334 55 representation
1417 446 46 40 of
1492 445 118 43 these
1637 452 265 38 movements
1924 448 125 56 being

438 505 157 43 indeed
618 507 209 53 bilateral,
850 510 78 41 but
951 515 75 37 not
1048 511 126 56 being
1198 513 207 54 perfectly
1447 529 55 28 so.
1566 516 194 52 Further,
1782 517 268 43 stimulation

440 575 46 42 of
515 576 72 42 the
620 582 145 38 centre
796 579 65 41 for
893 579 72 42 the
996 580 115 42 hand
1154 595 148 29 causes
1353 589 263 39 movements
1658 586 45 42 in
1746 587 73 42 the
1859 594 193 48 opposite

440 644 116 43 hand
587 647 115 55 only,
724 652 76 37 not
830 649 46 41 in
908 649 105 41 both
1046 649 164 54 hands;
1241 652 72 41 the
1346 654 174 41 cortical
1551 657 335 52 representation
1909 658 47 40 of
1981 658 72 42 the

443 722 267 37 movements
739 718 43 41 of
808 718 73 42 the
910 718 113 42 hand
1062 719 127 56 being
1225 721 241 51 unilateral,
1496 729 76 36 not
1600 725 205 42 bilateral.
1868 727 81 40 For
1981 727 73 41 the

439 785 278 55 explanation
741 788 45 39 of
806 787 119 42 these
948 787 262 44 differences,
1233 790 21 40 I
1278 796 115 36 must
1415 793 109 40 refer
1547 792 72 43 the
1650 795 148 41 reader
1830 800 43 36 to
1896 796 156 41 Broad-

441 854 137 43 bent's
599 855 95 50 law,
717 855 141 42 which
881 855 77 43 has
981 856 172 56 already
1177 858 107 42 been
1310 860 248 42 considered
1581 862 42 40 in
1648 876 24 27 a
1695 863 153 42 former
1870 878 181 40 chapter.

498 924 89 41 The
625 929 139 37 motor
800 929 167 38 centres
1006 926 63 41 for
1106 927 208 56 speaking
1350 929 85 41 and
1474 930 172 56 writing
1681 945 69 29 are
1788 933 189 54 portions
2011 935 45 39 of

440 994 74 42 the
547 994 185 42 General
765 995 147 42 Motor
941 995 116 47 Area
1079 996 47 42 of
1152 997 74 42 the
1258 1003 155 37 cortex.
1475 999 103 43 This
1607 1002 168 54 general
1800 1007 138 37 motor
1959 1017 96 28 area

439 1065 198 55 occupies
672 1065 74 42 the
781 1065 161 42 middle
981 1066 115 42 third
1133 1068 43 41 of
1213 1068 101 42 each
1349 1069 281 55 hemisphere,
1665 1072 44 40 in
1744 1073 113 41 front
1891 1073 45 41 of
1970 1074 81 40 and

439 1134 162 43 behind
632 1136 76 42 the
742 1136 148 42 fissure
923 1137 43 41 of
998 1135 223 54 Kolando;
1252 1138 84 41 and
1367 1139 46 41 in
1444 1139 36 41 it
1511 1154 69 27 are
1612 1145 165 39 centres
1809 1142 63 41 for
1903 1143 55 40 all
1984 1142 69 44 the

440 1204 232 56 voluntary
706 1211 268 37 movements
1006 1207 44 40 of
1087 1207 72 42 the
1192 1208 131 41 trunk
1355 1208 85 42 and
1471 1209 139 42 limbs.
1672 1210 276 56 Throughout
1979 1212 72 42 the

440 1275 137 42 whole
599 1275 44 42 of
665 1276 87 42 this
783 1290 109 36 area,
913 1277 121 42 there
1066 1291 82 37 are,
1171 1278 43 40 in
1249 1278 72 42 the
1352 1282 158 47 cortex,
1532 1279 115 56 large
1669 1281 250 54 multipolar
1941 1282 114 51 cells,

437 1346 161 41 known
631 1361 45 27 as
708 1347 74 41 the
815 1346 102 43 cells
950 1347 43 41 of
1025 1347 117 52 Betz,
1172 1348 138 42 which
1343 1363 69 28 are
1444 1350 213 54 supposed
1692 1355 42 37 to
1767 1351 50 42 be
1849 1352 204 54 specially

438 1421 138 38 motor
598 1417 45 42 in
668 1418 204 41 function.
937 1418 43 41 It
1003 1418 36 41 is
1063 1418 72 42 the
1168 1419 175 54 opinion
1367 1420 43 40 of
1433 1434 129 40 many
1584 1421 260 41 authorities
1869 1421 92 42 that
1983 1422 71 42 the

437 1488 334 55 axis-cylinders
804 1489 43 41 of
881 1489 71 41 the
985 1488 125 42 fibres
1134 1489 140 41 which
1305 1504 52 41 go
1391 1495 41 36 to
1465 1491 108 40 form
1607 1491 72 41 the
1703 1491 184 42 General
1910 1492 144 41 Motor

436 1560 139 41 Tract,
607 1559 86 41 and
727 1559 140 41 which
898 1559 202 41 transmit
1131 1559 73 42 the
1240 1564 137 37 motor
1413 1561 248 41 commands
1693 1562 47 40 of
1768 1561 73 42 the
1878 1562 173 41 cortical

437 1634 138 38 motor
597 1634 166 38 centres
786 1634 44 37 to
853 1629 73 42 the
947 1629 130 42 lower
1101 1634 136 36 motor
1255 1635 165 37 centres
1438 1630 45 42 in
1501 1631 73 41 the
1593 1631 189 41 medulla
1803 1632 83 40 and
1910 1632 142 54 spinal

437 1700 112 43 cord,
571 1715 70 27 are
664 1700 136 56 really
822 1700 322 55 prolongations
1168 1701 108 40 from
1299 1701 72 41 the
1394 1701 102 41 cells
1514 1702 43 40 of
1579 1702 116 40 Betz,
1712 1701 85 41 and
1818 1716 70 27 are
1911 1702 139 42 there-

437 1771 101 51 fore,
559 1775 155 37 vitally
738 1770 85 42 and
845 1770 370 55 physiologically,
1237 1771 102 54 only
1361 1775 116 50 parts
1500 1771 44 41 of
1565 1771 120 42 these
1707 1771 112 42 cells.

497 1842 23 41 I
544 1841 129 43 think
695 1841 36 41 it
755 1840 89 42 will
866 1841 102 41 help
1000 1855 51 27 us
1085 1846 44 36 to
1162 1841 263 41 understand
1459 1841 73 42 the
1564 1855 146 28 course
1741 1841 43 41 of
1817 1841 71 42 the
1919 1846 136 37 motor

439 1913 127 41 fibres
587 1912 66 41 for
674 1911 209 56 speaking
905 1911 85 41 and
1013 1911 185 55 writing,
1219 1911 37 40 if
1280 1925 62 27 we
1364 1911 195 41 consider
1591 1911 117 41 them
1741 1911 44 41 in
1818 1911 236 42 connexion

440 1983 106 41 with
570 1983 73 42 the
664 1981 173 58 general
861 1995 138 28 motor
1022 1985 119 48 tract,
1164 1981 43 41 of
1229 1981 138 41 which
1394 1981 103 42 they
1519 1982 110 41 form
1651 1995 25 27 a
1699 1987 103 49 part.

500 2053 274 56 Converging
795 2053 109 41 from
927 2053 73 41 the
1024 2053 168 41 various
1215 2057 168 37 centres
1408 2053 44 41 in
1486 2052 73 42 the
1590 2053 170 55 general
1791 2058 138 37 motor
1960 2067 96 28 area

439 2125 47 41 of
513 2124 75 43 the
618 2128 157 38 cortex,
799 2123 72 42 the
904 2124 131 41 white
1069 2123 260 42 conducting
1362 2123 125 42 fibres
1519 2123 44 42 of
1594 2123 73 43 the
1699 2123 181 43 General
1913 2124 144 41 Motor

440 2196 127 41 Tract
589 2209 97 41 pass
708 2195 186 42 inwards
918 2195 185 42 towards
1129 2194 74 42 the
1235 2198 145 38 centre
1412 2195 44 41 of
1487 2195 74 41 the
1592 2195 279 55 hemisphere,
1903 2209 154 41 among

442 2266 73 42 the
539 2266 122 42 other
684 2266 131 41 white
838 2266 127 42 fibres
988 2265 44 42 of
1054 2265 57 42 its
1134 2269 194 37 centrum
1353 2265 145 52 ovale;
1532 2265 121 50 until,
1677 2279 53 28 on
1753 2265 199 42 reaching
1984 2265 72 42 the

440 2336 114 43 level
572 2337 44 41 of
633 2336 72 42 the
724 2351 136 40 upper
877 2336 166 42 surface
1058 2336 43 41 of
1121 2335 72 42 the
1211 2349 151 40 corpus
1380 2335 200 42 striatum
1598 2336 84 41 and
1700 2336 115 54 optic
1834 2335 224 50 thalamus,

443 2407 104 56 they
583 2421 178 28 arrange
798 2406 260 42 themselves
1095 2405 43 42 in
1181 2419 25 27 a
1247 2406 175 41 definite
1465 2406 131 41 order,
1634 2406 84 41 and
1761 2405 231 42 constitute
2034 2420 24 26 a

442 2478 207 41 flattened
671 2477 140 41 band;
843 2476 140 42 which
1013 2476 35 41 is
1081 2475 231 55 prolonged
1345 2475 264 42 downwards
1642 2476 181 41 towards
1856 2475 71 42 the
1949 2489 109 36 crus,

443 2562 46 27 as
513 2547 72 42 the
608 2550 139 38 motor
768 2550 97 51 part
887 2545 44 42 of
952 2545 74 41 the
1047 2544 189 42 internal
1258 2544 183 54 capsule.

501 2618 91 42 The
613 2621 125 38 exact
759 2616 122 42 order
903 2616 45 41 in
972 2615 140 42 which
1136 2615 73 41 the
1232 2614 182 42 bundles
1437 2615 45 40 of
1503 2614 121 42 fibres
1647 2614 106 41 from
1783 2614 72 42 the
1888 2628 168 28 various

443 2703 167 29 centres
631 2688 46 41 in
700 2687 74 42 the
795 2686 170 56 general
988 2689 139 38 motor
1150 2698 96 28 area
1274 2698 70 28 are
1378 2683 203 55 arranged
1612 2683 47 42 in
1692 2684 71 42 the
1795 2689 136 36 motor
1963 2689 95 49 part

443 2761 46 42 of
508 2760 73 42 the
605 2758 195 43 Internal
825 2756 187 43 Capsule
1044 2756 77 41 has
1150 2755 106 42 been
1291 2754 319 42 demonstrated
1642 2754 133 54 lately
1807 2755 56 53 by
1897 2755 161 41 Beevor

444 2831 84 42 and
551 2828 217 56 Horsley,1
790 2827 96 42 who
908 2827 111 41 have
1049 2825 147 43 solved
1230 2824 72 42 the
1334 2825 191 54 problem
1559 2825 57 54 by
1647 2839 24 27 a
1702 2831 112 35 most
1845 2823 210 43 elaborate

443 2915 129 29 series
595 2901 43 41 of
660 2899 291 55 experiments
975 2912 115 26 upon
1116 2896 71 42 the
1209 2895 122 42 brain
1354 2896 45 40 of
1423 2895 71 41 the
1520 2908 201 43 macaque
1744 2909 194 40 monkey.
2002 2894 56 41 Of

441 2987 150 30 course
634 2971 20 42 I
688 2971 53 42 do
774 2973 77 38 not
887 2983 126 27 mean
1046 2971 44 38 to
1121 2967 96 55 give
1254 2966 73 42 the
1360 2965 154 43 results
1546 2965 46 42 of
1621 2965 118 43 these
1771 2978 286 42 experiments

633 3063 11 23 1
673 3061 97 37 Phil.
794 3061 121 35 Trans,
935 3060 40 35 of
988 3059 54 36 the
1059 3059 42 35 B.
1122 3057 144 47 Society,
1289 3059 101 42 1890,
1411 3057 53 45 B.,
1483 3056 71 36 vol.
1575 3055 145 46 clxxxi.,
1739 3068 32 36 p.
1792 3059 54 32 49.
