2113 3404
358 237 85 42 144

856 252 86 31 THE
973 253 243 33 DISORDERS
1247 254 52 32 OF
1331 253 174 34 SPEECH.

357 369 44 41 of
423 369 163 51 mouth,
601 370 85 42 and
709 371 72 43 the
804 372 186 54 practice
1008 373 43 41 of
1075 373 101 42 Oral
1197 373 292 42 Articulation
1507 374 85 41 and
1613 374 354 58 "Lip-Reading,"

357 438 154 53 which,
552 440 127 42 when
732 442 285 56 successfully
1061 443 212 55 acquired,
1316 442 175 42 enables
1533 443 73 41 the
1649 443 237 44 deaf-mute
1926 453 40 37 to

357 524 175 41 express
554 511 176 43 himself
752 513 57 41 by
831 512 118 42 word
972 513 43 41 of
1037 513 151 41 mouth
1210 513 89 41 like
1322 526 54 28 an
1399 512 202 56 ordinary
1622 527 164 41 person,
1808 518 159 41 though

357 581 69 42 his
460 586 122 38 tones
604 596 70 28 are
700 587 76 50 apt
796 586 44 38 to
863 583 52 42 be
937 597 115 28 more
1087 597 47 27 or
1164 583 85 42 less
1282 583 131 41 harsh
1449 583 84 42 and
1570 585 251 42 unmusical.
1883 587 83 43 The

358 652 129 42 latter
518 653 188 55 practice
736 653 198 42 involves
967 667 24 27 a
1024 653 185 42 difficult
1239 667 170 41 process
1441 654 47 41 of
1515 654 239 51 education,
1784 656 84 42 and
1899 657 68 44 the

359 723 188 42 exercise
579 723 57 55 by
658 723 73 42 the
764 727 171 51 patient
965 723 45 42 of
1041 723 72 42 the
1140 723 157 42 closest
1328 725 214 41 attention
1575 725 84 42 and
1690 730 278 42 observation.

359 793 101 41 But,
483 792 125 42 when
646 792 285 55 successfully
965 792 226 42 mastered,
1213 792 36 42 it
1286 793 77 42 has
1401 793 72 42 the
1502 799 119 49 great
1653 795 237 55 advantage
1929 797 39 43 of

360 864 203 42 enabling
585 863 74 42 the
690 864 170 54 patient
890 869 44 35 to
967 863 266 42 understand
1256 869 116 37 what
1402 863 36 43 is
1470 865 92 41 said
1595 871 43 35 to
1669 865 92 41 him
1791 866 57 54 by
1870 879 99 42 any-

360 947 92 37 one,
474 932 85 42 and
591 932 127 41 make
749 931 177 43 himself
957 933 263 41 understood
1251 933 58 55 by
1341 947 168 42 anyone
1540 934 54 42 he
1626 948 99 41 may
1755 934 130 55 speak
1917 940 52 39 to.

362 1005 44 40 It
437 1003 102 41 thus
571 1003 175 41 enables
778 1002 90 42 him
903 1008 43 36 to
978 1003 93 41 mix
1101 1004 44 40 in
1179 1003 202 56 ordinary
1403 1005 176 55 society,
1603 1006 84 41 and
1710 1011 42 36 to
1775 1020 195 28 converse

361 1072 107 42 with
506 1072 153 55 people
692 1072 95 42 who
825 1077 159 37 cannot
1015 1087 75 28 use
1127 1073 73 42 the
1235 1072 180 43 Manual
1452 1074 225 55 Alphabet.
1739 1075 103 41 This
1875 1075 97 43 Oral

361 1142 194 43 Method,
593 1143 142 42 which
775 1157 86 28 was
898 1143 94 42 first
1028 1144 343 56 systematically
1409 1145 154 41 taught
1598 1146 46 40 in
1680 1159 24 27 a
1740 1145 155 51 school,
1931 1145 40 43 in

362 1215 74 42 the
482 1214 85 42 last
600 1218 196 51 century,
832 1214 58 55 by
926 1214 174 42 Samuel
1137 1215 228 41 Heinicke,
1402 1229 25 27 a
1463 1215 142 42 Saxon
1646 1215 327 50 schoolmaster,1

361 1284 78 42 has
462 1284 174 55 always,
658 1284 116 42 since
797 1284 67 42 his
887 1285 96 55 day,
1000 1285 108 42 been
1131 1285 129 41 much
1284 1285 237 42 cultivated
1542 1286 46 40 in
1611 1285 240 56 Germany;
1882 1287 93 49 and,

363 1361 45 36 at
428 1355 74 42 the
524 1360 177 50 present
722 1355 116 42 time,
861 1356 35 41 is
919 1356 236 55 beginning
1179 1366 42 31 to
1244 1356 89 41 find
1355 1356 131 42 much
1514 1356 151 42 favour
1696 1356 279 43 everywhere,

363 1426 265 55 throughout
659 1426 171 55 Europe
863 1426 84 42 and
969 1427 46 40 in
1036 1426 214 42 America.
1314 1425 114 43 How
1465 1427 235 42 successful
1723 1427 36 41 it
1780 1428 35 40 is
1845 1441 130 29 some-

363 1498 140 41 times,
525 1497 37 41 is
583 1497 247 41 illustrated
853 1497 58 41 by
932 1511 55 27 an
1010 1497 205 42 anecdote
1237 1497 91 42 told
1350 1498 56 41 by
1430 1497 239 42 Kussmaul
1700 1497 224 55 regarding
1953 1513 22 27 a

364 1567 298 42 conversation
685 1567 107 41 with
814 1581 81 28 one
919 1567 43 41 of
994 1567 66 42 his
1089 1567 188 55 hospital
1309 1567 201 55 patients.
1573 1568 69 41 He
1664 1567 84 42 had
1770 1568 63 41 for
1865 1582 110 28 some

363 1638 107 41 time
492 1638 107 41 been
619 1637 135 55 freely
772 1638 256 41 conversing
1044 1638 103 40 with
1165 1638 88 42 this
1272 1638 192 55 patient;
1486 1638 96 50 and,
1600 1638 160 55 having
1777 1639 198 41 observed

366 1708 181 41 nothing
562 1707 188 42 unusual
766 1708 45 41 in
830 1708 68 42 his
917 1722 179 28 manner
1110 1709 46 41 of
1169 1708 251 54 expressing
1436 1707 185 42 himself,
1637 1722 84 27 was
1736 1714 240 36 afterwards

365 1778 130 42 much
528 1778 218 42 surprised
768 1782 44 38 to
834 1778 119 42 learn
978 1778 95 42 that
1094 1778 53 42 he
1172 1778 84 42 had
1278 1779 104 41 been
1408 1778 256 42 conversing
1695 1778 104 42 with
1831 1793 24 27 a
1885 1779 92 41 deaf

414 1924 11 23 1
454 1924 20 20 "
487 1923 37 36 It
537 1924 31 35 is
580 1923 134 48 hardly
723 1924 80 47 just
817 1928 38 31 to
870 1923 70 36 call
959 1923 184 36 Heinicke
1157 1924 63 35 the
1234 1923 156 36 founder
1404 1923 39 36 of
1457 1923 62 36 the
1538 1924 161 35 German
1713 1923 159 36 method.
1923 1923 54 35 He

365 1983 89 47 only
471 1995 90 36 gave
579 1995 21 24 a
617 1995 101 24 more
735 1983 131 47 logical
884 1983 224 47 application
1126 1987 38 31 to
1182 1983 63 35 the
1263 1983 199 47 principles
1479 1983 131 47 taught
1626 1983 50 46 by
1695 1983 129 35 Bonet,
1842 1982 92 36 Wall
1943 1984 34 41 is,

364 2042 76 36 and
469 2041 175 36 Amman,
670 2041 69 36 but
764 2041 47 36 he
842 2041 137 48 clearly
1003 2041 193 48 perceived
1226 2041 82 36 that
1337 2041 103 36 there
1471 2041 109 36 coidd
1605 2042 44 35 be
1674 2053 47 23 no
1747 2051 230 37 compromise

365 2103 168 35 between
560 2101 132 48 speech
717 2101 72 36 and
817 2101 99 36 signs
942 2113 38 24 as
1005 2101 258 36 fundamental
1288 2102 41 34 in
1353 2101 171 47 teaching
1549 2101 209 47 language."
1813 2099 165 37 Arnold's

366 2161 204 37 Education
589 2161 40 46 of
641 2162 100 45 Deaf
751 2161 128 45 Mutes,
895 2173 35 35 p.
950 2161 294 36 85.Heinicke
1261 2161 118 48 began
1396 2161 170 35 teaching
1582 2161 39 35 in
1639 2160 165 36 Dresden
1823 2160 40 34 in
1881 2161 95 34 1754.

369 2222 46 35 In
437 2225 103 33 1760,
555 2221 161 35 Thomas
735 2221 219 35 Braidwood
971 2221 166 35 founded
1154 2233 21 24 a
1193 2220 124 36 school
1334 2221 41 34 in
1393 2219 232 47 Edinburgh,
1643 2220 72 35 and
1733 2219 131 46 taught
1881 2219 19 20 "
1914 2219 64 45 lip-

368 2280 151 35 reading
532 2280 19 15 "
569 2291 88 35 very
676 2279 251 36 successfully.
980 2279 60 36 He
1057 2291 73 24 was
1147 2279 136 36 visited
1300 2279 51 35 by
1370 2280 54 34 Dr
1440 2278 180 36 Johnson,
1638 2278 73 35 and
1728 2278 30 34 is
1775 2276 154 36 referred
1946 2281 33 29 to

366 2339 41 37 in
432 2339 192 36 laudatory
644 2343 114 31 terms
775 2339 41 35 in
833 2339 64 35 the
922 2339 138 35 latter's
1078 2339 143 35 famous
1246 2342 155 32 account
1419 2337 39 36 of
1471 2337 59 35 his
1555 2341 85 31 tour
1656 2341 37 30 to
1711 2336 63 36 the
1793 2336 185 36 Hebrides.

368 2399 219 35 Braidwood
612 2398 223 36 afterwards,
854 2399 39 34 in
923 2399 102 35 1783,
1049 2398 174 36 removed
1247 2401 39 32 to
1312 2397 165 36 London,
1496 2408 121 24 where
1642 2395 46 36 he
1713 2407 73 23 was
1811 2406 86 24 soon
1922 2393 57 35 the

368 2460 79 34 first
469 2458 249 36 head-master
735 2457 40 36 of
789 2457 63 36 the
872 2458 77 35 first
973 2457 129 47 public
1128 2458 215 35 institution
1369 2455 221 37 established
1607 2456 41 34 in
1665 2454 169 47 England
1853 2454 53 35 for
1922 2451 56 37 the

369 2530 196 24 education
583 2517 39 35 of
636 2516 231 36 deaf-mutes.
919 2517 79 35 The
1018 2516 125 36 school
1159 2517 166 35 founded
1341 2516 50 35 by
1408 2515 80 35 him
1505 2515 40 35 in
1562 2513 218 49 Edinburgh
1807 2514 64 35 has
1893 2513 84 35 been

369 2579 91 45 kept
485 2588 51 24 up
555 2588 84 24 ever
657 2576 109 35 since,
785 2576 75 35 and
885 2588 85 24 now
988 2576 170 47 occupies
1176 2575 181 37 excellent
1386 2575 174 47 premises
1583 2575 42 34 in
1651 2573 217 36 Henderson
1884 2573 93 35 Bow.

371 2635 222 37 Edinburgh
609 2635 76 36 also
711 2635 76 36 has,
806 2635 41 35 in
865 2634 244 37 Donaldson's
1135 2634 186 48 Hospital,
1339 2647 21 23 a
1387 2634 170 35 splendid
1577 2633 216 35 Institution
1813 2631 116 35 which
1952 2630 27 33 is

369 2695 124 49 partly
511 2695 156 35 devoted
685 2698 37 32 to
740 2694 64 36 the
822 2694 195 36 education
1035 2693 39 36 of
1089 2694 247 36 Deaf-Mutes.

418 2757 36 34 A
471 2766 155 25 century
643 2754 123 36 before
784 2754 64 35 the
866 2754 90 35 time
975 2753 39 36 of
1030 2753 182 36 Heinicke
1235 2753 73 35 and
1334 2753 228 45 Braidwood,
1583 2749 313 50 "Lip-Beading"
1914 2760 65 23 was

371 2812 239 47 successfully
628 2812 132 36 taught
777 2812 40 35 in
835 2812 115 47 Spain
967 2812 51 47 by
1033 2812 116 35 Pedro
1168 2812 120 35 Ponce
1306 2811 45 36 de
1369 2811 110 35 Leon,
1495 2823 21 23 a
1534 2808 179 40 Spaniard
1732 2809 39 36 of
1785 2807 195 37 illustrious

370 2873 113 36 birth,
502 2873 73 35 and
589 2871 58 36 his
661 2883 183 25 successor
856 2871 101 36 Juan
976 2870 114 37 Pablo
1108 2871 128 35 Bonet,
1251 2883 21 23 a
1286 2870 149 36 capable
1453 2882 86 23 man
1553 2869 40 37 of
1606 2869 174 44 business,
1796 2862 184 50 employed

370 2935 41 34 in
437 2931 131 38 official
593 2931 163 37 services.
810 2931 37 35 It
867 2943 73 24 was
957 2930 41 36 in
1016 2930 126 48 Spain,
1160 2929 87 37 also,
1265 2929 83 36 that
1373 2929 63 36 the
1462 2928 230 37 one-handed
1718 2925 171 51 alphabet
1912 2933 67 26 was

370 2991 190 38 invented.
624 2991 79 36 The
734 2991 236 36 two-handed
1000 2990 185 47 alphabet,
1215 2989 90 37 used
1334 2988 188 48 generally
1551 2989 39 36 in
1621 2987 73 38 this
1724 2990 163 42 country,
1912 2992 67 26 was

372 3050 188 40 invented,
579 3054 37 35 at
633 3064 20 24 a
672 3051 93 41 later
783 3051 94 36 date,
896 3051 40 35 in
955 3049 149 39 France,
