1933 3302
945 132 179 35 Literatur.

231 125 93 40 XIV

233 233 50 30 W.
302 233 143 40 Roser,
471 234 65 30 Zur
554 234 106 32 Lehre
685 245 65 22 von
776 237 60 31 der
853 240 192 39 septischen
1065 241 203 42 Vergiftung
1285 243 57 32 des
1362 245 124 33 Blutes.
1517 247 125 33 Archiv
1668 250 59 31 der
1743 252 87 31 Heil-

233 276 123 31 Itunde.
382 278 29 30 7.
436 277 115 40 Jahrg.
580 278 93 40 1866,
697 279 31 32 S.
754 280 72 33 330.
852 298 42 5 —
916 282 29 32 J.
971 283 250 42 Neudörier,
1246 285 130 34 Handb.
1402 289 60 30 der
1489 289 288 40 Kriegschirurgie
1801 304 18 21 u

233 319 60 31 der
318 319 311 42 Operationslehre,
655 323 24 31 I.
694 322 59 32 Bd.
778 324 32 31 S.
835 324 75 39 2Ö2,
934 326 106 30 ersch.
1066 326 93 32 1807.
1186 344 37 5 -
1251 328 38 32 K.
1314 330 204 42 Fischer,
1547 334 286 33 Militärärztliche

233 362 142 31 Skizzen
401 371 60 22 aus
486 362 299 35 Süddeutschland
810 367 69 30 und
907 368 161 31 Böhmen.
1103 368 114 32 Aarau
1243 371 92 33 1807.
1365 390 34 5 —
1429 375 188 32 Nelaton
1664 378 167 33 Elements

234 405 42 30 de
300 405 200 41 Pathologie
525 407 241 42 chirurgicale,
796 410 40 30 2e
861 410 140 39 üdition,
1031 411 37 31 T.
1093 412 25 38 I,
1142 422 30 30 p.
1198 413 69 32 189.
1307 415 93 31 Paris
1432 418 90 32 1808.
1556 436 40 4 —
1629 420 67 31 Ed.
1723 422 96 31 Zeis

236 448 111 31 Ueber
372 448 285 42 Hospitalbrand,
692 452 222 31 Denkschril't
938 453 59 30 der
1022 453 224 34 Gesellschal't
1270 458 54 30 für
1347 459 118 31 Natur-
1491 461 67 30 und
1583 462 191 33 Heilkunde
1797 466 33 29 in

233 490 155 31 Dresden
419 501 59 21 zur
503 493 96 31 Feier
629 495 91 30 ihres
751 495 135 40 50jähr.
914 496 182 31 Bestehens
1122 501 60 28 etc.
1228 500 151 32 Dresden
1408 503 90 32 1868.
1535 521 31 4 —
1604 504 34 33 C.
1663 506 153 31 Hueter

231 534 198 40 Pilzsporen
454 536 36 29 in
515 536 64 31 den
599 536 168 32 Geweben
794 538 69 30 und
888 539 46 29 im
953 539 98 31 Blute
1077 541 52 30 bei
1147 541 201 42 Gangraena
1371 545 250 40 diphtiieritica,
1646 531 187 49 Centralbl!

232 579 21 29 f.
279 577 30 31 d.
337 578 87 31 med.
442 578 291 32 Wissenschaften
760 580 55 32 Nr.
835 582 49 30 12.
912 581 92 33 1868.
1031 600 37 4 —
1095 583 35 31 C.
1155 584 206 33 Tommasi
1388 589 65 30 und
1481 589 34 31 C.
1534 591 167 40 Hueter,
1728 592 106 31 Ueber

233 620 241 41 Diphtheritis,
498 623 85 31 vorl.
609 623 231 41 Mittheilung,
868 624 84 32 ibid.
977 625 56 32 Nr.
1059 626 52 32 34,
1135 628 70 30 und
1229 627 35 33 C.
1290 630 170 39 Hueter,
1492 633 258 41 Nachträgliche
1774 635 58 30 Be-

231 664 171 41 merkung
430 666 85 30 über
540 666 65 30 den
630 665 189 32 Ciiarakter
849 666 60 31 der
937 668 55 30 bei
1018 669 226 40 Diphtheritis
1269 674 286 32 vorkommenden
1595 677 158 30 niederen
1778 677 55 32 Or-

230 708 192 39 ganismen,
439 709 83 31 ibid.
540 709 56 31 Nr.
613 710 52 31 25.
685 710 92 31 1868.
795 727 42 4 —
856 710 113 41 Vergl.
987 712 84 30 auch
1090 712 108 32 dieses
1216 714 145 33 Handb.:
1387 717 33 30 C.
1439 718 218 41 Thiersch,
1683 720 149 31 Abschn.

232 751 84 30 über
345 751 56 30 die
432 752 152 30 feineren
616 753 257 30 anatomischen
903 754 291 41 Veränderungen
1223 758 85 29 nach
1341 759 242 44 Verwundung
1619 763 59 30 der
1704 763 129 31 Weich-

232 793 116 39 theile,
374 795 85 30 und:
485 795 247 39 H.Fischer,
756 796 152 31 Abschn.
932 798 85 30 über
1040 798 54 31 die
1111 798 248 43 Verletzungen
1386 802 103 32 durch
1515 805 253 41 KriegswaiTen,
1791 824 41 6 —

231 837 156 41 Joseph
406 838 143 37 Jones,
575 838 244 32 Observations
845 848 90 32 upon
961 850 216 32 gangrenous
1202 843 259 43 inflammation,
1486 848 102 30 based
1606 857 89 32 upon
1714 858 119 21 micro-

231 881 150 40 scopical
413 883 255 29 examinations
701 883 38 30 of
765 882 57 31 the
853 883 265 42 disintegrating
1148 889 138 28 matters
1318 889 37 28 of
1385 888 56 31 the
1474 890 146 40 hospital
1653 900 179 31 gangrene.

230 923 72 31 The
326 924 193 31 New-York
546 926 88 30 med.
662 925 141 40 Record,
827 925 79 41 July
933 927 38 31 15
999 927 93 32 1868,
1122 929 69 30 und
1216 928 139 32 Outline
1387 932 37 29 of
1445 933 234 31 observations
1709 943 43 21 on
1777 934 55 31 ho-

231 968 102 39 spital
367 977 174 31 gangrene
575 978 36 21 as
643 969 28 29 it
695 970 202 30 manifested
928 971 97 30 itself
1053 972 36 29 in
1123 972 55 30 the
1209 973 240 31 confederated
1478 978 123 29 armies
1631 976 123 31 during
1777 977 56 30 the

230 1011 184 30 American
440 1012 79 30 civil
544 1021 70 21 war
640 1011 81 33 1861
730 1029 33 4 —
770 1012 51 32 65.
867 1013 240 32 New-Orleans
1127 1016 115 39 journ.
1261 1017 37 29 of
1312 1017 86 32 med.
1417 1019 118 31 scienc.
1553 1020 51 31 22.
1622 1019 96 40 April
1740 1019 92 32 1869.

231 1071 42 4 —
298 1053 332 40 Lewandowski,
656 1056 61 29 Ein
736 1055 138 41 Beitrag
898 1066 59 20 zur
974 1057 107 31 Lehre
1104 1066 78 22 vom
1208 1059 295 40 Hospitalbrande.
1534 1062 168 31 Deutsche
1717 1063 116 30 Klinik

230 1098 30 31 4.
286 1096 100 41 April
410 1098 58 31 Nr.
496 1098 40 32 14
561 1098 69 31 und
657 1099 49 31 11.
730 1099 102 40 April
856 1099 57 31 Nr.
941 1101 48 31 15.
1016 1101 93 32 1868.
1138 1118 34 5 —
1201 1102 33 31 P.
1260 1102 82 40 Rit,
1374 1104 105 40 Essay
1503 1114 57 21 sur
1584 1106 33 30 la
1640 1108 192 38 pourriture

229 1141 178 40 d'hopital.
441 1141 121 39 Thfese,
586 1142 228 40 Montpellier.
843 1159 34 5 —
905 1143 154 40 Ulmer,
1082 1143 194 43 Aetiologie
1294 1147 69 30 und
1380 1147 227 41 Prophylaxis
1633 1149 57 30 des
1712 1148 120 41 Spital-

231 1184 159 31 brandes.
430 1182 103 42 (Eine
562 1186 245 39 Preisschrift.)
847 1186 99 31 Wien
974 1187 92 32 1869.
1107 1187 232 43 Selbstverlag
1368 1190 30 31 d.
1426 1191 90 30 Verf.
1549 1209 33 4 —
1612 1193 48 30 W.
1686 1192 147 38 Roser,

229 1228 67 30 Zur
321 1228 281 41 Verständigung
625 1229 86 30 über
735 1229 65 31 den
825 1229 336 42 DiphtheriebegrifT.
1202 1231 127 31 Archiv
1354 1232 60 31 der
1438 1234 202 31 Heilkunde,
1665 1234 39 31 X.
1717 1235 114 39 Jahrg.

230 1271 28 31 2.
284 1271 89 30 Heft.
402 1271 31 31 S.
459 1272 74 32 201.
574 1272 93 32 1869.
696 1289 34 4 —
759 1273 360 42 Trendelenburg,
1152 1274 109 31 Ueber
1285 1276 54 30 die
1363 1275 249 42 Contagiosität
1635 1277 68 30 und
1728 1277 105 30 locale

228 1315 109 30 Natur
354 1314 60 31 der
428 1314 239 41 Diphtheritis,
681 1315 129 31 Archiv
828 1316 22 30 f.
867 1316 82 30 klin.
968 1315 192 42 Chirurgie,
1179 1318 40 31 X.
1235 1318 59 31 Bd.
1312 1319 28 30 2.
1358 1318 88 32 Heft.
1466 1320 90 32 1869.
1578 1338 33 3 —
1631 1321 51 30 W.
1698 1320 135 40 Leigh,

231 1356 102 33 Cases
359 1359 38 30 of
417 1358 232 40 phagedaena.
684 1359 125 31 Lancet
834 1358 70 32 Oct.
933 1360 48 31 16.
1010 1360 95 32 1869.
1129 1377 42 4 —
1197 1361 175 40 Duprez,
1403 1362 86 31 Note
1513 1372 57 21 sur
1594 1363 162 40 quelques
1780 1372 53 21 cas

229 1401 41 31 de
294 1405 198 37 pourriture
517 1401 168 41 d'höpital
710 1405 118 28 traites
853 1402 19 30 k
897 1403 157 40 l'hopital
1080 1404 160 30 militaire
1257 1404 40 30 de
1315 1403 106 33 Gand.
1451 1405 137 32 Archiv,
1613 1406 116 31 medic.
1748 1406 86 31 belg.

228 1445 101 31 Avril
355 1445 95 32 1869.
485 1462 41 5 —
561 1446 69 31 Th.
657 1445 219 32 Billroth,
909 1446 110 31 Ueber
1043 1447 54 30 die
1121 1447 195 41 Beziehung
1345 1448 59 30 der
1426 1449 329 30 Rachendiphtherie
1778 1458 56 21 zur

228 1488 198 41 Septhämie
459 1489 69 30 und
561 1489 196 40 Pyohämie.
807 1489 137 32 Wiener
981 1490 88 31 med.
1103 1490 271 31 Wochenschrift
1408 1491 56 32 Nr.
1490 1494 34 36 7,
1556 1492 18 32 8
1599 1502 30 20 u.
1655 1493 50 31 20.
1742 1492 91 32 1870.

228 1549 42 5 —
295 1532 290 40 Eisenschitz,
609 1533 112 30 Ueber
745 1533 271 31 Hospitalismus
1041 1533 69 30 und
1135 1534 84 30 über
1243 1534 58 30 das
1325 1534 205 31 Verhältniss
1553 1544 65 22 von
1636 1535 197 40 Diphtherie

228 1575 72 31 und
326 1575 288 41 Hospitalbrand.
643 1577 138 30 Wiener
804 1577 88 30 med.
918 1577 274 30 Wochenschrift
1216 1577 56 31 Nr.
1290 1578 50 31 29.
1368 1577 91 32 1870.
1484 1595 40 4 —
1547 1579 28 29 J.
1604 1578 131 30 Felix,
1760 1578 71 30 Bei-

229 1622 99 28 träge
353 1629 60 20 zur
439 1619 189 31 Kenntniss
654 1620 60 30 der
739 1620 252 40 epidemischen
1018 1620 236 40 Diphtheritis.
1291 1621 137 30 Wiener
1451 1621 85 31 med.
1562 1621 271 31 Wochenschrift

229 1663 58 31 Nr.
314 1663 53 32 36.
395 1662 93 33 1870.
515 1680 39 4 —
580 1665 35 29 E.
635 1663 155 31 Smart,
816 1663 49 31 On
890 1663 150 40 hospital
1064 1673 182 31 gangrene,
1270 1663 123 31 Lancet
1416 1664 73 31 Vol.
1514 1664 39 31 II.
1578 1663 70 32 Oct.
1674 1664 27 32 1.
1725 1673 32 21 u.
1781 1664 51 32 22.

231 1707 93 32 1870.
361 1724 34 3 —
433 1706 167 41 Meyer,
632 1707 234 30 Vereinzelter
895 1706 74 31 Fall
998 1715 66 22 von
1089 1707 386 40 Nosokomialgangrän.
1521 1707 168 31 Deutsche
1712 1707 120 30 Klinik

227 1750 58 33 Nr.
311 1750 51 32 22.
398 1749 94 33 1871.
522 1767 34 4 —
584 1749 168 42 König,
777 1750 111 31 Ueber
911 1750 382 41 Nosocomialgangrän.
1336 1750 186 31 Virchow's
1546 1751 127 29 Archiv
1696 1750 50 31 52.
1771 1750 59 31 Bd.

228 1794 30 32 3.
283 1793 90 32 Heft.
409 1793 94 32 1871.
537 1811 40 4 —
609 1794 29 30 J.
664 1793 216 41 Heiberg,
915 1793 290 31 Beobachtungen
1230 1792 83 32 über
1336 1793 276 31 Hospitalbrand.
1649 1793 181 30 Virchow's

229 1837 130 31 Archiv
382 1837 52 32 53.
455 1837 57 31 Bd.
540 1837 27 32 1.
586 1837 88 30 Heft.
701 1837 93 32 1871.
820 1854 40 4 —
886 1835 34 32 C.
945 1836 172 31 Hueter,
1141 1837 110 30 Ueber
1275 1836 55 30 die
1354 1838 147 38 chirurg.
1527 1836 223 31 Behandlung
1774 1836 58 30 der

230 1881 222 30 Wundfieber
477 1881 55 30 bei
556 1880 288 41 Schusswunden,
869 1880 149 31 Vortrag
1040 1880 57 31 Nr.
1115 1881 52 30 22,
1191 1881 35 29 in
1251 1879 200 31 Sammlung
1474 1880 83 30 klin.
1576 1879 165 31 Vorträge
1765 1888 66 21 von

228 1925 39 30 R.
288 1924 203 31 Volkmann.
517 1924 139 40 Leipzig
674 1923 94 33 1871.
792 1940 41 5 —
858 1924 34 31 F.
910 1923 154 41 König,
1087 1923 111 31 Ueber
1222 1922 279 41 Hospitalbrand,
1526 1922 199 31 Sammlung
1749 1922 81 31 klin.

230 1968 169 31 Vorträge
422 1977 69 21 von
515 1967 38 31 R.
580 1968 211 30 Volkmann,
824 1967 57 31 Nr.
905 1967 52 32 40.
1003 1967 137 40 Leipzig
1166 1966 92 32 1872.
1292 1983 38 4 —
1362 1966 34 31 F.
1421 1966 270 38 Steudener,
1723 1965 108 30 Ueber

229 2011 202 41 pflanzliche
457 2010 228 32 Organismen
711 2011 49 30 als
785 2010 361 41 Krankheitserreger,
1185 2009 202 31 Sammlung
1408 2009 82 30 klin.
1517 2009 164 40 Vorträge
1705 2017 65 21 von
1794 2008 37 30 R.

229 2055 209 31 Volkmann,
470 2054 58 32 Nr.
553 2054 51 33 38.
640 2054 139 40 Leipzig
804 2054 93 32 1872.
926 2071 33 4 —
987 2052 37 33 C.
1049 2054 187 30 Hueter,
1269 2053 66 29 Zur
1358 2052 192 31 Aetiologie
1574 2052 68 29 und
1667 2051 164 39 Therapie

230 2099 61 30 der
320 2098 310 31 metastasirenden
654 2098 151 30 Pyämie.
851 2097 171 30 Deutsche
1046 2096 194 31 Zeitschrift
1269 2096 54 29 für
1348 2094 178 41 Chirurgie
1549 2094 24 32 I.
1598 2094 61 31 Bd.
1691 2095 26 31 1.
1745 2094 86 32 Heft.

232 2141 96 33 1872.
366 2159 34 4 —
436 2141 40 31 A.
504 2141 52 31 So
568 2142 90 38 ein,
693 2140 357 41 Kriegschirurgische
1074 2140 253 39 Erfahrungen,
1362 2138 201 41 gesammelt
1592 2139 34 28 in
1651 2137 181 31 Carlsruhe

232 2186 84 32 1870
340 2185 71 31 und
435 2186 51 31 71.
519 2184 138 41 Leipzig
681 2184 94 32 1872.
800 2201 40 4 —
865 2184 41 30 M.
923 2184 163 30 Tribes,
1110 2183 49 30 De
1188 2183 34 29 la
1245 2182 248 39 Complication
1519 2180 213 40 diphteroide
1756 2188 75 22 con-

230 2231 154 29 tagieuse
409 2229 59 30 des
492 2229 128 39 plaies,
645 2228 41 31 de
711 2237 37 21 sa
771 2230 121 28 nature
918 2230 32 28 et
974 2226 41 31 de
1040 2235 61 22 son
1126 2227 204 29 traitement.
1369 2225 106 40 Paris,
1498 2224 153 30 librairie
1676 2223 41 30 de
1740 2223 29 31 J,
1794 2223 35 30 B.

230 2273 161 30 Bailliere
416 2275 34 27 et
473 2272 62 30 fils.
563 2271 93 33 1872.
682 2288 39 5 —
746 2271 203 41 Billroth,
975 2269 241 32 Chirurgische
1239 2268 130 31 Klinik.
1399 2268 98 30 Wien
1521 2267 180 38 1869—72,
1724 2266 31 31 S.
1781 2266 50 31 29.

232 2333 37 5 —
304 2315 232 31 Bernhard
569 2315 135 39 Beck,
740 2313 180 32 Chirurgie
954 2314 60 30 der
1046 2312 377 40 Schussverletzungen.
1469 2310 166 41 Freiburg
1668 2309 90 33 1872.
1791 2325 40 5 —

230 2361 42 30 M.
298 2359 209 39 Schüller,
532 2357 357 42 Kriegschirurgische
913 2357 143 31 Skizzen
1081 2365 60 22 aus
1166 2356 77 30 dem
1268 2354 408 31 deutsch-französischen
1700 2352 130 40 Kriege.

230 2404 184 30 Hannover
433 2402 92 32 1871.
547 2419 34 4 —
602 2401 358 41 Kriegschirurgische
977 2401 130 30 Fragen
1126 2410 30 20 u.
1176 2398 257 31 Bemerkungen
1451 2407 66 20 von
1533 2397 88 30 Prof.
1635 2395 40 31 A.
1690 2395 140 30 Lücke.

230 2446 88 31 Bern
346 2446 93 32 1871.
473 2462 41 5 —
547 2446 36 30 E.
609 2444 113 32 Graf,
766 2445 64 30 Die
859 2444 130 31 königl.
1014 2441 344 33 Reserve-Lazarethe
1382 2451 40 20 zu
1446 2439 204 31 Düsseldorf
1669 2438 161 31 während

231 2490 59 31 des
315 2490 143 40 Krieges
485 2488 147 33 1870/71.
672 2488 173 32 Elberfeld
873 2488 92 31 1872.
995 2504 42 5 —
1067 2497 29 20 v.
1121 2485 61 32 Nu
1195 2495 39 21 ss
1246 2486 146 30 bäum,
1423 2484 110 30 Ueber
1559 2481 274 39 Hospitalbrand,

232 2534 129 31 Archiv
385 2533 23 30 f.
432 2532 84 31 klin.
542 2530 191 42 Chirurgie.
764 2531 122 40 XVIH,
915 2531 31 38 4,
976 2540 31 31 p.
1032 2530 72 32 706.
1134 2546 33 5 —
1194 2529 174 39 Lingen,
1397 2526 92 31 Fälle
1513 2535 66 21 von
1602 2524 229 31 Nosocomial-

231 2586 165 32 gangrän.
422 2576 246 30 Petersburger
692 2574 88 31 med.
803 2574 195 31 Zeitschrift
1020 2574 40 39 V,
1079 2574 25 38 I,
1130 2583 29 30 p.
1176 2572 52 32 48,
1253 2571 93 33 1875.
1371 2586 40 5 —
1435 2567 397 38 Mosetig-Moorhof,

231 2620 139 32 Bericht
395 2619 58 31 des
478 2619 32 30 k.
536 2619 32 29 k.
593 2618 287 30 Krankenhauses
907 2617 152 40 Wieden,
1084 2618 148 28 chirurg.
1249 2614 150 32 Abtheil.
1425 2613 97 29 Wien
1544 2611 91 32 1874.
1664 2628 33 4 —
1724 2610 108 30 Ueber

232 2663 243 41 antiseptische
500 2661 339 31 Wundbehandlung
864 2670 65 21 von
954 2661 89 29 Prof.
1067 2660 29 30 J.
1121 2659 41 31 A.
1187 2656 171 34 Estland
1370 2666 53 28 er,
1452 2654 124 31 Finska
1601 2653 228 31 läkaresällsk.

233 2708 115 30 handl.
380 2706 88 31 XIX.
507 2705 93 33 1878.
630 2722 42 4 —
703 2704 28 31 J.
758 2705 39 30 M.
823 2704 166 30 Batten,
1029 2703 111 30 Ueber
1170 2698 277 43 Hospitalbrand.
1503 2697 210 40 Philadelph.
1745 2695 84 30 med.

232 2751 68 31 and
325 2760 91 31 surg.
441 2750 157 39 Reports.
622 2747 98 39 XLV,
747 2747 58 38 12,
835 2757 30 30 p.
890 2747 80 32 315,
996 2746 93 32 1881.
1116 2763 37 4 -
1179 2744 98 31 Karl
1301 2742 169 39 Becker,
1494 2742 62 29 Ein
1581 2740 70 31 Fall
1677 2749 64 20 von
1766 2738 64 31 Ho-

232 2793 214 32 spitalbrand
471 2794 35 29 in
525 2793 59 30 der
601 2791 242 40 Privatpraxis.
868 2789 417 41 Inauguraldissertation.
1311 2786 168 39 Erlangen
1499 2784 91 33 1881.
1609 2800 35 5 —
1665 2781 165 37 Fincke,

232 2837 171 31 Deutsche
428 2836 87 31 med.
533 2834 274 33 Wochenschrift
822 2834 58 39 IX,
903 2833 120 32 47,48.
1052 2832 92 33 1883.
1171 2848 41 5 —
1238 2829 170 37 Barker,
1432 2825 263 43 Hospitalbrand
1720 2826 34 29 in
1772 2824 59 30 der

233 2882 244 29 Privatpraxis.
525 2879 86 31 Med.
642 2878 114 31 Times
787 2877 66 30 and
883 2876 77 31 Gaz.
986 2878 85 38 Aug.
1097 2876 30 39 9,
1160 2886 31 29 p,
1218 2874 70 32 181.
1326 2871 91 32 1884.
1454 2888 34 5 —
1524 2870 173 40 Langen
1709 2867 123 39 buch,

232 2923 377 42 Kriegschirurgisches
644 2930 60 22 aus
729 2920 60 31 der
811 2920 170 30 Bulgarei.
1029 2918 169 32 Deutsche
1226 2916 86 32 med.
1340 2913 271 32 Wochenschrift
1644 2912 49 31 12.
1716 2910 115 32 Jahrg.

235 2967 94 34 1886,
353 2967 32 32 S.
405 2967 71 33 150.
501 2983 33 5 -
