2287 3957
1088 146 68 51 10

205 277 84 54 On
335 282 89 48 the
466 276 146 54 other
656 275 155 67 hand,
853 281 87 48 the
981 276 401 72 metaphysician
1430 276 136 54 deals
1610 277 122 54 with
1773 297 120 35 man
1938 299 53 34 as
2035 299 63 35 an

131 352 224 53 abstract
382 371 57 34 or
464 351 127 53 ideal
618 351 171 65 being,
815 352 281 71 postulates
1119 353 108 51 him
1243 371 53 34 as
1325 372 29 32 a
1382 357 190 48 certain
1590 358 237 48 constant
1845 355 250 71 quantity,

131 427 101 53 and
259 433 285 46 thereupon
571 426 307 71 confidently
901 427 289 53 enunciates
1218 431 172 68 empty
1409 427 362 71 propositions.
1849 429 108 53 The
1983 449 114 33 con-

133 521 248 34 sequence
407 501 59 65 is,
494 501 115 53 that
635 501 339 72 metaphysics
1000 502 91 52 has
1117 521 154 34 never
1308 521 146 34 made
1489 521 97 51 any
1612 502 234 66 advance,
1876 502 96 54 but
2010 503 88 54 has

130 596 121 52 only
287 576 252 71 appeared
577 576 54 52 in
670 595 110 34 new
820 595 159 51 garb;
1020 595 96 34 nor
1156 595 94 34 can
1288 576 42 54 it
1369 576 55 53 in
1458 576 145 53 truth
1644 577 239 66 advance,
1926 577 168 54 unless

133 670 140 34 some
300 655 144 67 great
461 650 228 53 addition
714 650 43 53 is
784 650 148 53 made
958 655 54 49 to
1039 651 89 53 the
1152 651 184 53 inborn
1352 670 170 53 power
1543 651 55 53 of
1618 651 88 53 the
1727 652 192 52 human
1939 652 156 54 mind.

133 727 54 52 It
225 745 168 51 surely
429 744 181 51 argues
656 744 67 34 no
764 725 134 53 little
934 731 200 48 conceit
1170 725 56 53 in
1266 745 98 52 any
1391 744 96 34 one
1524 734 55 45 to
1614 724 191 55 believe
1830 731 112 48 that
1969 733 131 47 what

132 800 151 54 Plato
313 799 101 55 and
440 799 273 53 Descartes
740 799 128 54 have
893 805 91 48 not
1012 800 150 66 done,
1189 800 83 66 he,
1299 800 261 71 following
1586 806 86 47 the
1704 820 138 34 same
1879 801 220 65 method,

133 875 104 53 will
264 875 81 53 do.
423 874 151 54 Plato
602 874 346 53 interrogated
973 874 79 53 his
1080 894 112 34 own
1219 875 157 65 mind,
1405 874 99 54 and
1533 880 75 48 set
1633 875 139 53 forth
1796 876 65 52 its
1890 895 210 34 answers

134 951 123 51 with
286 970 27 32 a
341 949 263 65 clearness,
633 949 241 71 subtlety,
905 949 100 53 and
1032 949 233 71 elegance
1292 950 55 53 of
1386 949 128 53 style
1552 949 114 53 that
1691 950 43 51 is
1761 950 338 53 unsurpassed

135 1024 101 54 and
262 1023 427 72 unsurpassable;
730 1024 135 52 until
903 1023 124 53 then
1057 1029 87 48 the
1181 1043 122 52 very
1340 1024 231 71 unlikely
1607 1029 150 48 event
1789 1025 55 53 of
1880 1044 28 34 a
1946 1024 157 54 better

135 1099 143 53 mind
322 1099 128 52 than
485 1099 79 51 his
604 1098 209 71 making
852 1098 66 53 its
958 1118 323 52 appearance,
1310 1099 79 53 his
1423 1118 188 51 system
1636 1118 116 51 may
1776 1099 114 53 well
1915 1100 187 52 remain

135 1193 54 34 as
216 1180 86 46 the
328 1174 249 53 adequate
602 1178 390 66 representative
1020 1174 55 52 of
1115 1174 135 52 what
1277 1179 87 47 the
1390 1173 363 71 metaphysical
1779 1173 206 53 method
2011 1193 92 34 can

137 1248 326 54 accomplish.
545 1247 319 73 Superseded
889 1247 68 72 by
979 1268 28 33 a
1035 1267 139 34 more
1197 1248 199 53 fruitful
1424 1248 227 66 method,
1679 1248 42 52 it
1747 1248 41 53 is
1815 1248 288 72 practically

138 1323 258 67 obsolete;
438 1322 101 53 and
564 1322 65 52 its
656 1341 110 34 rare
792 1322 257 65 advocate,
1078 1342 146 33 when
1259 1323 128 53 such
1413 1342 64 33 an
1504 1341 95 35 one
1624 1323 42 52 is
1695 1322 178 66 found,
1902 1343 113 51 may
2042 1323 60 53 be

137 1398 123 64 said,
290 1398 103 52 like
431 1397 88 53 the
557 1398 223 52 Aturian
807 1403 173 65 parrot
1007 1397 56 53 of
1089 1397 167 54 which
1290 1397 292 54 Humboldt
1616 1397 136 66 tells,
1778 1402 54 49 to
1862 1398 153 71 speak
2052 1398 50 52 in

135 1473 89 53 the
249 1473 252 71 language
528 1472 55 53 of
619 1491 65 33 an
711 1472 193 53 extinct
938 1472 133 53 tribe
1106 1477 55 48 to
1189 1493 29 33 a
1243 1491 181 54 people
1449 1472 169 53 which
1652 1472 309 53 understand
1999 1472 103 53 him

136 1553 110 48 not.

214 1623 109 53 But
349 1626 88 48 the
463 1620 213 54 method
705 1620 54 54 of
800 1620 374 72 interrogating
1213 1619 503 56 self-consciousness
1751 1640 116 52 may
1902 1620 64 54 be
2003 1640 100 34 em-

138 1697 200 71 ployed,
369 1696 101 53 and
496 1696 42 53 is
565 1694 193 73 largely
786 1695 277 72 employed,
1093 1696 219 53 without
1348 1715 231 53 carrying
1616 1696 42 52 it
1696 1701 54 48 to
1783 1716 29 33 a
1844 1696 258 71 metaphy-

141 1771 122 54 sical
290 1790 238 34 extreme.
569 1770 280 71 Empirical
869 1770 331 73 psychology,
1218 1771 224 53 founded
1468 1790 65 33 on
1553 1773 160 51 direct
1728 1771 376 53 consciousness

140 1866 53 33 as
242 1845 372 54 distinguished
653 1845 130 53 from
827 1850 87 48 the
956 1847 413 52 transcendental
1406 1865 384 34 consciousness
1837 1865 67 34 on
1945 1845 160 53 which

139 1921 341 71 metaphysics
506 1919 43 53 is
575 1919 170 66 based,
775 1919 175 53 claims
977 1924 54 48 to
1060 1940 115 51 give
1203 1940 27 33 a
1256 1920 207 53 faithful
1484 1920 174 54 record
1679 1921 55 52 of
1757 1940 93 34 our
1879 1920 226 53 different

140 2001 157 48 states
326 1996 55 52 of
404 1994 143 53 mind
574 1994 98 53 and
692 1994 132 52 their
845 1994 200 54 mutual
1064 1994 256 66 relations,
1342 1995 96 53 and
1458 1995 92 53 has
1577 1994 130 54 been
1734 1995 371 71 extravagantly

140 2070 205 66 lauded,
372 2069 70 72 by
468 2070 88 52 the
583 2069 187 53 Scotch
797 2069 189 66 school,
1016 2089 53 33 as
1097 2089 66 34 an
1189 2069 259 54 inductive
1485 2070 205 53 science.
1770 2070 80 54 Its
1877 2070 143 52 value
2054 2089 51 33 as

141 2165 29 33 a
214 2145 193 53 science
451 2149 138 48 must
634 2143 190 72 plainly
862 2150 101 46 rest
1005 2163 144 53 upon
1182 2149 89 48 the
1314 2145 286 71 sufficiency
1632 2144 99 53 and
1765 2145 266 71 reliability
2057 2144 52 52 of

142 2220 382 53 consciousness
567 2237 54 34 as
667 2238 28 33 a
725 2219 205 52 witness
958 2219 55 52 of
1049 2218 112 54 that
1197 2219 167 53 which
1395 2225 144 47 takes
1574 2218 140 73 place
1749 2219 54 54 in
1837 2225 87 47 the
1950 2218 152 54 mind.

143 2295 56 53 Is
225 2295 87 52 the
339 2293 304 54 foundation
659 2297 125 49 then
800 2293 303 72 sufficiently
1125 2313 170 33 secure
1315 2293 22 54 ?
1417 2294 54 53 It
1492 2314 114 52 may
1624 2293 112 54 well
1763 2293 63 54 be
1853 2293 249 65 doubted;

145 2369 102 54 and
274 2369 79 52 for
378 2368 89 52 the
492 2367 262 71 following
779 2387 203 34 reasons
1007 2389 10 32 :

224 2444 91 69 (a.)
360 2443 161 52 There
561 2461 82 34 are
677 2441 96 54 but
808 2443 96 52 few
939 2442 307 53 individuals
1275 2462 112 33 who
1415 2461 82 34 are
1525 2441 206 55 capable
1758 2442 56 54 of
1845 2442 260 72 attending

143 2524 54 48 to
244 2525 88 46 the
373 2516 286 54 succession
687 2517 55 52 of
782 2517 318 71 phenomena
1130 2517 53 53 in
1217 2517 132 52 their
1391 2536 113 34 own
1546 2537 201 46 minds;
1791 2518 126 52 such
1951 2518 153 53 intro-

145 2592 231 55 spection
406 2591 307 72 demanding
731 2611 29 33 a
776 2592 273 71 particular
1067 2592 319 64 cultivation,
1406 2592 102 52 and
1535 2592 157 71 being
1717 2592 249 71 practised
1987 2599 117 45 with

146 2686 201 35 success
375 2666 67 72 by
470 2671 146 47 those
643 2685 120 52 only
789 2666 115 53 who
925 2666 127 52 have
1074 2666 207 53 learned
1307 2666 87 53 the
1421 2671 172 61 terms,
1624 2666 97 54 and
1750 2666 125 54 been
1903 2665 201 55 imbued

144 2742 125 53 with
303 2746 88 48 the
429 2740 236 66 theories,
697 2742 56 52 of
799 2745 89 49 the
930 2760 188 52 system
1171 2740 56 53 of
1273 2741 313 72 psychology
1638 2741 255 72 supposed
1942 2746 54 48 to
2046 2740 59 54 be

149 2818 218 70 thereby
395 2815 327 54 established.

227 2892 87 69 (b.)
359 2890 162 53 There
545 2889 43 53 is
616 2909 68 33 no
712 2894 290 67 agreement
1027 2888 224 54 between
1277 2894 147 48 those
1450 2889 114 54 who
1603 2889 126 54 have
1756 2889 234 54 acquired
2022 2888 82 54 the

146 2985 168 52 power
340 2965 55 52 of
417 2965 367 70 introspection
804 2988 14 41 ;
862 2963 99 53 and
988 2983 115 34 men
1122 2965 55 52 of
1201 2970 294 66 apparently
1517 2965 149 70 equal
1693 2965 298 52 cultivation
2010 2961 95 55 and

148 3039 229 72 capacity
403 3038 121 66 will,
556 3039 124 52 with
720 3043 89 48 the
850 3043 194 48 utmost
1089 3038 238 72 sincerity
1362 3039 100 52 and
1507 3039 304 65 confidence,
1847 3038 81 71 lay
1964 3038 140 52 down

149 3114 208 71 directly
384 3112 372 72 contradictory
783 3113 360 71 propositions.
1223 3114 53 52 It
1314 3113 42 53 is
1391 3118 93 48 not
1518 3114 222 70 possible
1776 3119 54 47 to
1870 3131 235 35 convince

149 3189 160 53 either
335 3191 259 68 opponent
630 3187 56 53 of
723 3206 152 46 error,
914 3207 53 33 as
1008 3188 41 52 it
1094 3188 167 71 might
1302 3187 64 53 be
1407 3188 54 52 in
1497 3207 28 33 a
1564 3193 187 48 matter
1778 3187 55 54 of
1869 3187 236 70 objective

150 3281 208 46 science,
388 3261 214 53 because
628 3261 64 53 he
718 3261 204 72 appeals
942 3266 54 49 to
1024 3282 27 32 a
1078 3263 200 53 witness
1298 3281 170 34 whose
1494 3262 232 54 evidence
1753 3281 94 33 can
1873 3261 61 53 be
1959 3259 146 55 taken

149 3337 68 71 by
251 3356 67 33 no
356 3355 96 35 one
495 3335 94 54 but
629 3335 218 66 himself,
884 3336 96 53 and
1021 3356 170 34 whose
1235 3337 237 71 veracity,
1515 3337 268 65 therefore,
1828 3341 183 48 cannot
2046 3333 57 53 be

147 3410 182 56 tested.

230 3486 85 69 (c.)
395 3485 75 52 To
514 3483 156 54 direct
713 3483 379 55 consciousness
1130 3484 240 72 inwardly
1405 3489 53 49 to
1504 3490 87 48 the
1633 3483 315 55 observation
1990 3481 53 54 of
2077 3500 26 33 a

151 3560 275 72 particular
452 3578 129 34 state
609 3558 56 53 of
686 3558 144 53 mind
855 3559 42 53 is
923 3564 55 48 to
1005 3559 175 53 isolate
1205 3564 111 48 that
1345 3559 205 71 activity
1566 3559 77 53 for
1664 3558 86 53 the
1775 3563 138 61 time,
1941 3563 51 47 to
2020 3561 82 47 cut

152 3637 41 51 it
221 3634 71 52 off
333 3634 128 52 from
490 3634 63 52 its
582 3633 254 66 relations,
865 3633 114 66 and,
1008 3634 267 66 therefore,
1302 3639 53 47 to
1383 3634 178 52 render
1598 3633 39 53 it
1677 3631 286 55 unnatural.
2040 3629 62 53 In
