<?xml version="1.0" encoding="UTF-8"?>
<alto xmlns="http://www.loc.gov/standards/alto/ns-v2#" xmlns:xsi="http://www.w3.org/2001/XMLSchema-instance" xsi:schemaLocation="http://www.loc.gov/standards/alto/ns-v2# http://www.loc.gov/standards/alto/alto.xsd">
  <Description>
    <MeasurementUnit>pixel</MeasurementUnit>
    <sourceImageInformation>
      <fileName>b21273911_abbyy.xml</fileName>
    </sourceImageInformation>
    <OCRProcessing ID="OCR_1">
      <preProcessingStep>
        <processingDateTime>2014-10-24T02:15:27</processingDateTime>
        <processingAgency>intranda GmbH, www.intranda.com</processingAgency>
        <processingSoftware>
          <softwareCreator>intranda GmbH, Germany</softwareCreator>
          <softwareName>intranda OCR Module for TaskManager</softwareName>
          <softwareVersion>1.0r42</softwareVersion>
        </processingSoftware>
      </preProcessingStep>
      <ocrProcessingStep>
        <processingSoftware>
          <softwareCreator>ABBYY (BIT Software), Russia</softwareCreator>
          <softwareName>FineReader Engine</softwareName>
          <softwareVersion>10</softwareVersion>
        </processingSoftware>
      </ocrProcessingStep>
    </OCRProcessing>
  </Description>
  <Layout>
    <Page PHYSICAL_IMG_NR="54" ID="PAGE_54" WIDTH="2125" HEIGHT="3524">
      <TopMargin ID="TopMargin_1" HPOS="339" VPOS="275" WIDTH="1129" HEIGHT="42">
        <TextBlock ID="TextBlock_233" HPOS="339" VPOS="275" WIDTH="1129" HEIGHT="42">
          <TextLine ID="TextLine_1734" HPOS="816" VPOS="275" WIDTH="652" HEIGHT="38">
            <String ID="Word_16769" HPOS="816" VPOS="283" WIDTH="86" HEIGHT="30" CONTENT="THE" />
            <SP ID="SP_15036" HPOS="902" VPOS="280" WIDTH="32" HEIGHT="0" />
            <String ID="Word_16770" HPOS="934" VPOS="281" WIDTH="242" HEIGHT="31" CONTENT="DISORDERS" />
            <SP ID="SP_15037" HPOS="1176" VPOS="279" WIDTH="33" HEIGHT="0" />
            <String ID="Word_16771" HPOS="1209" VPOS="279" WIDTH="52" HEIGHT="31" CONTENT="OF" />
            <SP ID="SP_15038" HPOS="1261" VPOS="275" WIDTH="32" HEIGHT="0" />
            <String ID="Word_16772" HPOS="1293" VPOS="275" WIDTH="175" HEIGHT="33" CONTENT="SPEECH." />
          </TextLine>
          <TextLine ID="TextLine_1733" HPOS="339" VPOS="277" WIDTH="55" HEIGHT="40">
            <String ID="Word_16768" HPOS="339" VPOS="277" WIDTH="55" HEIGHT="40" CONTENT="40" />
          </TextLine>
        </TextBlock>
      </TopMargin>
      <PrintSpace ID="PrintSpace_55" HPOS="326" VPOS="385" WIDTH="1629" HEIGHT="2725">
        <TextBlock ID="TextBlock_232" HPOS="326" VPOS="385" WIDTH="1629" HEIGHT="2725">
          <TextLine ID="TextLine_1735" HPOS="339" VPOS="391" WIDTH="1608" HEIGHT="66">
            <String ID="Word_16773" HPOS="339" VPOS="418" WIDTH="24" HEIGHT="28" CONTENT="a" />
            <SP ID="SP_15039" HPOS="363" VPOS="403" WIDTH="21" HEIGHT="0" />
            <String ID="Word_16774" HPOS="384" VPOS="403" WIDTH="215" HEIGHT="43" CONTENT="confident" />
            <SP ID="SP_15040" HPOS="599" VPOS="402" WIDTH="30" HEIGHT="0" />
            <String ID="Word_16775" HPOS="629" VPOS="402" WIDTH="108" HEIGHT="42" CONTENT="hope" />
            <SP ID="SP_15041" HPOS="737" VPOS="401" WIDTH="23" HEIGHT="0" />
            <String ID="Word_16776" HPOS="760" VPOS="401" WIDTH="46" HEIGHT="42" CONTENT="of" />
            <SP ID="SP_15042" HPOS="806" VPOS="399" WIDTH="27" HEIGHT="0" />
            <String ID="Word_16777" HPOS="833" VPOS="399" WIDTH="245" HEIGHT="42" CONTENT="immediate" />
            <SP ID="SP_15043" HPOS="1078" VPOS="399" WIDTH="23" HEIGHT="0" />
            <String ID="Word_16778" HPOS="1101" VPOS="409" WIDTH="122" HEIGHT="30" CONTENT="cure:" />
            <SP ID="SP_15044" HPOS="1223" VPOS="394" WIDTH="32" HEIGHT="0" />
            <String ID="Word_16779" HPOS="1255" VPOS="394" WIDTH="85" HEIGHT="42" CONTENT="and" />
            <SP ID="SP_15045" HPOS="1340" VPOS="391" WIDTH="23" HEIGHT="0" />
            <String ID="Word_16780" HPOS="1363" VPOS="391" WIDTH="104" HEIGHT="47" CONTENT="with" />
            <SP ID="SP_15046" HPOS="1467" VPOS="391" WIDTH="24" HEIGHT="0" />
            <String ID="Word_16781" HPOS="1491" VPOS="391" WIDTH="95" HEIGHT="43" CONTENT="that" />
            <SP ID="SP_15047" HPOS="1586" VPOS="391" WIDTH="25" HEIGHT="0" />
            <String ID="Word_16782" HPOS="1611" VPOS="391" WIDTH="122" HEIGHT="51" CONTENT="view," />
            <SP ID="SP_15048" HPOS="1733" VPOS="391" WIDTH="21" HEIGHT="0" />
            <String ID="Word_16783" HPOS="1754" VPOS="391" WIDTH="74" HEIGHT="43" CONTENT="she" />
            <SP ID="SP_15049" HPOS="1828" VPOS="391" WIDTH="23" HEIGHT="0" />
            <String ID="Word_16784" HPOS="1851" VPOS="406" WIDTH="96" HEIGHT="41" CONTENT="may" />
          </TextLine>
          <TextLine ID="TextLine_1736" HPOS="340" VPOS="461" WIDTH="1606" HEIGHT="66">
            <String ID="Word_16785" HPOS="340" VPOS="475" WIDTH="50" HEIGHT="40" CONTENT="be" />
            <SP ID="SP_15050" HPOS="390" VPOS="473" WIDTH="21" HEIGHT="0" />
            <String ID="Word_16786" HPOS="411" VPOS="473" WIDTH="130" HEIGHT="42" CONTENT="asked" />
            <SP ID="SP_15051" HPOS="541" VPOS="473" WIDTH="23" HEIGHT="0" />
            <String ID="Word_16787" HPOS="564" VPOS="478" WIDTH="42" HEIGHT="36" CONTENT="to" />
            <SP ID="SP_15052" HPOS="606" VPOS="472" WIDTH="22" HEIGHT="0" />
            <String ID="Word_16788" HPOS="628" VPOS="472" WIDTH="136" HEIGHT="55" CONTENT="cough" />
            <SP ID="SP_15053" HPOS="764" VPOS="469" WIDTH="23" HEIGHT="0" />
            <String ID="Word_16789" HPOS="787" VPOS="470" WIDTH="171" HEIGHT="53" CONTENT="loudly;" />
            <SP ID="SP_15054" HPOS="958" VPOS="480" WIDTH="22" HEIGHT="0" />
            <String ID="Word_16790" HPOS="980" VPOS="481" WIDTH="45" HEIGHT="28" CONTENT="so" />
            <SP ID="SP_15055" HPOS="1025" VPOS="467" WIDTH="23" HEIGHT="0" />
            <String ID="Word_16791" HPOS="1048" VPOS="467" WIDTH="106" HEIGHT="41" CONTENT="that," />
            <SP ID="SP_15056" HPOS="1154" VPOS="465" WIDTH="22" HEIGHT="0" />
            <String ID="Word_16792" HPOS="1176" VPOS="465" WIDTH="34" HEIGHT="41" CONTENT="if" />
            <SP ID="SP_15057" HPOS="1210" VPOS="463" WIDTH="22" HEIGHT="0" />
            <String ID="Word_16793" HPOS="1232" VPOS="463" WIDTH="73" HEIGHT="42" CONTENT="the" />
            <SP ID="SP_15058" HPOS="1305" VPOS="462" WIDTH="22" HEIGHT="0" />
            <String ID="Word_16794" HPOS="1327" VPOS="462" WIDTH="137" HEIGHT="55" CONTENT="cough" />
            <SP ID="SP_15059" HPOS="1464" VPOS="462" WIDTH="24" HEIGHT="0" />
            <String ID="Word_16795" HPOS="1488" VPOS="462" WIDTH="52" HEIGHT="41" CONTENT="be" />
            <SP ID="SP_15060" HPOS="1540" VPOS="461" WIDTH="22" HEIGHT="0" />
            <String ID="Word_16796" HPOS="1562" VPOS="461" WIDTH="132" HEIGHT="49" CONTENT="vocal," />
            <SP ID="SP_15061" HPOS="1694" VPOS="461" WIDTH="20" HEIGHT="0" />
            <String ID="Word_16797" HPOS="1714" VPOS="461" WIDTH="76" HEIGHT="42" CONTENT="her" />
            <SP ID="SP_15062" HPOS="1790" VPOS="461" WIDTH="20" HEIGHT="0" />
            <String ID="Word_16798" HPOS="1810" VPOS="467" WIDTH="136" HEIGHT="36" CONTENT="atten-" />
          </TextLine>
          <TextLine ID="TextLine_1737" HPOS="339" VPOS="531" WIDTH="1610" HEIGHT="67">
            <String ID="Word_16799" HPOS="339" VPOS="544" WIDTH="88" HEIGHT="40" CONTENT="tion" />
            <SP ID="SP_15063" HPOS="427" VPOS="544" WIDTH="25" HEIGHT="0" />
            <String ID="Word_16800" HPOS="452" VPOS="555" WIDTH="96" HEIGHT="30" CONTENT="may" />
            <SP ID="SP_15064" HPOS="548" VPOS="544" WIDTH="22" HEIGHT="0" />
            <String ID="Word_16801" HPOS="570" VPOS="544" WIDTH="51" HEIGHT="39" CONTENT="be" />
            <SP ID="SP_15065" HPOS="621" VPOS="539" WIDTH="31" HEIGHT="0" />
            <String ID="Word_16802" HPOS="652" VPOS="539" WIDTH="188" HEIGHT="43" CONTENT="directed" />
            <SP ID="SP_15066" HPOS="840" VPOS="539" WIDTH="32" HEIGHT="0" />
            <String ID="Word_16803" HPOS="872" VPOS="544" WIDTH="43" HEIGHT="35" CONTENT="to" />
            <SP ID="SP_15067" HPOS="915" VPOS="537" WIDTH="31" HEIGHT="0" />
            <String ID="Word_16804" HPOS="946" VPOS="537" WIDTH="73" HEIGHT="41" CONTENT="the" />
            <SP ID="SP_15068" HPOS="1019" VPOS="535" WIDTH="24" HEIGHT="0" />
            <String ID="Word_16805" HPOS="1043" VPOS="535" WIDTH="119" HEIGHT="42" CONTENT="vocal" />
            <SP ID="SP_15069" HPOS="1162" VPOS="533" WIDTH="33" HEIGHT="0" />
            <String ID="Word_16806" HPOS="1195" VPOS="547" WIDTH="188" HEIGHT="28" CONTENT="element" />
            <SP ID="SP_15070" HPOS="1383" VPOS="532" WIDTH="21" HEIGHT="0" />
            <String ID="Word_16807" HPOS="1404" VPOS="532" WIDTH="44" HEIGHT="40" CONTENT="in" />
            <SP ID="SP_15071" HPOS="1448" VPOS="531" WIDTH="25" HEIGHT="0" />
            <String ID="Word_16808" HPOS="1473" VPOS="531" WIDTH="45" HEIGHT="42" CONTENT="it." />
            <SP ID="SP_15072" HPOS="1518" VPOS="531" WIDTH="63" HEIGHT="0" />
            <String ID="Word_16809" HPOS="1581" VPOS="531" WIDTH="53" HEIGHT="41" CONTENT="In" />
            <SP ID="SP_15073" HPOS="1634" VPOS="531" WIDTH="26" HEIGHT="0" />
            <String ID="Word_16810" HPOS="1660" VPOS="545" WIDTH="24" HEIGHT="27" CONTENT="a" />
            <SP ID="SP_15074" HPOS="1684" VPOS="545" WIDTH="22" HEIGHT="0" />
            <String ID="Word_16811" HPOS="1706" VPOS="545" WIDTH="103" HEIGHT="40" CONTENT="very" />
            <SP ID="SP_15075" HPOS="1809" VPOS="537" WIDTH="22" HEIGHT="0" />
            <String ID="Word_16812" HPOS="1831" VPOS="537" WIDTH="118" HEIGHT="48" CONTENT="great" />
          </TextLine>
          <TextLine ID="TextLine_1738" HPOS="338" VPOS="599" WIDTH="1610" HEIGHT="62">
            <String ID="Word_16813" HPOS="338" VPOS="626" WIDTH="181" HEIGHT="28" CONTENT="number" />
            <SP ID="SP_15076" HPOS="519" VPOS="612" WIDTH="21" HEIGHT="0" />
            <String ID="Word_16814" HPOS="540" VPOS="612" WIDTH="43" HEIGHT="41" CONTENT="of" />
            <SP ID="SP_15077" HPOS="583" VPOS="612" WIDTH="30" HEIGHT="0" />
            <String ID="Word_16815" HPOS="613" VPOS="624" WIDTH="127" HEIGHT="28" CONTENT="cases," />
            <SP ID="SP_15078" HPOS="740" VPOS="609" WIDTH="22" HEIGHT="0" />
            <String ID="Word_16816" HPOS="762" VPOS="609" WIDTH="73" HEIGHT="42" CONTENT="the" />
            <SP ID="SP_15079" HPOS="835" VPOS="607" WIDTH="32" HEIGHT="0" />
            <String ID="Word_16817" HPOS="867" VPOS="620" WIDTH="101" HEIGHT="29" CONTENT="only" />
            <SP ID="SP_15080" HPOS="968" VPOS="604" WIDTH="23" HEIGHT="0" />
            <String ID="Word_16818" HPOS="991" VPOS="604" WIDTH="168" HEIGHT="43" CONTENT="further" />
            <SP ID="SP_15081" HPOS="1159" VPOS="604" WIDTH="30" HEIGHT="0" />
            <String ID="Word_16819" HPOS="1189" VPOS="605" WIDTH="233" HEIGHT="39" CONTENT="treatment" />
            <SP ID="SP_15082" HPOS="1422" VPOS="600" WIDTH="33" HEIGHT="0" />
            <String ID="Word_16820" HPOS="1455" VPOS="600" WIDTH="96" HEIGHT="41" CONTENT="that" />
            <SP ID="SP_15083" HPOS="1551" VPOS="600" WIDTH="31" HEIGHT="0" />
            <String ID="Word_16821" HPOS="1582" VPOS="600" WIDTH="37" HEIGHT="42" CONTENT="is" />
            <SP ID="SP_15084" HPOS="1619" VPOS="600" WIDTH="22" HEIGHT="0" />
            <String ID="Word_16822" HPOS="1641" VPOS="613" WIDTH="222" HEIGHT="43" CONTENT="necessary" />
            <SP ID="SP_15085" HPOS="1863" VPOS="599" WIDTH="25" HEIGHT="0" />
            <String ID="Word_16823" HPOS="1888" VPOS="599" WIDTH="60" HEIGHT="44" CONTENT="for" />
          </TextLine>
          <TextLine ID="TextLine_1739" HPOS="336" VPOS="669" WIDTH="1612" HEIGHT="56">
            <String ID="Word_16824" HPOS="336" VPOS="683" WIDTH="74" HEIGHT="41" CONTENT="the" />
            <SP ID="SP_15086" HPOS="410" VPOS="681" WIDTH="22" HEIGHT="0" />
            <String ID="Word_16825" HPOS="432" VPOS="681" WIDTH="245" HEIGHT="42" CONTENT="immediate" />
            <SP ID="SP_15087" HPOS="677" VPOS="677" WIDTH="20" HEIGHT="0" />
            <String ID="Word_16826" HPOS="697" VPOS="677" WIDTH="253" HEIGHT="44" CONTENT="restoration" />
            <SP ID="SP_15088" HPOS="950" VPOS="675" WIDTH="28" HEIGHT="0" />
            <String ID="Word_16827" HPOS="978" VPOS="675" WIDTH="46" HEIGHT="41" CONTENT="of" />
            <SP ID="SP_15089" HPOS="1024" VPOS="674" WIDTH="18" HEIGHT="0" />
            <String ID="Word_16828" HPOS="1042" VPOS="674" WIDTH="73" HEIGHT="42" CONTENT="the" />
            <SP ID="SP_15090" HPOS="1115" VPOS="672" WIDTH="21" HEIGHT="0" />
            <String ID="Word_16829" HPOS="1136" VPOS="686" WIDTH="120" HEIGHT="28" CONTENT="voice" />
            <SP ID="SP_15091" HPOS="1256" VPOS="671" WIDTH="22" HEIGHT="0" />
            <String ID="Word_16830" HPOS="1278" VPOS="671" WIDTH="36" HEIGHT="41" CONTENT="is" />
            <SP ID="SP_15092" HPOS="1314" VPOS="671" WIDTH="22" HEIGHT="0" />
            <String ID="Word_16831" HPOS="1336" VPOS="674" WIDTH="43" HEIGHT="37" CONTENT="to" />
            <SP ID="SP_15093" HPOS="1379" VPOS="674" WIDTH="24" HEIGHT="0" />
            <String ID="Word_16832" HPOS="1403" VPOS="684" WIDTH="145" HEIGHT="27" CONTENT="assure" />
            <SP ID="SP_15094" HPOS="1548" VPOS="669" WIDTH="21" HEIGHT="0" />
            <String ID="Word_16833" HPOS="1569" VPOS="669" WIDTH="74" HEIGHT="43" CONTENT="the" />
            <SP ID="SP_15095" HPOS="1643" VPOS="669" WIDTH="21" HEIGHT="0" />
            <String ID="Word_16834" HPOS="1664" VPOS="671" WIDTH="169" HEIGHT="54" CONTENT="patient" />
            <SP ID="SP_15096" HPOS="1833" VPOS="670" WIDTH="22" HEIGHT="0" />
            <String ID="Word_16835" HPOS="1855" VPOS="670" WIDTH="93" HEIGHT="42" CONTENT="that" />
          </TextLine>
          <TextLine ID="TextLine_1740" HPOS="336" VPOS="739" WIDTH="1613" HEIGHT="69">
            <String ID="Word_16836" HPOS="336" VPOS="767" WIDTH="84" HEIGHT="41" CONTENT="you" />
            <SP ID="SP_15097" HPOS="420" VPOS="758" WIDTH="22" HEIGHT="0" />
            <String ID="Word_16837" HPOS="442" VPOS="766" WIDTH="68" HEIGHT="27" CONTENT="are" />
            <SP ID="SP_15098" HPOS="510" VPOS="751" WIDTH="32" HEIGHT="0" />
            <String ID="Word_16838" HPOS="542" VPOS="751" WIDTH="130" HEIGHT="41" CONTENT="about" />
            <SP ID="SP_15099" HPOS="672" VPOS="751" WIDTH="31" HEIGHT="0" />
            <String ID="Word_16839" HPOS="703" VPOS="754" WIDTH="43" HEIGHT="36" CONTENT="to" />
            <SP ID="SP_15100" HPOS="746" VPOS="748" WIDTH="33" HEIGHT="0" />
            <String ID="Word_16840" HPOS="779" VPOS="748" WIDTH="122" HEIGHT="40" CONTENT="bring" />
            <SP ID="SP_15101" HPOS="901" VPOS="746" WIDTH="21" HEIGHT="0" />
            <String ID="Word_16841" HPOS="922" VPOS="746" WIDTH="34" HEIGHT="40" CONTENT="it" />
            <SP ID="SP_15102" HPOS="956" VPOS="744" WIDTH="33" HEIGHT="0" />
            <String ID="Word_16842" HPOS="989" VPOS="744" WIDTH="119" HEIGHT="48" CONTENT="back," />
            <SP ID="SP_15103" HPOS="1108" VPOS="741" WIDTH="23" HEIGHT="0" />
            <String ID="Word_16843" HPOS="1131" VPOS="741" WIDTH="96" HEIGHT="50" CONTENT="and," />
            <SP ID="SP_15104" HPOS="1227" VPOS="741" WIDTH="23" HEIGHT="0" />
            <String ID="Word_16844" HPOS="1250" VPOS="741" WIDTH="203" HEIGHT="53" CONTENT="allowing" />
            <SP ID="SP_15105" HPOS="1453" VPOS="740" WIDTH="32" HEIGHT="0" />
            <String ID="Word_16845" HPOS="1485" VPOS="740" WIDTH="77" HEIGHT="41" CONTENT="her" />
            <SP ID="SP_15106" HPOS="1562" VPOS="740" WIDTH="30" HEIGHT="0" />
            <String ID="Word_16846" HPOS="1592" VPOS="745" WIDTH="44" HEIGHT="37" CONTENT="to" />
            <SP ID="SP_15107" HPOS="1636" VPOS="739" WIDTH="21" HEIGHT="0" />
            <String ID="Word_16847" HPOS="1657" VPOS="739" WIDTH="166" HEIGHT="43" CONTENT="believe" />
            <SP ID="SP_15108" HPOS="1823" VPOS="739" WIDTH="31" HEIGHT="0" />
            <String ID="Word_16848" HPOS="1854" VPOS="739" WIDTH="95" HEIGHT="43" CONTENT="that" />
          </TextLine>
          <TextLine ID="TextLine_1741" HPOS="337" VPOS="810" WIDTH="1612" HEIGHT="66">
            <String ID="Word_16849" HPOS="337" VPOS="836" WIDTH="84" HEIGHT="40" CONTENT="you" />
            <SP ID="SP_15109" HPOS="421" VPOS="828" WIDTH="22" HEIGHT="0" />
            <String ID="Word_16850" HPOS="443" VPOS="834" WIDTH="69" HEIGHT="28" CONTENT="are" />
            <SP ID="SP_15110" HPOS="512" VPOS="817" WIDTH="17" HEIGHT="0" />
            <String ID="Word_16851" HPOS="529" VPOS="817" WIDTH="258" HEIGHT="57" CONTENT="performing" />
            <SP ID="SP_15111" HPOS="787" VPOS="813" WIDTH="21" HEIGHT="0" />
            <String ID="Word_16852" HPOS="808" VPOS="813" WIDTH="242" HEIGHT="45" CONTENT="something" />
            <SP ID="SP_15112" HPOS="1050" VPOS="812" WIDTH="17" HEIGHT="0" />
            <String ID="Word_16853" HPOS="1067" VPOS="812" WIDTH="44" HEIGHT="42" CONTENT="of" />
            <SP ID="SP_15113" HPOS="1111" VPOS="811" WIDTH="23" HEIGHT="0" />
            <String ID="Word_16854" HPOS="1134" VPOS="811" WIDTH="72" HEIGHT="42" CONTENT="the" />
            <SP ID="SP_15114" HPOS="1206" VPOS="811" WIDTH="17" HEIGHT="0" />
            <String ID="Word_16855" HPOS="1223" VPOS="824" WIDTH="151" HEIGHT="28" CONTENT="nature" />
            <SP ID="SP_15115" HPOS="1374" VPOS="810" WIDTH="19" HEIGHT="0" />
            <String ID="Word_16856" HPOS="1393" VPOS="810" WIDTH="44" HEIGHT="40" CONTENT="of" />
            <SP ID="SP_15116" HPOS="1437" VPOS="810" WIDTH="20" HEIGHT="0" />
            <String ID="Word_16857" HPOS="1457" VPOS="823" WIDTH="26" HEIGHT="27" CONTENT="a" />
            <SP ID="SP_15117" HPOS="1483" VPOS="810" WIDTH="21" HEIGHT="0" />
            <String ID="Word_16858" HPOS="1504" VPOS="810" WIDTH="192" HEIGHT="42" CONTENT="curative" />
            <SP ID="SP_15118" HPOS="1696" VPOS="810" WIDTH="22" HEIGHT="0" />
            <String ID="Word_16859" HPOS="1718" VPOS="810" WIDTH="231" HEIGHT="50" CONTENT="operation," />
          </TextLine>
          <TextLine ID="TextLine_1742" HPOS="336" VPOS="879" WIDTH="1613" HEIGHT="61">
            <String ID="Word_16860" HPOS="336" VPOS="898" WIDTH="44" HEIGHT="35" CONTENT="to" />
            <SP ID="SP_15119" HPOS="380" VPOS="890" WIDTH="31" HEIGHT="0" />
            <String ID="Word_16861" HPOS="411" VPOS="890" WIDTH="222" HEIGHT="41" CONTENT="introduce" />
            <SP ID="SP_15120" HPOS="633" VPOS="887" WIDTH="21" HEIGHT="0" />
            <String ID="Word_16862" HPOS="654" VPOS="887" WIDTH="72" HEIGHT="41" CONTENT="the" />
            <SP ID="SP_15121" HPOS="726" VPOS="883" WIDTH="21" HEIGHT="0" />
            <String ID="Word_16863" HPOS="747" VPOS="883" WIDTH="321" HEIGHT="57" CONTENT="laryngoscopic" />
            <SP ID="SP_15122" HPOS="1068" VPOS="881" WIDTH="21" HEIGHT="0" />
            <String ID="Word_16864" HPOS="1089" VPOS="895" WIDTH="153" HEIGHT="27" CONTENT="mirror" />
            <SP ID="SP_15123" HPOS="1242" VPOS="880" WIDTH="20" HEIGHT="0" />
            <String ID="Word_16865" HPOS="1262" VPOS="880" WIDTH="93" HEIGHT="40" CONTENT="into" />
            <SP ID="SP_15124" HPOS="1355" VPOS="879" WIDTH="23" HEIGHT="0" />
            <String ID="Word_16866" HPOS="1378" VPOS="879" WIDTH="73" HEIGHT="42" CONTENT="the" />
            <SP ID="SP_15125" HPOS="1451" VPOS="879" WIDTH="33" HEIGHT="0" />
            <String ID="Word_16867" HPOS="1484" VPOS="879" WIDTH="149" HEIGHT="42" CONTENT="mouth" />
            <SP ID="SP_15126" HPOS="1633" VPOS="879" WIDTH="23" HEIGHT="0" />
            <String ID="Word_16868" HPOS="1656" VPOS="879" WIDTH="46" HEIGHT="41" CONTENT="in" />
            <SP ID="SP_15127" HPOS="1702" VPOS="879" WIDTH="29" HEIGHT="0" />
            <String ID="Word_16869" HPOS="1731" VPOS="879" WIDTH="73" HEIGHT="42" CONTENT="the" />
            <SP ID="SP_15128" HPOS="1804" VPOS="879" WIDTH="23" HEIGHT="0" />
            <String ID="Word_16870" HPOS="1827" VPOS="879" WIDTH="122" HEIGHT="41" CONTENT="usual" />
          </TextLine>
          <TextLine ID="TextLine_1743" HPOS="338" VPOS="946" WIDTH="1608" HEIGHT="68">
            <String ID="Word_16871" HPOS="338" VPOS="974" WIDTH="104" HEIGHT="40" CONTENT="way," />
            <SP ID="SP_15129" HPOS="442" VPOS="959" WIDTH="22" HEIGHT="0" />
            <String ID="Word_16872" HPOS="464" VPOS="959" WIDTH="83" HEIGHT="41" CONTENT="and" />
            <SP ID="SP_15130" HPOS="547" VPOS="959" WIDTH="31" HEIGHT="0" />
            <String ID="Word_16873" HPOS="578" VPOS="962" WIDTH="44" HEIGHT="37" CONTENT="to" />
            <SP ID="SP_15131" HPOS="622" VPOS="956" WIDTH="22" HEIGHT="0" />
            <String ID="Word_16874" HPOS="644" VPOS="956" WIDTH="76" HEIGHT="42" CONTENT="ask" />
            <SP ID="SP_15132" HPOS="720" VPOS="955" WIDTH="32" HEIGHT="0" />
            <String ID="Word_16875" HPOS="752" VPOS="955" WIDTH="86" HEIGHT="41" CONTENT="her," />
            <SP ID="SP_15133" HPOS="838" VPOS="954" WIDTH="23" HEIGHT="0" />
            <String ID="Word_16876" HPOS="861" VPOS="954" WIDTH="45" HEIGHT="40" CONTENT="in" />
            <SP ID="SP_15134" HPOS="906" VPOS="954" WIDTH="32" HEIGHT="0" />
            <String ID="Word_16877" HPOS="938" VPOS="967" WIDTH="24" HEIGHT="27" CONTENT="a" />
            <SP ID="SP_15135" HPOS="962" VPOS="950" WIDTH="23" HEIGHT="0" />
            <String ID="Word_16878" HPOS="985" VPOS="950" WIDTH="302" HEIGHT="55" CONTENT="commanding" />
            <SP ID="SP_15136" HPOS="1287" VPOS="950" WIDTH="21" HEIGHT="0" />
            <String ID="Word_16879" HPOS="1308" VPOS="963" WIDTH="189" HEIGHT="37" CONTENT="manner," />
            <SP ID="SP_15137" HPOS="1497" VPOS="952" WIDTH="22" HEIGHT="0" />
            <String ID="Word_16880" HPOS="1519" VPOS="952" WIDTH="44" HEIGHT="38" CONTENT="to" />
            <SP ID="SP_15138" HPOS="1563" VPOS="952" WIDTH="23" HEIGHT="0" />
            <String ID="Word_16881" HPOS="1586" VPOS="963" WIDTH="74" HEIGHT="41" CONTENT="say" />
            <SP ID="SP_15139" HPOS="1660" VPOS="963" WIDTH="23" HEIGHT="0" />
            <String ID="Word_16882" HPOS="1683" VPOS="964" WIDTH="47" HEIGHT="27" CONTENT="or" />
            <SP ID="SP_15140" HPOS="1730" VPOS="950" WIDTH="21" HEIGHT="0" />
            <String ID="Word_16883" HPOS="1751" VPOS="950" WIDTH="95" HEIGHT="53" CONTENT="sing" />
            <SP ID="SP_15141" HPOS="1846" VPOS="946" WIDTH="21" HEIGHT="0" />
            <String ID="Word_16884" HPOS="1867" VPOS="946" WIDTH="79" HEIGHT="43" CONTENT="ah." />
          </TextLine>
          <TextLine ID="TextLine_1744" HPOS="336" VPOS="1019" WIDTH="1612" HEIGHT="55">
            <String ID="Word_16885" HPOS="336" VPOS="1031" WIDTH="99" HEIGHT="39" CONTENT="Two" />
            <SP ID="SP_15142" HPOS="435" VPOS="1031" WIDTH="22" HEIGHT="0" />
            <String ID="Word_16886" HPOS="457" VPOS="1042" WIDTH="46" HEIGHT="27" CONTENT="or" />
            <SP ID="SP_15143" HPOS="503" VPOS="1027" WIDTH="21" HEIGHT="0" />
            <String ID="Word_16887" HPOS="524" VPOS="1027" WIDTH="119" HEIGHT="41" CONTENT="three" />
            <SP ID="SP_15144" HPOS="643" VPOS="1024" WIDTH="22" HEIGHT="0" />
            <String ID="Word_16888" HPOS="665" VPOS="1037" WIDTH="247" HEIGHT="30" CONTENT="commands" />
            <SP ID="SP_15145" HPOS="912" VPOS="1023" WIDTH="23" HEIGHT="0" />
            <String ID="Word_16889" HPOS="935" VPOS="1023" WIDTH="45" HEIGHT="41" CONTENT="of" />
            <SP ID="SP_15146" HPOS="980" VPOS="1022" WIDTH="25" HEIGHT="0" />
            <String ID="Word_16890" HPOS="1005" VPOS="1022" WIDTH="87" HEIGHT="41" CONTENT="this" />
            <SP ID="SP_15147" HPOS="1092" VPOS="1022" WIDTH="23" HEIGHT="0" />
            <String ID="Word_16891" HPOS="1115" VPOS="1024" WIDTH="89" HEIGHT="38" CONTENT="sort" />
            <SP ID="SP_15148" HPOS="1204" VPOS="1024" WIDTH="23" HEIGHT="0" />
            <String ID="Word_16892" HPOS="1227" VPOS="1035" WIDTH="102" HEIGHT="39" CONTENT="very" />
            <SP ID="SP_15149" HPOS="1329" VPOS="1019" WIDTH="21" HEIGHT="0" />
            <String ID="Word_16893" HPOS="1350" VPOS="1019" WIDTH="221" HEIGHT="55" CONTENT="generally" />
            <SP ID="SP_15150" HPOS="1571" VPOS="1019" WIDTH="22" HEIGHT="0" />
            <String ID="Word_16894" HPOS="1593" VPOS="1019" WIDTH="146" HEIGHT="43" CONTENT="suffice" />
            <SP ID="SP_15151" HPOS="1739" VPOS="1019" WIDTH="23" HEIGHT="0" />
            <String ID="Word_16895" HPOS="1762" VPOS="1024" WIDTH="41" HEIGHT="36" CONTENT="to" />
            <SP ID="SP_15152" HPOS="1803" VPOS="1020" WIDTH="25" HEIGHT="0" />
            <String ID="Word_16896" HPOS="1828" VPOS="1020" WIDTH="120" HEIGHT="54" CONTENT="bring" />
          </TextLine>
          <TextLine ID="TextLine_1745" HPOS="336" VPOS="1089" WIDTH="1611" HEIGHT="54">
            <String ID="Word_16897" HPOS="336" VPOS="1099" WIDTH="106" HEIGHT="41" CONTENT="back" />
            <SP ID="SP_15153" HPOS="442" VPOS="1098" WIDTH="37" HEIGHT="0" />
            <String ID="Word_16898" HPOS="479" VPOS="1098" WIDTH="72" HEIGHT="41" CONTENT="the" />
            <SP ID="SP_15154" HPOS="551" VPOS="1096" WIDTH="37" HEIGHT="0" />
            <String ID="Word_16899" HPOS="588" VPOS="1109" WIDTH="128" HEIGHT="27" CONTENT="voice." />
            <SP ID="SP_15155" HPOS="716" VPOS="1094" WIDTH="63" HEIGHT="0" />
            <String ID="Word_16900" HPOS="779" VPOS="1094" WIDTH="88" HEIGHT="40" CONTENT="The" />
            <SP ID="SP_15156" HPOS="867" VPOS="1092" WIDTH="36" HEIGHT="0" />
            <String ID="Word_16901" HPOS="903" VPOS="1106" WIDTH="119" HEIGHT="28" CONTENT="voice" />
            <SP ID="SP_15157" HPOS="1022" VPOS="1091" WIDTH="36" HEIGHT="0" />
            <String ID="Word_16902" HPOS="1058" VPOS="1104" WIDTH="187" HEIGHT="29" CONTENT="remains" />
            <SP ID="SP_15158" HPOS="1245" VPOS="1089" WIDTH="34" HEIGHT="0" />
            <String ID="Word_16903" HPOS="1279" VPOS="1089" WIDTH="106" HEIGHT="42" CONTENT="with" />
            <SP ID="SP_15159" HPOS="1385" VPOS="1089" WIDTH="32" HEIGHT="0" />
            <String ID="Word_16904" HPOS="1417" VPOS="1089" WIDTH="75" HEIGHT="42" CONTENT="the" />
            <SP ID="SP_15160" HPOS="1492" VPOS="1089" WIDTH="36" HEIGHT="0" />
            <String ID="Word_16905" HPOS="1528" VPOS="1089" WIDTH="167" HEIGHT="54" CONTENT="patient" />
            <SP ID="SP_15161" HPOS="1695" VPOS="1089" WIDTH="35" HEIGHT="0" />
            <String ID="Word_16906" HPOS="1730" VPOS="1095" WIDTH="109" HEIGHT="35" CONTENT="after" />
            <SP ID="SP_15162" HPOS="1839" VPOS="1090" WIDTH="37" HEIGHT="0" />
            <String ID="Word_16907" HPOS="1876" VPOS="1090" WIDTH="71" HEIGHT="42" CONTENT="the" />
          </TextLine>
          <TextLine ID="TextLine_1746" HPOS="334" VPOS="1159" WIDTH="1615" HEIGHT="65">
            <String ID="Word_16908" HPOS="334" VPOS="1168" WIDTH="218" HEIGHT="43" CONTENT="operation" />
            <SP ID="SP_15163" HPOS="552" VPOS="1166" WIDTH="33" HEIGHT="0" />
            <String ID="Word_16909" HPOS="585" VPOS="1166" WIDTH="36" HEIGHT="42" CONTENT="is" />
            <SP ID="SP_15164" HPOS="621" VPOS="1166" WIDTH="37" HEIGHT="0" />
            <String ID="Word_16910" HPOS="658" VPOS="1179" WIDTH="124" HEIGHT="27" CONTENT="over;" />
            <SP ID="SP_15165" HPOS="782" VPOS="1163" WIDTH="36" HEIGHT="0" />
            <String ID="Word_16911" HPOS="818" VPOS="1163" WIDTH="84" HEIGHT="42" CONTENT="and" />
            <SP ID="SP_15166" HPOS="902" VPOS="1163" WIDTH="37" HEIGHT="0" />
            <String ID="Word_16912" HPOS="939" VPOS="1176" WIDTH="75" HEIGHT="28" CONTENT="she" />
            <SP ID="SP_15167" HPOS="1014" VPOS="1162" WIDTH="42" HEIGHT="0" />
            <String ID="Word_16913" HPOS="1056" VPOS="1167" WIDTH="119" HEIGHT="36" CONTENT="often" />
            <SP ID="SP_15168" HPOS="1175" VPOS="1160" WIDTH="37" HEIGHT="0" />
            <String ID="Word_16914" HPOS="1212" VPOS="1160" WIDTH="141" HEIGHT="42" CONTENT="shows" />
            <SP ID="SP_15169" HPOS="1353" VPOS="1160" WIDTH="43" HEIGHT="0" />
            <String ID="Word_16915" HPOS="1396" VPOS="1163" WIDTH="121" HEIGHT="51" CONTENT="great" />
            <SP ID="SP_15170" HPOS="1517" VPOS="1159" WIDTH="30" HEIGHT="0" />
            <String ID="Word_16916" HPOS="1547" VPOS="1159" WIDTH="317" HEIGHT="42" CONTENT="astonishment" />
            <SP ID="SP_15171" HPOS="1864" VPOS="1159" WIDTH="41" HEIGHT="0" />
            <String ID="Word_16917" HPOS="1905" VPOS="1165" WIDTH="44" HEIGHT="36" CONTENT="at" />
          </TextLine>
          <TextLine ID="TextLine_1747" HPOS="335" VPOS="1229" WIDTH="1613" HEIGHT="63">
            <String ID="Word_16918" HPOS="335" VPOS="1239" WIDTH="163" HEIGHT="41" CONTENT="finding" />
            <SP ID="SP_15172" HPOS="498" VPOS="1235" WIDTH="40" HEIGHT="0" />
            <String ID="Word_16919" HPOS="538" VPOS="1235" WIDTH="159" HEIGHT="42" CONTENT="herself" />
            <SP ID="SP_15173" HPOS="697" VPOS="1235" WIDTH="41" HEIGHT="0" />
            <String ID="Word_16920" HPOS="738" VPOS="1235" WIDTH="101" HEIGHT="41" CONTENT="thus" />
            <SP ID="SP_15174" HPOS="839" VPOS="1235" WIDTH="41" HEIGHT="0" />
            <String ID="Word_16921" HPOS="880" VPOS="1237" WIDTH="44" HEIGHT="37" CONTENT="at" />
            <SP ID="SP_15175" HPOS="924" VPOS="1237" WIDTH="41" HEIGHT="0" />
            <String ID="Word_16922" HPOS="965" VPOS="1246" WIDTH="104" HEIGHT="28" CONTENT="once" />
            <SP ID="SP_15176" HPOS="1069" VPOS="1231" WIDTH="42" HEIGHT="0" />
            <String ID="Word_16923" HPOS="1111" VPOS="1231" WIDTH="94" HEIGHT="42" CONTENT="able" />
            <SP ID="SP_15177" HPOS="1205" VPOS="1231" WIDTH="42" HEIGHT="0" />
            <String ID="Word_16924" HPOS="1247" VPOS="1234" WIDTH="45" HEIGHT="38" CONTENT="to" />
            <SP ID="SP_15178" HPOS="1292" VPOS="1230" WIDTH="42" HEIGHT="0" />
            <String ID="Word_16925" HPOS="1334" VPOS="1230" WIDTH="133" HEIGHT="54" CONTENT="speak" />
            <SP ID="SP_15179" HPOS="1467" VPOS="1230" WIDTH="34" HEIGHT="0" />
            <String ID="Word_16926" HPOS="1501" VPOS="1235" WIDTH="121" HEIGHT="49" CONTENT="quite" />
            <SP ID="SP_15180" HPOS="1622" VPOS="1229" WIDTH="43" HEIGHT="0" />
            <String ID="Word_16927" HPOS="1665" VPOS="1229" WIDTH="135" HEIGHT="55" CONTENT="freely" />
            <SP ID="SP_15181" HPOS="1800" VPOS="1229" WIDTH="37" HEIGHT="0" />
            <String ID="Word_16928" HPOS="1837" VPOS="1229" WIDTH="45" HEIGHT="42" CONTENT="in" />
            <SP ID="SP_15182" HPOS="1882" VPOS="1229" WIDTH="42" HEIGHT="0" />
            <String ID="Word_16929" HPOS="1924" VPOS="1244" WIDTH="24" HEIGHT="27" CONTENT="a" />
          </TextLine>
          <TextLine ID="TextLine_1748" HPOS="333" VPOS="1299" WIDTH="1616" HEIGHT="65">
            <String ID="Word_16930" HPOS="333" VPOS="1322" WIDTH="209" HEIGHT="42" CONTENT="perfectly" />
            <SP ID="SP_15183" HPOS="542" VPOS="1305" WIDTH="36" HEIGHT="0" />
            <String ID="Word_16931" HPOS="578" VPOS="1305" WIDTH="171" HEIGHT="42" CONTENT="natural" />
            <SP ID="SP_15184" HPOS="749" VPOS="1305" WIDTH="37" HEIGHT="0" />
            <String ID="Word_16932" HPOS="786" VPOS="1309" WIDTH="110" HEIGHT="37" CONTENT="tone." />
            <SP ID="SP_15185" HPOS="896" VPOS="1303" WIDTH="62" HEIGHT="0" />
            <String ID="Word_16933" HPOS="958" VPOS="1303" WIDTH="146" HEIGHT="41" CONTENT="When" />
            <SP ID="SP_15186" HPOS="1104" VPOS="1301" WIDTH="37" HEIGHT="0" />
            <String ID="Word_16934" HPOS="1141" VPOS="1301" WIDTH="87" HEIGHT="42" CONTENT="this" />
            <SP ID="SP_15187" HPOS="1228" VPOS="1300" WIDTH="37" HEIGHT="0" />
            <String ID="Word_16935" HPOS="1265" VPOS="1300" WIDTH="155" HEIGHT="55" CONTENT="simple" />
            <SP ID="SP_15188" HPOS="1420" VPOS="1299" WIDTH="42" HEIGHT="0" />
            <String ID="Word_16936" HPOS="1462" VPOS="1299" WIDTH="233" HEIGHT="55" CONTENT="procedure" />
            <SP ID="SP_15189" HPOS="1695" VPOS="1299" WIDTH="38" HEIGHT="0" />
            <String ID="Word_16937" HPOS="1733" VPOS="1299" WIDTH="99" HEIGHT="42" CONTENT="does" />
            <SP ID="SP_15190" HPOS="1832" VPOS="1299" WIDTH="41" HEIGHT="0" />
            <String ID="Word_16938" HPOS="1873" VPOS="1305" WIDTH="76" HEIGHT="37" CONTENT="not" />
          </TextLine>
          <TextLine ID="TextLine_1749" HPOS="334" VPOS="1369" WIDTH="1612" HEIGHT="60">
            <String ID="Word_16939" HPOS="334" VPOS="1379" WIDTH="157" HEIGHT="42" CONTENT="suffice," />
            <SP ID="SP_15191" HPOS="491" VPOS="1377" WIDTH="22" HEIGHT="0" />
            <String ID="Word_16940" HPOS="513" VPOS="1377" WIDTH="121" HEIGHT="42" CONTENT="other" />
            <SP ID="SP_15192" HPOS="634" VPOS="1377" WIDTH="31" HEIGHT="0" />
            <String ID="Word_16941" HPOS="665" VPOS="1389" WIDTH="145" HEIGHT="27" CONTENT="means" />
            <SP ID="SP_15193" HPOS="810" VPOS="1378" WIDTH="32" HEIGHT="0" />
            <String ID="Word_16942" HPOS="842" VPOS="1378" WIDTH="116" HEIGHT="37" CONTENT="must" />
            <SP ID="SP_15194" HPOS="958" VPOS="1374" WIDTH="32" HEIGHT="0" />
            <String ID="Word_16943" HPOS="990" VPOS="1374" WIDTH="51" HEIGHT="40" CONTENT="be" />
            <SP ID="SP_15195" HPOS="1041" VPOS="1372" WIDTH="31" HEIGHT="0" />
            <String ID="Word_16944" HPOS="1072" VPOS="1372" WIDTH="120" HEIGHT="42" CONTENT="tried." />
            <SP ID="SP_15196" HPOS="1192" VPOS="1371" WIDTH="62" HEIGHT="0" />
            <String ID="Word_16945" HPOS="1254" VPOS="1371" WIDTH="65" HEIGHT="41" CONTENT="Dr" />
            <SP ID="SP_15197" HPOS="1319" VPOS="1370" WIDTH="23" HEIGHT="0" />
            <String ID="Word_16946" HPOS="1342" VPOS="1370" WIDTH="167" HEIGHT="42" CONTENT="Olliver" />
            <SP ID="SP_15198" HPOS="1509" VPOS="1369" WIDTH="22" HEIGHT="0" />
            <String ID="Word_16947" HPOS="1531" VPOS="1369" WIDTH="46" HEIGHT="42" CONTENT="of" />
            <SP ID="SP_15199" HPOS="1577" VPOS="1369" WIDTH="28" HEIGHT="0" />
            <String ID="Word_16948" HPOS="1605" VPOS="1370" WIDTH="163" HEIGHT="41" CONTENT="Boston" />
            <SP ID="SP_15200" HPOS="1768" VPOS="1370" WIDTH="20" HEIGHT="0" />
            <String ID="Word_16949" HPOS="1788" VPOS="1383" WIDTH="158" HEIGHT="28" CONTENT="recom-" />
          </TextLine>
          <TextLine ID="TextLine_1750" HPOS="333" VPOS="1440" WIDTH="1613" HEIGHT="58">
            <String ID="Word_16950" HPOS="333" VPOS="1462" WIDTH="149" HEIGHT="28" CONTENT="mends" />
            <SP ID="SP_15201" HPOS="482" VPOS="1447" WIDTH="37" HEIGHT="0" />
            <String ID="Word_16951" HPOS="519" VPOS="1450" WIDTH="95" HEIGHT="38" CONTENT="that" />
            <SP ID="SP_15202" HPOS="614" VPOS="1446" WIDTH="35" HEIGHT="0" />
            <String ID="Word_16952" HPOS="649" VPOS="1446" WIDTH="73" HEIGHT="40" CONTENT="the" />
            <SP ID="SP_15203" HPOS="722" VPOS="1443" WIDTH="36" HEIGHT="0" />
            <String ID="Word_16953" HPOS="758" VPOS="1443" WIDTH="224" HEIGHT="55" CONTENT="physician" />
            <SP ID="SP_15204" HPOS="982" VPOS="1442" WIDTH="37" HEIGHT="0" />
            <String ID="Word_16954" HPOS="1019" VPOS="1442" WIDTH="156" HEIGHT="42" CONTENT="should" />
            <SP ID="SP_15205" HPOS="1175" VPOS="1442" WIDTH="36" HEIGHT="0" />
            <String ID="Word_16955" HPOS="1211" VPOS="1455" WIDTH="215" HEIGHT="28" CONTENT="compress" />
            <SP ID="SP_15206" HPOS="1426" VPOS="1440" WIDTH="37" HEIGHT="0" />
            <String ID="Word_16956" HPOS="1463" VPOS="1440" WIDTH="74" HEIGHT="42" CONTENT="the" />
            <SP ID="SP_15207" HPOS="1537" VPOS="1440" WIDTH="37" HEIGHT="0" />
            <String ID="Word_16957" HPOS="1574" VPOS="1440" WIDTH="156" HEIGHT="54" CONTENT="larynx" />
            <SP ID="SP_15208" HPOS="1730" VPOS="1440" WIDTH="37" HEIGHT="0" />
            <String ID="Word_16958" HPOS="1767" VPOS="1440" WIDTH="179" HEIGHT="55" CONTENT="slightly" />
          </TextLine>
          <TextLine ID="TextLine_1751" HPOS="334" VPOS="1509" WIDTH="1613" HEIGHT="60">
            <String ID="Word_16959" HPOS="334" VPOS="1519" WIDTH="192" HEIGHT="41" CONTENT="between" />
            <SP ID="SP_15209" HPOS="526" VPOS="1516" WIDTH="41" HEIGHT="0" />
            <String ID="Word_16960" HPOS="567" VPOS="1516" WIDTH="67" HEIGHT="41" CONTENT="his" />
            <SP ID="SP_15210" HPOS="634" VPOS="1515" WIDTH="42" HEIGHT="0" />
            <String ID="Word_16961" HPOS="676" VPOS="1515" WIDTH="168" HEIGHT="54" CONTENT="fingers," />
            <SP ID="SP_15211" HPOS="844" VPOS="1512" WIDTH="36" HEIGHT="0" />
            <String ID="Word_16962" HPOS="880" VPOS="1512" WIDTH="193" HEIGHT="55" CONTENT="pressing" />
            <SP ID="SP_15212" HPOS="1073" VPOS="1512" WIDTH="36" HEIGHT="0" />
            <String ID="Word_16963" HPOS="1109" VPOS="1512" WIDTH="73" HEIGHT="41" CONTENT="the" />
            <SP ID="SP_15213" HPOS="1182" VPOS="1511" WIDTH="37" HEIGHT="0" />
            <String ID="Word_16964" HPOS="1219" VPOS="1511" WIDTH="78" HEIGHT="42" CONTENT="alse" />
            <SP ID="SP_15214" HPOS="1297" VPOS="1511" WIDTH="37" HEIGHT="0" />
            <String ID="Word_16965" HPOS="1334" VPOS="1511" WIDTH="43" HEIGHT="40" CONTENT="of" />
            <SP ID="SP_15215" HPOS="1377" VPOS="1510" WIDTH="41" HEIGHT="0" />
            <String ID="Word_16966" HPOS="1418" VPOS="1510" WIDTH="73" HEIGHT="42" CONTENT="the" />
            <SP ID="SP_15216" HPOS="1491" VPOS="1510" WIDTH="37" HEIGHT="0" />
            <String ID="Word_16967" HPOS="1528" VPOS="1510" WIDTH="176" HEIGHT="55" CONTENT="thyroid" />
            <SP ID="SP_15217" HPOS="1704" VPOS="1509" WIDTH="42" HEIGHT="0" />
            <String ID="Word_16968" HPOS="1746" VPOS="1509" WIDTH="201" HEIGHT="43" CONTENT="cartilage" />
          </TextLine>
          <TextLine ID="TextLine_1752" HPOS="333" VPOS="1580" WIDTH="1615" HEIGHT="55">
            <String ID="Word_16969" HPOS="333" VPOS="1586" WIDTH="187" HEIGHT="43" CONTENT="inwards" />
            <SP ID="SP_15218" HPOS="520" VPOS="1584" WIDTH="21" HEIGHT="0" />
            <String ID="Word_16970" HPOS="541" VPOS="1584" WIDTH="184" HEIGHT="42" CONTENT="towards" />
            <SP ID="SP_15219" HPOS="725" VPOS="1583" WIDTH="32" HEIGHT="0" />
            <String ID="Word_16971" HPOS="757" VPOS="1583" WIDTH="103" HEIGHT="42" CONTENT="each" />
            <SP ID="SP_15220" HPOS="860" VPOS="1582" WIDTH="25" HEIGHT="0" />
            <String ID="Word_16972" HPOS="885" VPOS="1582" WIDTH="132" HEIGHT="42" CONTENT="other." />
            <SP ID="SP_15221" HPOS="1017" VPOS="1581" WIDTH="63" HEIGHT="0" />
            <String ID="Word_16973" HPOS="1080" VPOS="1581" WIDTH="103" HEIGHT="41" CONTENT="This" />
            <SP ID="SP_15222" HPOS="1183" VPOS="1581" WIDTH="21" HEIGHT="0" />
            <String ID="Word_16974" HPOS="1204" VPOS="1594" WIDTH="119" HEIGHT="41" CONTENT="gives" />
            <SP ID="SP_15223" HPOS="1323" VPOS="1580" WIDTH="22" HEIGHT="0" />
            <String ID="Word_16975" HPOS="1345" VPOS="1580" WIDTH="239" HEIGHT="41" CONTENT="additional" />
            <SP ID="SP_15224" HPOS="1584" VPOS="1580" WIDTH="22" HEIGHT="0" />
            <String ID="Word_16976" HPOS="1606" VPOS="1585" WIDTH="180" HEIGHT="49" CONTENT="support" />
            <SP ID="SP_15225" HPOS="1786" VPOS="1584" WIDTH="23" HEIGHT="0" />
            <String ID="Word_16977" HPOS="1809" VPOS="1584" WIDTH="43" HEIGHT="37" CONTENT="to" />
            <SP ID="SP_15226" HPOS="1852" VPOS="1580" WIDTH="22" HEIGHT="0" />
            <String ID="Word_16978" HPOS="1874" VPOS="1580" WIDTH="74" HEIGHT="42" CONTENT="the" />
          </TextLine>
          <TextLine ID="TextLine_1753" HPOS="334" VPOS="1650" WIDTH="1614" HEIGHT="56">
            <String ID="Word_16979" HPOS="334" VPOS="1657" WIDTH="121" HEIGHT="41" CONTENT="vocal" />
            <SP ID="SP_15227" HPOS="455" VPOS="1655" WIDTH="40" HEIGHT="0" />
            <String ID="Word_16980" HPOS="495" VPOS="1655" WIDTH="120" HEIGHT="42" CONTENT="cords" />
            <SP ID="SP_15228" HPOS="615" VPOS="1654" WIDTH="41" HEIGHT="0" />
            <String ID="Word_16981" HPOS="656" VPOS="1661" WIDTH="154" HEIGHT="34" CONTENT="within" />
            <SP ID="SP_15229" HPOS="810" VPOS="1653" WIDTH="42" HEIGHT="0" />
            <String ID="Word_16982" HPOS="852" VPOS="1653" WIDTH="74" HEIGHT="41" CONTENT="the" />
            <SP ID="SP_15230" HPOS="926" VPOS="1652" WIDTH="35" HEIGHT="0" />
            <String ID="Word_16983" HPOS="961" VPOS="1652" WIDTH="164" HEIGHT="41" CONTENT="larynx." />
            <SP ID="SP_15231" HPOS="1125" VPOS="1651" WIDTH="77" HEIGHT="0" />
            <String ID="Word_16984" HPOS="1202" VPOS="1651" WIDTH="44" HEIGHT="41" CONTENT="It" />
            <SP ID="SP_15232" HPOS="1246" VPOS="1651" WIDTH="36" HEIGHT="0" />
            <String ID="Word_16985" HPOS="1282" VPOS="1651" WIDTH="37" HEIGHT="41" CONTENT="is" />
            <SP ID="SP_15233" HPOS="1319" VPOS="1651" WIDTH="37" HEIGHT="0" />
            <String ID="Word_16986" HPOS="1356" VPOS="1664" WIDTH="24" HEIGHT="27" CONTENT="a" />
            <SP ID="SP_15234" HPOS="1380" VPOS="1664" WIDTH="35" HEIGHT="0" />
            <String ID="Word_16987" HPOS="1415" VPOS="1665" WIDTH="148" HEIGHT="27" CONTENT="means" />
            <SP ID="SP_15235" HPOS="1563" VPOS="1651" WIDTH="38" HEIGHT="0" />
            <String ID="Word_16988" HPOS="1601" VPOS="1651" WIDTH="141" HEIGHT="41" CONTENT="which" />
            <SP ID="SP_15236" HPOS="1742" VPOS="1651" WIDTH="37" HEIGHT="0" />
            <String ID="Word_16989" HPOS="1779" VPOS="1651" WIDTH="23" HEIGHT="41" CONTENT="I" />
            <SP ID="SP_15237" HPOS="1802" VPOS="1650" WIDTH="37" HEIGHT="0" />
            <String ID="Word_16990" HPOS="1839" VPOS="1650" WIDTH="109" HEIGHT="42" CONTENT="have" />
          </TextLine>
          <TextLine ID="TextLine_1754" HPOS="334" VPOS="1720" WIDTH="1614" HEIGHT="60">
            <String ID="Word_16991" HPOS="334" VPOS="1725" WIDTH="224" HEIGHT="55" CONTENT="employed" />
            <SP ID="SP_15238" HPOS="558" VPOS="1724" WIDTH="15" HEIGHT="0" />
            <String ID="Word_16992" HPOS="573" VPOS="1724" WIDTH="45" HEIGHT="41" CONTENT="in" />
            <SP ID="SP_15239" HPOS="618" VPOS="1724" WIDTH="17" HEIGHT="0" />
            <String ID="Word_16993" HPOS="635" VPOS="1737" WIDTH="115" HEIGHT="28" CONTENT="some" />
            <SP ID="SP_15240" HPOS="750" VPOS="1735" WIDTH="17" HEIGHT="0" />
            <String ID="Word_16994" HPOS="767" VPOS="1736" WIDTH="115" HEIGHT="28" CONTENT="cases" />
            <SP ID="SP_15241" HPOS="882" VPOS="1722" WIDTH="19" HEIGHT="0" />
            <String ID="Word_16995" HPOS="901" VPOS="1722" WIDTH="104" HEIGHT="40" CONTENT="with" />
            <SP ID="SP_15242" HPOS="1005" VPOS="1722" WIDTH="19" HEIGHT="0" />
            <String ID="Word_16996" HPOS="1024" VPOS="1734" WIDTH="180" HEIGHT="29" CONTENT="success." />
            <SP ID="SP_15243" HPOS="1204" VPOS="1720" WIDTH="62" HEIGHT="0" />
            <String ID="Word_16997" HPOS="1266" VPOS="1720" WIDTH="207" HEIGHT="49" CONTENT="Another," />
            <SP ID="SP_15244" HPOS="1473" VPOS="1720" WIDTH="15" HEIGHT="0" />
            <String ID="Word_16998" HPOS="1488" VPOS="1720" WIDTH="84" HEIGHT="42" CONTENT="and" />
            <SP ID="SP_15245" HPOS="1572" VPOS="1720" WIDTH="18" HEIGHT="0" />
            <String ID="Word_16999" HPOS="1590" VPOS="1735" WIDTH="104" HEIGHT="27" CONTENT="very" />
            <SP ID="SP_15246" HPOS="1694" VPOS="1720" WIDTH="14" HEIGHT="0" />
            <String ID="Word_17000" HPOS="1708" VPOS="1720" WIDTH="240" HEIGHT="42" CONTENT="efficacious" />
          </TextLine>
          <TextLine ID="TextLine_1755" HPOS="336" VPOS="1789" WIDTH="1612" HEIGHT="56">
            <String ID="Word_17001" HPOS="336" VPOS="1795" WIDTH="174" HEIGHT="42" CONTENT="method" />
            <SP ID="SP_15247" HPOS="510" VPOS="1795" WIDTH="21" HEIGHT="0" />
            <String ID="Word_17002" HPOS="531" VPOS="1795" WIDTH="45" HEIGHT="40" CONTENT="of" />
            <SP ID="SP_15248" HPOS="576" VPOS="1795" WIDTH="29" HEIGHT="0" />
            <String ID="Word_17003" HPOS="605" VPOS="1797" WIDTH="241" HEIGHT="37" CONTENT="treatment," />
            <SP ID="SP_15249" HPOS="846" VPOS="1792" WIDTH="22" HEIGHT="0" />
            <String ID="Word_17004" HPOS="868" VPOS="1792" WIDTH="36" HEIGHT="41" CONTENT="is" />
            <SP ID="SP_15250" HPOS="904" VPOS="1791" WIDTH="21" HEIGHT="0" />
            <String ID="Word_17005" HPOS="925" VPOS="1791" WIDTH="74" HEIGHT="42" CONTENT="the" />
            <SP ID="SP_15251" HPOS="999" VPOS="1791" WIDTH="22" HEIGHT="0" />
            <String ID="Word_17006" HPOS="1021" VPOS="1805" WIDTH="74" HEIGHT="27" CONTENT="use" />
            <SP ID="SP_15252" HPOS="1095" VPOS="1791" WIDTH="23" HEIGHT="0" />
            <String ID="Word_17007" HPOS="1118" VPOS="1791" WIDTH="46" HEIGHT="40" CONTENT="of" />
            <SP ID="SP_15253" HPOS="1164" VPOS="1789" WIDTH="28" HEIGHT="0" />
            <String ID="Word_17008" HPOS="1192" VPOS="1789" WIDTH="73" HEIGHT="43" CONTENT="the" />
            <SP ID="SP_15254" HPOS="1265" VPOS="1789" WIDTH="21" HEIGHT="0" />
            <String ID="Word_17009" HPOS="1286" VPOS="1790" WIDTH="179" HEIGHT="42" CONTENT="Faradie" />
            <SP ID="SP_15255" HPOS="1465" VPOS="1790" WIDTH="27" HEIGHT="0" />
            <String ID="Word_17010" HPOS="1492" VPOS="1790" WIDTH="189" HEIGHT="42" CONTENT="Battery." />
            <SP ID="SP_15256" HPOS="1681" VPOS="1790" WIDTH="62" HEIGHT="0" />
            <String ID="Word_17011" HPOS="1743" VPOS="1791" WIDTH="103" HEIGHT="41" CONTENT="This" />
            <SP ID="SP_15257" HPOS="1846" VPOS="1791" WIDTH="23" HEIGHT="0" />
            <String ID="Word_17012" HPOS="1869" VPOS="1804" WIDTH="79" HEIGHT="27" CONTENT="can" />
          </TextLine>
          <TextLine ID="TextLine_1756" HPOS="334" VPOS="1859" WIDTH="1613" HEIGHT="59">
            <String ID="Word_17013" HPOS="334" VPOS="1866" WIDTH="53" HEIGHT="41" CONTENT="be" />
            <SP ID="SP_15258" HPOS="387" VPOS="1863" WIDTH="22" HEIGHT="0" />
            <String ID="Word_17014" HPOS="409" VPOS="1863" WIDTH="224" HEIGHT="55" CONTENT="employed" />
            <SP ID="SP_15259" HPOS="633" VPOS="1862" WIDTH="34" HEIGHT="0" />
            <String ID="Word_17015" HPOS="667" VPOS="1862" WIDTH="136" HEIGHT="42" CONTENT="either" />
            <SP ID="SP_15260" HPOS="803" VPOS="1860" WIDTH="31" HEIGHT="0" />
            <String ID="Word_17016" HPOS="834" VPOS="1860" WIDTH="253" HEIGHT="54" CONTENT="externally," />
            <SP ID="SP_15261" HPOS="1087" VPOS="1859" WIDTH="21" HEIGHT="0" />
            <String ID="Word_17017" HPOS="1108" VPOS="1859" WIDTH="74" HEIGHT="42" CONTENT="the" />
            <SP ID="SP_15262" HPOS="1182" VPOS="1859" WIDTH="22" HEIGHT="0" />
            <String ID="Word_17018" HPOS="1204" VPOS="1859" WIDTH="233" HEIGHT="42" CONTENT="electrodes" />
            <SP ID="SP_15263" HPOS="1437" VPOS="1859" WIDTH="33" HEIGHT="0" />
            <String ID="Word_17019" HPOS="1470" VPOS="1860" WIDTH="127" HEIGHT="54" CONTENT="being" />
            <SP ID="SP_15264" HPOS="1597" VPOS="1860" WIDTH="21" HEIGHT="0" />
            <String ID="Word_17020" HPOS="1618" VPOS="1860" WIDTH="150" HEIGHT="54" CONTENT="placed" />
            <SP ID="SP_15265" HPOS="1768" VPOS="1860" WIDTH="22" HEIGHT="0" />
            <String ID="Word_17021" HPOS="1790" VPOS="1874" WIDTH="80" HEIGHT="28" CONTENT="one" />
            <SP ID="SP_15266" HPOS="1870" VPOS="1874" WIDTH="22" HEIGHT="0" />
            <String ID="Word_17022" HPOS="1892" VPOS="1874" WIDTH="55" HEIGHT="27" CONTENT="on" />
          </TextLine>
          <TextLine ID="TextLine_1757" HPOS="336" VPOS="1929" WIDTH="1610" HEIGHT="55">
            <String ID="Word_17023" HPOS="336" VPOS="1940" WIDTH="135" HEIGHT="36" CONTENT="either" />
            <SP ID="SP_15267" HPOS="471" VPOS="1934" WIDTH="21" HEIGHT="0" />
            <String ID="Word_17024" HPOS="492" VPOS="1934" WIDTH="90" HEIGHT="41" CONTENT="side" />
            <SP ID="SP_15268" HPOS="582" VPOS="1933" WIDTH="22" HEIGHT="0" />
            <String ID="Word_17025" HPOS="604" VPOS="1933" WIDTH="43" HEIGHT="40" CONTENT="of" />
            <SP ID="SP_15269" HPOS="647" VPOS="1932" WIDTH="22" HEIGHT="0" />
            <String ID="Word_17026" HPOS="669" VPOS="1932" WIDTH="73" HEIGHT="41" CONTENT="the" />
            <SP ID="SP_15270" HPOS="742" VPOS="1932" WIDTH="21" HEIGHT="0" />
            <String ID="Word_17027" HPOS="763" VPOS="1932" WIDTH="83" HEIGHT="41" CONTENT="box" />
            <SP ID="SP_15271" HPOS="846" VPOS="1931" WIDTH="22" HEIGHT="0" />
            <String ID="Word_17028" HPOS="868" VPOS="1931" WIDTH="46" HEIGHT="41" CONTENT="of" />
            <SP ID="SP_15272" HPOS="914" VPOS="1930" WIDTH="28" HEIGHT="0" />
            <String ID="Word_17029" HPOS="942" VPOS="1930" WIDTH="73" HEIGHT="42" CONTENT="the" />
            <SP ID="SP_15273" HPOS="1015" VPOS="1930" WIDTH="21" HEIGHT="0" />
            <String ID="Word_17030" HPOS="1036" VPOS="1930" WIDTH="168" HEIGHT="53" CONTENT="larynx," />
            <SP ID="SP_15274" HPOS="1204" VPOS="1930" WIDTH="21" HEIGHT="0" />
            <String ID="Word_17031" HPOS="1225" VPOS="1943" WIDTH="46" HEIGHT="27" CONTENT="or" />
            <SP ID="SP_15275" HPOS="1271" VPOS="1929" WIDTH="20" HEIGHT="0" />
            <String ID="Word_17032" HPOS="1291" VPOS="1929" WIDTH="246" HEIGHT="55" CONTENT="internally," />
            <SP ID="SP_15276" HPOS="1537" VPOS="1929" WIDTH="23" HEIGHT="0" />
            <String ID="Word_17033" HPOS="1560" VPOS="1930" WIDTH="57" HEIGHT="54" CONTENT="by" />
            <SP ID="SP_15277" HPOS="1617" VPOS="1930" WIDTH="22" HEIGHT="0" />
            <String ID="Word_17034" HPOS="1639" VPOS="1943" WIDTH="147" HEIGHT="28" CONTENT="means" />
            <SP ID="SP_15278" HPOS="1786" VPOS="1930" WIDTH="22" HEIGHT="0" />
            <String ID="Word_17035" HPOS="1808" VPOS="1930" WIDTH="44" HEIGHT="41" CONTENT="of" />
            <SP ID="SP_15279" HPOS="1852" VPOS="1930" WIDTH="21" HEIGHT="0" />
            <String ID="Word_17036" HPOS="1873" VPOS="1930" WIDTH="73" HEIGHT="41" CONTENT="the" />
          </TextLine>
          <TextLine ID="TextLine_1758" HPOS="335" VPOS="1998" WIDTH="1612" HEIGHT="60">
            <String ID="Word_17037" HPOS="335" VPOS="2018" WIDTH="102" HEIGHT="27" CONTENT="very" />
            <SP ID="SP_15280" HPOS="437" VPOS="2002" WIDTH="33" HEIGHT="0" />
            <String ID="Word_17038" HPOS="470" VPOS="2002" WIDTH="197" HEIGHT="42" CONTENT="valuable" />
            <SP ID="SP_15281" HPOS="667" VPOS="2002" WIDTH="31" HEIGHT="0" />
            <String ID="Word_17039" HPOS="698" VPOS="1999" WIDTH="353" HEIGHT="55" CONTENT="intra-laryngeal" />
            <SP ID="SP_15282" HPOS="1051" VPOS="1998" WIDTH="30" HEIGHT="0" />
            <String ID="Word_17040" HPOS="1081" VPOS="1998" WIDTH="249" HEIGHT="55" CONTENT="rheophore," />
            <SP ID="SP_15283" HPOS="1330" VPOS="1998" WIDTH="31" HEIGHT="0" />
            <String ID="Word_17041" HPOS="1361" VPOS="1999" WIDTH="207" HEIGHT="41" CONTENT="invented" />
            <SP ID="SP_15284" HPOS="1568" VPOS="1999" WIDTH="36" HEIGHT="0" />
            <String ID="Word_17042" HPOS="1604" VPOS="2000" WIDTH="57" HEIGHT="54" CONTENT="by" />
            <SP ID="SP_15285" HPOS="1661" VPOS="1999" WIDTH="33" HEIGHT="0" />
            <String ID="Word_17043" HPOS="1694" VPOS="1999" WIDTH="67" HEIGHT="43" CONTENT="Sir" />
            <SP ID="SP_15286" HPOS="1761" VPOS="1999" WIDTH="30" HEIGHT="0" />
            <String ID="Word_17044" HPOS="1791" VPOS="2000" WIDTH="156" HEIGHT="41" CONTENT="Morell" />
          </TextLine>
          <TextLine ID="TextLine_1759" HPOS="336" VPOS="2069" WIDTH="1609" HEIGHT="56">
            <String ID="Word_17045" HPOS="336" VPOS="2073" WIDTH="262" HEIGHT="42" CONTENT="Mackenzie." />
            <SP ID="SP_15287" HPOS="598" VPOS="2072" WIDTH="62" HEIGHT="0" />
            <String ID="Word_17046" HPOS="660" VPOS="2072" WIDTH="53" HEIGHT="40" CONTENT="In" />
            <SP ID="SP_15288" HPOS="713" VPOS="2071" WIDTH="34" HEIGHT="0" />
            <String ID="Word_17047" HPOS="747" VPOS="2071" WIDTH="127" HEIGHT="41" CONTENT="using" />
            <SP ID="SP_15289" HPOS="874" VPOS="2070" WIDTH="33" HEIGHT="0" />
            <String ID="Word_17048" HPOS="907" VPOS="2070" WIDTH="88" HEIGHT="41" CONTENT="this" />
            <SP ID="SP_15290" HPOS="995" VPOS="2069" WIDTH="33" HEIGHT="0" />
            <String ID="Word_17049" HPOS="1028" VPOS="2069" WIDTH="274" HEIGHT="42" CONTENT="instrument," />
            <SP ID="SP_15291" HPOS="1302" VPOS="2069" WIDTH="22" HEIGHT="0" />
            <String ID="Word_17050" HPOS="1324" VPOS="2083" WIDTH="80" HEIGHT="28" CONTENT="one" />
            <SP ID="SP_15292" HPOS="1404" VPOS="2069" WIDTH="31" HEIGHT="0" />
            <String ID="Word_17051" HPOS="1435" VPOS="2069" WIDTH="211" HEIGHT="42" CONTENT="electrode" />
            <SP ID="SP_15293" HPOS="1646" VPOS="2069" WIDTH="31" HEIGHT="0" />
            <String ID="Word_17052" HPOS="1677" VPOS="2070" WIDTH="37" HEIGHT="41" CONTENT="is" />
            <SP ID="SP_15294" HPOS="1714" VPOS="2070" WIDTH="35" HEIGHT="0" />
            <String ID="Word_17053" HPOS="1749" VPOS="2070" WIDTH="110" HEIGHT="41" CONTENT="fixed" />
            <SP ID="SP_15295" HPOS="1859" VPOS="2070" WIDTH="31" HEIGHT="0" />
            <String ID="Word_17054" HPOS="1890" VPOS="2071" WIDTH="55" HEIGHT="53" CONTENT="by" />
          </TextLine>
          <TextLine ID="TextLine_1760" HPOS="335" VPOS="2139" WIDTH="1610" HEIGHT="56">
            <String ID="Word_17055" HPOS="335" VPOS="2157" WIDTH="147" HEIGHT="28" CONTENT="means" />
            <SP ID="SP_15296" HPOS="482" VPOS="2143" WIDTH="21" HEIGHT="0" />
            <String ID="Word_17056" HPOS="503" VPOS="2143" WIDTH="46" HEIGHT="41" CONTENT="of" />
            <SP ID="SP_15297" HPOS="549" VPOS="2143" WIDTH="27" HEIGHT="0" />
            <String ID="Word_17057" HPOS="576" VPOS="2156" WIDTH="25" HEIGHT="27" CONTENT="a" />
            <SP ID="SP_15298" HPOS="601" VPOS="2141" WIDTH="25" HEIGHT="0" />
            <String ID="Word_17058" HPOS="626" VPOS="2141" WIDTH="107" HEIGHT="41" CONTENT="fillet" />
            <SP ID="SP_15299" HPOS="733" VPOS="2141" WIDTH="31" HEIGHT="0" />
            <String ID="Word_17059" HPOS="764" VPOS="2147" WIDTH="44" HEIGHT="35" CONTENT="to" />
            <SP ID="SP_15300" HPOS="808" VPOS="2141" WIDTH="31" HEIGHT="0" />
            <String ID="Word_17060" HPOS="839" VPOS="2141" WIDTH="73" HEIGHT="41" CONTENT="the" />
            <SP ID="SP_15301" HPOS="912" VPOS="2140" WIDTH="32" HEIGHT="0" />
            <String ID="Word_17061" HPOS="944" VPOS="2140" WIDTH="82" HEIGHT="41" CONTENT="box" />
            <SP ID="SP_15302" HPOS="1026" VPOS="2140" WIDTH="33" HEIGHT="0" />
            <String ID="Word_17062" HPOS="1059" VPOS="2140" WIDTH="43" HEIGHT="41" CONTENT="of" />
            <SP ID="SP_15303" HPOS="1102" VPOS="2139" WIDTH="31" HEIGHT="0" />
            <String ID="Word_17063" HPOS="1133" VPOS="2139" WIDTH="73" HEIGHT="42" CONTENT="the" />
            <SP ID="SP_15304" HPOS="1206" VPOS="2139" WIDTH="31" HEIGHT="0" />
            <String ID="Word_17064" HPOS="1237" VPOS="2139" WIDTH="158" HEIGHT="55" CONTENT="larynx" />
            <SP ID="SP_15305" HPOS="1395" VPOS="2139" WIDTH="29" HEIGHT="0" />
            <String ID="Word_17065" HPOS="1424" VPOS="2140" WIDTH="252" HEIGHT="55" CONTENT="externally," />
            <SP ID="SP_15306" HPOS="1676" VPOS="2140" WIDTH="21" HEIGHT="0" />
            <String ID="Word_17066" HPOS="1697" VPOS="2140" WIDTH="145" HEIGHT="42" CONTENT="whilst" />
            <SP ID="SP_15307" HPOS="1842" VPOS="2140" WIDTH="31" HEIGHT="0" />
            <String ID="Word_17067" HPOS="1873" VPOS="2140" WIDTH="72" HEIGHT="41" CONTENT="the" />
          </TextLine>
          <TextLine ID="TextLine_1761" HPOS="335" VPOS="2209" WIDTH="1611" HEIGHT="56">
            <String ID="Word_17068" HPOS="335" VPOS="2212" WIDTH="253" HEIGHT="42" CONTENT="otherthe" />
            <SP ID="SP_15308" HPOS="588" VPOS="2211" WIDTH="32" HEIGHT="0" />
            <String ID="Word_17069" HPOS="620" VPOS="2224" WIDTH="329" HEIGHT="28" CONTENT="rheophoreis" />
            <SP ID="SP_15309" HPOS="949" VPOS="2209" WIDTH="41" HEIGHT="0" />
            <String ID="Word_17070" HPOS="990" VPOS="2209" WIDTH="255" HEIGHT="42" CONTENT="introduced" />
            <SP ID="SP_15310" HPOS="1245" VPOS="2209" WIDTH="39" HEIGHT="0" />
            <String ID="Word_17071" HPOS="1284" VPOS="2210" WIDTH="93" HEIGHT="41" CONTENT="into" />
            <SP ID="SP_15311" HPOS="1377" VPOS="2210" WIDTH="42" HEIGHT="0" />
            <String ID="Word_17072" HPOS="1419" VPOS="2210" WIDTH="74" HEIGHT="42" CONTENT="the" />
            <SP ID="SP_15312" HPOS="1493" VPOS="2210" WIDTH="40" HEIGHT="0" />
            <String ID="Word_17073" HPOS="1533" VPOS="2210" WIDTH="155" HEIGHT="54" CONTENT="larynx" />
            <SP ID="SP_15313" HPOS="1688" VPOS="2210" WIDTH="41" HEIGHT="0" />
            <String ID="Word_17074" HPOS="1729" VPOS="2210" WIDTH="119" HEIGHT="42" CONTENT="itself" />
            <SP ID="SP_15314" HPOS="1848" VPOS="2210" WIDTH="40" HEIGHT="0" />
            <String ID="Word_17075" HPOS="1888" VPOS="2211" WIDTH="58" HEIGHT="54" CONTENT="by" />
          </TextLine>
          <TextLine ID="TextLine_1762" HPOS="335" VPOS="2279" WIDTH="1611" HEIGHT="55">
            <String ID="Word_17076" HPOS="335" VPOS="2283" WIDTH="74" HEIGHT="39" CONTENT="the" />
            <SP ID="SP_15315" HPOS="409" VPOS="2281" WIDTH="20" HEIGHT="0" />
            <String ID="Word_17077" HPOS="429" VPOS="2281" WIDTH="162" HEIGHT="41" CONTENT="mouth." />
            <SP ID="SP_15316" HPOS="591" VPOS="2280" WIDTH="62" HEIGHT="0" />
            <String ID="Word_17078" HPOS="653" VPOS="2280" WIDTH="142" HEIGHT="41" CONTENT="When" />
            <SP ID="SP_15317" HPOS="795" VPOS="2280" WIDTH="23" HEIGHT="0" />
            <String ID="Word_17079" HPOS="818" VPOS="2280" WIDTH="55" HEIGHT="41" CONTENT="its" />
            <SP ID="SP_15318" HPOS="873" VPOS="2279" WIDTH="23" HEIGHT="0" />
            <String ID="Word_17080" HPOS="896" VPOS="2279" WIDTH="232" HEIGHT="42" CONTENT="extremity" />
            <SP ID="SP_15319" HPOS="1128" VPOS="2279" WIDTH="21" HEIGHT="0" />
            <String ID="Word_17081" HPOS="1149" VPOS="2279" WIDTH="36" HEIGHT="42" CONTENT="is" />
            <SP ID="SP_15320" HPOS="1185" VPOS="2279" WIDTH="21" HEIGHT="0" />
            <String ID="Word_17082" HPOS="1206" VPOS="2280" WIDTH="47" HEIGHT="40" CONTENT="in" />
            <SP ID="SP_15321" HPOS="1253" VPOS="2280" WIDTH="17" HEIGHT="0" />
            <String ID="Word_17083" HPOS="1270" VPOS="2285" WIDTH="172" HEIGHT="36" CONTENT="contact" />
            <SP ID="SP_15322" HPOS="1442" VPOS="2280" WIDTH="21" HEIGHT="0" />
            <String ID="Word_17084" HPOS="1463" VPOS="2280" WIDTH="105" HEIGHT="42" CONTENT="with" />
            <SP ID="SP_15323" HPOS="1568" VPOS="2280" WIDTH="18" HEIGHT="0" />
            <String ID="Word_17085" HPOS="1586" VPOS="2280" WIDTH="74" HEIGHT="42" CONTENT="the" />
            <SP ID="SP_15324" HPOS="1660" VPOS="2280" WIDTH="16" HEIGHT="0" />
            <String ID="Word_17086" HPOS="1676" VPOS="2280" WIDTH="122" HEIGHT="42" CONTENT="vocal" />
            <SP ID="SP_15325" HPOS="1798" VPOS="2280" WIDTH="14" HEIGHT="0" />
            <String ID="Word_17087" HPOS="1812" VPOS="2280" WIDTH="134" HEIGHT="48" CONTENT="cords," />
          </TextLine>
          <TextLine ID="TextLine_1763" HPOS="336" VPOS="2349" WIDTH="1608" HEIGHT="56">
            <String ID="Word_17088" HPOS="336" VPOS="2352" WIDTH="73" HEIGHT="40" CONTENT="the" />
            <SP ID="SP_15326" HPOS="409" VPOS="2351" WIDTH="22" HEIGHT="0" />
            <String ID="Word_17089" HPOS="431" VPOS="2351" WIDTH="152" HEIGHT="41" CONTENT="circuit" />
            <SP ID="SP_15327" HPOS="583" VPOS="2350" WIDTH="20" HEIGHT="0" />
            <String ID="Word_17090" HPOS="603" VPOS="2350" WIDTH="36" HEIGHT="41" CONTENT="is" />
            <SP ID="SP_15328" HPOS="639" VPOS="2349" WIDTH="23" HEIGHT="0" />
            <String ID="Word_17091" HPOS="662" VPOS="2349" WIDTH="140" HEIGHT="42" CONTENT="closed" />
            <SP ID="SP_15329" HPOS="802" VPOS="2349" WIDTH="22" HEIGHT="0" />
            <String ID="Word_17092" HPOS="824" VPOS="2349" WIDTH="57" HEIGHT="54" CONTENT="by" />
            <SP ID="SP_15330" HPOS="881" VPOS="2349" WIDTH="20" HEIGHT="0" />
            <String ID="Word_17093" HPOS="901" VPOS="2349" WIDTH="74" HEIGHT="41" CONTENT="the" />
            <SP ID="SP_15331" HPOS="975" VPOS="2349" WIDTH="21" HEIGHT="0" />
            <String ID="Word_17094" HPOS="996" VPOS="2363" WIDTH="196" HEIGHT="40" CONTENT="pressure" />
            <SP ID="SP_15332" HPOS="1192" VPOS="2350" WIDTH="26" HEIGHT="0" />
            <String ID="Word_17095" HPOS="1218" VPOS="2350" WIDTH="43" HEIGHT="40" CONTENT="of" />
            <SP ID="SP_15333" HPOS="1261" VPOS="2349" WIDTH="22" HEIGHT="0" />
            <String ID="Word_17096" HPOS="1283" VPOS="2349" WIDTH="73" HEIGHT="42" CONTENT="the" />
            <SP ID="SP_15334" HPOS="1356" VPOS="2349" WIDTH="22" HEIGHT="0" />
            <String ID="Word_17097" HPOS="1378" VPOS="2351" WIDTH="228" HEIGHT="53" CONTENT="operator's" />
            <SP ID="SP_15335" HPOS="1606" VPOS="2350" WIDTH="22" HEIGHT="0" />
            <String ID="Word_17098" HPOS="1628" VPOS="2350" WIDTH="134" HEIGHT="55" CONTENT="finger" />
            <SP ID="SP_15336" HPOS="1762" VPOS="2350" WIDTH="20" HEIGHT="0" />
            <String ID="Word_17099" HPOS="1782" VPOS="2364" WIDTH="116" HEIGHT="27" CONTENT="upon" />
            <SP ID="SP_15337" HPOS="1898" VPOS="2364" WIDTH="22" HEIGHT="0" />
            <String ID="Word_17100" HPOS="1920" VPOS="2364" WIDTH="24" HEIGHT="27" CONTENT="a" />
          </TextLine>
          <TextLine ID="TextLine_1764" HPOS="335" VPOS="2418" WIDTH="1609" HEIGHT="57">
            <String ID="Word_17101" HPOS="335" VPOS="2434" WIDTH="156" HEIGHT="41" CONTENT="spring." />
            <SP ID="SP_15338" HPOS="491" VPOS="2419" WIDTH="61" HEIGHT="0" />
            <String ID="Word_17102" HPOS="552" VPOS="2419" WIDTH="42" HEIGHT="41" CONTENT="A" />
            <SP ID="SP_15339" HPOS="594" VPOS="2418" WIDTH="20" HEIGHT="0" />
            <String ID="Word_17103" HPOS="614" VPOS="2418" WIDTH="122" HEIGHT="55" CONTENT="point" />
            <SP ID="SP_15340" HPOS="736" VPOS="2418" WIDTH="31" HEIGHT="0" />
            <String ID="Word_17104" HPOS="767" VPOS="2422" WIDTH="43" HEIGHT="37" CONTENT="to" />
            <SP ID="SP_15341" HPOS="810" VPOS="2419" WIDTH="16" HEIGHT="0" />
            <String ID="Word_17105" HPOS="826" VPOS="2419" WIDTH="52" HEIGHT="40" CONTENT="be" />
            <SP ID="SP_15342" HPOS="878" VPOS="2418" WIDTH="22" HEIGHT="0" />
            <String ID="Word_17106" HPOS="900" VPOS="2418" WIDTH="130" HEIGHT="41" CONTENT="borne" />
            <SP ID="SP_15343" HPOS="1030" VPOS="2418" WIDTH="21" HEIGHT="0" />
            <String ID="Word_17107" HPOS="1051" VPOS="2419" WIDTH="46" HEIGHT="39" CONTENT="in" />
            <SP ID="SP_15344" HPOS="1097" VPOS="2418" WIDTH="31" HEIGHT="0" />
            <String ID="Word_17108" HPOS="1128" VPOS="2418" WIDTH="122" HEIGHT="41" CONTENT="mind" />
            <SP ID="SP_15345" HPOS="1250" VPOS="2418" WIDTH="22" HEIGHT="0" />
            <String ID="Word_17109" HPOS="1272" VPOS="2419" WIDTH="45" HEIGHT="41" CONTENT="in" />
            <SP ID="SP_15346" HPOS="1317" VPOS="2419" WIDTH="23" HEIGHT="0" />
            <String ID="Word_17110" HPOS="1340" VPOS="2419" WIDTH="126" HEIGHT="55" CONTENT="using" />
            <SP ID="SP_15347" HPOS="1466" VPOS="2419" WIDTH="28" HEIGHT="0" />
            <String ID="Word_17111" HPOS="1494" VPOS="2419" WIDTH="87" HEIGHT="42" CONTENT="this" />
            <SP ID="SP_15348" HPOS="1581" VPOS="2419" WIDTH="23" HEIGHT="0" />
            <String ID="Word_17112" HPOS="1604" VPOS="2420" WIDTH="260" HEIGHT="42" CONTENT="instrument" />
            <SP ID="SP_15349" HPOS="1864" VPOS="2420" WIDTH="31" HEIGHT="0" />
            <String ID="Word_17113" HPOS="1895" VPOS="2420" WIDTH="49" HEIGHT="50" CONTENT="is," />
          </TextLine>
          <TextLine ID="TextLine_1765" HPOS="336" VPOS="2487" WIDTH="1607" HEIGHT="56">
            <String ID="Word_17114" HPOS="336" VPOS="2494" WIDTH="96" HEIGHT="37" CONTENT="that" />
            <SP ID="SP_15350" HPOS="432" VPOS="2488" WIDTH="50" HEIGHT="0" />
            <String ID="Word_17115" HPOS="482" VPOS="2488" WIDTH="72" HEIGHT="41" CONTENT="the" />
            <SP ID="SP_15351" HPOS="554" VPOS="2488" WIDTH="51" HEIGHT="0" />
            <String ID="Word_17116" HPOS="605" VPOS="2488" WIDTH="132" HEIGHT="41" CONTENT="shock" />
            <SP ID="SP_15352" HPOS="737" VPOS="2487" WIDTH="50" HEIGHT="0" />
            <String ID="Word_17117" HPOS="787" VPOS="2487" WIDTH="341" HEIGHT="42" CONTENT="communicated" />
            <SP ID="SP_15353" HPOS="1128" VPOS="2487" WIDTH="50" HEIGHT="0" />
            <String ID="Word_17118" HPOS="1178" VPOS="2488" WIDTH="187" HEIGHT="55" CONTENT="through" />
            <SP ID="SP_15354" HPOS="1365" VPOS="2488" WIDTH="52" HEIGHT="0" />
            <String ID="Word_17119" HPOS="1417" VPOS="2489" WIDTH="73" HEIGHT="42" CONTENT="the" />
            <SP ID="SP_15355" HPOS="1490" VPOS="2489" WIDTH="46" HEIGHT="0" />
            <String ID="Word_17120" HPOS="1536" VPOS="2489" WIDTH="180" HEIGHT="42" CONTENT="delicate" />
            <SP ID="SP_15356" HPOS="1716" VPOS="2489" WIDTH="51" HEIGHT="0" />
            <String ID="Word_17121" HPOS="1767" VPOS="2503" WIDTH="176" HEIGHT="28" CONTENT="mucous" />
          </TextLine>
          <TextLine ID="TextLine_1766" HPOS="337" VPOS="2556" WIDTH="1606" HEIGHT="55">
            <String ID="Word_17122" HPOS="337" VPOS="2571" WIDTH="245" HEIGHT="28" CONTENT="membrane" />
            <SP ID="SP_15357" HPOS="582" VPOS="2557" WIDTH="37" HEIGHT="0" />
            <String ID="Word_17123" HPOS="619" VPOS="2557" WIDTH="89" HEIGHT="40" CONTENT="will" />
            <SP ID="SP_15358" HPOS="708" VPOS="2557" WIDTH="35" HEIGHT="0" />
            <String ID="Word_17124" HPOS="743" VPOS="2557" WIDTH="52" HEIGHT="41" CONTENT="be" />
            <SP ID="SP_15359" HPOS="795" VPOS="2556" WIDTH="35" HEIGHT="0" />
            <String ID="Word_17125" HPOS="830" VPOS="2556" WIDTH="130" HEIGHT="42" CONTENT="much" />
            <SP ID="SP_15360" HPOS="960" VPOS="2556" WIDTH="35" HEIGHT="0" />
            <String ID="Word_17126" HPOS="995" VPOS="2561" WIDTH="193" HEIGHT="50" CONTENT="stronger" />
            <SP ID="SP_15361" HPOS="1188" VPOS="2557" WIDTH="34" HEIGHT="0" />
            <String ID="Word_17127" HPOS="1222" VPOS="2557" WIDTH="107" HEIGHT="42" CONTENT="than" />
            <SP ID="SP_15362" HPOS="1329" VPOS="2557" WIDTH="39" HEIGHT="0" />
            <String ID="Word_17128" HPOS="1368" VPOS="2559" WIDTH="71" HEIGHT="41" CONTENT="the" />
            <SP ID="SP_15363" HPOS="1439" VPOS="2559" WIDTH="37" HEIGHT="0" />
            <String ID="Word_17129" HPOS="1476" VPOS="2560" WIDTH="133" HEIGHT="41" CONTENT="shock" />
            <SP ID="SP_15364" HPOS="1609" VPOS="2560" WIDTH="33" HEIGHT="0" />
            <String ID="Word_17130" HPOS="1642" VPOS="2560" WIDTH="44" HEIGHT="41" CONTENT="of" />
            <SP ID="SP_15365" HPOS="1686" VPOS="2560" WIDTH="33" HEIGHT="0" />
            <String ID="Word_17131" HPOS="1719" VPOS="2560" WIDTH="72" HEIGHT="41" CONTENT="the" />
            <SP ID="SP_15366" HPOS="1791" VPOS="2560" WIDTH="36" HEIGHT="0" />
            <String ID="Word_17132" HPOS="1827" VPOS="2573" WIDTH="116" HEIGHT="28" CONTENT="same" />
          </TextLine>
          <TextLine ID="TextLine_1767" HPOS="336" VPOS="2626" WIDTH="1606" HEIGHT="59">
            <String ID="Word_17133" HPOS="336" VPOS="2632" WIDTH="173" HEIGHT="38" CONTENT="current" />
            <SP ID="SP_15367" HPOS="509" VPOS="2626" WIDTH="30" HEIGHT="0" />
            <String ID="Word_17134" HPOS="539" VPOS="2626" WIDTH="273" HEIGHT="41" CONTENT="transmitted" />
            <SP ID="SP_15368" HPOS="812" VPOS="2626" WIDTH="31" HEIGHT="0" />
            <String ID="Word_17135" HPOS="843" VPOS="2626" WIDTH="182" HEIGHT="55" CONTENT="through" />
            <SP ID="SP_15369" HPOS="1025" VPOS="2626" WIDTH="33" HEIGHT="0" />
            <String ID="Word_17136" HPOS="1058" VPOS="2627" WIDTH="73" HEIGHT="42" CONTENT="the" />
            <SP ID="SP_15370" HPOS="1131" VPOS="2627" WIDTH="21" HEIGHT="0" />
            <String ID="Word_17137" HPOS="1152" VPOS="2629" WIDTH="202" HEIGHT="55" CONTENT="resisting" />
            <SP ID="SP_15371" HPOS="1354" VPOS="2629" WIDTH="22" HEIGHT="0" />
            <String ID="Word_17138" HPOS="1376" VPOS="2629" WIDTH="157" HEIGHT="43" CONTENT="cuticle" />
            <SP ID="SP_15372" HPOS="1533" VPOS="2629" WIDTH="21" HEIGHT="0" />
            <String ID="Word_17139" HPOS="1554" VPOS="2630" WIDTH="46" HEIGHT="42" CONTENT="of" />
            <SP ID="SP_15373" HPOS="1600" VPOS="2630" WIDTH="22" HEIGHT="0" />
            <String ID="Word_17140" HPOS="1622" VPOS="2630" WIDTH="73" HEIGHT="42" CONTENT="the" />
            <SP ID="SP_15374" HPOS="1695" VPOS="2630" WIDTH="22" HEIGHT="0" />
            <String ID="Word_17141" HPOS="1717" VPOS="2630" WIDTH="225" HEIGHT="55" CONTENT="operator's" />
          </TextLine>
          <TextLine ID="TextLine_1768" HPOS="336" VPOS="2694" WIDTH="1606" HEIGHT="55">
            <String ID="Word_17142" HPOS="336" VPOS="2697" WIDTH="126" HEIGHT="41" CONTENT="hand." />
            <SP ID="SP_15375" HPOS="462" VPOS="2696" WIDTH="61" HEIGHT="0" />
            <String ID="Word_17143" HPOS="523" VPOS="2696" WIDTH="88" HEIGHT="41" CONTENT="The" />
            <SP ID="SP_15376" HPOS="611" VPOS="2696" WIDTH="37" HEIGHT="0" />
            <String ID="Word_17144" HPOS="648" VPOS="2699" WIDTH="191" HEIGHT="50" CONTENT="operator" />
            <SP ID="SP_15377" HPOS="839" VPOS="2696" WIDTH="31" HEIGHT="0" />
            <String ID="Word_17145" HPOS="870" VPOS="2696" WIDTH="89" HEIGHT="40" CONTENT="will" />
            <SP ID="SP_15378" HPOS="959" VPOS="2694" WIDTH="31" HEIGHT="0" />
            <String ID="Word_17146" HPOS="990" VPOS="2694" WIDTH="211" HEIGHT="45" CONTENT="therefore" />
            <SP ID="SP_15379" HPOS="1201" VPOS="2694" WIDTH="31" HEIGHT="0" />
            <String ID="Word_17147" HPOS="1232" VPOS="2698" WIDTH="55" HEIGHT="42" CONTENT="do" />
            <SP ID="SP_15380" HPOS="1287" VPOS="2698" WIDTH="32" HEIGHT="0" />
            <String ID="Word_17148" HPOS="1319" VPOS="2699" WIDTH="97" HEIGHT="42" CONTENT="well" />
            <SP ID="SP_15381" HPOS="1416" VPOS="2699" WIDTH="33" HEIGHT="0" />
            <String ID="Word_17149" HPOS="1449" VPOS="2705" WIDTH="43" HEIGHT="36" CONTENT="to" />
            <SP ID="SP_15382" HPOS="1492" VPOS="2700" WIDTH="31" HEIGHT="0" />
            <String ID="Word_17150" HPOS="1523" VPOS="2700" WIDTH="100" HEIGHT="41" CONTENT="bear" />
            <SP ID="SP_15383" HPOS="1623" VPOS="2699" WIDTH="30" HEIGHT="0" />
            <String ID="Word_17151" HPOS="1653" VPOS="2699" WIDTH="45" HEIGHT="42" CONTENT="in" />
            <SP ID="SP_15384" HPOS="1698" VPOS="2699" WIDTH="29" HEIGHT="0" />
            <String ID="Word_17152" HPOS="1727" VPOS="2700" WIDTH="120" HEIGHT="41" CONTENT="mind" />
            <SP ID="SP_15385" HPOS="1847" VPOS="2700" WIDTH="23" HEIGHT="0" />
            <String ID="Word_17153" HPOS="1870" VPOS="2700" WIDTH="72" HEIGHT="41" CONTENT="the" />
          </TextLine>
          <TextLine ID="TextLine_1769" HPOS="336" VPOS="2764" WIDTH="1606" HEIGHT="60">
            <String ID="Word_17154" HPOS="336" VPOS="2766" WIDTH="153" HEIGHT="55" CONTENT="golden" />
            <SP ID="SP_15386" HPOS="489" VPOS="2764" WIDTH="33" HEIGHT="0" />
            <String ID="Word_17155" HPOS="522" VPOS="2764" WIDTH="91" HEIGHT="42" CONTENT="rule" />
            <SP ID="SP_15387" HPOS="613" VPOS="2764" WIDTH="31" HEIGHT="0" />
            <String ID="Word_17156" HPOS="644" VPOS="2765" WIDTH="45" HEIGHT="40" CONTENT="of" />
            <SP ID="SP_15388" HPOS="689" VPOS="2764" WIDTH="27" HEIGHT="0" />
            <String ID="Word_17157" HPOS="716" VPOS="2764" WIDTH="477" HEIGHT="56" CONTENT="electro-therapeutics," />
            <SP ID="SP_15389" HPOS="1193" VPOS="2764" WIDTH="23" HEIGHT="0" />
            <String ID="Word_17158" HPOS="1216" VPOS="2768" WIDTH="84" HEIGHT="41" CONTENT="and" />
            <SP ID="SP_15390" HPOS="1300" VPOS="2768" WIDTH="31" HEIGHT="0" />
            <String ID="Word_17159" HPOS="1331" VPOS="2773" WIDTH="69" HEIGHT="51" CONTENT="try" />
            <SP ID="SP_15391" HPOS="1400" VPOS="2769" WIDTH="33" HEIGHT="0" />
            <String ID="Word_17160" HPOS="1433" VPOS="2769" WIDTH="72" HEIGHT="43" CONTENT="the" />
            <SP ID="SP_15392" HPOS="1505" VPOS="2769" WIDTH="32" HEIGHT="0" />
            <String ID="Word_17161" HPOS="1537" VPOS="2774" WIDTH="172" HEIGHT="38" CONTENT="current" />
            <SP ID="SP_15393" HPOS="1709" VPOS="2774" WIDTH="29" HEIGHT="0" />
            <String ID="Word_17162" HPOS="1738" VPOS="2784" WIDTH="115" HEIGHT="27" CONTENT="upon" />
            <SP ID="SP_15394" HPOS="1853" VPOS="2770" WIDTH="23" HEIGHT="0" />
            <String ID="Word_17163" HPOS="1876" VPOS="2770" WIDTH="66" HEIGHT="41" CONTENT="his" />
          </TextLine>
          <TextLine ID="TextLine_1770" HPOS="336" VPOS="2834" WIDTH="1605" HEIGHT="60">
            <String ID="Word_17164" HPOS="336" VPOS="2849" WIDTH="97" HEIGHT="28" CONTENT="own" />
            <SP ID="SP_15395" HPOS="433" VPOS="2848" WIDTH="21" HEIGHT="0" />
            <String ID="Word_17165" HPOS="454" VPOS="2848" WIDTH="164" HEIGHT="40" CONTENT="person," />
            <SP ID="SP_15396" HPOS="618" VPOS="2834" WIDTH="20" HEIGHT="0" />
            <String ID="Word_17166" HPOS="638" VPOS="2834" WIDTH="142" HEIGHT="41" CONTENT="before" />
            <SP ID="SP_15397" HPOS="780" VPOS="2834" WIDTH="22" HEIGHT="0" />
            <String ID="Word_17167" HPOS="802" VPOS="2835" WIDTH="53" HEIGHT="40" CONTENT="he" />
            <SP ID="SP_15398" HPOS="855" VPOS="2835" WIDTH="22" HEIGHT="0" />
            <String ID="Word_17168" HPOS="877" VPOS="2835" WIDTH="185" HEIGHT="53" CONTENT="subjects" />
            <SP ID="SP_15399" HPOS="1062" VPOS="2835" WIDTH="22" HEIGHT="0" />
            <String ID="Word_17169" HPOS="1084" VPOS="2835" WIDTH="73" HEIGHT="42" CONTENT="the" />
            <SP ID="SP_15400" HPOS="1157" VPOS="2835" WIDTH="21" HEIGHT="0" />
            <String ID="Word_17170" HPOS="1178" VPOS="2837" WIDTH="166" HEIGHT="54" CONTENT="patient" />
            <SP ID="SP_15401" HPOS="1344" VPOS="2837" WIDTH="23" HEIGHT="0" />
            <String ID="Word_17171" HPOS="1367" VPOS="2843" WIDTH="43" HEIGHT="37" CONTENT="to" />
            <SP ID="SP_15402" HPOS="1410" VPOS="2839" WIDTH="22" HEIGHT="0" />
            <String ID="Word_17172" HPOS="1432" VPOS="2839" WIDTH="43" HEIGHT="41" CONTENT="it." />
            <SP ID="SP_15403" HPOS="1475" VPOS="2838" WIDTH="64" HEIGHT="0" />
            <String ID="Word_17173" HPOS="1539" VPOS="2838" WIDTH="71" HEIGHT="43" CONTENT="He" />
            <SP ID="SP_15404" HPOS="1610" VPOS="2838" WIDTH="22" HEIGHT="0" />
            <String ID="Word_17174" HPOS="1632" VPOS="2853" WIDTH="79" HEIGHT="28" CONTENT="can" />
            <SP ID="SP_15405" HPOS="1711" VPOS="2839" WIDTH="22" HEIGHT="0" />
            <String ID="Word_17175" HPOS="1733" VPOS="2839" WIDTH="135" HEIGHT="42" CONTENT="easily" />
            <SP ID="SP_15406" HPOS="1868" VPOS="2839" WIDTH="21" HEIGHT="0" />
            <String ID="Word_17176" HPOS="1889" VPOS="2839" WIDTH="52" HEIGHT="41" CONTENT="do" />
          </TextLine>
          <TextLine ID="TextLine_1771" HPOS="337" VPOS="2902" WIDTH="1605" HEIGHT="56">
            <String ID="Word_17177" HPOS="337" VPOS="2904" WIDTH="98" HEIGHT="51" CONTENT="this," />
            <SP ID="SP_15407" HPOS="435" VPOS="2903" WIDTH="24" HEIGHT="0" />
            <String ID="Word_17178" HPOS="459" VPOS="2903" WIDTH="55" HEIGHT="55" CONTENT="by" />
            <SP ID="SP_15408" HPOS="514" VPOS="2902" WIDTH="23" HEIGHT="0" />
            <String ID="Word_17179" HPOS="537" VPOS="2902" WIDTH="206" HEIGHT="54" CONTENT="applying" />
            <SP ID="SP_15409" HPOS="743" VPOS="2902" WIDTH="31" HEIGHT="0" />
            <String ID="Word_17180" HPOS="774" VPOS="2903" WIDTH="72" HEIGHT="41" CONTENT="the" />
            <SP ID="SP_15410" HPOS="846" VPOS="2903" WIDTH="22" HEIGHT="0" />
            <String ID="Word_17181" HPOS="868" VPOS="2903" WIDTH="166" HEIGHT="42" CONTENT="outside" />
            <SP ID="SP_15411" HPOS="1034" VPOS="2903" WIDTH="23" HEIGHT="0" />
            <String ID="Word_17182" HPOS="1057" VPOS="2904" WIDTH="209" HEIGHT="43" CONTENT="electrode" />
            <SP ID="SP_15412" HPOS="1266" VPOS="2904" WIDTH="24" HEIGHT="0" />
            <String ID="Word_17183" HPOS="1290" VPOS="2911" WIDTH="42" HEIGHT="37" CONTENT="to" />
            <SP ID="SP_15413" HPOS="1332" VPOS="2907" WIDTH="23" HEIGHT="0" />
            <String ID="Word_17184" HPOS="1355" VPOS="2907" WIDTH="73" HEIGHT="42" CONTENT="the" />
            <SP ID="SP_15414" HPOS="1428" VPOS="2907" WIDTH="22" HEIGHT="0" />
            <String ID="Word_17185" HPOS="1450" VPOS="2909" WIDTH="167" HEIGHT="41" CONTENT="outside" />
            <SP ID="SP_15415" HPOS="1617" VPOS="2909" WIDTH="22" HEIGHT="0" />
            <String ID="Word_17186" HPOS="1639" VPOS="2910" WIDTH="47" HEIGHT="40" CONTENT="of" />
            <SP ID="SP_15416" HPOS="1686" VPOS="2909" WIDTH="26" HEIGHT="0" />
            <String ID="Word_17187" HPOS="1712" VPOS="2909" WIDTH="67" HEIGHT="41" CONTENT="his" />
            <SP ID="SP_15417" HPOS="1779" VPOS="2909" WIDTH="21" HEIGHT="0" />
            <String ID="Word_17188" HPOS="1800" VPOS="2909" WIDTH="142" HEIGHT="41" CONTENT="throat" />
          </TextLine>
          <TextLine ID="TextLine_1772" HPOS="337" VPOS="2971" WIDTH="1604" HEIGHT="61">
            <String ID="Word_17189" HPOS="337" VPOS="2973" WIDTH="85" HEIGHT="42" CONTENT="and" />
            <SP ID="SP_15418" HPOS="422" VPOS="2973" WIDTH="17" HEIGHT="0" />
            <String ID="Word_17190" HPOS="439" VPOS="2973" WIDTH="72" HEIGHT="41" CONTENT="the" />
            <SP ID="SP_15419" HPOS="511" VPOS="2971" WIDTH="16" HEIGHT="0" />
            <String ID="Word_17191" HPOS="527" VPOS="2971" WIDTH="233" HEIGHT="55" CONTENT="rheophore" />
            <SP ID="SP_15420" HPOS="760" VPOS="2971" WIDTH="17" HEIGHT="0" />
            <String ID="Word_17192" HPOS="777" VPOS="2976" WIDTH="42" HEIGHT="37" CONTENT="to" />
            <SP ID="SP_15421" HPOS="819" VPOS="2971" WIDTH="18" HEIGHT="0" />
            <String ID="Word_17193" HPOS="837" VPOS="2971" WIDTH="73" HEIGHT="43" CONTENT="the" />
            <SP ID="SP_15422" HPOS="910" VPOS="2971" WIDTH="16" HEIGHT="0" />
            <String ID="Word_17194" HPOS="926" VPOS="2973" WIDTH="163" HEIGHT="42" CONTENT="surface" />
            <SP ID="SP_15423" HPOS="1089" VPOS="2973" WIDTH="22" HEIGHT="0" />
            <String ID="Word_17195" HPOS="1111" VPOS="2975" WIDTH="45" HEIGHT="40" CONTENT="of" />
            <SP ID="SP_15424" HPOS="1156" VPOS="2974" WIDTH="13" HEIGHT="0" />
            <String ID="Word_17196" HPOS="1169" VPOS="2974" WIDTH="67" HEIGHT="42" CONTENT="his" />
            <SP ID="SP_15425" HPOS="1236" VPOS="2974" WIDTH="18" HEIGHT="0" />
            <String ID="Word_17197" HPOS="1254" VPOS="2982" WIDTH="168" HEIGHT="50" CONTENT="tongue." />
            <SP ID="SP_15426" HPOS="1422" VPOS="2979" WIDTH="63" HEIGHT="0" />
            <String ID="Word_17198" HPOS="1485" VPOS="2979" WIDTH="22" HEIGHT="40" CONTENT="I" />
            <SP ID="SP_15427" HPOS="1507" VPOS="2978" WIDTH="17" HEIGHT="0" />
            <String ID="Word_17199" HPOS="1524" VPOS="2978" WIDTH="109" HEIGHT="42" CONTENT="have" />
            <SP ID="SP_15428" HPOS="1633" VPOS="2978" WIDTH="17" HEIGHT="0" />
            <String ID="Word_17200" HPOS="1650" VPOS="2978" WIDTH="84" HEIGHT="42" CONTENT="had" />
            <SP ID="SP_15429" HPOS="1734" VPOS="2978" WIDTH="17" HEIGHT="0" />
            <String ID="Word_17201" HPOS="1751" VPOS="2992" WIDTH="79" HEIGHT="28" CONTENT="one" />
            <SP ID="SP_15430" HPOS="1830" VPOS="2989" WIDTH="17" HEIGHT="0" />
            <String ID="Word_17202" HPOS="1847" VPOS="2992" WIDTH="94" HEIGHT="28" CONTENT="case" />
          </TextLine>
          <TextLine ID="TextLine_1773" HPOS="337" VPOS="3041" WIDTH="1604" HEIGHT="62">
            <String ID="Word_17203" HPOS="337" VPOS="3047" WIDTH="45" HEIGHT="37" CONTENT="at" />
            <SP ID="SP_15431" HPOS="382" VPOS="3041" WIDTH="20" HEIGHT="0" />
            <String ID="Word_17204" HPOS="402" VPOS="3041" WIDTH="72" HEIGHT="43" CONTENT="the" />
            <SP ID="SP_15432" HPOS="474" VPOS="3041" WIDTH="22" HEIGHT="0" />
            <String ID="Word_17205" HPOS="496" VPOS="3041" WIDTH="137" HEIGHT="55" CONTENT="Royal" />
            <SP ID="SP_15433" HPOS="633" VPOS="3041" WIDTH="31" HEIGHT="0" />
            <String ID="Word_17206" HPOS="664" VPOS="3041" WIDTH="241" HEIGHT="56" CONTENT="Infirmary," />
            <SP ID="SP_15434" HPOS="905" VPOS="3041" WIDTH="22" HEIGHT="0" />
            <String ID="Word_17207" HPOS="927" VPOS="3043" WIDTH="220" HEIGHT="55" CONTENT="occurring" />
            <SP ID="SP_15435" HPOS="1147" VPOS="3043" WIDTH="31" HEIGHT="0" />
            <String ID="Word_17208" HPOS="1178" VPOS="3044" WIDTH="46" HEIGHT="41" CONTENT="in" />
            <SP ID="SP_15436" HPOS="1224" VPOS="3044" WIDTH="32" HEIGHT="0" />
            <String ID="Word_17209" HPOS="1256" VPOS="3045" WIDTH="73" HEIGHT="42" CONTENT="the" />
            <SP ID="SP_15437" HPOS="1329" VPOS="3045" WIDTH="32" HEIGHT="0" />
            <String ID="Word_17210" HPOS="1361" VPOS="3060" WIDTH="154" HEIGHT="41" CONTENT="person" />
            <SP ID="SP_15438" HPOS="1515" VPOS="3048" WIDTH="22" HEIGHT="0" />
            <String ID="Word_17211" HPOS="1537" VPOS="3048" WIDTH="43" HEIGHT="41" CONTENT="of" />
            <SP ID="SP_15439" HPOS="1580" VPOS="3048" WIDTH="31" HEIGHT="0" />
            <String ID="Word_17212" HPOS="1611" VPOS="3063" WIDTH="54" HEIGHT="27" CONTENT="an" />
            <SP ID="SP_15440" HPOS="1665" VPOS="3048" WIDTH="23" HEIGHT="0" />
            <String ID="Word_17213" HPOS="1688" VPOS="3048" WIDTH="253" HEIGHT="55" CONTENT="apparently" />
          </TextLine>
        </TextBlock>
      </PrintSpace>
    </Page>
  </Layout>
</alto>
