1972 3202
409 287 88 41 112

843 296 92 32 THE
960 298 171 32 ACTIVE
1155 297 186 34 GIBBON.

404 423 124 61 key;
563 422 51 47 of
639 424 133 46 small
795 423 104 55 size,
931 439 140 31 above
1095 424 50 47 of
1170 440 27 30 a
1229 424 322 62 bluish-green,
1580 424 197 47 beneath

404 501 365 61 grayish-white.

486 579 98 44 The
607 578 161 45 second
791 577 37 46 is
850 578 168 46 named
1045 577 186 48 Colobus
1257 579 63 61 by
1344 578 196 62 Illiger,*
1573 579 205 45 remark-

406 655 100 45 able
529 654 65 46 for
616 655 170 62 having
819 655 107 61 only
949 654 99 46 fom*
1076 655 162 62 fingers
1269 671 121 30 upon
1421 662 79 38 the
1523 671 142 45 upper
1698 671 82 30 ex-

404 732 236 55 tremities,
666 733 90 45 and
783 732 47 46 in
865 733 90 45 this
988 740 171 39 respect
1193 732 306 63 representing
1532 731 178 47 Atdes\
1736 732 52 47 of

403 809 80 46 the
509 810 122 45 New
654 810 176 54 World,
866 816 47 39 to
941 810 150 45 which
1124 810 38 46 it
1195 811 93 45 also
1322 825 146 31 comes
1499 825 109 30 near
1629 809 47 46 in
1700 809 79 46 the

406 887 225 45 shortness
654 886 52 46 of
720 894 78 37 the
821 902 193 39 muzzle,
1046 887 91 46 and
1160 894 302 40 comparative
1487 887 226 45 shortness
1738 886 50 46 of

404 964 80 44 the
507 962 107 46 face.
668 963 57 45 In
749 969 127 39 other
897 970 193 54 respects
1112 963 38 46 it
1171 965 240 44 resembles
1426 964 78 45 the
1529 963 228 46 Guenons.

475 1041 149 44 Three
649 1055 166 46 species
850 1055 74 30 are
948 1040 240 45 described.
1271 1041 131 61 They
1437 1057 74 28 are
1534 1047 177 38 natives
1736 1039 51 46 of

406 1118 170 54 Africa,
601 1119 85 44 but
708 1117 120 46 little
851 1117 37 45 is
911 1118 168 45 known
1104 1117 50 46 of
1168 1118 120 45 their
1309 1118 150 45 habits
1484 1133 45 30 or
1552 1118 198 60 locality.

474 1196 99 45 The
595 1201 111 55 type
731 1193 51 47 of
806 1194 93 46 this
929 1209 141 47 genus
1099 1210 112 46 may
1233 1196 56 45 be
1320 1210 103 31 seen
1448 1194 47 46 in
1518 1194 80 46 the
1624 1194 155 46 Simla

396 1271 270 61 polycomos,
712 1272 229 54 Schreber,
981 1272 81 46 the
1105 1271 341 47 full-bottomed
1495 1287 199 45 monkey
1739 1270 51 47 of

407 1351 225 53 Pennant,
657 1349 147 54 black,
830 1348 115 46 with
979 1349 151 46 longer
1162 1349 100 45 hair
1292 1348 206 62 covering
1534 1355 80 39 the
1649 1349 128 52 neck,

406 1427 47 45 in
490 1427 79 45 the
610 1425 112 47 form
760 1426 51 46 of
841 1441 29 30 a
908 1441 149 30 mane.
1126 1426 46 46 It
1208 1426 200 45 inhabits
1447 1427 78 44 the
1559 1425 155 46 forests
1738 1424 52 46 of

406 1504 182 45 Guinea
627 1503 91 46 and
761 1503 148 47 Sierra
953 1503 163 45 Leone.
1208 1504 98 44 The
1351 1509 112 39 next
1501 1502 38 45 is
1574 1502 79 45 the
1686 1503 91 60 bay

405 1596 214 46 monkey,
679 1580 185 47 Colobus
905 1580 347 58 ferruginosus,
1311 1580 148 45 which
1515 1580 83 44 has
1665 1581 115 43 been

406 1658 194 45 thought
623 1658 63 60 by
710 1672 122 30 some
865 1662 46 40 to
945 1657 56 45 be
1030 1672 174 45 merely
1239 1672 27 30 a
1300 1656 178 61 variety
1502 1655 50 46 of
1577 1663 79 38 the
1678 1672 102 44 pre-

407 1735 157 61 ceding
582 1751 13 37 ;
632 1735 90 44 and
751 1740 79 39 the
859 1732 124 46 third
1005 1732 38 46 is
1076 1749 60 29 an
1166 1733 237 46 unfigured
1437 1732 180 61 species,
1654 1733 127 45 dedi-

407 1812 129 45 cated
570 1813 62 60 by
656 1811 67 45 M.
759 1810 131 46 Kuhl
919 1816 47 39 to
1001 1811 66 44 M.
1107 1810 268 46 Temminck
1401 1809 213 60 {Colobus
1644 1809 139 46 Tern-

408 1888 208 54 minckii,
650 1887 169 61 Kuhl.)
896 1887 45 46 It
971 1886 171 46 formed
1170 1893 101 55 part
1302 1886 50 46 of
1376 1893 78 39 the
1484 1887 228 45 collection
1742 1886 50 46 of

409 1967 76 44 Mr
519 1966 204 53 Bullock,
759 1980 104 38 and,
896 1970 48 39 at
975 1964 79 45 the
1083 1964 245 61 dispersion
1359 1963 50 47 of
1432 1970 103 38 that
1575 1965 209 44 valuable

408 2058 228 38 museum,
668 2041 161 62 passed
858 2047 48 40 to
939 2040 104 46 that
1079 2039 51 47 of
1158 2041 284 45 Temminck.
1512 2041 98 45 The
1643 2056 141 45 upper

407 2135 124 45 parts
555 2119 51 46 of
619 2119 80 45 the
720 2119 132 53 head,
871 2118 129 53 neck,
1019 2118 128 54 back,
1165 2118 91 45 and
1279 2118 243 53 shoulders,
1539 2118 145 53 black,
1705 2118 78 45 the

408 2198 134 44 limbs
566 2196 117 45 clear
704 2194 196 54 reddish,
918 2194 89 45 and
1022 2200 78 39 the
1123 2195 144 45 under
1284 2201 122 55 parts
1430 2195 168 60 having
1615 2209 26 29 a
1659 2194 123 45 tinge

409 2272 51 46 of
474 2279 161 53 tawny
658 2271 179 61 yellow.
907 2271 99 44 The
1028 2277 155 39 native
1207 2286 191 46 country
1420 2286 247 29 unknown.

476 2351 45 45 It
557 2364 109 46 may
688 2349 56 45 be
776 2346 238 46 remarked
1047 2353 103 39 that
1172 2348 92 44 this
1298 2362 140 46 genus
1471 2346 38 46 is
1539 2347 158 61 placed
1720 2349 62 60 by

411 2428 152 46 Illiger
585 2424 114 48 after
721 2424 79 46 the
828 2422 314 62 Cynocephaliy
1167 2425 91 45 and
1280 2430 112 40 next
1415 2431 102 40 that
1542 2424 51 47 of
1620 2424 159 54 Ateles,

734 2536 19 20 •
786 2541 182 41 KoXo/3ff{,
982 2537 172 45 maimed,
1172 2538 198 47 imperfect.

730 2606 31 47 ■f
792 2610 159 39 AriXijf,
972 2604 200 36 imperfect.
