2125 3524
353 302 54 40 38
835 309 88 36 THE
955 309 241 32 DISORDERS
1229 309 54 33 OF
1314 309 175 30 SPEECH.

414 429 82 43 We
531 443 95 29 now
658 443 98 42 pass
787 432 44 39 to
863 429 73 41 the
972 426 314 42 consideration
1317 425 44 41 of
1392 425 73 41 the
1497 423 214 42 disorders
1741 424 45 41 of
1816 426 153 41 speech

358 500 138 41 which
520 514 63 28 we
606 513 177 42 propose
806 503 43 37 to
871 498 100 42 take
994 509 57 30 up
1074 497 44 39 in
1143 495 85 42 this
1251 508 186 40 chapter.

917 621 241 56 Hysterical
1186 619 214 55 Aphonia.

413 725 103 42 This
536 725 36 42 is
594 739 24 28 a
634 724 216 43 condition
869 723 47 42 of
929 721 237 43 extremely
1184 733 197 30 common
1399 732 252 29 occurrence
1672 719 45 42 in
1741 720 230 42 hysterical

354 799 201 51 patients,
576 795 96 48 and,
705 793 229 54 naturally,
957 792 34 41 it
1022 791 36 41 is
1091 795 112 37 most
1234 788 247 56 frequently
1512 795 90 35 met
1633 789 104 42 with
1771 790 44 41 in
1849 791 122 42 those

354 865 47 41 of
429 865 72 41 the
532 864 153 41 female
717 878 85 27 sex.
865 863 106 40 Like
1003 861 73 41 the
1108 860 123 42 other
1262 858 346 42 manifestations
1640 859 44 41 of
1714 859 200 56 hysteria,
1936 862 35 40 it

355 947 97 40 may
475 933 51 41 be
557 932 235 41 developed
825 935 44 37 at
900 944 85 40 any
1017 929 147 55 period
1197 929 46 40 of
1271 928 100 52 life;
1403 928 90 50 but,
1524 928 46 40 in
1597 928 72 42 the
1701 929 200 56 majority
1926 931 43 41 of

353 1015 127 28 cases,
502 1001 36 41 it
568 1014 148 28 occurs
748 1004 138 37 either
916 999 156 54 during
1104 999 72 42 the
1208 999 153 41 earlier
1391 1012 123 41 years
1537 999 46 41 of
1611 1000 290 50 womanhood,
1923 1015 47 28 or

352 1070 46 42 in
421 1071 72 40 the
515 1070 108 41 later
642 1082 135 41 years,
800 1073 44 36 at
867 1082 46 28 or
934 1069 132 41 about
1085 1069 71 41 the
1175 1068 261 42 climacteric
1460 1068 155 54 period.
1678 1069 88 43 The
1781 1077 189 49 exciting

352 1153 125 29 cause
512 1139 37 41 is
586 1153 102 40 very
725 1138 250 55 frequently
1006 1152 116 28 some
1153 1138 233 42 emotional
1423 1138 300 43 disturbance;
1753 1140 85 41 and
1868 1140 102 42 thus

351 1209 125 41 again
519 1209 35 40 it
597 1209 35 40 is
664 1208 88 41 like
797 1208 71 41 the
912 1208 123 41 other
1077 1208 271 55 phenomena
1389 1208 44 41 of
1470 1208 199 55 hysteria.
1749 1209 51 41 In
1837 1224 130 40 many

350 1293 132 29 cases,
515 1293 54 27 on
605 1279 74 41 the
716 1278 122 42 other
875 1278 127 49 hand,
1039 1278 73 42 the
1149 1278 169 55 patient
1356 1278 128 42 being
1521 1279 46 40 of
1599 1279 232 53 hysterical
1868 1293 98 28 con-

353 1349 212 41 stitution,
587 1349 36 41 it
644 1362 111 27 owes
777 1348 57 41 its
857 1349 236 54 beginning
1117 1353 41 36 to
1181 1348 73 42 the
1276 1362 116 28 mere
1414 1348 200 41 catching
1631 1350 46 39 of
1695 1362 24 27 a
1740 1348 107 50 cold,
1865 1357 104 33 with

353 1418 227 42 attendant
603 1419 257 41 hoarseness.
924 1419 88 40 The
1035 1418 229 41 difference
1287 1418 193 41 between
1503 1418 106 41 such
1641 1432 24 27 a
1696 1418 167 54 patient
1885 1420 84 39 and

354 1504 54 26 an
460 1489 200 54 ordinary
712 1502 156 40 person
920 1488 106 41 with
1078 1487 90 42 cold
1224 1488 47 49 is,
1322 1487 106 51 that,
1465 1488 45 40 in
1563 1488 73 41 the
1684 1488 165 49 former,
1896 1489 74 41 the

355 1559 185 54 aphonia
561 1558 185 41 remains
769 1558 64 40 for
863 1571 25 27 a
909 1557 100 55 long
1030 1557 158 55 period,
1211 1558 34 40 it
1277 1571 98 41 may
1398 1557 51 41 be
1472 1557 66 41 for
1561 1557 184 42 months,
1767 1559 109 40 after
1898 1559 74 40 the

354 1629 141 41 actual
534 1629 167 40 catarrh
739 1628 76 41 has
852 1628 152 54 passed
1046 1628 68 40 off,
1150 1627 190 41 whereas
1377 1627 43 41 in
1460 1627 73 42 the
1569 1628 128 41 latter
1738 1627 72 43 the
1852 1629 120 41 voice

355 1704 170 36 returns
548 1702 44 37 at
613 1712 103 28 once
749 1698 125 40 when
897 1698 72 40 the
1002 1697 167 41 catarrh
1192 1698 35 40 is
1250 1697 225 41 recovered
1502 1698 118 40 from.
1683 1698 44 41 It
1748 1712 100 41 may
1870 1698 101 42 thus

355 1769 127 41 begin
504 1783 114 26 more
641 1782 46 27 or
708 1768 84 41 less
823 1767 226 55 gradually
1073 1767 103 40 with
1200 1781 24 27 a
1252 1766 107 42 cold,
1381 1781 46 27 or
1448 1781 158 40 appear
1627 1767 214 42 suddenly
1863 1778 110 31 after

355 1838 230 41 emotional
637 1845 269 34 excitement.
990 1836 300 42 Occasionally
1330 1837 36 40 it
1416 1837 35 41 is
1493 1837 215 54 produced
1756 1838 57 53 by
1856 1852 116 27 some

356 1908 231 54 hysterical
619 1907 173 42 seizure,
815 1907 104 41 such
952 1920 45 27 as
1030 1920 24 27 a
1091 1907 56 49 fit,
1170 1906 71 41 the
1265 1906 185 54 aphonia
1483 1907 240 55 remaining
1754 1908 111 41 after
1897 1908 75 41 the

356 1979 49 40 fit
427 1978 75 41 has
535 1976 153 56 passed
721 1977 67 40 off.
851 1975 161 55 Lastly,
1040 1975 46 41 in
1119 1981 74 35 not
1224 1989 24 28 a
1280 1976 81 41 few
1394 1976 229 41 instances,
1644 1976 35 41 it
1711 1991 178 40 appears
1925 1977 46 43 in

356 2047 231 54 hysterical
618 2046 187 54 subjects
838 2045 350 55 spontaneously,
1210 2044 184 41 without
1426 2059 84 40 any
1543 2051 209 49 apparent
1783 2054 190 48 exciting

356 2131 136 27 cause.
554 2117 194 40 Patients
783 2115 95 41 who
910 2115 110 41 have
1042 2129 105 27 once
1178 2114 85 41 had
1294 2114 234 54 hysterical
1560 2116 184 54 aphonia
1766 2131 70 27 are
1858 2132 114 28 more

356 2201 46 27 or
441 2187 83 41 less
565 2187 129 40 liable
737 2191 43 36 to
817 2199 25 27 a
882 2199 251 28 recurrence
1171 2186 45 40 of
1254 2185 44 41 it.
1371 2184 60 42 As
1473 2199 24 27 a
1527 2186 104 41 rule,
1668 2187 36 40 it
1739 2187 157 42 admits
1932 2189 45 40 of

356 2257 247 40 immediate
635 2269 99 27 cure
765 2255 56 54 by
845 2254 185 42 suitable
1063 2258 257 48 treatment;
1351 2254 80 41 but
1451 2254 121 43 there
1603 2270 70 27 are
1695 2270 116 28 cases
1834 2258 138 41 which

355 2339 131 41 prove
508 2326 277 53 exceedingly
809 2324 225 42 obstinate,
1057 2325 44 39 in
1134 2324 112 54 spite
1268 2325 46 40 of
1342 2338 85 40 any
1448 2328 234 39 treatment
1703 2326 95 42 that
1819 2341 77 28 can
1919 2329 52 41 be

358 2395 234 54 employed.
667 2395 113 41 Such
822 2407 115 28 cases
981 2408 69 27 are
1087 2393 125 50 cited,
1254 2394 66 40 for
1361 2394 208 55 example,
1607 2396 57 54 by
1705 2397 67 41 Sir
1812 2397 160 42 Morell

359 2463 279 43 Mackenzie.1
702 2465 21 39 I
742 2465 108 39 have
867 2463 160 54 myself
1042 2467 88 37 met
1147 2463 104 41 with
1269 2478 80 27 one
1367 2477 94 29 case
1484 2466 46 40 of
1549 2465 86 41 this
1661 2466 116 42 kind.
1841 2468 22 40 I
1885 2482 87 27 saw

360 2535 73 40 the
455 2534 165 54 patient
641 2533 66 40 for
728 2533 72 41 the
823 2532 94 41 first
940 2533 102 40 time
1059 2537 164 49 twenty
1240 2547 124 41 years
1379 2547 90 41 ago,
1490 2535 44 40 in
1558 2536 289 42 consultation
1867 2542 104 38 with

359 2606 73 39 the
454 2605 85 40 late.
562 2604 62 40 Dr
638 2603 234 41 Matthews
887 2602 185 41 Duncan
1089 2617 9 39 ;
1120 2603 97 50 and,
1235 2605 63 39 for
1314 2604 73 42 the
1405 2605 156 41 second
1584 2606 116 41 time,
1716 2607 96 40 four
1828 2621 46 27 or
1889 2608 83 41 five

360 2687 122 42 years
504 2687 88 41 ago.
654 2672 172 54 During
843 2671 72 41 the
939 2672 136 41 whole
1098 2673 46 39 of
1160 2672 86 42 this
1264 2673 160 54 period,
1442 2674 72 42 the
1532 2675 100 55 lady
1650 2675 83 42 had
1757 2677 215 42 remained

361 2743 196 55 aphonic,
579 2741 204 55 although
807 2741 318 55 perseveringly
1153 2744 164 40 treated
1341 2744 57 54 by
1426 2745 166 41 several
1614 2746 249 42 specialists.

420 2811 338 55 Laryngoscopic
799 2811 292 41 examination
1133 2812 44 41 of
1227 2826 25 27 a
1293 2827 95 28 case
1429 2815 45 40 of
1517 2815 232 55 hysterical
1790 2818 183 41 aphonia

362 2882 139 41 shows
523 2886 94 36 that
638 2880 74 42 the
734 2880 205 41 adductor
960 2880 183 42 muscles
1165 2882 46 40 of
1238 2882 75 42 the
1334 2884 247 52 arytenoids
1603 2885 84 42 and
1710 2886 119 42 vocal
1851 2887 120 41 cords

360 2966 70 27 are
449 2951 39 40 in
510 2965 23 27 a
551 2954 108 38 state
677 2950 43 41 of
736 2950 171 54 paresis,
926 2949 163 56 though
1107 2955 75 37 not
1205 2952 46 40 of
1265 2953 211 55 complete
1492 2955 220 55 paralysis.
1765 2958 118 52 They
1901 2972 69 26 are

679 3065 12 22 1
718 3065 160 35 Manual
896 3065 39 45 of
946 3065 164 36 Diseases
1126 3066 40 46 of
1182 3066 129 37 Throat
1328 3069 73 35 and
1418 3069 104 45 Nose,
1539 3070 71 36 vol.
1630 3071 24 35 i.
