2107 3450
1644 260 97 41 .277

472 269 142 33 NOTES
646 268 54 32 AS
733 268 55 33 TO
821 268 88 32 THE
942 268 401 33 SPEECH-CENTRES.

82 393 47 43 of
154 407 53 28 can
232 392 295 56 object—say,
549 390 47 42 of
615 404 54 29 an
703 390 140 57 apple.
909 389 91 43 The
1034 393 86 38 two
1154 388 134 43 lower
1314 387 166 51 circles,
1502 387 44 42 A
1578 387 88 42 and
1689 387 49 51 B,

79 467 223 40 represent
345 463 74 43 the
463 468 171 38 centres
670 463 66 42 for
773 462 76 43 the
889 466 85 39 two
1014 461 177 56 images,
1225 459 207 56 auditory
1466 459 88 42 and
1587 464 153 49 motor,

82 533 141 43 which
254 546 53 43 go
342 537 43 38 to
419 532 113 42 form
566 531 75 44 the
674 535 181 53 percept
888 545 47 28 or
967 529 99 43 idea
1098 530 48 41 of
1170 543 25 28 a
1218 528 260 57 word—say
1513 528 76 43 the
1624 529 119 42 word

76 604 201 57 "apple."
339 604 127 43 How,
504 604 48 42 in
591 603 167 43 certain
798 603 357 42 circumstances,
1189 615 25 28 a
1253 600 323 56 word-percept
1606 615 48 28 or
1686 615 56 28 an

79 677 343 55 object-percept
445 690 81 29 can
548 676 52 42 be
625 674 279 45 entertained
939 672 249 58 separately
1213 672 48 44 in
1285 672 75 43 the
1384 673 358 54 consciousness;

78 747 86 43 and
196 748 110 52 how,
331 747 126 44 when
481 747 74 43 the
581 753 85 37 two
698 751 202 52 percepts
932 749 230 40 represent
1194 759 25 29 a
1251 744 193 44 familiar
1477 745 146 56 object
1654 745 88 43 and

78 819 58 43 its
167 833 140 39 name,
338 819 106 43 they
471 833 73 29 are
576 819 48 42 in
658 818 74 44 the
766 832 333 30 consciousness
1132 817 191 45 blended
1356 817 201 44 together
1579 831 162 30 almost

78 891 292 58 inseparably,
394 906 64 29 we
480 891 114 44 have
617 891 179 44 already
821 906 116 29 seen.

139 964 73 43 An
245 964 299 43 examination
578 964 44 43 of
655 964 75 43 the
764 964 195 57 diagram
1003 963 125 44 helps
1161 978 51 28 us
1246 968 44 38 to
1324 962 273 45 understand
1628 962 112 53 how,

83 1036 125 43 when
241 1036 75 44 the
350 1037 118 43 word
490 1041 21 18 "
526 1037 130 56 apple
671 1036 22 18 "
715 1037 38 43 is
787 1037 146 43 heard,
956 1037 58 43 its
1048 1037 143 43 sound
1223 1036 172 44 revives
1431 1040 79 40 not
1536 1036 106 57 only
1664 1036 76 44 the

81 1110 331 56 word-percept,
433 1110 82 43 but
537 1110 91 43 also
662 1110 74 43 the
771 1110 370 57 object-percept;
1174 1110 87 43 and
1285 1110 111 52 how,
1419 1124 56 29 on
1508 1109 76 44 the
1616 1109 125 44 other

80 1181 130 52 hand,
233 1182 129 43 when
385 1197 86 28 any
495 1197 81 28 one
610 1183 44 43 of
686 1183 76 43 the
798 1197 181 42 sensory
1001 1183 164 56 images
1196 1182 45 43 of
1274 1182 75 43 the
1381 1182 359 56 object-percept,

80 1253 107 43 such
211 1268 45 29 as
281 1254 95 43 that
409 1255 45 42 of
485 1254 142 44 smell,
660 1255 38 43 is
730 1255 182 43 revived
944 1256 111 42 from
1091 1259 199 38 without,
1325 1254 75 43 the
1431 1254 169 43 revival
1633 1255 108 42 calls

82 1340 57 41 up
164 1325 73 44 the
261 1326 126 43 other
409 1327 243 43 associated
674 1327 165 57 images
864 1326 97 43 that
995 1327 250 42 contribute
1268 1326 111 43 with
1401 1327 37 42 it
1461 1331 43 38 to
1528 1327 111 42 form
1664 1327 77 43 the

79 1397 358 58 object-percept,
460 1399 87 43 and
571 1399 75 43 the
680 1398 169 44 revival
879 1399 44 42 of
955 1398 101 52 this,
1080 1398 141 57 again,
1245 1398 108 43 calls
1376 1413 73 42 up,
1472 1398 58 57 by
1553 1399 187 43 associa-

80 1469 106 43 tion,
209 1484 24 27 a
257 1470 167 43 revival
447 1470 47 43 of
512 1471 76 43 the
613 1484 329 30 word-percept.

140 1543 88 42 The
273 1547 86 38 two
403 1557 161 28 arrows
608 1543 179 56 passing
829 1543 48 42 in
922 1542 202 57 opposite
1167 1542 240 44 directions
1450 1544 201 43 between
1698 1546 44 42 A

78 1614 86 43 and
197 1615 37 41 B
267 1614 193 43 indicate
494 1614 75 43 the
603 1614 115 44 close
752 1615 321 57 physiological
1117 1616 249 43 connexion
1405 1617 44 42 of
1494 1617 125 44 these
1653 1622 87 39 two

78 1690 257 39 centres—a
378 1687 250 43 connexion
672 1701 46 29 so
763 1687 115 43 close
923 1688 109 42 that,
1070 1688 45 42 in
1155 1688 165 43 health,
1363 1688 38 43 it
1443 1689 38 43 is
1525 1690 216 57 probably

74 1759 254 56 impossible
374 1763 44 39 to
463 1759 85 43 call
591 1774 60 42 up
686 1760 76 43 the
803 1761 142 42 image
990 1765 45 38 at
1077 1760 44 43 A
1165 1761 189 43 without
1396 1762 203 58 reviving
1643 1763 98 43 that

75 1835 45 38 at
142 1832 37 42 B
203 1831 129 57 along
354 1831 109 43 with
486 1832 49 52 it,
558 1846 48 29 or
638 1837 44 39 to
717 1832 85 44 call
834 1847 60 42 up
917 1832 99 44 that
1048 1838 46 39 at
1126 1834 38 42 B
1200 1834 190 43 without
1422 1835 92 44 also
1536 1837 205 57 reviving

76 1903 98 43 that
198 1907 45 39 at
265 1904 52 42 A.

136 1975 91 42 But
260 1975 122 43 there
415 1990 70 28 are
519 1976 90 43 also
644 1991 135 42 many
812 1976 125 44 other
969 1977 164 59 points,
1168 1978 177 57 already
1380 1979 239 54 discussed,
1643 1981 98 43 that

75 2045 160 43 indeed
257 2050 161 39 cannot
440 2046 53 44 be
526 2047 252 44 illustrated
809 2048 60 43 by
903 2063 24 28 a
960 2049 194 43 diagram
1190 2049 88 43 and
1310 2053 76 53 yet
1419 2064 102 43 may
1545 2052 196 57 usefully

76 2117 54 44 be
160 2117 133 44 noted
315 2118 48 42 in
387 2119 247 43 connexion
657 2119 111 44 with
801 2120 76 43 the
911 2120 195 57 diagram
1141 2122 149 43 before
1316 2137 63 28 us.
1445 2123 23 41 I
1501 2123 115 43 shall
1638 2124 103 43 here

75 2190 170 56 shortly
268 2190 133 43 touch
423 2205 121 29 upon
567 2206 25 28 a
614 2193 83 42 few
721 2193 44 42 of
788 2193 119 42 them
926 2210 69 25 :—

136 2262 77 56 (1.)
250 2263 185 57 Though
478 2264 36 42 it
558 2264 147 43 would
758 2265 131 43 make
932 2265 74 43 the
1052 2265 194 58 diagram
1292 2267 286 58 exceedingly
1624 2284 117 28 com-

75 2335 194 56 plicated
286 2335 47 42 in
353 2350 281 42 appearance,
654 2337 23 42 I
695 2336 131 43 think
844 2337 37 44 it
904 2337 147 44 would
1073 2339 129 43 make
1225 2339 37 43 it
1283 2354 121 29 more
1426 2340 116 57 fully
1565 2356 176 30 expres-

75 2408 94 43 sive
196 2408 48 43 of
271 2407 320 57 physiological
624 2410 101 53 fact,
758 2409 38 43 if
827 2425 132 42 every
993 2412 265 58 connecting
1289 2413 91 43 line
1414 2413 48 43 in
1494 2414 36 43 it
1563 2414 178 58 (looped

75 2479 87 43 and
195 2480 204 57 straight)
425 2496 112 29 were
569 2483 326 56 accompanied,
917 2483 92 44 like
1038 2484 76 44 the
1150 2484 91 44 line
1275 2485 114 43 from
1421 2485 44 43 A
1491 2489 45 40 to
1560 2487 49 53 B,
1633 2493 109 39 with

75 2566 162 29 arrows
270 2553 204 55 pointing
507 2554 46 42 in
587 2555 200 56 opposite
821 2555 250 45 directions.
1136 2558 65 43 As
1235 2562 45 39 to
1313 2558 77 44 the
1423 2558 159 58 looped
1614 2560 129 54 lines,

80 2639 63 28 we
175 2624 131 44 know
341 2625 179 59 already
542 2626 99 44 how
675 2628 75 43 the
772 2629 171 43 revival
967 2630 46 42 of
1043 2645 88 42 any
1154 2645 82 29 one
1260 2631 46 43 of
1337 2631 76 44 the
1437 2632 121 44 chief
1576 2633 167 44 images

77 2696 97 42 that
215 2711 52 42 go
312 2701 44 39 to
394 2699 112 42 form
546 2699 75 44 the
661 2700 350 45 object-percept
1048 2702 45 43 of
1130 2717 57 29 an
1223 2703 131 57 apple
1389 2719 82 29 can
1507 2705 85 43 call
1625 2722 60 42 up
1719 2722 25 28 a

75 2767 167 44 revival
274 2769 48 43 of
350 2769 74 44 the
458 2771 159 44 others.
682 2773 105 43 This
810 2774 91 43 fact
929 2775 49 42 of
1006 2775 124 44 itself
1153 2776 144 44 shows
1321 2776 98 44 that
1441 2777 76 44 the
1540 2780 205 43 reviving

74 2840 240 44 influences
360 2856 82 29 can
485 2844 144 44 travel
673 2845 46 43 in
764 2846 143 44 either
951 2847 226 45 direction.
1242 2850 65 42 As
1351 2854 45 39 to
1435 2850 75 44 the
1554 2853 191 43 straight

77 2911 113 44 lines
223 2913 199 45 between
456 2916 75 44 the
565 2932 140 42 upper
738 2918 152 44 circles
923 2920 88 43 and
1044 2920 76 44 the
1157 2921 146 53 lower,
1337 2923 122 44 there
1493 2939 82 28 can
1608 2925 53 44 be
1688 2940 56 29 no

76 2984 140 44 doubt
257 2986 98 43 that
389 2988 75 43 the
510 2990 119 42 main
676 2990 213 44 direction
934 2992 47 43 of
1020 2997 180 40 current
1242 2994 38 43 is
1325 2994 98 44 that
1467 2996 47 42 of
1545 3011 24 28 a
1608 2997 136 44 reflex

74 3071 83 39 arc,
193 3057 113 44 from
339 3059 43 42 A
422 3065 44 38 to
509 3061 76 44 the
618 3077 141 42 upper
793 3063 168 45 circles,
994 3066 87 42 and
1114 3066 114 43 from
1262 3066 125 45 these
1430 3067 129 44 down
1603 3073 45 40 to
1681 3071 63 54 B;

76 3128 87 43 and
187 3133 75 52 yet
285 3129 35 44 it
354 3130 37 43 is
426 3133 180 52 certain,
630 3135 45 41 in
710 3134 75 45 the
820 3150 97 30 case
951 3138 44 42 of
1026 3138 44 43 A
1102 3142 46 40 at
1169 3139 125 44 least,
1317 3140 98 43 that
1438 3141 74 44 the
1543 3149 200 39 currents
