2113 3404
689 322 86 34 THE
808 325 274 34 PHYSIOLOGY
1114 329 53 31 OF
1198 331 86 31 THE
1318 332 478 35 LA.RYNX.—APPENDIX.

432 309 84 41 4Gfi

432 433 96 36 from
544 435 61 36 the
620 436 149 48 thyroid
786 440 181 48 cartilage,
981 441 100 38 these
1096 447 72 33 two
1181 444 196 49 ligaments
1391 448 63 47 dip
1467 449 225 36 downwards
1707 454 37 32 to
1755 449 97 37 their
1864 449 186 46 insertion,

432 489 75 35 and
526 489 89 38 hold
633 492 62 37 the
714 494 186 48 epiglottis
918 498 208 47 suspended
1146 500 39 35 in
1199 513 21 23 a
1234 502 205 37 semi-erect
1456 505 159 47 position
1633 505 114 36 above
1761 505 62 36 the
1840 506 158 47 opening
2015 505 40 35 of

432 545 64 36 the
510 547 198 49 windpipe.
762 551 84 45 But,
861 552 40 36 in
919 553 63 37 the
999 558 58 32 act
1074 555 40 35 of
1128 555 234 49 deglutition,
1376 559 63 36 the
1456 560 71 36 box
1545 560 39 36 of
1598 561 63 36 the
1678 561 129 35 larynx
1827 561 30 35 is
1875 573 173 32 elevated,

433 602 74 35 and
535 603 63 36 the
625 605 85 37 base
737 607 40 36 of
799 607 65 37 the
890 613 137 44 tongue
1055 611 31 36 is
1112 616 38 31 at
1176 612 63 37 the
1269 625 98 26 same
1397 616 89 35 time
1516 617 137 36 carried
1683 617 212 35 backwards
1921 617 40 35 in
1987 615 64 37 the

434 658 180 47 pharynx.
668 662 38 35 If
719 675 55 24 we
799 664 144 37 imitate
969 666 101 36 these
1095 674 229 32 movements
1349 671 92 35 with
1465 671 64 36 the
1553 673 92 35 dead
1670 677 109 43 parts,
1798 684 54 24 we
1872 672 76 35 find
1975 671 74 36 that

434 715 74 36 both
540 717 184 47 ligaments
755 721 125 36 become
909 723 161 46 relaxed;
1104 724 66 46 for,
1200 726 109 36 when
1338 727 63 35 the
1429 727 132 48 larynx
1590 729 31 36 is
1650 729 127 36 raised,
1807 728 63 36 the
1899 727 148 47 thyroid

434 772 171 48 cartilage
626 774 30 35 is
682 777 107 35 made
815 781 38 31 to
878 778 164 48 impinge
1067 792 102 35 upon
1193 781 64 36 the
1282 781 115 46 hyoid
1422 784 104 45 bone,
1545 785 73 35 and
1643 784 63 36 the
1732 784 184 47 epiglottis
1941 783 108 46 being

432 829 171 36 attached
621 831 49 46 by
688 833 47 34 its
753 845 93 35 apex
863 837 37 32 to
926 834 64 37 the
1007 835 146 46 former,
1171 837 63 36 the
1259 837 114 37 broad
1397 838 179 48 ligament
1598 840 82 36 that
1696 840 173 36 stretches
1885 840 164 35 between

432 884 32 34 it
477 886 74 34 and
566 886 62 36 the
643 899 34 23 os
690 888 138 46 hyoidis
841 890 31 35 is
886 891 220 47 necessarily
1119 892 205 38 slackened.
1377 895 46 35 In
1437 907 21 23 a
1471 896 141 35 similar
1625 908 162 32 manner,
1802 896 48 35 by
1865 895 63 36 the
1941 895 108 35 back-

433 941 100 35 ward
561 949 213 31 movement
801 945 39 35 of
864 945 63 37 the
953 947 86 36 base
1064 948 40 35 of
1127 948 64 36 the
1218 953 147 44 tongue,
1383 951 63 35 the
1471 951 324 48 glosso-epiglottic
1819 952 177 35 ligament
2020 952 30 34 is

431 997 160 37 relaxed.
643 1000 81 35 The
758 1001 187 47 epiglottis
977 1002 66 37 has
1076 1004 88 36 thus
1196 1005 73 36 lost
1301 1006 63 36 the
1394 1011 153 43 support
1576 1007 39 36 of
1644 1008 90 35 both
1767 1008 47 35 its
1847 1007 203 46 sustaining

432 1052 209 48 ligaments,
658 1057 77 35 and
751 1057 50 47 by
820 1058 47 35 its
885 1070 84 24 own
986 1060 146 46 gravity
1148 1061 31 35 it
1196 1062 107 35 tends
1320 1066 37 32 to
1376 1063 113 47 droop
1506 1064 157 35 towards
1680 1063 63 37 the
1761 1064 157 47 opening
1935 1063 39 35 of
1988 1063 62 35 the

433 1108 222 48 larynx,—if
668 1113 161 36 touched
846 1114 51 47 by
913 1114 64 36 the
994 1115 117 48 finger
1127 1116 48 36 its
1198 1117 140 37 closure
1355 1118 31 36 is
1402 1131 89 35 very
1508 1120 115 47 easily
1641 1124 213 43 completed.
1905 1119 145 46 During

435 1165 236 49 deglutition,
698 1169 32 35 if
752 1170 63 36 the
841 1170 99 37 little
965 1171 189 47 depressor
1177 1173 157 37 muscles
1363 1186 59 25 are
1450 1175 161 48 brought
1634 1176 80 35 into
1738 1176 122 35 action
1884 1175 41 35 in
1948 1174 102 36 these

434 1222 292 46 circumstances,
745 1225 91 48 they
852 1226 80 36 will
956 1231 98 32 meet
1071 1228 92 36 with
1187 1241 50 23 no
1262 1230 204 36 resistance,
1486 1231 72 35 and
1582 1231 51 47 by
1650 1243 89 35 very
1756 1230 114 36 slight
1893 1230 154 36 traction

433 1290 45 23 on
499 1279 97 35 their
613 1285 93 41 part,
722 1280 64 37 the
799 1282 141 48 roofing
957 1283 41 35 in
1012 1282 40 36 of
1065 1283 64 37 the
1146 1284 132 47 larynx
1292 1285 79 37 will
1388 1286 44 36 be
1449 1286 174 36 rendered
1642 1288 103 45 quite
1762 1298 131 24 secure.
1944 1286 107 35 After

432 1335 64 35 the
521 1340 58 31 act
597 1336 40 35 of
658 1337 236 48 deglutition,
913 1339 63 36 the
1002 1339 133 48 larynx
1161 1353 88 24 once
1274 1353 101 25 more
1392 1342 185 37 descends,
1596 1343 63 35 the
1685 1343 186 35 depressor
1894 1341 156 36 muscles

434 1402 100 25 cease
551 1396 38 32 to
607 1397 68 42 act,
695 1394 63 36 the
775 1394 199 48 ligaments
1000 1408 60 24 are
1085 1401 69 43 put
1178 1398 128 46 gently
1325 1411 48 23 on
1397 1399 63 36 the
1486 1399 146 36 stretch,
1650 1399 72 35 and
1739 1398 63 36 the
1819 1398 184 48 epiglottis
2019 1397 32 35 is

432 1449 160 35 restored
622 1454 37 32 to
686 1451 48 35 its
763 1452 156 47 original
948 1453 172 46 position.
1172 1454 79 36 The
1278 1458 127 33 return
1433 1455 39 36 of
1497 1455 62 35 the
1586 1455 117 36 valve,
1731 1455 31 35 it
1788 1454 78 36 will
1892 1454 87 35 thus
2004 1453 46 36 be

433 1504 188 47 observed,
632 1507 31 35 is
675 1507 82 44 due,
770 1512 66 31 not
850 1512 37 31 to
901 1508 47 36 its
963 1509 125 35 elastic
1101 1509 196 48 ligaments
1307 1511 139 48 having
1459 1511 155 37 recoiled
1629 1511 92 36 after
1734 1511 109 47 being
1856 1509 192 45 stretched,

431 1560 79 45 but,
531 1574 46 23 on
595 1563 63 36 the
677 1568 181 43 contrary,
877 1568 38 32 to
933 1565 98 36 their
1047 1566 111 48 being
1183 1567 128 47 gently
1328 1568 193 46 tightened
1541 1568 93 35 after
1650 1580 21 23 a
1688 1571 207 44 temporary
1912 1566 136 36 relaxa-

432 1617 90 36 tion.

478 1673 37 35 A
533 1675 222 48 concluding
781 1678 229 46 experiment
1034 1690 86 35 may
1137 1678 184 37 illustrate
1346 1680 63 35 the
1434 1681 122 34 action
1574 1680 39 35 of
1632 1680 101 35 these
1757 1683 72 32 two
1854 1679 194 47 ligaments

431 1729 110 37 when
559 1731 90 48 they
665 1745 61 23 are
743 1733 41 35 in
797 1746 21 23 a
832 1738 92 32 state
940 1734 39 36 of
995 1738 160 32 extreme
1172 1736 154 35 tension.
1380 1737 47 34 In
1444 1736 62 35 the
1524 1736 146 47 highest
1686 1740 103 31 notes
1803 1735 39 36 of
1855 1735 63 35 the
1934 1745 114 33 voice,

431 1786 63 36 the
512 1787 134 47 larynx
663 1789 31 35 is
711 1789 118 36 raised
847 1802 39 24 as
903 1791 31 35 it
950 1791 31 35 is
999 1791 41 35 in
1058 1791 220 47 deglutition
1296 1806 8 30 ;
1330 1793 68 35 but
1415 1793 102 35 there
1534 1793 31 35 is
1582 1792 74 36 this
1670 1793 203 34 difference,
1888 1795 80 31 that
1984 1790 63 35 the

431 1854 38 24 os
487 1843 153 47 hyoides
657 1845 31 35 is
705 1845 130 47 pulled
860 1846 145 36 further
1028 1847 175 36 forwards
1228 1848 48 46 by
1295 1848 63 36 the
1383 1848 238 48 genio-hyoid
1639 1847 167 36 muscles,
1824 1859 37 23 so
1879 1846 81 36 that
1984 1847 63 35 the

429 1899 106 47 point
553 1900 40 35 of
616 1901 62 35 the
703 1914 154 35 pomum
882 1902 138 36 Adami
1046 1915 153 34 engages
1223 1904 103 35 itself
1348 1904 139 35 behind
1512 1904 63 35 the
1592 1904 114 46 hyoid
1730 1903 104 35 bone,
1853 1902 141 36 instead
2012 1903 35 34 of

430 1957 140 46 merely
587 1958 209 47 impinging
813 1971 100 35 upon
931 1960 40 35 it.
1024 1960 79 35 The
1128 1960 282 47 hyo-epiglottic
1435 1960 177 35 ligament
1629 1960 31 34 is
1678 1959 85 35 thus
1780 1963 68 43 put
1868 1970 99 24 upon
1986 1959 61 34 the

429 2013 147 36 stretch.
629 2014 47 35 In
693 2014 77 36 like
788 2027 155 23 manner
960 2015 63 36 the
1041 2016 326 47 glosso-epiglottic
1384 2017 31 35 is
1432 2016 129 48 pulled
1578 2028 100 35 upon
1696 2016 49 34 by
1759 2015 63 35 the
1839 2014 156 36 muscles
2012 2013 39 36 of

429 2068 64 36 the
521 2073 148 44 tongue.
723 2071 45 45 If,
795 2084 95 22 now,
917 2071 63 35 the
1008 2072 116 47 finger
1149 2072 43 35 be
1219 2073 217 35 introduced
1464 2073 79 35 into
1568 2072 62 36 the
1658 2072 168 47 pharynx
1851 2082 108 24 when
1985 2069 63 36 the

428 2125 148 48 highest
593 2130 86 32 note
693 2127 31 35 is
739 2127 110 48 being
866 2140 103 35 sung,
985 2129 31 34 it
1030 2128 79 35 will
1126 2128 45 36 be
1189 2129 116 35 found
1323 2129 82 35 that
1418 2129 62 35 the
1495 2128 185 48 epiglottis
1693 2128 30 36 is
1738 2128 125 35 drawn
1877 2126 172 35 forwards

429 2193 102 36 upon
549 2182 64 36 the
630 2183 85 37 base
733 2184 39 35 of
786 2184 63 35 the
867 2188 146 43 tongue,
1033 2196 39 23 so
1097 2184 83 36 that
1204 2185 48 35 its
1278 2186 160 35 anterior
1462 2185 140 36 surface
1625 2184 161 36 actually
1811 2182 150 36 touches
1985 2182 62 35 the

428 2251 155 24 mucous
607 2241 214 34 membrane
848 2240 39 35 of
909 2240 82 36 that
1019 2253 112 34 organ
1148 2254 9 29 ;
1182 2240 64 36 the
1272 2241 89 47 only
1385 2245 83 43 part
1488 2241 39 35 of
1549 2240 63 36 the
1633 2252 107 24 valve
1765 2239 122 35 which
1913 2250 65 24 can
2003 2239 45 35 be

428 2294 144 47 pushed
590 2295 214 36 backwards
821 2297 31 34 is
871 2297 47 34 its
932 2296 73 36 free
1020 2308 118 35 upper
1155 2296 142 36 border,
1312 2296 124 36 which
1453 2309 84 23 may
1551 2297 45 35 be
1609 2296 89 36 bent
1715 2297 39 34 in
1772 2296 81 35 that
1869 2295 177 36 direction

428 2351 51 46 by
493 2351 63 36 the
569 2352 223 47 finger,—its
805 2354 140 34 middle
962 2354 148 46 portion
1123 2354 31 34 is
1168 2353 134 36 almost
1315 2353 233 36 immovable.
1591 2353 45 35 If,
1651 2353 39 35 in
1704 2352 62 35 the
1781 2364 96 23 same
1895 2351 149 37 circum-

427 2416 153 29 stances,
600 2409 64 35 the
681 2409 124 36 throat
821 2410 46 35 be
885 2410 195 35 examined
1099 2409 91 36 with
1207 2409 64 36 the
1289 2409 270 48 laryngoscope,
1579 2409 102 35 these
1704 2419 247 25 observations
1969 2407 76 35 will

429 2464 46 36 be
493 2465 219 44 confirmed;
739 2466 74 35 and
838 2466 30 34 it
894 2465 79 37 will
998 2465 45 36 be
1068 2465 145 36 further
1238 2478 85 23 seen
1349 2466 81 35 that
1454 2466 64 35 the
1542 2464 147 37 natural
1714 2469 189 31 concavity
1922 2463 39 35 of
1982 2463 63 36 the

427 2522 180 46 posterior
624 2522 139 35 surface
782 2522 40 35 of
844 2522 62 36 the
925 2521 187 48 epiglottis
1130 2523 30 34 is
1178 2522 254 46 considerably
1450 2521 198 46 increased,
1667 2521 120 35 owing
1804 2524 36 31 to
1858 2520 47 35 its
1923 2523 121 32 centre

427 2577 111 47 being
555 2577 129 47 pulled
698 2578 185 35 forwards,
897 2577 126 36 whilst
1036 2578 48 34 its
1097 2577 129 35 lateral
1242 2577 105 36 edges
1361 2589 59 23 are
1438 2576 163 36 retained
1618 2575 199 36 somewhat
1831 2576 37 34 in
1887 2579 156 43 position

427 2633 49 46 by
493 2633 62 36 the
572 2634 362 47 aryteno-epiglottic
951 2633 106 36 folds.
1109 2633 118 36 These
1241 2637 259 39 observations,
1514 2632 179 35 however,
1708 2643 59 24 are
1784 2643 100 23 more
1901 2631 144 47 strictly

428 2691 202 35 concerned
649 2690 91 35 with
766 2690 64 35 the
856 2690 169 35 function
1043 2689 40 36 of
1097 2689 112 36 voice.
1262 2690 18 35 I
1299 2689 164 35 mention
1483 2688 100 35 them
1597 2687 85 36 here
1701 2688 87 46 only
1806 2691 37 32 to
1861 2687 182 35 illustrate

426 2747 64 35 the
504 2747 227 35 importance
743 2747 39 35 of
793 2746 62 36 the
868 2744 326 49 glosso-epiglottic
1205 2745 72 36 and
1289 2744 280 48 hyo-epiglottic
1582 2744 194 47 ligaments
1788 2744 38 35 in
1838 2748 205 42 regulating

425 2803 64 36 the
506 2803 161 48 position
684 2803 40 36 of
738 2803 62 35 the
819 2802 197 47 epiglottis.

822 2891 179 35 II.—The
1028 2890 171 36 Valvular
1223 2889 131 36 Action
1378 2889 41 47 of
1440 2889 53 36 the
1520 2888 132 37 Glottis.

473 2966 79 36 The
571 2969 280 33 circumstances
867 2965 41 35 in
925 2963 122 37 which
1066 2968 170 31 shutting
1254 2962 38 37 of
1315 2962 63 37 the
1399 2966 126 44 glottis
1542 2962 31 36 is
1591 2961 174 37 observed
1782 2965 38 32 to
1838 2961 83 36 take
1938 2960 102 48 place

422 3036 87 23 may
527 3023 45 35 be
590 3022 138 36 classed
746 3021 120 36 under
882 3021 103 35 three
1003 3019 111 37 heads
1128 3032 57 23 :—

474 3083 60 34 1st,
563 3078 137 38 Partial
719 3090 140 24 closure
876 3077 104 36 takes
997 3075 102 52 place
1125 3075 135 48 during
1285 3074 213 52 phonation,
1517 3074 63 37 the
1597 3073 102 38 vocal
1718 3073 195 48 ligaments
1930 3070 110 48 being
