2125 3612
265 267 311 38 STAMMERING,
611 267 91 31 AND
736 266 88 35 THE
858 267 146 32 STUDY
1038 267 54 31 OF
1125 266 89 34 THE
1248 266 247 37 ALPHABET.

50 406 76 55 ing
148 403 273 57 dissipation,
443 416 49 28 or
511 415 24 28 a
558 413 208 42 sleepless
800 397 139 59 night,
963 413 47 27 or
1041 413 86 41 any
1152 404 249 51 temporary
1426 400 286 46 disturbance

49 477 49 41 of
135 473 161 45 health,
334 474 36 41 is
414 478 74 36 apt
534 478 43 35 to
621 484 128 28 make
793 470 75 42 the
903 475 258 37 stammerer
1205 484 136 28 worse
1384 470 68 42 for
1489 471 76 42 the
1602 474 109 43 time

49 547 141 55 being.

109 617 178 44 Sudden
322 616 87 42 and
445 614 184 43 Violent
665 612 222 53 Emotion,
924 612 138 44 above
1098 613 60 42 all
1198 627 25 28 a
1260 627 151 29 severe
1447 613 152 58 fright,
1632 614 79 44 has

48 698 120 35 often
196 690 110 41 been
332 688 162 42 known
517 693 43 35 to
584 685 188 56 produce
800 685 290 55 stammering
1113 685 45 41 in
1182 684 213 52 children,
1419 685 87 42 and
1529 700 111 28 even
1665 687 46 43 in

49 775 147 44 young
217 759 157 45 adults.
439 759 44 41 It
506 771 139 29 seems
668 756 165 43 certain
857 756 99 42 that
979 756 89 42 this
1091 756 86 42 and
1201 771 135 41 many
1368 757 126 43 other
1520 772 191 28 nervous

47 832 302 42 disturbances
389 844 70 28 are
498 834 114 36 most
646 827 255 57 frequently
943 827 223 57 produced
1206 828 57 55 by
1299 827 137 56 fright
1471 828 128 43 when
1635 829 76 43 the

48 907 289 38 constitution
360 901 44 42 of
426 900 74 43 the
522 903 174 53 patient
717 899 37 42 is
777 899 257 57 essentially
1056 898 294 44 neuropathic
1372 913 49 28 or
1443 898 251 44 hysterical.

108 973 91 42 The
236 973 144 42 defect
418 986 101 28 may
553 972 53 42 be
640 971 285 43 transmitted
957 971 60 56 by
1050 971 297 51 Inheritance,
1389 971 240 56 especially
1662 972 48 41 in

49 1045 289 43 neuropathic
380 1044 202 43 families.
657 1043 72 43 No
772 1043 150 53 doubt,
956 1042 214 51 however,
1203 1042 75 43 the
1322 1049 214 50 apparent
1569 1049 143 37 trans-

48 1117 183 43 mission
254 1117 37 42 is
318 1117 48 42 in
399 1131 119 28 some
551 1130 120 29 cases
704 1115 138 43 really
866 1116 47 42 in
944 1115 118 57 large
1095 1120 99 51 part
1217 1115 85 43 due
1330 1121 44 37 to
1408 1116 225 43 imitation
1666 1116 46 43 of

48 1203 26 29 a
95 1188 194 57 parent's
313 1188 158 56 speech
495 1188 55 42 by
575 1187 76 43 the
675 1188 209 42 children.

109 1261 43 41 A
174 1261 152 42 decree
350 1261 47 41 of
415 1261 286 41 stammering
723 1274 118 28 more
864 1274 47 27 or
932 1259 85 43 less
1041 1259 180 43 marked
1244 1260 37 42 is
1306 1259 136 43 found
1465 1266 244 37 associated

46 1333 109 41 with
179 1347 133 40 many
336 1332 164 42 defects
527 1332 45 42 of
604 1332 158 55 speech
795 1331 99 42 that
916 1345 71 28 are
1021 1332 48 41 of
1096 1345 156 42 graver
1283 1331 283 56 significance
1600 1332 109 42 than

47 1403 131 42 itself.
243 1404 44 41 It
320 1403 36 42 is
391 1403 102 42 thus
520 1402 256 56 frequently
799 1402 138 42 found
970 1406 45 37 to
1039 1401 52 42 be
1124 1416 83 28 one
1239 1403 48 40 of
1317 1402 74 42 the
1425 1401 214 45 elements
1661 1403 49 43 in

45 1476 75 42 the
145 1475 218 56 deranged
386 1474 158 43 speech
567 1475 46 41 of
640 1473 228 43 imbeciles
891 1472 87 43 and
1005 1473 146 51 idiots,
1174 1473 46 41 in
1245 1473 76 42 the
1351 1474 158 55 speech
1533 1473 177 44 charac-

45 1547 168 42 teristic
235 1547 47 42 of
299 1546 176 56 general
500 1545 215 56 paralysis
738 1545 47 42 of
804 1545 76 42 the
902 1544 168 51 insane,
1093 1545 86 42 and
1202 1544 93 43 also
1318 1545 45 41 in
1388 1545 75 43 the
1485 1546 159 56 speech
1667 1546 49 42 of

43 1619 195 57 patients
262 1619 211 42 suffering
495 1618 111 42 from
630 1623 97 37 true
751 1616 191 57 aphasia.
1005 1616 167 43 Where
1205 1617 37 42 it
1273 1617 37 43 is
1337 1617 105 43 thus
1464 1624 246 37 associated

42 1700 111 33 with
176 1690 89 43 real
288 1691 174 42 organic
495 1690 169 42 disease
697 1704 48 28 or
778 1688 218 44 defective
1030 1688 324 58 development,
1376 1690 59 42 its
1468 1695 243 39 treatment

42 1763 37 42 is
109 1763 163 42 always
310 1761 189 44 difficult
531 1761 88 43 and
649 1760 362 57 unsatisfactory;
1050 1761 81 42 but
1162 1761 141 51 when,
1335 1776 47 28 as
1416 1762 48 42 in
1503 1762 75 43 the
1611 1769 99 36 vast

43 1836 208 54 majority
273 1834 47 43 of
349 1848 132 29 cases,
505 1834 75 42 the
602 1833 285 56 intelligence
909 1833 37 42 is
970 1847 60 42 up
1062 1837 46 38 to
1138 1833 76 43 the
1247 1848 195 42 average,
1466 1834 76 43 the
1576 1840 131 38 treat-

42 1911 124 37 ment
187 1919 101 42 may
312 1905 52 42 be
387 1904 277 43 undertaken
690 1910 108 36 with
819 1903 112 57 good
954 1903 136 56 hopes
1113 1905 48 41 of
1183 1918 25 28 a
1241 1904 217 56 complete
1482 1919 114 30 cure,
1620 1907 88 42 and

43 1978 75 42 the
151 1982 217 38 certainty
391 1977 47 42 of
457 1980 46 39 at
534 1976 112 43 least
669 1990 25 28 a
715 1990 108 29 very
846 1975 184 43 marked
1053 1983 298 36 amendment.

558 2132 243 42 Treatment
824 2132 51 56 of
889 2131 302 44 Stammering.

103 2254 105 55 Any
232 2268 81 28 one
339 2253 95 42 who
466 2253 79 43 has
577 2252 104 43 read
716 2252 74 43 the
823 2253 227 56 foregoing
1082 2257 188 39 account
1301 2254 46 43 of
1369 2254 75 43 the
1478 2256 231 44 causation

42 2326 86 43 and
151 2326 277 56 phenomena
450 2327 45 41 of
517 2325 287 56 stammering
828 2325 144 43 would
1007 2325 52 43 be
1081 2325 110 50 able,
1215 2326 36 42 it
1278 2326 38 43 is
1338 2326 158 57 hoped,
1519 2333 45 39 to
1587 2329 120 43 draw

41 2413 61 28 up
125 2413 25 28 a
182 2399 174 42 scheme
380 2399 65 42 for
467 2398 76 43 the
566 2398 215 42 scientific
804 2402 240 39 treatment
1067 2398 48 42 of
1135 2398 73 43 the
1233 2400 239 43 condition.

102 2469 82 56 My
207 2484 96 27 own
327 2469 103 57 plan
454 2469 37 43 is
515 2483 46 29 as
585 2468 259 44 follows:

104 2545 34 42 1.
174 2545 117 42 First
312 2545 45 42 of
378 2544 72 43 all,
473 2544 36 42 it
533 2544 35 42 is
592 2542 265 44 convenient
881 2546 45 39 to
958 2541 186 57 impress
1177 2557 121 42 upon
1333 2542 75 45 the
1432 2544 175 56 patient
1630 2545 76 44 the

41 2616 144 43 simile
208 2618 47 41 of
274 2617 74 42 the
372 2617 139 42 violin
533 2630 164 42 player,
719 2615 87 42 and
829 2619 44 38 to
897 2615 120 42 show
1043 2615 104 52 him,
1163 2630 47 28 as
1235 2616 187 43 forcibly
1438 2631 47 28 as
1502 2618 206 55 possible,

40 2688 98 42 that
160 2689 36 42 it
227 2689 37 43 is
287 2688 68 43 his
390 2688 247 43 bow-hand,
660 2702 48 28 or
730 2686 149 44 rather
902 2687 67 43 his
993 2687 173 56 larynx,
1187 2688 100 43 that
1319 2689 37 42 is
1379 2695 46 36 at
1448 2689 138 54 fault;
1616 2690 89 42 and

41 2762 98 43 that
171 2763 54 42 he
258 2768 120 37 must
409 2763 217 43 therefore
649 2776 85 42 pay
758 2775 57 28 no
838 2761 219 43 attention
1082 2765 46 39 to
1151 2761 70 44 his
1254 2763 169 53 mouth,
1446 2763 81 43 but
1550 2762 154 44 attend

40 2840 47 37 to
124 2834 68 42 his
227 2834 135 43 voice,
397 2833 87 43 and
522 2833 135 57 speak
696 2832 164 57 always
899 2832 47 42 in
984 2847 25 27 a
1042 2832 84 43 full
1159 2833 88 43 and
1280 2840 220 46 resonant,
1533 2834 171 57 though

41 2905 174 44 natural
239 2913 111 36 tone.
413 2906 125 43 With
564 2906 74 42 the
662 2905 112 43 view
798 2905 45 43 of
865 2904 267 58 cultivating
1154 2905 69 44 his
1248 2906 134 54 voice,
1401 2906 55 44 he
1480 2907 36 43 is
1539 2921 164 29 recom-

41 2977 188 44 mended
252 2984 44 37 to
319 2977 100 44 read
442 2978 130 43 aloud
598 2979 64 41 for
684 2982 46 38 at
746 2977 113 43 least
881 2982 74 37 ten
982 2977 192 44 minutes
1198 2992 132 42 every
1354 2979 213 42 morning.
1632 2979 72 42 He

46 3063 101 43 may
190 3050 128 56 begin
362 3051 108 42 with
514 3056 170 50 poetry,
717 3049 89 44 and
848 3049 272 51 afterwards,
1157 3065 47 28 as
1248 3050 182 57 reading
1471 3051 235 52 improves,

42 3121 100 42 take
167 3125 43 39 to
234 3135 135 42 prose.
435 3122 45 41 If
508 3121 55 43 he
597 3122 51 42 be
680 3120 227 58 possessed
942 3121 46 41 of
1007 3135 24 27 a
1065 3120 183 44 musical
1274 3135 84 29 ear,
1380 3121 37 42 it
1444 3121 35 42 is
1505 3121 96 42 well
1637 3122 68 42 for
