2113 3404
321 280 80 40 12G

802 291 87 34 THR
923 294 241 32 MSOltDEKS
1197 297 53 29 OF
1281 297 173 31 Sl'KECIL

317 425 20 25 a
377 410 181 42 number
589 410 46 45 of
663 411 169 55 liynins,
870 426 102 40 very
1008 413 223 55 tastefully
1258 414 84 41 and
1376 414 230 54 tunefully.
1671 416 50 41 In
1760 419 167 60 visiting

317 479 88 42 this
447 480 214 42 beautiful
702 480 84 42 and
828 480 235 44 admirable
1105 483 273 41 Institution,
1420 496 80 28 one
1542 483 125 42 could
1720 495 72 32 not
1833 488 94 58 help

318 549 159 56 feeling
497 550 96 41 how
616 551 128 41 much
768 551 179 54 happier
969 551 84 41 and
1075 551 211 41 healthier
1307 551 74 42 the
1403 552 195 42 children
1616 554 217 57 evidently
1851 573 66 30 are

316 621 209 54 carefully
548 619 156 43 tended
736 621 85 41 and
853 620 220 49 educated,
1095 620 85 42 and
1213 621 136 54 living
1371 622 144 53 partly
1538 623 45 41 in
1613 623 72 43 the
1706 626 159 56 society
1887 632 41 41 of

315 690 145 42 others
482 691 87 41 like
592 690 270 51 themselves,
880 690 105 40 than
1003 690 101 54 they
1123 689 137 51 could,
1279 689 42 41 in
1341 698 111 34 most
1469 706 127 37 cases,
1614 695 188 53 possibly
1824 697 103 45 have

317 760 106 41 been
447 759 44 41 in
507 759 166 54 private
689 759 158 49 homes,
862 759 152 49 where,
1028 759 34 41 if
1079 759 103 53 they
1200 773 70 27 are
1288 773 155 43 among
1457 761 120 42 other
1592 763 204 54 children,
1813 767 115 45 there

315 829 36 41 is
374 829 118 41 often
515 842 45 28 so
584 828 127 41 much
735 832 43 37 to
812 841 81 28 vex
914 827 86 41 and
1022 827 176 42 humble
1222 828 131 50 them,
1383 829 86 41 and
1492 830 138 43 where
1655 832 100 55 they
1777 845 152 34 cannot

315 898 109 42 have
446 898 72 41 the
541 911 238 41 advantage
807 897 46 40 of
883 897 126 54 being
1032 897 210 41 educated
1275 897 55 55 by
1353 898 193 42 teachers
1579 901 278 54 experienced
1885 905 41 42 in

316 968 73 41 the
411 973 227 36 education
660 967 45 40 of
723 967 194 41 children
941 967 45 40 of
1006 967 120 40 weak
1148 967 206 42 intellect.

372 1038 90 40 The
484 1050 134 28 above
650 1036 150 42 eleven
833 1050 117 28 cases
982 1035 122 49 have,
1126 1050 45 28 as
1206 1037 64 41 far
1302 1051 47 27 as
1377 1039 199 53 possible,
1599 1040 104 42 been
1735 1041 125 54 given
1883 1044 42 42 in

313 1121 53 27 an
389 1107 233 54 ascending
645 1106 123 51 scale,
791 1107 106 40 from
932 1106 163 41 mental
1128 1121 93 27 zero
1254 1121 58 41 up
1335 1113 43 35 to
1402 1122 25 27 a
1457 1108 111 43 level
1590 1110 44 41 of
1659 1111 267 42 intelligence

312 1177 86 41 and
439 1175 373 55 speech-capacity
849 1175 114 42 little
997 1176 201 42 removed
1236 1176 108 41 from
1378 1177 95 41 that
1504 1178 44 41 of
1578 1193 24 27 a
1633 1180 165 42 normal
1819 1182 106 41 indi-

313 1246 161 41 vidual.
538 1246 43 41 It
622 1246 37 41 is
701 1245 140 55 hoped
883 1245 95 41 that
1020 1246 72 41 the
1135 1260 117 28 cases
1294 1247 125 55 bring
1460 1254 76 35 out
1579 1249 103 41 with
1718 1251 209 43 sufficient

313 1316 356 55 clearness—(1),
691 1315 95 42 that
817 1315 172 56 Lalling
1019 1315 37 42 is
1088 1316 73 42 the
1183 1316 173 42 leading
1379 1316 140 42 defect
1540 1318 46 41 in
1604 1318 73 42 the
1712 1321 151 53 speech
1886 1323 45 41 of

312 1387 221 43 imbeciles
549 1402 9 38 ;
589 1388 77 53 (2),
689 1386 97 41 that
807 1386 279 55 stammering
1119 1387 35 41 is
1177 1387 287 55 occasionally
1486 1388 236 42 associated
1745 1390 102 40 with
1869 1391 61 53 it;

315 1458 76 55 (3),
428 1462 95 37 that
558 1457 46 41 in
642 1457 72 41 the
750 1456 131 41 lower
917 1456 151 54 grades
1101 1456 44 42 of
1180 1456 254 56 imbecility,
1468 1458 214 56 babbling,
1712 1460 212 55 grunting,

312 1528 220 42 echolalia,
554 1527 85 42 and
663 1528 72 40 the
758 1541 75 27 use
856 1527 43 40 of
921 1531 19 15 "
956 1526 157 42 Words
1135 1527 44 41 of
1202 1526 112 42 their
1337 1541 95 27 own
1461 1528 269 50 Invention,"
1751 1543 68 28 are
1843 1535 82 38 met

311 1599 103 41 with
438 1598 44 42 in
506 1597 252 42 association
784 1602 103 35 with
922 1596 243 42 conditions
1187 1597 44 40 of
1259 1597 163 42 mental
1445 1597 303 56 development
1770 1600 154 55 closely

310 1668 333 55 corresponding
664 1674 43 35 to
740 1667 73 42 the
836 1668 242 40 conditions
1101 1666 107 42 with
1231 1667 142 41 which
1407 1668 101 41 they
1531 1683 71 26 are
1625 1669 234 41 associated
1883 1669 41 43 in

311 1740 75 42 the
403 1739 303 42 development
723 1737 43 42 of
780 1737 166 41 normal
964 1737 205 41 children.
1223 1737 116 41 Thus
1361 1738 65 40 Dr
1440 1738 206 41 Ireland's
1665 1739 152 49 axiom,
1835 1739 90 41 that

312 1815 19 16 "
349 1810 163 54 Idiocy,
533 1808 44 42 in
600 1808 56 40 its
679 1806 163 42 mental
865 1806 345 42 manifestations
1233 1813 44 34 at
1298 1806 121 51 least,
1440 1821 100 27 may
1563 1808 51 40 be
1636 1808 162 41 viewed
1829 1822 44 28 as
1903 1823 23 27 a

312 1879 112 41 fixed
457 1877 200 42 infantile
684 1875 256 43 condition,"
963 1876 36 41 is
1031 1876 243 41 illustrated
1309 1882 43 34 at
1384 1890 128 41 every
1535 1877 134 54 point,
1693 1877 122 41 when
1847 1892 77 27 one

311 1961 221 29 examines
554 1947 93 40 into
671 1945 72 42 the
765 1959 165 41 powers
953 1945 43 41 of
1027 1945 285 54 interpreting
1333 1945 86 41 and
1441 1947 45 39 of
1520 1946 235 55 producing
1776 1947 149 42 speech

312 2018 228 56 presented
562 2017 57 55 by
641 2030 85 27 any
749 2015 297 42 well-marked
1068 2029 96 27 case
1185 2015 46 41 of
1248 2015 163 41 mental
1434 2016 249 54 imbecility.

369 2090 65 40 Dr
456 2088 186 42 Ireland,
665 2087 94 41 who
782 2100 87 27 was
899 2086 205 54 formerly
1129 2085 232 55 Physician
1386 2085 43 41 of
1452 2085 71 42 the
1546 2084 181 43 Larbert
1749 2086 175 41 Institu-

311 2159 104 42 tion,
437 2158 183 41 informs
642 2171 50 27 us
715 2156 56 54 (p.
796 2156 103 40 263)
925 2155 96 41 that
1043 2155 65 40 for
1129 2168 205 41 purposes
1357 2154 43 41 of
1431 2154 226 42 education
1680 2155 52 41 he
1761 2155 102 41 used
1884 2160 40 36 to

313 2229 144 42 divide
480 2229 72 41 the
575 2227 145 56 pupils
743 2227 45 40 in
813 2226 72 41 the
908 2224 260 43 Institution
1191 2226 92 41 into
1306 2225 82 42 five
1409 2238 159 42 grades.

425 2337 19 16 "
462 2332 31 42 I.
528 2331 276 55 Comprising
835 2329 123 42 those
989 2329 97 42 who
1109 2343 80 28 can
1211 2329 171 42 neither
1413 2329 132 55 speak
1566 2343 78 27 nor
1665 2326 258 44 understand

585 2400 165 55 speech.

400 2476 19 16 "
436 2472 59 40 II.
529 2471 135 40 Those
688 2470 95 40 who
805 2483 78 27 can
908 2469 266 41 understand
1197 2484 24 26 a
1243 2470 81 40 few
1347 2483 100 28 easy
1470 2469 146 41 words.

371 2542 121 41 "III.
525 2541 138 40 Those
686 2539 94 41 who
804 2554 77 26 can
905 2539 145 54 speak,
1073 2539 84 41 and
1182 2553 78 27 can
1284 2539 52 41 be
1359 2539 152 41 taught
1533 2543 43 37 to
1600 2538 126 42 work.

376 2618 20 18 "
414 2613 76 42 IV.
523 2612 138 41 Those
686 2611 95 41 who
805 2625 79 27 can
905 2610 53 42 be
982 2611 154 53 taught
1158 2615 43 36 to
1224 2610 99 42 read
1345 2611 86 41 and
1454 2615 132 37 write.

399 2684 20 19 "
435 2681 50 41 V.
519 2680 138 42 Those
681 2679 94 41 who
798 2692 79 28 can
899 2679 100 41 read
1023 2679 133 42 books
1179 2679 64 41 for
1265 2678 295 44 themselves."

369 2792 70 41 He
472 2789 134 42 found
638 2789 95 41 that
753 2794 21 15 "
791 2792 113 38 most
934 2802 118 28 cases
1084 2802 79 27 can
1195 2788 52 41 be
1279 2793 79 49 put
1391 2788 136 42 under
1557 2802 80 28 one
1658 2802 48 28 or
1735 2787 121 43 other
1881 2785 41 43 of

311 2863 121 41 these
455 2874 166 28 classes.
683 2858 160 42 Where
875 2857 121 42 there
1032 2858 36 41 is
1103 2857 212 54 difficulty
1340 2857 35 41 it
1405 2857 37 42 is
1473 2857 218 54 generally
1717 2856 105 42 with
1853 2855 68 41 the

308 2933 117 42 third
459 2945 122 29 class,
616 2930 65 42 for
711 2943 116 29 some
859 2943 79 29 can
970 2929 134 42 speak
1137 2928 94 42 who
1264 2933 158 37 cannot
1453 2928 51 42 be
1537 2928 154 56 taught
1721 2934 43 36 to
1799 2926 121 49 work,

306 3003 166 56 though
497 3016 104 29 very
624 3001 117 42 few."
