2143 3620
918 318 86 32 THE
1035 320 244 34 DISORDERS
1311 323 53 31 OF
1395 324 175 32 SPEECH.

432 299 26 41 2

430 428 204 55 acquired
665 431 57 57 by
745 433 73 43 the
842 440 137 38 motor
1001 442 167 39 centres
1190 439 47 42 of
1264 440 74 42 the
1360 455 183 30 nervous
1575 447 162 51 system
1759 444 187 58 through
1973 445 74 44 the

430 498 216 46 influence
669 503 44 41 of
735 510 241 38 education.

491 570 55 41 In
569 571 74 43 the
665 574 257 53 production
945 577 43 41 of
1010 576 178 56 Speech,
1210 593 61 28 we
1294 579 89 42 find
1404 594 26 28 a
1451 581 129 43 series
1602 582 46 42 of
1677 590 264 37 movements
1958 586 94 54 just

430 653 48 29 as
509 641 126 55 rapid
666 643 86 42 and
784 650 136 47 exact,
952 646 85 42 and
1069 647 45 41 in
1147 648 89 42 like
1272 663 182 29 manner
1486 651 190 43 effected,
1707 653 37 41 if
1771 659 76 37 not
1877 655 57 55 by
1965 660 85 37 two

433 709 151 52 hands,
603 717 45 37 at
668 713 110 43 least
811 714 56 56 by
890 716 101 42 Two
1014 714 304 56 Mechanisms,
1341 720 155 56 acting,
1518 720 88 44 like
1634 722 73 42 the
1737 723 137 43 hands
1905 724 47 42 of
1978 724 74 43 the

430 780 212 53 violinist,
669 783 47 42 in
748 790 125 37 exact
904 786 315 43 co-ordination
1250 802 81 30 one
1363 790 106 42 with
1498 790 73 43 the
1609 791 131 43 other.
1801 793 135 43 These
1968 799 82 37 two

431 851 290 44 mechanisms
744 868 154 29 are:—

492 920 76 55 (1.)
602 923 112 42 That
735 924 45 41 of
801 924 73 42 the
897 925 185 55 Larynx,
1105 927 141 42 which
1268 928 36 42 is
1328 929 72 43 the
1429 931 209 54 producer
1659 932 46 42 of
1724 932 73 43 the
1822 932 120 43 vocal
1967 933 87 43 ele-

431 995 124 37 ment
584 991 46 43 in
662 993 169 55 speech,
852 995 86 41 and
970 996 101 41 thus
1102 997 38 41 is
1172 999 269 54 comparable
1473 1005 43 37 to
1538 1001 74 43 the
1643 1002 232 42 bow-hand
1902 1003 44 41 of
1978 1003 73 41 the

431 1061 208 44 violinist.

493 1131 77 55 (2.)
602 1133 90 41 The
726 1133 102 41 Oral
858 1134 286 51 Mechanism,
1166 1136 58 55 by
1246 1137 142 42 which
1420 1138 74 42 the
1526 1140 158 42 sounds
1716 1141 43 41 of
1791 1141 72 42 the
1896 1142 154 54 larynx

432 1213 80 28 can
546 1201 53 41 be
621 1202 204 42 modified
858 1202 46 42 in
937 1208 101 37 tone
1065 1218 46 27 or
1144 1205 168 50 timbre,
1334 1206 164 56 though
1532 1213 76 36 not
1640 1209 45 40 in
1720 1209 131 54 pitch,
1873 1223 45 28 as
1946 1210 103 54 they

431 1284 99 41 pass
553 1271 186 56 through
763 1272 71 42 the
858 1273 90 41 oral
970 1274 168 55 cavity;
1169 1275 85 41 and
1277 1276 57 55 by
1356 1276 141 42 which
1519 1292 95 27 new
1642 1278 170 51 sounds,
1834 1280 215 53 produced

433 1341 156 42 within
612 1343 75 41 the
708 1343 152 42 mouth
881 1344 131 50 itself,
1034 1358 80 28 can
1148 1345 51 42 be
1233 1345 138 43 added
1405 1351 44 37 to
1481 1348 73 41 the
1585 1347 123 42 vocal
1743 1352 120 38 tones
1902 1349 46 41 of
1977 1349 73 42 the

430 1411 167 56 larynx.
660 1414 89 41 The
771 1414 89 41 oral
892 1415 266 41 mechanism
1189 1429 100 42 may
1310 1416 46 41 in
1378 1430 116 29 some
1526 1423 187 50 respects
1745 1418 50 42 be
1824 1419 224 54 compared

432 1487 44 36 to
499 1483 74 42 the
595 1484 276 41 string-hand
893 1485 47 40 of
954 1485 74 41 the
1051 1485 205 42 violinist.

490 1553 137 42 These
649 1553 101 42 Two
773 1551 292 45 Mechanisms
1087 1561 117 35 must
1235 1559 70 38 act
1335 1556 193 55 together
1551 1557 103 41 with
1684 1571 24 27 a
1735 1558 312 41 co-ordination

430 1637 47 29 as
500 1627 126 39 exact
646 1637 46 28 as
714 1623 97 42 that
832 1624 46 41 of
899 1624 74 42 the
994 1628 86 38 two
1102 1625 138 42 hands
1263 1626 43 41 of
1337 1626 73 42 the
1432 1626 202 43 violinist.
1698 1626 84 43 Let
1803 1628 120 42 there
1950 1628 52 42 be
2024 1642 25 28 a

429 1694 116 42 little
567 1694 295 41 inexactitude
884 1694 46 41 in
952 1694 88 42 this
1063 1695 331 54 respect—only
1410 1710 24 27 a
1455 1696 113 42 little
1584 1696 136 55 delay,
1738 1697 60 41 let
1819 1711 51 28 us
1897 1711 87 41 say,
2002 1698 45 40 in

431 1765 75 42 the
528 1778 258 41 production
807 1764 45 42 of
880 1764 75 42 the
977 1764 121 42 vocal
1120 1765 343 42 element,—and
1485 1766 154 54 speech
1659 1767 37 41 is
1718 1770 45 38 at
1784 1780 104 28 once
1915 1768 132 41 inter-

430 1835 169 55 rupted,
622 1848 46 29 so
690 1848 45 28 as
757 1839 45 37 to
834 1835 174 42 become
1040 1835 247 42 discordant
1318 1836 85 42 and
1433 1836 224 42 laborious.
1720 1837 45 41 It
1788 1837 86 41 will
1897 1838 51 41 be
1976 1838 73 42 the

431 1905 116 43 chief
569 1905 141 55 object
735 1906 46 40 of
814 1905 87 42 this
937 1919 133 41 paper
1103 1910 43 36 to
1183 1906 125 41 make
1342 1906 36 41 it
1414 1906 208 54 perfectly
1645 1907 175 41 evident
1852 1907 95 41 that
1974 1907 74 42 the

432 1989 199 28 common
664 1975 141 41 defect
836 1974 44 42 of
918 1974 288 42 Stammering
1236 1975 37 41 is
1305 1975 46 40 in
1382 1975 74 42 the
1482 1981 118 49 great
1628 1976 200 54 majority
1860 1975 46 41 of
1933 1989 116 29 cases

433 2047 84 40 due
553 2050 45 37 to
636 2045 181 42 delayed
854 2045 145 42 action
1028 2045 46 41 of
1111 2044 74 42 the
1221 2045 222 55 laryngeal
1480 2046 288 52 mechanism;
1811 2045 164 42 though
2015 2046 37 41 it

432 2131 114 41 may,
578 2116 269 55 apparently,
879 2116 45 40 in
962 2130 25 27 a
1020 2115 206 56 minority
1259 2116 43 41 of
1344 2129 116 29 cases
1494 2116 53 42 be
1589 2116 155 42 caused
1778 2116 57 55 by
1872 2115 179 56 delayed

432 2187 144 41 action
608 2187 47 41 of
681 2186 74 41 the
788 2185 91 42 oral
911 2185 275 42 mechanism.
1259 2185 43 41 A
1335 2185 168 42 further
1534 2186 213 42 reference
1778 2189 46 38 to
1855 2185 73 42 the
1958 2199 92 41 per-

431 2260 218 40 formance
682 2257 44 40 of
758 2256 73 42 the
863 2255 197 42 violinist
1089 2269 102 41 may
1223 2255 100 42 help
1361 2259 44 38 to
1448 2256 125 41 make
1615 2256 73 41 the
1732 2259 155 38 matter
1927 2255 121 41 clear.

431 2327 85 42 We
552 2340 71 27 are
655 2325 93 42 told
785 2325 58 41 by
865 2325 122 41 those
1010 2324 95 41 who
1142 2324 101 55 play
1266 2325 73 41 the
1375 2324 149 52 violin,
1547 2324 106 41 that,
1683 2324 125 41 when
1844 2337 24 27 a
1903 2323 148 55 player

432 2397 151 43 begins
606 2400 44 37 to
681 2395 120 41 learn
825 2403 42 33 to
898 2394 102 55 play
1022 2394 111 41 from
1155 2394 73 42 the
1257 2408 128 28 score,
1408 2394 67 41 his
1497 2394 115 41 chief
1643 2392 213 56 difficulty
1876 2393 37 42 is
1943 2401 105 34 with

434 2468 75 42 the
541 2465 300 56 string-hand;
871 2465 85 41 and
989 2464 96 42 that
1116 2464 258 42 sometimes,
1395 2464 46 40 in
1472 2463 68 42 his
1563 2464 176 41 anxiety
1762 2467 44 37 to
1828 2463 121 54 place
1977 2463 72 42 the

432 2540 157 40 fingers
611 2537 48 41 of
691 2535 96 42 that
817 2535 117 41 hand
958 2548 114 41 upon
1105 2533 171 43 exactly
1297 2533 74 42 the
1393 2533 116 55 right
1539 2533 154 55 places,
1717 2533 53 42 he
1790 2533 37 41 is
1856 2532 193 43 tempted

432 2614 45 37 to
500 2607 153 42 devote
676 2610 70 37 too
768 2605 130 41 much
921 2604 215 42 attention
1158 2608 44 37 to
1224 2603 46 49 it,
1289 2608 43 36 to
1355 2603 72 42 the
1449 2603 168 42 neglect
1638 2603 44 42 of
1704 2602 73 43 the
1805 2603 242 43 bow-hand.

432 2677 88 44 For
542 2691 24 28 a
588 2679 205 39 moment,
809 2674 53 42 he
884 2687 100 42 may
1002 2687 106 29 even
1132 2674 137 41 forget
1291 2674 130 41 about
1443 2674 72 42 the
1533 2673 232 42 bow-hand
1787 2678 264 47 altogether;

431 2749 98 43 and,
551 2747 127 42 when
709 2759 56 28 no
794 2744 138 42 sound
963 2744 37 41 is
1031 2743 229 55 produced,
1281 2743 54 42 he
1367 2757 100 41 may
1497 2758 118 41 press
1643 2744 153 41 harder
1826 2757 116 41 upon
1974 2742 75 43 the

430 2819 173 55 strings,
624 2815 115 43 until
761 2815 54 41 he
837 2814 214 42 discovers
1073 2813 96 42 that
1199 2813 74 42 the
1305 2813 231 43 bow-hand
1568 2813 76 43 has
1676 2814 107 42 been
1814 2817 231 50 neglected.

430 2891 67 42 So,
519 2889 47 41 in
601 2887 75 42 the
710 2898 197 29 common
942 2883 168 42 variety
1141 2883 46 41 of
1220 2884 290 55 stammering,
1537 2884 74 42 the
1647 2883 179 55 speaker
1858 2886 187 51 neglects

427 2961 74 42 the
523 2955 222 58 laryngeal
775 2954 289 51 mechanism;
1096 2953 97 51 and,
1215 2952 124 43 when
1362 2967 55 28 no
1439 2954 155 42 speech
1615 2954 36 42 is
1673 2952 191 44 emitted,
1885 2951 54 42 lie
1966 2965 77 27 un-

426 3027 219 56 wittingly
669 3026 158 42 throws
858 3023 219 43 increased
1104 3023 112 41 force
1247 3023 92 41 into
1372 3023 72 43 the
1472 3038 145 41 wrong
1647 3036 185 43 quarter,
1853 3021 92 50 viz.,
1967 3021 73 41 the

424 3100 89 44 oral
537 3110 277 31 mechanism,
832 3094 143 42 whose
996 3107 131 29 nerve
1148 3096 166 39 centres
1336 3092 101 44 thus
1459 3093 172 43 become
1653 3091 256 45 surcharged
1934 3098 104 34 with
