1895 3217
742 301 186 33 MEMOIR
962 301 53 33 OF
1052 300 200 33 BUFFON.

317 289 55 41 12

311 425 70 47 his
405 426 110 47 desk
538 428 262 63 examining
822 435 79 40 the
924 444 158 46 papers
1107 428 150 45 which
1288 443 117 30 were
1435 426 248 49 submitted

310 508 46 41 to
380 503 70 47 his
468 505 257 62 judgment.
793 506 68 46 At
892 506 108 45 nine
1029 506 164 45 o’clock
1216 505 58 46 he
1298 511 124 40 went
1444 511 46 41 to
1509 507 101 54 bed,
1636 512 45 40 to

308 596 184 45 prepare
509 582 189 46 himself
720 582 64 46 for
806 589 79 40 the
909 599 124 29 same
1055 589 178 39 routine
1257 581 49 48 of
1319 582 242 63 judgment
1592 584 89 45 and

307 658 216 59 pleasure.
593 660 56 45 In
679 660 92 45 this
801 675 192 31 manner
1022 675 118 31 were
1170 666 130 39 spent
1330 675 56 30 no
1411 658 136 47 fewer
1568 660 113 46 than

306 734 107 62 fifty
436 752 131 45 years
592 736 50 47 of
657 737 71 46 his
751 736 119 47 life.”

372 813 177 62 During
571 820 79 40 the
669 815 146 45 whole
838 814 154 62 period
1015 814 50 47 of
1081 815 202 46 Buffon’s
1308 830 160 39 career^
1494 830 70 30 we
1587 813 95 47 find

305 889 97 46 him
425 891 245 60 particular
693 892 93 46 and
808 907 206 39 anxious,
1044 893 236 60 regarding
1302 899 79 39 the
1408 891 158 63 purity
1590 893 91 45 and

305 982 205 47 elegance
526 967 50 47 of
591 969 70 45 his
681 975 148 55 style;
856 970 91 45 and
960 970 57 44 he
1032 970 251 45 translated
1305 985 143 45 many
1464 970 215 44 standard

304 1045 147 45 works
469 1045 48 45 in
536 1045 177 47 various
730 1047 242 61 languages
988 1047 114 45 with
1125 1053 79 39 the
1227 1047 118 46 view
1363 1045 49 47 of
1427 1046 254 62 improving

302 1120 51 46 it.
397 1123 98 45 The
509 1122 97 46 first
625 1122 50 46 of
684 1130 127 39 these
830 1124 150 46 which
997 1124 57 45 he
1072 1124 254 60 published,
1343 1139 95 30 was
1498 1124 181 45 Hales’s

305 1199 252 61 Vegetable
591 1200 212 48 Statics,”
837 1200 91 46 and
954 1199 137 61 (from
1117 1201 80 45 the
1228 1200 160 62 Latin)
1422 1215 58 31 an
1509 1200 169 47 edition

302 1275 52 46 of
369 1276 239 47 Newton’s
633 1277 249 55 Fluxions;
918 1278 111 46 both
1063 1293 117 30 were
1214 1277 316 47 accompanied
1563 1285 115 39 with

301 1354 282 61 appropriate
605 1370 197 45 prefaces
827 1354 50 46 of
892 1354 300 47 considerable
1210 1355 156 60 length
1383 1355 92 45 and
1498 1355 178 46 ability.

303 1430 98 46 The
419 1432 137 45 latter
573 1432 126 46 work
716 1431 228 47 coincided
962 1431 115 46 with
1091 1438 78 39 the
1187 1438 108 39 turn
1314 1431 50 47 of
1378 1431 129 46 mind
1525 1431 150 47 which

298 1506 58 47 he
380 1508 233 46 exhibited
646 1508 48 46 in
727 1509 71 45 his
833 1525 125 46 early
993 1510 186 53 studies,
1215 1509 91 45 and
1339 1509 79 45 the
1451 1509 97 45 fii’st
1580 1525 94 30 was

297 1591 119 40 most
449 1586 143 61 likely
626 1601 301 40 commenced,
958 1586 115 45 with
1106 1587 79 44 the
1220 1586 161 45 double
1415 1602 190 44 purpose
1629 1587 50 45 of

297 1662 253 62 improving
572 1663 70 46 his
665 1663 266 46 knowledge
949 1663 47 45 in
1014 1663 79 46 the
1112 1663 189 46 English
1318 1663 237 61 language,
1582 1664 91 45 and

297 1739 51 46 of
354 1740 247 62 increasing
614 1741 71 45 his
701 1740 323 46 acquaintance
1041 1740 115 46 with
1169 1747 80 38 the
1268 1746 234 39 extensive
1521 1740 150 46 woods

297 1819 149 45 which
470 1819 211 46 occupied
704 1834 27 30 a
753 1824 124 56 great
901 1824 101 55 part
1026 1817 50 46 of
1091 1818 70 45 his
1184 1832 227 47 property,
1437 1817 91 45 and
1552 1833 118 30 were

296 1895 51 45 of
371 1896 137 46 much
542 1896 276 46 importance
840 1895 48 46 in
911 1896 70 45 his
1005 1895 171 45 annual
1209 1909 209 31 revenue.
1487 1893 68 47 At
1577 1894 93 46 this

295 1973 112 46 time
437 1973 57 46 he
528 1974 93 46 also
656 1973 245 46 instituted
936 1973 91 45 and
1060 1972 170 46 canied
1262 1972 197 45 through
1493 1971 177 62 experi-

295 2056 165 48 ments,
494 2057 47 39 to
564 2066 136 44 prove
723 2057 80 39 the
833 2056 189 39 relative
1054 2049 205 46 strength
1289 2047 51 47 of
1360 2049 79 45 the
1462 2048 208 46 different

296 2142 150 30 woods
482 2126 149 45 which
670 2141 118 29 were
824 2126 112 44 used
975 2126 48 44 in
1062 2126 170 45 France
1273 2125 66 45 for
1373 2141 213 44 purposes
1627 2125 49 46 of

295 2203 150 59 public
479 2201 174 61 utility,
697 2201 90 46 and
829 2201 78 45 the
948 2203 100 43 best
1090 2215 157 31 season
1281 2200 65 46 for
1379 2207 177 55 cutting
1589 2201 79 46 the

296 2280 176 44 timber.

362 2357 97 44 The
482 2361 111 39 next
618 2356 172 44 subject
809 2354 114 46 with
948 2354 151 45 which
1120 2354 58 45 he
1200 2355 183 44 became
1406 2353 259 57 interested,

296 2449 94 30 was
416 2440 75 39 the
515 2447 189 31 manner
726 2432 47 46 in
796 2432 151 46 which
969 2432 79 46 the
1066 2432 176 45 Roman
1259 2431 104 46 fleet
1381 2447 143 30 under
1546 2447 123 31 com-

296 2511 139 45 mand
466 2509 50 47 of
543 2510 257 54 Marcellus,
836 2525 94 30 was
965 2515 67 41 set
1067 2525 57 31 on
1156 2509 79 46 fire
1268 2510 63 60 by
1356 2508 311 58 Archimedes,

297 2589 90 45 and
423 2588 149 46 which
607 2603 94 31 was
737 2602 235 47 supposed,
1010 2586 130 47 could
1162 2593 80 41 not
1264 2587 55 47 be
1342 2586 328 49 accomplished
