1933 3302
700 149 230 43 Erkrankung
954 152 60 31 der
1037 153 151 42 Fascien,
1212 154 145 34 Sehnen.

221 146 53 38 34

222 253 252 51 Sclawellung
502 254 79 38 und
614 254 184 41 Reaction
834 258 66 38 des
931 257 153 41 Gliedes
1123 261 84 38 eine
1236 263 136 39 tiefere
1401 264 260 53 Verbreitung
1691 282 136 26 auszu-

221 308 212 38 schliessen
464 307 200 47 scheinen,
705 310 101 38 sieht
833 325 88 24 man
961 312 184 49 plötzlich
1174 314 63 38 bei
1267 316 120 39 einem
1420 318 278 41 absichtlichen
1737 324 92 37 oder

220 367 211 45 zufälligen
471 361 133 39 Druck
645 364 69 37 auf
752 364 59 38 die
842 364 246 39 Muskulatur
1136 368 72 37 den
1238 371 371 47 grau-briiunlichen
1639 374 187 39 hospital-

220 416 219 50 brandigen
472 415 332 41 Zerfallsdeti-itus
835 432 67 24 aus
933 419 124 38 einem
1087 421 93 37 oder
1208 423 201 39 mehreren
1448 426 66 36 der
1551 426 273 40 Muskelinter-

221 470 133 37 stitien
383 469 307 50 hervorquellen.
750 470 71 39 Bei
851 472 234 39 intenserem
1114 475 79 37 und
1222 477 216 38 rascherem
1460 478 244 52 Vordringen
1736 483 92 37 oder

220 523 120 38 schon
370 524 356 50 vorgeschrittener
754 524 233 39 Infiltration
1017 526 104 38 kann
1150 541 90 25 man
1270 530 196 39 dieselben
1495 533 182 38 zuweilen
1708 535 120 38 durch

220 577 84 38 eine
347 577 40 37 in
427 578 67 37 der
531 577 241 51 Umgebung
810 578 66 38 des
916 578 251 41 Geschwüres
1208 584 250 38 entstehende
1494 586 218 39 ödematöse
1742 589 83 37 An-

218 630 242 52 schwellung
480 632 207 37 erkennen.
728 631 74 38 Die
823 632 275 50 geschwellten
1115 634 134 40 Theile
1265 637 84 38 sind
1370 639 101 37 beim
1492 639 133 38 Druck
1645 641 71 37 mit
1739 643 83 37 dem

217 685 147 50 Finger
394 688 173 36 äusserst
587 685 278 46 schmerzhaft;
897 686 61 39 die
978 687 109 39 Haut
1115 688 51 38 ist
1193 690 109 38 nicht
1329 692 189 50 geröthet,
1550 694 165 37 sondern
1736 695 92 38 eher

217 739 116 38 blass.
392 739 81 38 Das
511 739 286 49 Bindegewebe
836 740 67 38 der
940 741 231 50 ergriffenen
1207 743 386 41 Muskelinterstitien
1631 748 92 38 oder
1759 749 68 37 das

218 793 61 38 die
320 792 158 40 Gefäss-
510 793 77 37 und
627 792 323 40 Nervenstämme
979 796 243 49 umgebende
1260 797 242 52 Zellgewebe
1539 801 95 37 wird
1671 815 78 24 nun
1788 803 37 37 in

218 852 202 46 grösserer
461 848 93 37 oder
592 847 228 50 geringerer
858 846 271 54 Ausdehnung
1166 864 46 24 zu
1251 851 72 38 den
1351 852 185 51 breiigen,
1576 854 250 39 bräunlichen

216 901 382 50 Zerfallsproducten
619 901 66 37 des
701 900 350 50 Hospitalbrandes
1070 903 342 51 eingeschmolzen,
1435 907 77 36 und
1524 907 302 40 Muskelbäuche

215 957 81 37 und
317 955 154 39 Sehnen
492 955 156 37 werden
677 955 172 38 dadurch
876 956 262 39 voneinander
1167 961 189 47 getrennt,
1389 959 158 38 Gefässe
1567 961 76 37 und
1672 961 153 38 Nerven

217 1010 221 51 freigelegt.
498 1008 64 39 An
593 1009 67 37 der
689 1009 161 38 inneren
871 1008 104 39 Seite
1006 1011 65 37 des
1092 1010 318 40 Oberschenkels,
1442 1013 40 37 in
1512 1014 66 38 der
1597 1013 226 48 Kniekehle,

216 1065 69 38 der
304 1065 162 37 inneren
487 1063 143 38 Fläche
644 1063 66 38 des
722 1062 244 48 Oberarmes,
989 1064 68 38 der
1071 1064 334 53 Ellbogenbeuge,
1429 1067 65 38 der
1503 1067 323 52 Leistengegend,

216 1119 68 38 der
323 1117 285 46 Achselhöhle,
655 1131 60 23 am
745 1116 120 39 Fuss-
905 1119 78 36 und
1020 1118 263 39 Handrücken
1320 1121 78 37 und
1436 1121 51 37 im
1516 1120 204 40 Umkreise
1759 1123 65 37 des

213 1171 335 41 Unterschenkels
579 1171 93 37 fand
702 1171 209 50 Delpech
940 1173 246 49 vorwiegend
1217 1174 83 38 eine
1331 1174 91 38 tiefe
1443 1174 261 39 Verbreitung
1732 1176 90 37 zwi-

214 1227 118 39 schen
363 1226 182 38 Muskeln
579 1226 79 37 und
690 1225 166 38 Sehnen.
915 1225 56 38 Im
1009 1227 248 50 günstigsten
1286 1227 107 39 Falle
1429 1228 122 38 sistirt
1580 1229 58 37 die
1667 1229 155 38 Krank-

213 1281 104 38 heit,
357 1294 114 24 wenn
502 1280 60 38 die
601 1279 194 50 Therapie
838 1279 266 48 einschreitet,
1145 1281 74 37 alle
1248 1281 239 39 Interstitien
1517 1282 202 50 gespalten
1747 1284 77 37 und

215 1337 205 49 ausgeätzt
449 1334 173 38 werden;
653 1333 109 38 nicht
790 1333 118 38 leicht
939 1334 92 38 aber
1060 1335 121 37 sistirt
1210 1335 54 37 sie
1295 1338 176 46 spontan,
1503 1337 78 36 und
1606 1336 113 38 meist
1747 1340 78 34 erst

216 1391 115 37 dann,
355 1403 113 23 wenn
489 1388 109 38 Haut
618 1388 79 38 und
726 1387 164 38 Fascien
930 1393 164 33 zerstört
1120 1389 84 37 sind
1224 1390 77 36 und
1324 1389 169 38 dadurch
1515 1389 59 38 die
1595 1393 228 47 getrennten

213 1442 310 40 Muskelbäuche
544 1442 80 38 und
645 1441 167 39 Sehnen,
840 1442 92 37 kurz
964 1443 66 37 der
1059 1456 120 37 ganze
1199 1442 425 39 Hospitalbrandheerd
1651 1457 45 23 zu
1718 1443 106 50 Tage

213 1511 136 38 gelegt
385 1498 63 38 ist.
507 1497 81 37 Das
629 1496 242 38 Eindringen
917 1496 67 38 der
1013 1496 220 38 Krankheit
1279 1497 40 37 in
1361 1496 73 38 alle
1474 1497 237 38 Interstitien
1746 1498 77 37 und

214 1552 424 39 Bindegewebsräume
682 1550 62 38 bei
781 1550 72 38 den
892 1550 236 38 schwersten
1166 1550 166 38 Formen
1369 1551 50 37 ist
1446 1551 39 37 in
1516 1551 65 37 der
1609 1551 214 38 klinischen

212 1606 301 40 Beschreibung
543 1605 204 38 derselben
779 1605 87 37 dem
895 1604 121 38 Leser
1046 1604 120 38 schon
1195 1604 334 38 veranschaulicht
1557 1605 165 37 worden.

344 1661 133 38 Wenn
515 1659 60 39 die
612 1659 361 49 hospitalbrandige
1003 1658 312 39 Verschwärung
1348 1658 63 38 bei
1441 1658 120 38 einem
1592 1661 230 35 resistenten

212 1715 157 52 Organe
392 1713 214 52 angelangt
631 1713 62 37 ist,
725 1727 30 23 z.
777 1712 46 38 B.
846 1712 63 38 bei
930 1712 105 38 einer
1054 1712 146 38 Fascie,
1233 1712 121 38 einem
1376 1711 291 39 Muskelbauch,
1698 1712 124 38 einem

210 1769 243 52 Blutgefäss,
488 1769 123 37 einem
632 1767 301 38 Nervenstamm
955 1769 84 35 etc.,
1071 1780 41 24 so
1132 1767 154 37 können
1308 1766 103 38 diese
1433 1765 166 51 Organe,
1625 1766 40 49 je
1686 1766 137 37 derber

212 1838 56 25 sie
299 1824 105 38 sind,
447 1823 108 38 desto
595 1821 108 39 eher,
745 1834 84 25 eine
868 1820 86 38 Zeit
989 1820 111 51 lang,
1135 1821 43 50 ja
1206 1820 184 38 während
1421 1820 66 38 der
1516 1832 148 38 ganzen
1693 1819 131 38 Dauer

212 1880 68 37 der
315 1877 223 39 Krankheit
576 1877 68 37 der
681 1875 329 39 Einschmelzung
1047 1874 257 38 widerstehen
1340 1874 77 38 und
1448 1873 172 38 erhalten
1650 1873 171 44 bleiben;

211 1936 117 35 unter
358 1945 170 25 anderen
559 1930 244 38 Umständen
835 1929 92 38 aber
956 1929 154 37 werden
1141 1928 53 38 sie
1225 1933 171 33 zerstört.

729 2068 33 24 e.
788 2058 233 32 Zerstörung
1047 2059 67 31 der
1137 2057 170 32 Fascien.

341 2152 75 39 Die
440 2151 162 38 Fascien
627 2149 120 38 fallen
770 2147 88 38 sehr
882 2147 58 37 oft
971 2147 67 37 der
1058 2145 222 39 Ulceration
1312 2144 164 38 anheim.
1523 2157 113 30 „Man
1657 2142 69 38 soll
1748 2156 72 23 nur

208 2207 112 39 nicht
350 2220 100 25 etwa
480 2206 60 38 die
570 2216 165 26 weissen
756 2200 183 40 Flächen,
970 2200 146 38 welche
1146 2213 88 23 man
1255 2199 52 36 im
1329 2197 155 39 Grunde
1506 2197 65 37 des
1592 2195 227 39 Geschwürs

209 2262 183 38 erblickt,
434 2260 65 38 für
529 2271 85 27 eine
649 2257 254 50 Begrenzung
934 2255 65 37 des
1028 2253 145 39 Uebels
1212 2251 136 50 (durch
1378 2251 82 38 eine
1490 2249 149 51 Fascie)
1675 2250 141 37 halten.

209 2316 70 39 Oft
310 2314 164 40 ergreift
505 2313 60 38 die
587 2310 220 40 Krankheit
833 2309 60 38 die
914 2308 156 39 Partien
1091 2319 113 26 unter
1224 2307 71 37 den
1317 2305 288 50 Aponeurosen.
1637 2303 181 38 während

208 2371 105 38 diese
352 2371 38 36 in
432 2370 84 36 dem
548 2367 176 50 Magma,
763 2363 166 39 welches
968 2362 60 38 die
1058 2360 219 39 Krankheit
1313 2359 139 46 bildet,
1489 2371 323 25 verschwinden."

208 2425 189 39 Marmy
437 2423 70 37 sah
538 2422 60 37 die
628 2418 265 52 Aponeurosis
922 2429 185 38 palmaris
1137 2415 78 38 und
1244 2413 134 51 häufig
1408 2413 60 38 die
1497 2411 135 39 Fascia
1659 2411 78 37 lata
1766 2411 51 37 im

210 2479 158 39 Grunde
405 2478 67 37 der
501 2475 228 40 Ulceration
765 2473 67 37 der
861 2472 238 37 Zerstörung
1134 2467 285 39 anheimfallen.
1477 2465 117 39 Meist
1621 2464 194 38 bedecken

209 2534 106 39 diese
337 2544 311 27 abgestorbenen
668 2527 162 39 Fascien
852 2526 67 37 das
941 2524 209 39 Geschwür
1171 2523 56 37 als
1248 2522 190 44 faulende,
1460 2524 195 34 verfärbte
1675 2518 139 38 Fetzen

208 2589 80 38 und
316 2587 181 50 Stränge,
528 2584 59 39 bis
619 2596 55 25 sie
705 2594 251 38 abgestossen
986 2591 166 25 werden.

731 2709 30 32 f.
787 2707 234 34 Zerstörung-
1046 2706 66 32 der
1137 2704 158 33 Sehnen.

339 2803 133 39 Ueber
503 2801 59 39 die
593 2799 154 39 Sehnen
776 2797 179 39 bemerkt
983 2793 223 52 Delpech:
1262 2788 211 50 „Obgleich
1505 2787 189 39 dieselben
1727 2783 88 39 sehr

206 2859 137 38 häufig
373 2856 122 40 durch
526 2856 72 37 den
628 2852 309 50 Hospitalbrand
968 2848 241 51 blossgelegt
1238 2845 168 43 werden,
1450 2856 41 25 so
1526 2841 51 38 ist
1607 2838 94 40 doch
1731 2851 82 24 ihre

208 2913 182 39 Structur
420 2925 45 24 zu
497 2910 116 38 dicht,
645 2920 56 25 als
732 2906 84 38 dass
846 2904 62 38 ihr
928 2902 243 39 Zellgewebe
1202 2900 59 39 die
1281 2898 75 39 Art
1384 2897 76 38 und
1482 2895 141 42 Weise,
1654 2905 72 24 wie
1747 2892 67 37 der

205 2965 311 41 Hospitalbrand
553 2960 283 41 fortschreitet,
878 2958 39 38 in
953 2958 66 38 der
1049 2956 126 39 Sehne
1213 2954 119 39 selbst
1366 2949 258 52 ermöglichen
1655 2947 155 36 könnte.
