1478 2662
58 203 51 38 26
320 194 61 38 Dr
402 185 275 46 Abercrombie
695 195 49 26 on
763 184 58 37 the
841 182 225 52 Pathology,
1086 179 70 39 &e,

63 319 76 26 was
156 311 149 32 neither
322 299 90 51 pain
430 308 73 26 nor
521 302 236 30 tendernesss
775 288 45 37 of
845 295 63 31 the
927 287 203 39 abdomen,
1149 279 121 39 which
1291 294 71 24 was
1385 288 40 30 to

66 362 66 39 the
150 357 70 39 feel
235 355 72 38 soft
326 352 75 39 and
421 347 175 44 natural;
616 344 124 37 lochia
758 341 157 38 natural.
965 339 118 37 Wine
1102 348 72 23 was
1186 346 110 39 given
1314 334 36 36 in
1364 334 61 37 the

70 412 173 43 ouantity
265 408 43 37 of
322 421 21 23 a
362 403 105 39 small
492 401 97 51 glass
609 410 108 38 every
737 396 120 44 hour;
887 393 76 39 and
988 393 198 36 injections
1201 387 43 37 of
1258 387 170 44 beef-tea,

72 467 93 41 each
186 472 222 38 containing
428 456 74 54 ^ss.
533 453 45 39 of
604 452 93 38 bark
728 450 39 37 in
800 448 167 51 powder,
988 444 74 39 and
1084 443 49 35 60
1155 441 114 37 drops
1287 440 43 37 of
1354 439 78 37 lau-

74 523 159 37 danum.
290 513 127 37 These
436 521 95 26 were
543 504 173 41 repeated
737 518 39 23 as
795 503 102 37 often
917 514 39 23 as
975 507 89 42 they
1083 508 96 24 were
1198 496 236 41 discharged,

75 572 125 40 which
229 581 74 25 was
321 562 191 52 generally
532 562 96 37 from
648 571 73 25 one
739 565 39 30 to
798 564 74 29 two
891 554 127 37 hours.
1074 549 109 38 Alter
1202 559 102 25 some
1322 545 114 38 hours

78 638 66 29 the
162 630 209 40 symptoms
389 631 98 25 were
516 611 210 42 improved.
783 609 103 37 Next
918 607 71 50 day
1009 612 66 30 the
1101 601 104 51 puhe
1240 613 73 23 was
1338 598 96 43 front

84 685 72 33 125
177 687 40 28 to
240 679 99 41 130;
360 687 50 24 on
430 672 64 38 the
512 667 101 40 third
633 666 72 51 day
724 664 96 37 from
844 664 73 35 112
939 668 39 29 to
1001 659 74 35 120
1143 653 108 38 Thus
1271 651 64 37 she
1354 664 83 37 gra-

81 733 128 43 dually
230 726 217 45 recovered,
466 724 140 49 having
625 716 205 42 continued
860 723 39 29 to
931 722 87 28 take
1037 724 22 23 a
1077 710 118 36 bottle
1223 708 37 34 ot
1289 717 96 24 wine
1402 716 37 24 m

84 786 94 41 each
198 780 244 42 twenty-four
462 779 126 36 hours.
648 773 75 38 For
743 783 103 25 some
877 776 91 29 time
999 763 65 38 she
1094 758 160 41 suffered
1283 767 160 38 severely

86 842 99 37 from
204 851 49 25 an
272 835 189 37 aphthous
480 839 94 31 state
602 826 44 39 of
671 834 64 29 the
762 822 133 38 mouth
917 819 72 38 and
1012 816 140 43 throat,
1175 809 267 51 accompanied

86 897 51 44 by
155 894 169 47 burning
343 886 214 39 uneasiness
589 889 39 30 at
659 888 64 30 the
741 874 183 45 stomach,
945 872 74 38 and
1038 882 90 38 pain
1147 880 39 23 in
1206 865 64 38 the
1298 864 144 42 bowels,

88 949 127 38 These
233 942 224 52 complaints
475 935 148 57 yielded
642 941 39 32 to
700 947 22 24 a
739 932 198 38 decoction
958 926 43 38 of
1013 924 188 39 logwood,
