1933 3302
1646 155 45 36 11

302 161 60 30 der
386 160 119 40 Pulpa,
529 158 59 32 der
611 161 161 38 Ilüssigen
797 157 263 39 Absonderung,
1085 155 57 31 des
1167 154 326 32 Geschwürbodens.

96 270 114 39 Geläe
240 269 135 37 haben.
434 268 90 37 Dies
559 266 85 38 sind
674 266 173 38 offenbar
876 264 136 38 Theile
1051 264 65 37 des
1146 262 280 51 Zellgewebes,
1463 260 231 52 aufgebläht

95 337 73 25 von
208 322 277 43 albuminöser,
535 319 252 50 gelatinöser,
835 331 68 25 aus
950 318 67 37 der
1057 316 175 38 kranken
1274 315 228 39 Oberfläche
1549 327 142 37 ausge-

94 381 169 35 tretener
288 375 294 38 Absonderung.
642 373 138 37 Racle
810 372 68 38 sah
909 371 129 37 diesen
1068 370 171 38 Zustand
1269 370 77 36 fast
1377 383 72 24 nur
1479 368 68 38 auf
1573 368 117 37 wirk-

94 430 126 38 lichen
256 428 180 38 Wunden
477 426 59 38 bei
581 427 87 37 sehr
711 426 225 38 reichlicher
978 424 179 49 flüssiger
1194 423 309 50 Absonderung,
1545 421 146 39 welche

95 484 171 39 offenbar
295 495 65 24 zur
388 479 246 39 Entstehung
664 480 201 37 desselben
895 479 180 37 beiträgt.
1117 477 115 38 Diese
1261 479 286 47 gelatinöse
1577 475 114 38 Form

93 539 150 37 kommt
271 539 121 34 selten
421 534 114 38 allein
556 546 78 25 vor,
665 533 166 37 sondern
856 532 253 38 stellenweise
1130 530 125 38 neben
1276 530 168 38 anderen
1464 530 167 38 Formen
1652 529 39 38 in

95 591 200 39 derselben
316 588 162 37 Wunde.
518 586 436 51 Krankengeschichten
978 585 166 38 Racle's
1167 584 204 38 erwähnen
1393 584 66 37 das
1481 583 209 39 Auftreten

94 645 65 38 des
180 643 239 50 gelatinösen
440 640 215 37 Exsudates
676 640 98 38 nach
788 639 248 50 Application
1058 639 65 37 des
1141 637 241 39 Glüheisens.
1415 637 57 37 Im
1490 637 200 50 Uebrigen

93 700 148 36 scheint
262 696 59 37 die
334 693 276 39 Besonderheit
626 693 124 38 dieser
761 693 114 38 Form
896 692 109 39 mehr
1024 693 40 37 in
1085 692 105 38 einer
1209 691 212 50 zufälligen
1437 690 251 39 Beschaffen-

90 751 80 37 heit
190 750 65 36 des
277 748 212 37 Exsudates
511 746 54 38 als
596 747 36 37 in
655 748 271 36 wesentlichen
947 745 294 39 Verhältnissen
1271 745 219 50 begründet
1509 758 179 37 gewesen

91 817 45 24 zu
156 803 92 37 sein.
279 801 111 38 Auch
411 800 232 38 Legouest
664 800 250 38 beobachtete
937 800 59 38 die
1017 799 214 50 gelatinöse
1252 798 117 38 Form
1389 798 59 38 oft
1467 798 52 38 im
1532 797 156 39 Orient-

90 856 149 49 kriege:
276 854 179 44 „Anstatt
471 854 104 37 einer
593 854 222 38 wirklichen
836 855 94 37 über
951 853 60 39 die
1029 853 153 38 Wunde
1203 865 313 25 ausgebreiteten
1533 851 155 38 Fibrin-

90 910 197 38 membran
303 910 124 36 traten
444 908 108 37 dicke
566 907 132 38 Lagen
715 908 104 37 einer
831 907 162 38 Materie
1011 908 75 44 auf,
1110 907 143 37 welche
1274 905 58 39 oft
1352 919 154 25 enorme
1524 905 163 39 colloide

90 963 280 38 Vegetationen
389 962 181 37 bildeten.
602 960 62 39 Sie
680 961 85 37 sind
787 964 116 34 etwas
923 960 274 50 durchsichtig,
1221 960 146 37 nähern
1389 959 82 38 sich
1492 959 109 38 mehr
1621 960 68 37 der

90 1020 237 47 gelatinösen
350 1015 54 37 als
425 1015 67 37 der
506 1015 171 49 teigigen
694 1014 233 38 Consistenz.
960 1014 62 38 Sie
1036 1015 83 37 sind
1141 1014 156 44 ,opalin'
1319 1014 78 37 und
1412 1014 71 37 mit
1498 1014 185 45 braunen,

88 1083 74 25 von
190 1068 284 38 interstitiellen
504 1068 298 38 Blutaustritten
839 1068 372 38 zurückbleibenden
1241 1067 169 38 Flecken
1449 1067 234 38 durchsetzt.

88 1123 116 38 Diese
226 1122 152 38 Massen
398 1135 148 24 stossen
567 1121 81 38 sich
668 1122 182 37 zuweilen
874 1135 46 24 en
940 1122 87 37 bloc
1048 1122 58 37 ab,
1139 1122 182 37 meistens
1351 1122 40 37 in
1412 1121 155 37 kleinen
1588 1120 97 38 Por-

88 1177 129 38 tionen
247 1176 191 38 entweder
466 1175 37 37 in
533 1188 141 38 ganzer
702 1175 122 38 Dicke
855 1176 91 36 oder
975 1189 73 23 nur
1080 1176 276 37 schichtweise.
1417 1174 270 39 Vermuthlich

89 1235 169 47 gehören
288 1229 388 38 vereinzeltstehende
701 1228 328 51 Beobachtungen
1050 1228 299 38 Tourraine's,
1381 1228 146 38 welche
1559 1242 40 24 er
1629 1228 56 38 als

89 1283 375 52 granitähnliche
483 1282 117 38 Form
620 1283 65 37 des
700 1282 347 50 Hospitalbrandes
1063 1283 230 38 beschreibt,
1311 1282 145 38 hieher.
1487 1283 55 37 Er
1558 1282 71 37 sah
1645 1283 40 37 in

91 1340 23 35 2
127 1337 129 38 Fällen
279 1337 83 37 eine
381 1336 327 38 weinhefenrothe
724 1336 127 38 Masse
873 1350 72 24 von
967 1337 65 37 der
1054 1335 139 39 Grösse
1216 1336 102 38 eines
1333 1336 250 38 Taubeneies,
1606 1336 79 38 fast

90 1391 70 38 wie
177 1391 66 37 das
260 1389 161 39 Gewebe
439 1390 66 37 der
518 1390 137 38 Leber,
673 1390 69 37 auf
759 1391 86 36 dem
859 1389 378 39 Geschwürsgrunde
1259 1390 81 38 sich
1355 1390 141 37 bilden.
1529 1389 62 38 Sie
1614 1390 69 37 be-

90 1444 113 38 stand
215 1457 66 24 aus
297 1444 124 37 einem
434 1447 379 45 perlmutterartigen
827 1442 162 39 Gewebe
1006 1456 74 25 von
1093 1443 309 50 unregelmässig
1422 1456 262 37 polygonalen

89 1497 189 49 Körpern,
291 1498 114 36 deren
412 1498 109 48 jeder
535 1497 59 37 ein
609 1497 129 37 rothes
755 1497 354 37 hirsekorngrosses
1120 1497 208 37 Körnchen
1343 1497 170 37 enthielt.
1538 1496 145 38 Wurde

89 1551 58 37 die
167 1550 127 38 Masse
314 1553 171 41 zerstört,
509 1563 41 25 so
571 1553 177 47 erzeugte
768 1550 54 37 sie
844 1550 81 37 sich
946 1564 73 24 von
1039 1550 162 38 Neuem,
1226 1551 60 37 die
1306 1551 185 37 Kranken
1512 1550 168 38 starben.

215 1603 76 38 Zur
311 1603 291 38 Beschreibung
621 1604 66 36 der
707 1603 258 50 eigentlichen
985 1603 158 50 Pulpa
1167 1617 113 37 möge
1300 1604 258 50 hinzugefügt
1579 1617 102 24 wer-

88 1657 83 38 den,
202 1657 86 38 dass
317 1657 54 37 sie
399 1657 182 37 zuweilen
610 1670 74 24 von
714 1656 229 39 Gasblasen,
988 1657 60 37 die
1079 1657 54 38 sie
1162 1658 306 50 durchdringen,
1500 1658 179 46 knistert,

88 1711 85 37 dass
204 1710 52 38 sie
286 1724 48 23 an
363 1710 102 37 ihrer
486 1709 224 39 Oberfläche
735 1711 40 36 in
794 1710 246 45 braunrothe,
1073 1712 133 37 mürbe
1228 1710 172 39 Schorfe,
1431 1711 146 38 welche
1599 1711 83 38 sich

88 1764 212 37 absondern
328 1764 77 36 und
435 1764 119 37 durch
582 1777 97 24 neue
710 1767 139 35 ersetzt
870 1765 162 37 werden,
1065 1765 253 37 auftrocknen
1338 1765 116 37 kann.
1500 1764 63 38 Sie
1583 1765 97 38 wird

86 1817 165 38 vielfach
278 1817 70 37 mit
374 1817 220 37 faulendem
622 1817 146 38 fötalen
789 1817 143 38 Gehirn
952 1818 221 50 verglichen
1203 1819 78 37 und
1310 1819 39 37 in
1380 1819 66 37 der
1465 1818 126 38 Farbe
1623 1832 56 24 als

87 1870 178 45 röthlich,
299 1871 130 43 braun,
462 1871 277 45 dunkelbraun,
770 1877 101 44 grün
899 1871 59 38 bis
989 1873 168 36 schwarz
1186 1872 263 38 beschrieben.

215 1924 71 37 Die
314 1922 223 50 flüssige
558 1923 387 49 Absonderung,
976 1925 142 38 welche
1148 1926 99 37 nach
1267 1926 143 38 Zerfall
1439 1926 67 37 der
1525 1926 156 37 Fibrin-

87 1977 196 38 schichten
312 1977 171 49 beginnt,
515 1977 49 37 ist
588 1978 40 49 je
653 1978 98 37 nach
773 1979 65 37 der
858 1978 208 38 Intensität
1096 1980 66 36 der
1183 1979 216 38 Krankheit
1422 1980 40 36 in
1483 1980 87 37 sehr
1590 1993 89 24 ver-

87 2030 221 38 schiedener
320 2030 141 50 Menge
475 2031 231 37 vorhanden.
739 2031 62 38 Sie
817 2032 96 37 wird
929 2032 55 37 als
1001 2033 226 50 citrongelb,
1246 2033 180 38 trüblich,
1442 2033 99 37 auch
1556 2033 126 37 braun

86 2083 240 45 bezeichnet;
358 2084 172 37 offenbar
548 2085 111 37 rührt
680 2085 58 37 die
760 2085 140 38 dunkle
920 2086 123 37 Farbe
1064 2099 74 24 von
1159 2086 403 38 Blutbestandtheilen
1592 2087 86 45 her;

89 2138 58 36 die
183 2137 65 37 der
281 2137 204 38 faulenden
513 2137 124 50 Pulpa
675 2140 284 37 entströmende
988 2138 286 39 Absonderung
1302 2140 95 37 wird
1435 2140 56 37 als
1522 2140 156 46 dunkle,

88 2189 132 39 scharf
244 2191 172 45 ätzende,
448 2191 223 45 alkalische,
707 2192 99 38 nach
836 2191 181 39 Anderen
1048 2207 111 24 sauer
1188 2193 225 50 reagirende
1442 2193 236 49 Fauljauche

88 2242 259 38 beschrieben.
391 2243 68 38 Bei
489 2244 196 38 schweren
713 2245 133 38 Fällen
875 2245 51 38 ist
955 2246 52 37 sie
1037 2246 39 37 in
1107 2250 179 34 späteren
1317 2246 157 38 Stadien
1503 2247 58 37 oft
1590 2247 89 37 sehr

87 2295 193 38 reichlich,
346 2311 33 22 v.
418 2297 157 37 Pitha
611 2298 163 38 erzählt:
825 2299 109 45 „Wie
973 2312 109 37 gross
1123 2300 97 37 auch
1256 2300 60 37 die
1353 2300 195 37 infiitrirte
1586 2313 93 25 oder

87 2348 265 38 unterminirte
372 2349 138 38 Fläche
531 2364 88 24 war,
650 2351 135 37 immer
814 2352 132 37 schien
975 2352 54 37 sie
1058 2354 271 48 ungenügend,
1360 2367 65 23 um
1455 2353 59 37 die
1543 2366 135 38 grosse

91 2402 200 45 Quantität
321 2402 66 37 der
416 2405 313 36 ausströmenden
748 2404 147 38 Jauche
915 2418 45 24 zu
981 2405 187 38 erklären.
1193 2436 7 7 .
1225 2437 6 6 .
1272 2407 70 37 Die
1362 2406 147 38 Jauche
1539 2412 139 32 strömt

88 2455 40 37 in
158 2455 153 37 solchen
340 2455 132 38 Fällen
503 2456 69 37 wie
602 2470 66 24 aus
699 2457 104 37 einer
832 2458 364 49 unerschöpflichen
1227 2460 166 45 Quelle."

217 2507 126 39 üeber
372 2509 66 37 das
467 2508 199 38 Aussehen
701 2510 65 37 des
797 2509 539 41 Geschwürbodens
1373 2513 51 38 ist
1457 2513 218 51 Folgendes

87 2560 293 50 hinzuzufügen.
437 2561 110 38 Nach
575 2562 228 51 Abreibung
832 2565 66 36 der
926 2564 384 40 Fibrinmembraneu
1340 2567 91 37 oder
1459 2567 100 37 nach
1588 2567 87 38 dem

87 2613 144 38 Zerfall
279 2614 64 37 der
389 2614 300 39 Granulationen
745 2617 100 50 zeigt
892 2617 81 38 sich
1020 2619 66 37 der
1134 2619 258 39 Wundboden
1450 2620 54 38 als
1562 2623 110 47 glatt,

88 2667 91 38 derb
219 2667 188 46 infiltrirt,
446 2668 201 46 lividroth,
686 2668 116 39 leicht
839 2671 176 38 blutend,
1055 2672 88 37 sehr
1173 2673 261 49 empfindlich,
1475 2674 129 37 sofern
1634 2687 41 24 er

86 2719 108 38 nicht
240 2720 118 37 durch
400 2721 226 47 adhärente,
669 2722 242 48 bräunliche,
953 2725 243 38 nekrotische
1245 2725 290 39 Gewebsfetzen
1583 2727 92 37 oder

87 2786 139 24 andere
256 2773 155 37 derbere
439 2773 202 40 Nekrosen
670 2775 163 39 bedeckt
860 2777 61 37 ist.
985 2791 33 24 v.
1050 2778 144 38 Pitha
1223 2779 108 50 giebt
1360 2793 67 24 an,
1460 2780 85 37 dass
1575 2780 99 38 nach

87 2825 222 39 Abstreifen
348 2826 65 37 der
450 2828 215 49 sumpfigen
703 2829 122 48 Pulpa
869 2830 57 37 ein
972 2832 292 45 dunkelrother,
1309 2832 159 50 glatter,
1513 2836 162 35 nackter

87 2877 131 39 Grund
247 2892 84 24 zum
352 2879 209 40 Vorschein
589 2882 163 45 komme,
785 2883 134 37 dessen
947 2884 121 38 locale
1098 2885 235 49 Hyperämie
1362 2885 117 38 leicht
1498 2886 176 52 Blutung

86 2944 171 37 erzeuge.
