2107 3450
1643 326 83 42 219

633 334 169 33 SPEECH
835 333 48 32 IN
916 334 246 32 DEMENTIA.

69 458 107 43 been
200 457 271 43 overpassed.
536 457 146 42 When
708 456 73 42 the
807 455 166 43 mental
999 455 254 43 feebleness,
1272 455 175 43 natural
1467 461 43 37 to
1530 461 195 39 extreme

67 529 71 43 old
161 543 87 42 age,
266 528 36 43 is
326 528 327 56 exceptionally
677 527 98 43 well
802 526 190 53 marked,
1017 526 74 43 the
1116 540 96 29 case
1237 541 102 42 may
1357 526 53 44 be
1434 527 220 44 reckoned
1678 543 46 29 as

66 615 80 28 one
170 602 44 41 of
236 600 144 43 Senile
407 600 245 42 Dementia,
718 600 104 41 This
849 613 98 42 may
972 604 66 37 set
1061 599 46 41 in
1130 598 311 57 prematurely,
1464 600 145 57 owing
1632 604 44 39 to
1700 615 24 28 a

65 672 83 43 bad
171 672 211 57 heredity,
406 686 46 28 or
476 678 43 36 to
542 673 161 41 former
725 671 147 43 habits
895 672 45 42 of
969 671 331 56 intemperance
1323 685 48 30 or
1393 672 259 54 over-work,
1676 688 48 28 or

63 745 45 41 of
140 744 107 42 hard
279 744 141 56 living
447 745 44 42 of
524 759 86 28 any
634 744 120 42 kind.
820 744 44 41 It
889 757 101 43 may
1013 743 55 44 be
1090 744 288 56 predisposed
1400 749 45 38 to
1466 744 57 57 by
1548 745 174 43 athero-

64 830 168 29 matous
271 816 309 43 degeneration
620 816 44 41 of
703 815 74 43 the
811 814 192 44 cerebral
1035 815 178 43 vessels.
1278 814 44 44 It
1346 830 100 42 may
1470 815 53 44 be
1546 816 176 56 rapidly

61 887 265 43 established
362 888 112 42 after
508 902 55 28 an
601 888 150 42 attack
787 888 44 42 of
869 888 138 43 senile
1046 887 307 44 melancholia,
1389 902 45 28 or
1480 903 24 28 a
1542 888 181 57 passing

60 959 148 42 attack
232 961 47 40 of
299 960 158 52 mania,
479 974 48 29 or
550 960 45 42 in
620 974 302 29 consequence
946 960 44 43 of
1013 960 75 43 the
1113 960 258 57 depressing
1391 960 221 44 influence
1635 963 48 41 of
1695 976 26 28 a

59 1035 122 53 great
203 1046 170 29 sorrow,
392 1047 48 28 or
462 1033 47 42 of
528 1048 24 28 a
575 1033 167 43 mental
760 1033 140 43 strain
918 1033 44 42 of
980 1048 86 42 any
1101 1033 120 43 kind.
1288 1034 55 42 In
1359 1048 119 29 some
1502 1048 120 30 cases
1646 1035 74 43 the

61 1103 222 45 dementia
305 1106 37 43 is
366 1105 120 44 total,
510 1121 45 28 or
578 1106 160 43 almost
760 1121 71 28 so;
863 1106 87 43 and
973 1106 45 42 in
1055 1106 123 43 these
1209 1106 75 43 the
1307 1107 303 57 Monologues,
1633 1108 88 42 and

60 1192 119 29 some
197 1178 43 43 of
263 1178 75 44 the
357 1179 133 43 forms
508 1179 44 42 of
576 1179 152 43 Keflex
748 1179 167 56 Speech
935 1179 177 57 already
1128 1179 239 44 described,
1385 1180 92 42 will
1493 1181 228 57 generally

61 1249 53 43 be
138 1250 226 44 exhibited
397 1252 60 56 by
479 1251 74 44 the
575 1252 197 56 patient:
811 1252 80 42 but
913 1251 46 43 in
984 1266 25 29 a
1045 1258 121 51 great
1203 1267 134 42 many
1371 1267 119 29 cases
1529 1253 121 43 there
1683 1253 38 43 is

60 1324 180 43 marked
264 1324 322 44 enfeeblement
608 1325 148 43 rather
778 1325 106 43 than
907 1325 213 42 abolition
1148 1326 47 41 of
1213 1326 77 42 the
1313 1326 168 42 mental
1503 1326 215 43 faculties.

60 1395 90 43 The
185 1396 70 42 old
296 1411 101 28 man
431 1411 149 42 passes
615 1397 95 42 into
746 1397 68 42 his
852 1396 160 43 second
1045 1397 245 43 childhood.
1356 1399 64 42 As
1442 1398 47 42 in
1514 1398 59 42 all
1596 1398 125 43 other

59 1468 135 43 forms
218 1468 44 42 of
284 1468 233 43 dementia,
542 1469 72 42 the
648 1483 197 28 memory
868 1468 37 43 is
939 1483 81 28 one
1054 1469 47 42 of
1131 1468 74 44 the
1238 1469 95 42 first
1366 1470 45 42 of
1443 1470 75 43 the
1550 1470 170 43 mental

56 1553 167 41 powers
246 1546 43 36 to
313 1540 133 43 suffer
470 1540 322 43 deterioration.
857 1540 112 43 New
992 1540 286 56 impressions
1312 1556 70 28 are
1416 1546 79 38 not
1517 1542 202 43 retained

56 1611 57 56 by
138 1612 47 42 it.
249 1612 183 43 Though
456 1612 75 43 the
555 1612 72 43 old
650 1627 104 28 man
776 1627 102 28 may
902 1613 54 42 be
979 1613 97 42 able
1111 1617 44 38 to
1188 1613 90 43 live
1309 1614 48 42 in
1387 1614 75 43 the
1485 1615 234 43 memories

54 1684 45 42 of
122 1684 73 43 the
218 1689 109 51 past,
351 1685 86 42 and
460 1689 44 38 to
527 1685 80 43 tell
628 1685 105 57 long
756 1686 154 42 stories
934 1685 47 43 of
1016 1685 74 43 the
1127 1691 155 38 events
1315 1686 47 43 of
1393 1687 70 43 his
1486 1688 155 56 youth,
1663 1688 57 43 he

51 1756 39 43 is
112 1762 76 51 apt
212 1761 43 39 to
279 1757 140 57 forget
441 1757 108 43 such
572 1757 157 57 simple
755 1758 149 57 things
928 1757 47 43 of
993 1757 75 44 the
1092 1762 180 52 present
1294 1773 46 29 as
1366 1759 75 43 the
1466 1759 85 58 day
1575 1760 45 43 of
1645 1760 75 44 the

54 1830 134 52 week,
210 1844 46 29 or
279 1830 118 43 what
420 1831 55 43 he
497 1830 87 44 had
607 1831 66 42 for
695 1831 234 43 breakfast.
996 1831 45 43 It
1064 1832 37 43 is
1128 1832 73 43 the
1221 1832 330 57 exceptionally
1569 1848 149 29 severe

53 1917 118 28 cases
195 1902 97 43 that
315 1917 81 29 one
417 1903 116 43 finds
555 1903 47 43 in
625 1903 208 57 asylums.

113 1974 185 56 Passing
333 1989 102 28 over
472 1975 73 43 the
580 1975 191 43 features
796 1975 142 43 which
976 1990 72 29 are
1084 1990 201 30 common
1323 1982 44 39 to
1404 1978 91 43 this
1529 1978 88 44 and
1641 1979 76 44 the

55 2045 124 43 other
202 2046 132 43 forms
358 2047 46 41 of
423 2047 237 52 dementia,
682 2047 63 43 let
767 2062 52 28 us
841 2047 104 43 look
978 2048 68 42 for
1079 2063 24 28 a
1135 2055 198 38 moment
1358 2055 45 38 at
1432 2050 76 44 the
1532 2051 184 44 Intona-

54 2117 95 42 tion
171 2117 86 43 and
278 2117 299 44 Articulation
602 2119 47 43 of
667 2119 160 43 speech
849 2119 47 42 in
920 2119 139 44 senile
1083 2120 236 44 dementia.

113 2188 54 43 In
192 2193 195 40 extreme
411 2204 77 43 age
512 2191 74 42 the
607 2191 139 43 Voice
767 2190 114 45 loses
904 2191 58 44 its
987 2192 161 44 former
1170 2193 192 53 volume,
1384 2195 57 43 its
1461 2194 149 57 depth,
1628 2196 89 42 and

52 2260 56 42 its
126 2260 170 57 variety
319 2261 44 43 of
385 2260 261 46 intonation.
712 2263 44 43 It
779 2263 129 44 tends
942 2269 43 38 to
1019 2265 179 44 become
1230 2272 306 48 monotonous,
1561 2268 87 44 and
1672 2269 45 43 of

50 2332 154 57 higher
225 2333 124 56 pitch
372 2333 108 44 than
504 2335 36 42 it
564 2349 87 29 was
675 2340 120 39 wont
818 2340 44 39 to
886 2336 64 44 be.

342 2457 22 19 "
689 2456 60 37 his
767 2457 65 50 big
849 2457 133 49 manly
999 2457 115 46 voice,

388 2516 174 50 Turning
578 2517 111 49 again
706 2518 161 37 towards
886 2518 165 37 childish
1068 2519 132 47 treble,
1219 2520 107 49 pipes

387 2578 91 37 And
495 2578 169 38 whistles
682 2579 42 37 in
741 2579 60 38 his
818 2580 155 37 sound."

106 2691 90 43 But
232 2693 90 43 this
360 2694 166 58 change
563 2695 46 43 in
648 2696 123 57 pitch
815 2696 37 44 is
891 2696 85 45 due
1014 2698 149 44 rather
1201 2703 45 39 to
1282 2700 204 56 physical
1525 2703 109 43 than
1668 2708 45 40 to

50 2762 161 42 mental
234 2763 147 59 decay,
404 2767 86 43 and
511 2767 37 44 it
581 2768 36 43 is
641 2773 77 38 not
741 2768 173 57 usually
939 2775 92 38 met
1054 2771 108 43 with
1189 2772 47 42 in
1260 2787 119 30 cases
1404 2774 146 45 where
1573 2776 139 45 senile

49 2833 220 45 dementia
291 2843 87 37 sets
401 2839 45 42 in
470 2841 308 55 prematurely.
843 2842 140 44 Much
1008 2858 119 30 more
1151 2844 165 58 closely
1340 2848 244 45 associated
1603 2855 108 38 with

50 2904 75 43 the
149 2906 219 46 dementia
389 2925 72 30 are
483 2912 76 43 the
587 2913 190 58 changes
811 2915 255 44 observable
1100 2917 45 42 in
1179 2917 314 48 Articulation.
1561 2922 55 43 In
1639 2923 75 44 the

55 2978 278 45 articulation
380 2982 122 45 there
545 2985 37 42 is
620 2987 179 57 usually
837 2988 258 45 observable
1139 3005 24 28 a
1206 2991 185 44 distinct
1434 2993 193 45 element
1671 2996 46 42 of

56 3048 208 59 Slurring.
340 3054 116 43 Here
491 3058 37 41 is
564 3058 119 43 what
720 3060 66 41 Dr
825 3060 225 53 Clouston,
1084 3062 98 44 who
1217 3064 78 43 has
1330 3065 128 44 made
1492 3081 25 28 a
1550 3069 166 42 careful

56 3121 133 56 study
212 3123 44 42 of
279 3124 88 44 this
390 3128 109 42 form
524 3129 47 42 of
599 3132 172 55 speech,
793 3146 101 43 says
917 3134 135 43 about
1075 3135 143 42 it:"
1239 3137 70 42 No
1334 3152 81 29 one
1439 3153 77 28 can
1544 3140 103 43 look
1672 3145 44 39 to

58 3206 24 27 a
108 3207 98 28 man
232 3195 44 43 in
301 3196 66 44 his
391 3204 193 40 extreme
617 3202 155 58 dotage
809 3205 172 57 talking
1006 3206 188 44 without
1227 3210 253 54 perceiving
1514 3211 97 43 that
1644 3213 75 43 the
