1895 3217
280 294 92 32 THE
396 294 258 33 MANGABEY
681 294 58 32 OR
761 293 161 33 WHITE
945 293 172 32 EYELID
1140 291 216 34 MONKEY.
1410 283 90 48 13?

146 436 324 46 arrangement,
506 422 90 45 and
623 422 101 45 look
761 436 120 30 upon
910 422 38 43 it
977 435 49 30 as
1063 435 82 30 one
1169 418 51 47 of
1243 426 127 39 those
1401 434 104 31 con-

144 497 179 61 necting
345 497 134 47 forms
502 497 148 47 which
673 513 83 31 can
778 499 55 45 be
856 513 45 30 so
926 497 256 61 constantly
1205 496 164 48 traced.

211 574 249 62 Excepting
492 581 79 40 the
609 591 121 46 plate
768 574 48 46 in
856 574 206 46 Frederic
1101 573 202 47 Cuvier’s
1341 571 164 47 Mam-

145 651 198 57 miferes,
359 652 126 46 there
499 652 37 46 is
559 668 57 30 no
639 652 111 62 good
765 652 203 46 coloured
981 656 352 41 representation
1348 648 51 48 of
1412 649 93 46 this

146 727 182 55 animal,
366 729 90 45 and
495 744 68 30 we
599 744 117 30 were
756 744 46 30 so
840 727 225 46 fortunate
1099 743 48 30 as
1181 733 47 40 to
1261 741 184 47 procure
1479 742 28 29 a

146 804 200 62 drawing
368 803 112 48 from
510 821 27 30 a
565 805 141 62 living
733 805 162 46 female
923 805 144 61 lately
1091 803 232 47 exhibited
1344 804 64 60 by
1431 803 77 46 Mr

145 881 276 46 Wombwell
443 881 48 46 in
515 882 306 46 Edinburgh.*
891 882 111 45 This
1026 881 169 46 animal
1217 881 38 46 is
1278 880 230 63 generally

147 958 224 46 described
411 965 47 40 to
493 960 55 45 be
586 959 113 45 mild
738 959 90 47 and
860 958 379 62 good-tempered,
1280 959 83 44 but
1396 972 112 46 very

145 1041 178 39 restless
346 1036 90 45 and
459 1042 174 48 active;
670 1036 90 46 and
788 1037 79 45 the
896 1035 162 46 female
1081 1050 70 30 we
1179 1036 117 44 have
1326 1034 182 46 alluded

146 1118 46 38 to
217 1110 115 63 fully
356 1112 241 46 confirmed
618 1120 127 39 these
768 1119 223 40 accounts.
1058 1113 89 46 She
1171 1127 93 31 was
1288 1111 220 62 certainly

149 1202 27 29 a
208 1195 117 38 most
359 1189 139 61 lively
533 1189 183 55 animal,
752 1205 136 30 never
920 1188 64 46 for
1017 1204 27 29 a
1076 1195 202 39 moment
1317 1195 48 38 at
1400 1195 105 48 rest,

150 1265 90 44 and
262 1266 289 60 particularly
574 1273 146 39 active
743 1267 133 45 when
899 1268 226 51 observed,
1155 1281 47 30 as
1226 1264 42 46 if
1282 1279 227 33 conscious

149 1340 50 45 of
224 1348 77 38 the
329 1348 144 39 notice
503 1358 78 30 she
610 1343 191 54 excited,
833 1343 93 45 and
948 1342 189 46 anxious
1159 1348 46 40 to
1229 1342 177 61 display
1428 1342 81 45 her

147 1419 180 44 talents.
394 1419 88 46 She
500 1419 247 61 performed
768 1435 142 46 many
933 1418 50 47 of
1008 1425 79 39 the
1116 1419 219 46 attitudes
1355 1418 50 47 of
1429 1419 79 45 the

149 1502 116 37 most
288 1495 289 60 experienced
599 1496 289 46 Harlequins.
955 1496 154 46 When
1132 1502 78 39 the
1234 1496 155 45 sketch
1413 1511 94 30 was

149 1578 152 47 taken,
327 1587 77 29 she
427 1587 92 30 was
536 1572 290 62 particularly
843 1573 297 45 troublesome
1153 1571 48 46 in
1218 1571 80 46 her
1312 1572 193 61 display,

148 1648 90 45 and
260 1648 37 45 is
320 1649 281 60 represented
623 1649 48 46 in
693 1656 78 39 the
805 1649 195 46 attitude
1033 1649 48 46 in
1104 1648 149 47 which
1283 1649 78 45 she
1389 1656 118 39 most

148 1723 254 64 fi’equently
439 1726 156 61 placed
631 1726 191 55 herself;
863 1732 256 40 sometimes
1151 1726 245 62 extending
1427 1727 79 45 the

149 1817 81 30 one
243 1802 122 45 hand
380 1804 89 44 and
484 1809 254 40 sometimes
755 1809 79 40 the
852 1803 138 46 other.
1042 1803 89 47 She
1146 1818 94 30 was
1255 1804 252 60 extremely

147 1885 164 53 gentle,
352 1880 91 44 and
479 1894 137 30 never
649 1880 205 44 resented
889 1894 92 46 any
1016 1878 49 47 of
1094 1885 79 39 the
1211 1879 297 45 troublesome

150 1970 136 29 usage
301 1961 46 38 to
366 1955 147 44 which
529 1955 190 45 animals
737 1954 47 45 in
799 1970 27 29 a
847 1970 250 30 menagerie
1120 1970 73 30 are
1217 1969 45 31 so
1278 1954 230 47 frequent-

150 2030 51 60 ly
234 2030 230 46 subjected
491 2031 63 60 by
584 2030 116 46 their
743 2030 176 46 various
949 2030 209 55 visiters;
1207 2047 56 30 on
1295 2037 79 40 the
1405 2047 104 31 con-

151 2113 141 54 trary,
319 2107 78 45 she
421 2122 94 30 was
550 2107 225 61 delighted
797 2113 47 39 to
868 2122 70 30 see
962 2113 233 56 strangers,
1220 2109 90 45 and
1332 2111 177 45 seemed

149 2184 207 45 flattered
395 2185 62 60 by
493 2183 118 46 their
642 2183 259 46 attentions.
968 2184 89 46 She
1094 2200 92 30 was
1220 2187 289 60 remarkably

150 2261 175 60 cleanly
365 2261 88 45 and
487 2259 167 47 careful
687 2267 78 39 not
798 2267 46 39 to
879 2261 80 45 soil
996 2261 80 45 her
1114 2277 170 46 person.
1351 2263 156 45 When

205 2366 19 20 •
247 2365 65 36 Mr
331 2365 228 37 Wombwell
586 2365 153 37 allowed
768 2365 65 36 Mr
862 2365 120 37 Lizars
1011 2372 36 30 to
1077 2367 108 35 make
1211 2367 175 35 drawings
1411 2367 98 35 from

150 2431 137 36 several
316 2433 41 33 of
378 2431 62 36 the
464 2432 211 46 interesting
694 2431 152 35 animals
873 2432 38 35 in
934 2431 56 36 his
1008 2431 206 45 collection,
1245 2432 72 35 and
1341 2437 62 30 the
1429 2444 79 34 pro-

150 2498 132 45 prietor
306 2497 40 36 of
368 2497 62 36 the
453 2495 236 38 Naturalist’s
718 2496 153 47 Library
890 2502 101 30 takes
1015 2496 71 37 this
1105 2502 231 42 opportunity
1360 2502 37 30 to
1421 2497 89 35 offer

150 2561 55 36 his
223 2563 352 36 acknowledgments
592 2562 55 36 for
667 2561 65 37 Mr
751 2560 97 38 W.’s
867 2563 208 35 attentions.
