1933 3302
251 119 52 38 20

701 123 267 42 Hospitalbrand
994 129 52 30 bei
1073 130 145 31 frischen
1246 132 165 34 Wunden.

255 224 158 40 Monate
445 227 169 39 dauerte.
655 229 93 41 Dies
769 246 80 25 war
873 234 39 38 in
934 235 67 39 der
1020 249 74 26 von
1115 236 190 41 Fischer
1334 241 300 42 beschriebenen
1654 246 200 39 Hospital-

252 279 314 50 brandepidemie
598 283 71 38 auf
698 285 67 38 der
794 286 292 52 chirurgischen
1107 289 243 55 Abtheilung
1379 296 66 37 der
1474 295 153 41 Charite
1657 299 37 37 in
1723 300 131 39 Berlin

250 333 68 37 der
348 333 95 38 Fall.
505 335 20 37 7
558 335 143 41 frische
731 339 39 38 in
802 340 60 38 die
893 340 155 40 Charitd
1090 344 273 51 eingebrachte
1399 349 179 39 Wunden
1621 355 233 37 erkrankten

249 400 62 24 am
343 389 48 44 (3.,
436 388 73 47 10.,
554 390 75 47 11.,
670 393 74 46 14.,
782 395 71 45 17.,
886 396 63 36 36.
987 396 80 38 und
1098 397 61 38 64.
1192 397 116 52 Tage,
1350 402 23 36 2
1404 401 177 51 Operirte
1623 408 232 38 erkrankten

249 441 212 51 allerdings
492 443 139 47 Irisch;
664 448 23 34 8
719 447 177 50 dagegen
926 462 61 24 am
1025 450 68 45 10.,
1129 451 87 40 101.
1247 454 78 38 und
1357 455 86 38 122.
1475 456 120 51 Tage.
1667 459 83 38 Viel
1782 475 72 24 un-

248 495 205 50 günstiger
493 498 206 49 gestaltete
741 500 82 38 sich
864 502 67 36 das
962 501 244 42 Verhältniss
1247 506 62 39 bei
1348 509 66 37 der
1443 523 73 24 von
1546 525 32 23 v.
1611 511 147 40 Pitha
1788 515 65 37 be-

248 547 256 41 schriebeneu
532 551 216 51 Epidemie.
809 554 86 38 Wir
924 556 120 38 sehen
1072 557 83 38 hier
1184 572 74 25 von
1290 561 48 37 10
1368 563 120 37 frisch
1516 564 40 37 in
1587 565 65 38 das
1677 565 179 40 Hospital

249 602 303 51 eingebrachten
582 606 182 40 Wunden
797 609 18 36 1
849 622 62 24 am
941 610 49 46 2.,
1023 611 23 36 2
1077 625 62 24 am
1169 612 49 47 3.,
1253 615 18 36 1
1303 628 62 24 am
1386 617 48 38 5.,
1467 618 22 36 2
1520 631 62 25 am
1612 619 48 37 6.,
1686 620 17 36 1
1728 633 61 25 am
1807 622 47 46 7.,

249 657 18 36 1
302 670 63 24 am
395 658 49 46 9.,
478 659 22 36 2
523 673 62 24 am
611 661 60 37 12.
690 661 107 51 Tage
827 662 97 38 nach
956 663 67 39 der
1043 663 223 42 Aufnahme
1287 669 227 41 erkranken.
1572 672 85 38 Von
1682 674 46 36 13
1752 674 102 39 Ope-

245 709 123 40 rirten
399 712 235 40 erkrankten
664 715 24 36 4
718 729 63 23 am
810 716 50 47 2.,
892 717 22 36 2
946 730 61 25 am
1038 718 48 47 3.,
1123 720 14 35 1
1164 733 61 24 am
1247 722 48 45 6.,
1326 722 24 37 4
1371 737 61 24 am
1454 725 48 45 8.,
1536 726 18 36 1
1588 740 61 24 am
1670 728 48 45 9.,
1754 729 16 36 1
1795 742 62 24 am

249 764 63 38 16.
344 764 119 52 Tage.
524 767 86 39 Von
640 768 132 39 diesen
803 770 49 37 23
884 770 170 39 frischen
1083 772 327 54 Verwundungen
1439 778 85 38 sind
1560 779 118 39 daher
1707 782 148 38 minde-

247 819 106 38 stens
385 821 22 37 9
440 820 39 38 in
507 834 100 38 ganz
637 822 184 39 frischem
851 824 193 39 Zustande
1075 826 142 39 inficirt
1245 830 165 38 worden.
1470 830 103 40 Ganz
1603 835 136 37 anders
1766 836 91 38 aber

248 872 121 39 sehen
410 875 70 37 wir
521 875 60 39 die
612 875 193 40 Infection
847 878 164 38 frischer
1042 880 182 39 Wunden
1267 883 82 37 sich
1379 884 170 51 steigern
1584 900 48 24 an
1661 887 195 39 Frequenz

247 928 80 37 und
349 927 191 48 Schwere,
573 943 58 25 wo
663 930 61 38 ein
754 931 184 39 inficirtes
968 932 318 52 Kriegslazareth
1312 936 236 52 Transporte
1577 939 162 39 frischer
1761 942 95 38 Ver-

247 982 201 38 wundeter
478 984 284 39 aufzunehmen
791 998 242 38 gezwungen
1062 988 61 38 ist.
1191 988 71 39 Als
1292 990 62 38 ein
1383 991 170 51 Beispiel
1581 993 67 38 der
1676 994 74 38 Art
1778 996 79 38 will

247 1035 63 38 ich
333 1036 88 38 dem
440 1037 120 38 Leser
581 1038 60 38 die
660 1038 269 40 Verhältnisse
950 1041 197 51 vorlegen,
1178 1043 71 38 wie
1279 1044 53 38 sie
1363 1045 82 38 sich
1473 1047 100 37 nach
1593 1047 67 38 der
1676 1048 182 39 Schlacht

247 1103 76 24 von
345 1089 176 40 Sobräon
543 1090 78 51 (10.
641 1093 174 38 Februar
838 1093 119 51 1846)
989 1096 273 39 entwickelten
1290 1099 80 37 und
1390 1113 75 24 von
1485 1099 194 41 Thomas
1700 1102 157 39 Moore

247 1143 258 40 beschrieben
533 1147 168 38 werden.
760 1147 113 39 Nach
909 1149 73 38 den
1013 1148 192 40 Actionen
1240 1151 61 38 bei
1336 1151 221 40 Ferozehah
1595 1169 59 24 am
1687 1157 62 37 21.
1779 1157 79 37 und

249 1199 63 36 22.
345 1199 218 39 December
585 1201 103 38 1845
719 1202 216 38 übernahm
963 1203 157 39 Moore
1151 1205 66 37 das
1248 1205 199 50 englische
1469 1207 180 51 Hospital
1677 1209 39 38 in
1736 1209 120 39 Fero-

247 1266 150 36 zepore.
468 1254 54 38 Es
567 1256 182 37 entstand
789 1258 114 36 unter
944 1257 73 37 den
1046 1258 286 39 Verwundeten
1375 1261 66 37 der
1481 1261 303 50 Hospitalbrand
1819 1263 39 38 in

247 1307 256 39 verbreiteter
534 1308 148 48 Weise,
725 1310 120 38 nahm
881 1311 143 49 jedoch
1063 1312 73 38 seit
1177 1313 87 37 dem
1309 1315 30 35 1.
1370 1313 173 39 Februar
1582 1317 99 37 1846
1721 1317 137 38 immer

249 1361 109 38 mehr
387 1362 60 46 ab,
480 1376 42 24 so
553 1363 87 39 dass
670 1378 64 24 am
765 1365 61 37 10.
861 1364 169 38 Februar
1062 1366 103 38 1846
1194 1366 40 38 in
1264 1367 73 38 den
1365 1367 222 47 Veranda's,
1620 1371 71 37 den
1720 1371 136 37 Zelten

247 1416 79 38 und
365 1416 162 38 inneren
568 1417 116 39 Sälen
728 1419 66 37 des
835 1418 200 50 Hospitals
1074 1420 100 38 noch
1204 1420 49 38 47
1284 1420 453 51 Hospitalbrandkranke
1778 1425 78 37 und

249 1470 48 37 17
321 1470 206 39 Patienten
557 1472 70 38 mit
656 1475 122 48 guten
798 1472 184 39 Wunden
1010 1474 127 50 lagen.
1198 1473 68 39 Als
1297 1475 67 37 der
1393 1475 107 39 ferne
1520 1476 336 40 Kanonendonner

247 1537 76 25 von
340 1524 175 39 Sobräon
537 1529 161 44 ertönte,
721 1527 138 38 dachte
880 1526 167 48 Moore,
1071 1528 71 38 wie
1163 1541 41 25 er
1224 1528 120 38 selbst
1363 1530 165 49 gesteht,
1551 1531 69 38 mit
1638 1531 217 39 Schrecken

248 1592 50 24 an
327 1579 68 38 das
417 1579 203 39 Schicksal
648 1594 75 25 neu
752 1581 372 39 hinzukommender
1143 1582 289 40 Verwundeter.
1491 1584 70 38 Als
1591 1586 65 37 das
1676 1585 179 50 Hospital

248 1633 83 38 sich
360 1634 124 46 füllte,
525 1635 105 38 lebte
670 1635 42 38 in
752 1636 67 37 der
849 1635 102 38 That
995 1636 59 38 die
1085 1636 219 38 Krankheit
1344 1638 122 37 sofort
1504 1638 39 37 in
1583 1639 120 38 voller
1740 1639 116 38 Kraft

250 1688 141 38 wieder
421 1688 70 38 auf
515 1690 80 37 und
623 1703 74 24 nur
726 1689 151 39 wenige
907 1690 67 37 der
1003 1689 411 40 Prischverwundeten
1444 1692 212 50 entgingen
1683 1693 71 37 ihr.

370 1847 233 40 Klinisches
635 1848 84 39 Bild
751 1849 74 39 des
857 1848 365 41 Hospitalbrandes
1254 1851 60 38 bei
1345 1849 185 41 frischen
1562 1850 184 40 Wunden.

380 1957 71 39 Bei
481 1957 205 39 einfachen
713 1958 157 38 kleinen
901 1957 173 39 Schnitt-
1110 1959 79 37 und
1220 1958 275 39 Stichwunden
1523 1960 52 37 im
1605 1960 136 38 Corion
1771 1973 85 24 ver-

248 2011 166 38 breitete
445 2011 84 39 sich
559 2012 60 38 die
641 2011 524 39 Hospitalbrandulceration
1194 2013 37 37 in
1255 2013 169 51 gleicher
1446 2013 128 38 Weise
1595 2027 74 24 von
1690 2013 169 38 frischen

248 2065 185 39 Wunden
463 2079 68 25 aus
562 2066 71 38 wie
665 2079 74 25 von
768 2066 121 38 schon
918 2066 311 50 granulirenden.
1297 2067 49 38 So
1375 2081 31 24 z.
1439 2067 44 39 B.
1516 2068 105 37 hatte
1655 2068 203 37 Pouteau

247 2120 57 38 als
339 2121 226 50 19jähriger
594 2119 97 39 Arzt
727 2120 113 38 einen
870 2120 109 38 Stich
1017 2120 70 38 mit
1125 2120 126 38 einem
1288 2121 147 38 Messer
1464 2135 61 23 am
1555 2122 36 36 4.
1622 2121 144 38 Finger
1797 2134 60 25 er-

246 2175 136 38 halten
411 2175 80 38 und
519 2175 191 37 trotzdem
737 2175 73 37 den
830 2188 149 38 ganzen
1000 2174 85 38 Tag
1106 2174 70 38 mit
1196 2174 224 38 Verbinden
1439 2188 75 24 von
1539 2175 319 50 Hospitalbrand-

249 2229 189 38 Kranken
467 2229 248 38 zugebracht.
785 2228 98 39 Sehr
921 2228 90 38 bald
1050 2229 141 37 Hessen
1231 2228 148 38 lokaler
1416 2228 179 39 Schmerz
1627 2229 231 50 Vergrösse-

249 2297 103 25 rung
383 2284 67 38 der
470 2283 166 47 Wunde,
669 2282 324 39 Schlaflosigkeit
1019 2282 94 38 über
1144 2283 59 37 die
1225 2282 190 38 Infection
1444 2283 140 37 keinen
1604 2283 169 38 Zweifel.
1818 2282 40 38 In

250 2338 156 51 einigen
436 2337 137 51 Tagen
611 2337 188 39 erreichte
839 2338 66 37 das
937 2336 209 39 Geschwür
1184 2336 59 38 die
1275 2336 139 39 Grösse
1451 2337 103 38 eines
1586 2337 272 49 Doppellouis-

250 2393 94 37 d'or.
405 2391 215 39 Aehnliche
649 2392 119 38 Fälle,
792 2392 37 37 in
861 2392 124 37 denen
1014 2390 154 46 frische,
1202 2391 52 37 im
1283 2390 201 51 Hospitale
1514 2390 247 50 poliklinisch
1791 2393 70 35 mit

251 2445 168 40 Charpie
440 2446 248 38 verbundene
718 2447 79 37 und
817 2445 166 38 inficirte
1005 2444 320 39 Schnittwunden
1355 2445 82 38 sich
1465 2445 37 37 in
1535 2445 60 37 ein
1624 2458 71 24 nur
1716 2445 144 50 mässig

250 2501 235 38 schlimmes,
516 2500 109 38 nicht
654 2500 90 38 sehr
773 2500 113 38 rasch
907 2499 82 38 sich
1009 2499 321 50 vergrösserndes
1351 2498 509 51 Hospitalbrandgeschwür

250 2555 310 39 verwandelten,
600 2554 156 38 werden
787 2553 200 38 mehrfach
1016 2553 265 38 beschrieben.
1341 2553 150 38 Tiefere
1526 2551 194 47 Wunden,
1752 2566 30 24 z.
1815 2552 42 37 B.

251 2609 324 45 Schusswunden,
608 2608 240 50 complicirte
869 2607 223 45 Fractureir,
1116 2605 444 52 Amputationsstümpfe
1592 2606 127 38 bieten
1740 2606 119 38 schon

254 2678 49 24 an
333 2663 84 38 sich
446 2663 241 38 schlechtere
719 2661 286 45 Verhältnisse;
1033 2662 39 49 je
1103 2661 164 38 frischer
1296 2673 53 25 sie
1379 2660 92 38 aber
1501 2661 227 45 erkranken,
1752 2660 107 37 desto

252 2718 160 39 diffuser
441 2718 105 38 kann
583 2730 77 25 von
698 2715 229 39 vornherein
962 2715 60 38 die
1055 2714 217 38 Krankheit
1300 2714 39 37 in
1373 2713 59 39 die
1463 2712 397 40 Gewebsinterstitien

252 2773 79 37 und
362 2773 60 38 die
452 2771 418 51 Bindegewebsräume
899 2771 190 48 getragen
1119 2769 164 37 werden.
1342 2768 78 37 Das
1442 2767 198 38 Schicksal
1670 2768 65 37 der
1761 2780 99 25 oben

255 2830 227 35 erwähnten
510 2826 64 38 bei
604 2825 174 39 Sobräon
799 2824 286 38 Verwundeten
1116 2837 78 24 war
1222 2822 220 51 folgendes:
1475 2821 126 39 Schon
1631 2835 60 23 am
1722 2822 34 36 2.
1783 2821 77 37 und

256 2882 37 37 3.
326 2880 110 51 Tage
466 2883 125 36 zeigte
627 2879 82 39 sich
739 2878 60 38 die
830 2876 493 40 Hospitalbrandinfection
1361 2875 37 38 in
1437 2876 73 38 den
1541 2875 188 38 Wunden.
1789 2874 71 38 Die

254 2935 276 38 Wundränder
559 2934 257 38 entzündeten
850 2931 102 39 sich,
996 2932 59 37 die
1089 2931 104 38 Haut
1223 2929 129 39 wurde
1381 2929 116 51 glatt,
1539 2929 207 51 glänzend,
1779 2942 80 25 em-
