2217 3873
1010 213 29 48 9

178 355 186 64 having
399 352 284 65 frequently
709 359 102 42 met
837 353 120 48 with
980 353 104 46 him
1119 353 51 46 in
1196 353 347 48 consultation,
1574 353 24 48 I
1623 354 125 48 have
1786 355 97 47 had

180 431 362 57 opportunities
580 423 57 49 of
668 424 288 47 witnessing
993 423 83 48 the
1114 430 141 57 great
1290 424 288 62 regularity,
1618 425 127 58 skill,
1786 425 100 48 and

178 495 263 48 humanity
461 494 120 47 with
606 494 162 48 which
788 495 62 47 he
874 496 245 46 exercises
1139 494 75 46 his
1239 493 291 62 profession.
1605 493 24 47 I
1654 496 231 46 consider

179 565 103 47 him
307 565 110 47 well
443 564 233 63 qualified
703 565 52 45 in
780 564 66 47 all
870 570 218 57 respects
1113 562 75 49 for
1224 565 84 46 the
1333 563 143 49 office
1502 563 58 49 of
1580 563 224 49 Surgeon
1831 572 52 40 to

178 635 85 48 the
293 634 197 49 Town's
517 634 252 63 Hospital.

1043 727 82 47 W.
1166 726 442 50 MACKENZIE,
1652 729 69 47 M.
1750 727 65 47 D.

252 838 249 66 Glasgow,
533 841 87 50 9th
650 839 137 64 May,
821 841 148 47 1840.

756 1162 148 49 From
932 1162 103 48 Dr.
1064 1163 248 48 Wilson.

251 1276 94 48 Mr.
388 1275 147 58 Dick,
579 1277 240 64 Surgeon,
861 1277 215 49 London
1114 1277 175 50 Street,
1318 1277 86 48 has
1441 1278 126 47 been
1604 1276 283 64 intimately

180 1347 183 48 known
387 1354 52 41 to
466 1364 78 31 me
571 1347 77 47 for
674 1365 151 46 many
851 1365 160 46 years,
1032 1349 99 47 and
1156 1349 40 47 it
1220 1349 142 63 gives
1384 1364 77 31 me
1488 1348 148 47 much
1661 1347 224 63 pleasure

176 1423 53 42 to
256 1425 130 40 state
423 1424 105 42 that
557 1418 24 47 I
607 1419 124 47 have
765 1419 185 63 always
988 1419 312 48 entertained
1331 1435 29 31 a
1386 1435 122 46 very
1535 1419 119 61 high
1680 1419 205 61 opinion

178 1487 57 48 of
253 1488 117 58 him,
398 1505 52 30 as
476 1505 63 30 an
564 1490 177 54 active,
770 1490 111 47 well
906 1490 250 63 qualified,
1184 1490 99 47 and
1309 1488 162 48 useful
1497 1489 341 62 practitioner.

254 1558 25 47 I
303 1558 127 48 have
455 1559 125 47 been
608 1559 134 48 often
770 1561 227 62 engaged
1023 1567 120 40 with
1170 1558 92 48 Dr.
1288 1558 137 49 Dick
1449 1560 51 45 in
1527 1575 136 32 cases
1692 1558 58 48 of
1768 1574 117 32 con-

179 1628 253 49 sultation,
460 1630 99 46 and
586 1630 125 47 have
737 1631 125 46 been
889 1630 272 47 uniformly
1185 1630 220 47 satisfied
1431 1636 120 40 with
1576 1629 84 47 the
1688 1645 111 31 way
1824 1629 61 47 he

179 1700 196 46 treated
397 1699 77 47 his
510 1700 232 62 patients,
770 1700 101 48 and
900 1701 203 62 pleased
1130 1701 122 48 with
1288 1701 76 46 his
1391 1700 122 46 kind
1549 1700 247 47 attention
1834 1706 52 40 to

181 1768 152 49 them.

253 1837 152 50 From
429 1839 64 47 all
521 1838 26 48 I
571 1839 126 48 have
723 1856 116 31 seen
866 1841 98 46 and
991 1840 150 48 know
1166 1839 59 49 of
1255 1839 92 48 Dr.
1373 1839 152 48 Dick,
1556 1839 39 46 it
1620 1840 41 45 is
1689 1855 86 47 my
1801 1839 86 47 de-

183 1909 148 48 cided
368 1910 290 48 conviction
696 1916 108 41 that
841 1910 62 47 he
930 1911 99 46 will
1064 1910 252 48 faithfully
1343 1911 100 46 and
1479 1909 272 48 efficiently
1788 1909 100 46 dis-

182 1979 181 48 charge
389 1980 84 47 the
501 1980 164 47 duties
692 1979 58 48 of
778 1980 84 48 the
887 1987 239 41 situation
1162 1980 76 48 for
1262 1981 163 47 which
1450 1981 61 45 he
1537 1980 40 46 is
1614 1986 50 40 at
1690 1986 198 55 present

181 2066 30 32 a
239 2048 292 51 Candidate,
559 2051 100 47 and
683 2051 118 63 give
827 2050 163 64 ample
1016 2050 313 49 satisfaction
1352 2058 54 40 to
1432 2051 66 46 all
1523 2049 296 50 concerned.

1036 2163 233 51 JAMES
1309 2162 304 50 WILSON,
1654 2163 71 48 M.
1753 2162 65 49 D.

260 2255 249 67 Glasgow,
539 2257 89 53 9th
654 2256 143 65 May,
828 2259 150 48 1840.

535 2597 157 51 From
721 2599 162 50 Thos.
911 2599 179 61 Gray,
1119 2599 135 65 Esq.,
1283 2597 234 51 Surgeon.

257 2713 25 48 I
307 2713 126 49 have
457 2713 183 48 known
668 2713 98 48 Mr.
790 2714 136 50 John
958 2714 148 59 Dick,
1136 2713 240 64 Surgeon,
1402 2713 78 49 for
1503 2714 85 47 the
1611 2713 96 48 last
1732 2719 84 42 ten
1836 2731 56 31 or

183 2784 180 48 twelve
379 2785 339 63 years—have
736 2784 136 48 often
893 2793 99 41 met
1011 2785 99 47 him
1133 2785 52 46 in
1202 2785 233 63 practice,
1448 2785 98 47 and
1563 2785 125 47 have
1704 2783 191 48 formed

187 2870 30 32 a
241 2871 123 47 very
389 2855 122 63 high
548 2855 206 47 opinion
779 2855 58 47 of
866 2856 103 46 him
1006 2872 53 30 as
1084 2871 30 32 a
1137 2855 214 48 medical
1388 2855 353 62 practitioner;
1779 2855 114 55 and,

186 2924 398 48 understanding
626 2925 109 47 that
773 2925 62 48 he
879 2926 41 46 is
960 2941 31 32 a
1019 2924 279 49 Candidate
1340 2924 79 48 for
1458 2925 84 48 the
1578 2931 239 41 situation
1844 2923 57 48 of

190 2993 224 49 Surgeon
453 3001 53 40 to
544 2995 84 46 the
658 2993 197 49 Town's
894 2995 251 63 Hospital,
1177 2995 21 47 I
1237 2995 231 48 consider
1492 2995 103 46 him
1621 2993 274 63 eminently

188 3064 234 63 qualified
447 3070 52 41 to
524 3064 70 47 fill
618 3064 105 47 that
746 3064 158 49 office,
932 3073 87 40 not
1048 3065 120 48 only
1194 3064 127 49 from
1346 3065 77 47 his
1447 3065 252 47 thorough
1725 3064 169 46 know-

185 3133 146 65 ledge
357 3133 58 49 of
443 3134 75 46 his
556 3133 294 63 profession,
888 3136 90 46 but
1014 3134 129 49 from
1169 3135 77 47 his
1279 3135 121 63 long
1426 3135 145 57 tried,
1610 3133 283 56 successful,

185 3204 100 47 and
310 3203 121 47 kind
456 3210 265 42 treatment
747 3203 65 61 of,
840 3205 100 48 and
977 3205 287 48 unwearied
1299 3205 246 47 attention
1571 3211 52 41 to
1649 3204 84 47 the
1770 3218 125 47 poor

187 3271 58 51 of
261 3273 78 48 his
365 3271 233 51 District.

1065 3362 211 53 THOS.
1315 3362 219 61 GRAY,
1580 3363 241 64 Surgeon.

263 3465 250 67 Glasgow,
542 3464 124 66 May
696 3466 141 60 11th,
867 3468 152 48 1840.
