2113 3404
432 292 88 41 444

919 310 86 30 THE
1038 311 241 33 DISORDERS
1311 314 56 31 OF
1399 316 172 34 SPEECH.

435 421 84 43 and
558 423 252 57 paralyzed;
846 428 84 42 and
967 427 95 46 that
1100 431 72 42 the
1209 434 209 53 paralysis
1454 437 45 39 of
1532 435 72 45 the
1643 439 196 53 pharynx
1876 440 171 41 renders

436 493 259 54 deglutition
718 497 261 42 impossible.

496 564 45 41 It
563 565 89 41 will
675 566 50 43 be
748 568 165 56 readily
936 570 261 43 understood
1220 573 95 42 that
1345 588 45 28 as
1413 575 71 42 the
1508 577 207 54 paralysis
1738 579 179 41 extends
1942 580 104 40 from

438 640 158 50 tongue
614 640 43 38 to
674 636 96 57 lips,
789 639 84 41 and
891 639 106 42 from
1016 640 83 55 lips
1118 646 42 36 to
1178 643 85 41 soft
1284 644 142 53 palate
1442 645 85 42 and
1549 647 208 55 pharynx,
1775 648 274 55 correspond-

436 705 75 55 ing
542 706 327 44 deteriorations
902 710 46 40 of
975 710 274 43 articulation
1283 727 158 40 appear
1472 716 44 39 in
1549 717 72 40 the
1653 718 199 53 patient's
1885 718 162 42 speech.

435 774 148 52 These,
605 776 210 52 however,
838 778 108 42 need
969 783 75 37 not
1065 779 53 42 be
1141 780 223 43 described
1383 798 9 36 ;
1424 797 44 27 as
1491 784 73 41 the
1586 785 95 41 best
1704 787 83 41 key
1809 790 44 38 to
1875 786 116 42 them
2014 787 36 41 is

437 849 43 35 to
518 844 51 41 be
602 845 204 42 obtained
848 847 108 41 from
999 848 73 41 the
1109 849 130 42 study
1277 851 46 40 of
1362 851 72 42 the
1477 852 313 57 Physiological
1822 855 226 54 Alphabet.

438 912 258 45 Sometimes
729 916 73 41 the
834 917 84 54 lips
951 932 69 27 are
1052 918 180 42 affected
1255 920 142 42 before
1420 921 72 42 the
1516 927 180 50 tongue;
1727 924 84 41 and
1833 924 102 41 then
1958 925 36 40 it
2015 924 34 41 is

436 984 74 43 the
547 985 154 43 labials
743 987 87 41 and
871 987 74 42 the
987 988 306 44 labio-dentals
1327 991 96 41 that
1459 993 93 41 first
1593 993 139 42 suffer.
1794 994 142 41 When
1978 995 73 40 the

435 1054 143 54 palate
611 1055 195 43 becomes
848 1056 194 52 affected,
1074 1058 73 42 the
1180 1059 319 43 characteristic
1532 1062 117 40 nasal
1681 1063 152 41 snuffle
1864 1077 185 40 appears.

436 1125 54 41 In
533 1125 74 42 the
648 1126 223 42 advanced
913 1132 117 50 stage
1072 1129 47 40 of
1167 1129 72 42 the
1281 1130 175 42 disease,
1496 1131 37 40 if
1578 1132 71 41 the
1691 1132 154 55 larynx
1887 1134 51 41 be
1978 1139 74 49 yet

435 1198 305 55 unparalyzed,
762 1199 74 42 the
863 1200 182 55 patient,
1070 1200 164 56 though
1266 1203 154 54 totally
1443 1204 157 41 unable
1632 1211 41 34 to
1695 1204 237 50 articulate,
1954 1218 98 41 may

436 1268 103 50 still,
572 1269 123 41 when
729 1269 54 42 he
818 1270 102 41 tries
952 1274 44 37 to
1028 1271 145 53 speak,
1200 1271 50 42 be
1282 1273 94 40 able
1409 1277 43 36 to
1485 1274 104 40 emit
1620 1279 281 36 monotonous
1934 1274 118 41 vocal

436 1339 161 42 sounds
620 1340 46 41 of
684 1354 25 27 a
728 1340 208 55 grunting
957 1346 229 37 character.

494 1410 63 42 As
596 1415 42 37 to
676 1410 74 42 the
787 1411 103 40 final
927 1411 200 42 invasion
1165 1413 45 40 of
1250 1412 72 42 the
1359 1413 152 55 larynx
1552 1414 57 54 by
1646 1413 73 42 the
1761 1414 220 54 paralysis,
2018 1414 35 39 it

437 1495 137 27 seems
607 1481 160 41 certain
801 1481 106 52 that,
929 1482 47 40 in
1009 1483 73 41 the
1112 1487 121 50 great
1264 1483 198 41 majority
1486 1483 43 41 of
1560 1497 115 28 cases
1697 1484 46 41 of
1769 1484 87 41 this
1880 1484 174 49 disease,

436 1551 74 42 the
544 1551 92 41 first
680 1551 183 42 muscles
896 1553 181 41 affected
1121 1567 69 27 are
1233 1553 73 42 the
1337 1554 391 54 adductors,—not,
1770 1568 45 27 as
1851 1555 42 39 in
1934 1554 119 41 tabes

438 1620 192 52 dorsalis,
662 1620 74 42 the
758 1621 241 42 abductors.
1064 1623 42 40 It
1128 1622 36 42 is
1187 1637 91 26 rare
1302 1623 64 40 for
1388 1623 73 41 the
1487 1624 167 54 patient
1687 1629 41 35 to
1761 1623 165 42 exhibit
1957 1624 97 40 that

437 1691 221 55 laryngeal
690 1691 210 56 dyspnoea
923 1692 138 42 which
1095 1693 37 41 is
1155 1706 45 27 so
1223 1693 317 41 characteristic
1562 1694 45 40 of
1630 1693 195 41 bilateral
1847 1693 206 41 abductor

438 1777 220 40 paralysis.
724 1762 185 43 Usually
932 1763 53 41 he
1008 1764 92 40 first
1123 1763 188 41 exhibits
1334 1777 24 27 a
1377 1768 116 36 want
1515 1763 45 41 of
1579 1764 317 41 explosiveness
1918 1764 45 39 in
1986 1763 66 41 his

437 1832 165 55 cough;
634 1834 85 39 and
751 1832 251 42 afterwards
1034 1833 74 41 the
1130 1832 119 42 voice
1280 1833 196 41 becomes
1509 1833 235 49 enfeebled,
1765 1832 163 41 though
1960 1832 37 41 it
2018 1833 35 40 is

437 1903 142 55 rarely
622 1909 240 49 altogether
902 1902 96 42 lost.
1065 1902 273 42 Anesthesia
1379 1904 43 40 of
1464 1903 73 41 the
1578 1917 177 27 mucous
1796 1903 258 50 membrane,

438 1975 112 39 from
588 1972 298 42 involvement
924 1973 46 40 of
998 1973 72 41 the
1103 1987 176 40 sensory
1312 1973 153 41 nuclei,
1497 1973 36 41 is
1565 1973 245 41 sometimes
1841 1972 137 42 added
2011 1976 43 37 to

437 2046 74 42 the
544 2050 140 37 motor
715 2044 222 56 paralysis.
1001 2044 155 42 Owing
1189 2049 42 37 to
1264 2045 75 41 the
1368 2044 225 42 combined
1617 2049 137 36 motor
1775 2044 83 41 and
1881 2057 174 40 sensory

439 2115 212 56 paralysis
684 2115 46 41 of
758 2114 73 41 the
863 2114 168 55 larynx,
1055 2114 73 41 the
1150 2114 282 54 air-passages
1454 2127 70 28 are
1546 2113 270 55 imperfectly
1839 2113 215 54 protected

440 2187 111 41 from
589 2186 73 41 the
700 2190 203 36 entrance
942 2185 43 40 of
1017 2185 99 40 food
1152 2198 46 28 or
1234 2184 118 41 fluid,
1388 2184 34 41 if
1458 2183 73 42 the
1568 2184 168 54 patient
1771 2188 205 37 attempts
2013 2187 43 37 to

441 2256 215 43 swallow;
687 2255 85 42 and
794 2255 35 41 it
852 2255 212 42 therefore
1087 2255 196 42 becomes
1306 2268 224 28 necessary
1553 2258 42 37 to
1626 2253 94 42 feed
1742 2254 91 40 him
1855 2253 102 41 witli
1982 2253 73 41 the

440 2331 332 39 stomach-tube.

502 2471 22 40 I
558 2468 144 42 would
734 2467 100 42 here
873 2466 125 41 make
1030 2480 25 27 a
1086 2465 160 42 special
1280 2470 100 36 note
1412 2464 224 55 regarding
1672 2464 87 42 this
1791 2464 84 42 loss
1906 2465 44 40 of
1985 2478 71 27 ex-

441 2540 268 55 plosiveness
742 2540 45 39 in
820 2537 74 42 the
931 2536 201 55 patient's
1170 2536 149 53 cough,
1359 2535 137 41 which
1536 2540 115 35 often
1692 2535 128 40 forms
1858 2534 71 42 the
1966 2535 91 41 first

442 2610 238 42 indication
714 2612 106 38 that,
842 2607 47 41 in
922 2607 72 41 the
1031 2605 153 42 spread
1220 2605 43 41 of
1299 2605 153 41 bulbar
1482 2604 221 55 paralysis,
1725 2604 73 41 the
1834 2603 153 56 larynx
2020 2605 37 41 is

445 2681 235 56 beginning
715 2683 44 36 to
797 2679 51 40 be
884 2676 198 42 invaded.
1145 2675 125 42 Some
1301 2688 123 41 years
1455 2687 89 42 ago,
1576 2674 22 40 I
1632 2674 166 41 noticed
1830 2674 36 40 it
1896 2675 44 40 in
1974 2680 83 36 two

444 2766 116 28 cases
593 2751 44 40 of
669 2765 72 26 my
764 2763 121 27 own;
916 2747 83 41 and
1024 2746 22 41 I
1068 2745 124 42 made
1221 2759 24 26 a
1277 2749 98 37 note
1398 2744 46 41 of
1471 2745 35 40 it
1529 2744 43 41 in
1595 2758 24 27 a
1641 2758 131 40 paper
1793 2758 52 27 on
1869 2750 20 15 "
1907 2744 147 42 Extra-

442 2817 328 54 auscultation,"
807 2817 192 43 recently
1038 2814 272 43 contributed
1348 2819 42 36 to
1430 2814 71 41 the
1544 2814 92 41 first
1679 2814 169 41 volume
1892 2815 44 40 of
1983 2814 73 42 the

443 2892 254 54 Eclinburyli
715 2889 198 55 Hospital
932 2888 181 40 Reports.
1178 2885 22 41 I
1223 2898 94 28 now
1342 2883 100 50 find,
1459 2883 207 52 however,
1683 2883 95 42 that
1799 2884 65 41 Dr
1885 2884 173 41 Gowers

444 2965 86 42 had
562 2976 172 30 already
763 2960 123 42 made
917 2957 162 43 careful
1112 2970 99 27 note
1243 2955 43 41 of
1318 2955 45 50 it,
1396 2955 43 40 in
1474 2954 66 41 his
1570 2954 115 41 work
1718 2968 53 27 on
1803 2954 184 40 Diseases
2017 2954 49 53 of

446 3037 64 41 the
541 3035 186 43 Nervous
757 3031 169 43 System.
1009 3028 89 41 But
1140 3027 21 41 I
1194 3025 154 43 should
1390 3025 87 41 like
1520 3029 43 37 to
1605 3024 135 42 direct
1772 3024 210 41 attention
2015 3028 43 36 to

447 3107 73 42 the
562 3117 277 31 explanation
878 3101 22 41 I
938 3099 108 42 have
1084 3095 226 58 suggested
1348 3095 63 42 for
1452 3094 86 42 this
1581 3099 115 36 want
1737 3093 44 41 of
1822 3092 236 56 explosive-
