2107 3450
770 243 293 35 GRADUATION
1098 249 166 33 THESIS.

1758 249 85 41 483

189 351 200 48 produced,
408 352 140 48 whilst,
568 366 49 24 on
634 355 65 37 the
723 357 118 46 other,
860 358 65 37 the
952 362 168 46 opposite
1138 365 125 35 action
1288 365 67 37 has
1374 368 93 36 been
1492 370 166 37 ascribed
1684 376 37 31 to
1739 373 31 35 it
1794 373 51 47 by

188 421 101 24 some
308 409 40 36 of
371 409 63 37 the
454 410 166 37 German
637 413 166 48 authors,
824 416 163 48 namely,
1009 418 83 37 that
1109 419 41 37 of
1172 420 190 51 elevating
1383 424 64 36 the
1465 426 104 46 pitch
1587 427 40 36 of
1648 427 64 37 the
1730 429 113 37 voice.

191 466 108 47 Now,
318 467 41 36 in
376 479 67 36 my
461 469 252 48 experiments
732 483 103 36 upon
853 472 65 38 the
936 474 96 37 dead
1050 475 147 48 larynx,
1216 478 30 35 it
1265 491 74 24 was
1357 483 194 35 remarked
1569 487 91 43 that,

241 528 62 42 1st,
333 525 173 48 Pressing
534 526 160 37 forward
722 528 64 36 the
814 531 199 46 arytenoid
1041 533 194 49 cartilages
1263 535 66 37 has
1357 537 139 49 always
1523 552 21 23 a
1569 545 96 31 most
1691 543 156 36 marked

189 582 186 37 influence
393 584 42 35 in
451 584 142 48 raising
611 584 63 36 the
693 586 115 47 pitch.
864 588 136 45 Exper.
1030 593 32 33 6.

238 640 58 46 2d,
324 640 174 50 Pressing
514 641 202 37 backward
734 643 65 37 the
817 644 153 48 thyroid
988 651 166 43 operates
1172 648 94 37 with
1285 650 111 48 equal
1414 653 182 48 certainty
1610 654 42 36 in
1668 654 178 48 lowering

191 696 64 37 the
274 702 116 34 notes.

233 755 54 36 As
321 755 64 37 the
419 757 143 36 muscle
595 757 186 38 therefore
815 759 180 37 stretches
1029 761 170 37 between
1233 763 65 36 the
1340 765 155 48 thyroid
1536 767 76 36 and
1645 769 196 36 arytenoid

190 813 201 49 cartilages,
418 814 64 37 the
511 815 107 37 effect
645 815 41 37 of
710 816 50 36 its
788 818 234 36 contraction
1049 831 104 36 upon
1181 820 65 37 the
1273 822 104 36 voice
1405 823 81 36 will
1513 824 147 49 depend
1687 826 158 47 entirely

188 883 104 36 upon
310 871 126 37 which
454 872 40 37 of
514 872 105 38 these
636 873 32 37 is
686 873 66 37 the
770 874 101 37 fixed
888 876 119 47 point.
1060 877 36 35 A
1122 876 100 38 little
1249 880 234 47 experiment
1509 894 102 35 upon
1641 884 96 35 one's
1763 896 83 24 own

188 927 135 49 larynx
350 929 81 36 will
457 930 103 37 show
578 935 39 33 at
643 944 91 24 once
752 931 84 37 that
859 933 32 35 it
916 933 32 36 is
967 946 47 23 an
1042 947 87 35 easy
1147 939 136 32 matter
1308 940 38 32 to
1366 949 101 35 press
1493 938 95 36 back
1606 939 64 37 the
1696 941 151 35 thyroid

189 987 175 48 cartilage
382 988 139 49 during
539 989 64 36 the
621 990 227 47 production
866 990 40 36 of
921 991 74 36 low
1013 995 117 33 notes,
1150 1004 38 24 so
1206 993 83 36 that
1306 994 32 35 if
1353 994 65 36 the
1436 996 140 36 muscle
1594 1001 76 32 acts
1686 998 39 35 in
1744 998 103 36 these

189 1044 286 38 circumstances
498 1047 32 36 it
549 1059 68 24 can
643 1047 98 37 have
758 1047 102 37 little
886 1048 187 37 difficulty
1091 1049 42 36 in
1159 1051 303 47 approximating
1487 1052 64 37 the
1566 1066 120 36 upper
1710 1058 83 44 part
1811 1055 40 35 of

188 1101 64 37 the
285 1102 153 48 thyroid
473 1104 176 49 cartilage
683 1108 39 33 to
758 1105 64 36 the
854 1106 227 47 arytenoids.
1155 1107 56 36 Its
1245 1109 135 46 action,
1416 1110 182 37 however,
1633 1116 135 31 cannot
1801 1111 46 36 be

188 1159 208 49 altogether
423 1161 219 38 favourable
670 1166 38 33 to
738 1162 65 37 the
830 1163 183 37 lowering
1042 1163 40 36 of
1109 1163 65 37 the
1203 1166 105 35 vocal
1338 1166 116 48 pitch,
1481 1167 65 36 for,
1573 1168 41 35 in
1637 1168 99 36 their
1763 1181 84 23 con-

187 1219 172 46 traction,
377 1219 107 38 those
510 1221 111 37 fibres
639 1222 202 36 contained
867 1221 138 36 within
1023 1221 66 36 the
1116 1221 80 37 fold
1215 1224 39 35 of
1278 1224 64 36 the
1368 1225 107 36 vocal
1492 1225 180 48 ligament
1696 1238 87 24 near
1799 1226 49 36 its

187 1275 76 38 free
280 1278 147 48 margin
444 1284 103 32 must
565 1292 135 24 render
718 1279 206 37 somewhat
942 1283 105 33 tense
1073 1279 65 37 the
1158 1280 109 47 edges
1290 1281 39 36 of
1352 1282 64 36 the
1443 1283 115 46 cords,
1578 1283 87 37 thus
1684 1284 164 46 destroy-

186 1335 66 48 ing
278 1335 66 37 the
371 1336 123 49 laxity
520 1337 126 37 which
674 1339 32 35 is
734 1350 196 24 necessary
957 1337 58 36 for
1042 1337 66 36 the
1135 1338 226 47 production
1388 1339 39 36 of
1450 1340 83 36 bass
1560 1345 104 32 notes
1681 1355 9 30 ;
1716 1345 38 32 at
1784 1341 64 36 the

187 1404 100 25 same
306 1394 104 45 time,
429 1394 65 37 the
511 1394 162 38 forward
691 1395 161 36 traction
870 1394 41 37 of
933 1394 66 37 the
1017 1395 216 36 arytenoids
1259 1395 94 36 with
1371 1396 64 37 the
1457 1402 228 43 consequent
1702 1397 145 37 depres-

187 1450 83 37 sion
288 1450 41 37 of
350 1451 101 38 their
467 1453 107 36 vocal
594 1465 188 37 processes
807 1457 103 32 must
928 1453 102 36 tend,
1051 1464 39 25 so
1108 1452 57 36 far
1189 1465 40 24 as
1247 1452 91 49 they
1355 1466 57 36 go,
1431 1458 38 32 to
1486 1454 94 37 raise
1605 1455 65 36 the
1687 1455 104 48 pitch
1812 1456 39 35 of

187 1508 65 37 the
281 1510 114 36 voice.
471 1510 38 36 It
538 1511 32 36 is
600 1511 187 36 therefore
817 1510 154 37 evident
1006 1509 84 37 that
1119 1510 33 35 if
1183 1509 65 37 the
1282 1510 327 49 thyro-arytenoid
1642 1512 141 36 muscle
1817 1513 31 35 is

185 1567 183 37 intended
408 1572 40 32 to
490 1569 164 47 produce
696 1568 75 37 low
813 1580 118 25 notes,
966 1568 33 36 it
1031 1572 104 32 must
1177 1572 60 32 act
1275 1568 123 37 under
1439 1573 97 32 most
1578 1569 270 37 unfavourable

187 1630 297 33 circumstances.

228 1683 59 37 On
306 1684 64 36 the
389 1685 107 36 other
513 1684 114 48 hand,
646 1684 53 38 let
713 1697 44 25 us
776 1697 161 36 suppose
954 1684 84 36 that
1052 1685 48 35 its
1115 1696 140 37 agency
1270 1684 32 36 is
1317 1685 199 47 employed
1530 1685 39 36 in
1585 1685 184 36 elevating
1784 1686 64 35 the

183 1741 107 48 pitch
302 1742 40 36 of
351 1742 64 37 the
428 1743 115 37 voice.
597 1745 54 35 As
663 1743 65 37 the
743 1742 106 38 vocal
860 1747 107 32 tones
981 1742 72 36 rise
1065 1743 42 35 in
1120 1741 65 37 the
1197 1742 97 36 scale
1308 1754 56 24 we
1376 1742 151 36 observe
1539 1742 84 36 that
1635 1742 65 36 the
1712 1743 134 47 larynx

184 1800 31 35 is
234 1799 131 48 pulled
379 1801 174 48 upwards
567 1801 75 37 and
659 1801 179 37 forwards
850 1800 53 36 by
916 1800 65 36 the
993 1799 249 48 thyro-hyoid
1257 1799 155 37 muscle,
1424 1800 76 36 and
1513 1804 38 32 at
1565 1800 63 36 the
1643 1812 100 24 same
1756 1800 90 36 time

185 1857 65 36 the
267 1857 115 38 lower
398 1859 132 37 border
545 1860 40 36 of
595 1859 64 37 the
674 1859 155 48 thyroid
844 1858 175 37 cartilage
1038 1859 32 35 is
1083 1858 133 48 pulled
1228 1870 103 24 upon
1346 1858 41 35 in
1402 1870 21 24 a
1436 1858 215 36 downward
1666 1858 180 36 direction

185 1915 51 48 by
250 1915 64 37 the
329 1916 279 49 crico-thyroid.
661 1918 160 36 Between
835 1917 88 36 these
938 1920 65 32 two
1017 1916 147 36 muscles
1179 1916 54 35 the
1251 1915 141 47 thyroid
1406 1916 168 47 cartilage
1592 1915 32 36 is
1642 1916 205 46 thoroughly

175 1972 110 47 fixed,
303 1975 76 36 and
396 1975 66 37 the
479 1976 329 49 thyro-arytenoid
826 1979 114 41 must,
956 1974 195 37 therefore,
1167 1973 42 36 in
1228 1973 243 49 contracting,
1485 1973 162 48 produce
1661 1973 48 36 its
1724 1973 122 36 effects

184 2031 120 49 solely
338 2045 104 36 upon
475 2034 49 36 its
559 2034 198 37 arytenoid
800 2036 278 40 attachments;
1122 2030 151 50 pulling
1311 2030 104 37 them
1450 2030 188 46 forwards,
1673 2031 31 35 it
1746 2035 100 31 must

185 2091 160 37 exercise
363 2091 66 37 the
447 2104 101 25 same
571 2091 186 50 powerful
775 2091 188 37 influence
988 2089 42 39 in
1056 2089 139 37 raising
1214 2089 64 36 the
1303 2092 117 39 notes,
1439 2101 39 24 as
1496 2101 55 23 we
1578 2088 177 37 observed
1772 2100 74 24 was

184 2149 190 47 produced
405 2149 52 49 by
483 2150 168 49 pushing
681 2150 65 36 the
778 2149 195 37 cartilages
1004 2148 98 36 from
1132 2146 144 37 behind
1305 2146 41 36 in
1377 2145 65 37 the
1472 2151 101 31 sixth
1603 2157 240 37 experiment.

184 2207 123 37 Those
326 2208 41 36 of
387 2208 49 36 its
454 2208 111 37 fibres
591 2208 78 37 also
688 2207 201 37 contained
915 2205 138 38 within
1070 2205 66 36 the
1161 2203 98 37 folds
1281 2203 41 37 of
1343 2203 65 36 the
1426 2203 106 37 vocal
1557 2203 183 48 ligament
1764 2202 81 36 will

183 2270 60 32 act
259 2266 52 48 by
329 2266 200 38 rendering
545 2267 65 36 the
628 2266 111 36 edges
758 2266 40 36 of
821 2265 105 36 these
945 2263 107 37 cords
1077 2274 102 25 more
1198 2265 116 42 tense,
1331 2261 75 37 and
1424 2265 39 32 at
1485 2261 65 37 the
1567 2273 100 24 same
1685 2260 91 36 time
1793 2259 51 48 by

182 2325 224 47 supporting
424 2325 105 37 them
548 2325 139 37 during
705 2324 100 36 their
823 2323 203 36 vibration.

231 2383 123 36 There
371 2396 69 24 can
457 2383 47 37 be
527 2396 49 24 no
595 2383 130 45 doubt,
746 2383 104 35 then,
869 2385 85 32 that
972 2380 65 36 the
1055 2377 328 50 thyro-arytenoid
1400 2377 33 36 is
1452 2389 69 24 one
1540 2376 41 37 of
1603 2376 63 37 the
1684 2375 159 37 muscles

183 2440 125 38 which
337 2441 149 49 tighten
514 2441 65 37 the
608 2441 106 37 cords
741 2440 78 37 and
845 2451 96 25 raise
969 2438 65 36 the
1062 2436 105 50 pitch
1187 2436 40 36 of
1255 2435 64 37 the
1346 2435 114 37 voice.
1515 2435 121 37 Ecker
1661 2433 67 38 has
1755 2434 88 36 thus

182 2499 197 48 expressed
409 2500 65 36 the
506 2500 166 37 German
702 2510 97 25 view
830 2496 200 49 regarding
1063 2495 32 35 it
1115 2507 8 24 :
1160 2495 19 18 "
1194 2492 124 37 When
1346 2492 104 37 these
1479 2492 159 37 muscles
1669 2495 174 41 contract,

182 2557 99 36 their
298 2558 112 37 fibres
434 2557 78 37 lose
531 2558 100 36 their
657 2556 159 47 slightly
833 2567 111 35 wavy
963 2552 195 46 direction,
1177 2550 158 48 thereby
1352 2549 65 37 the
1434 2549 76 37 free
1536 2549 163 49 margins
1717 2549 40 36 of
1779 2548 64 37 the

180 2615 106 38 vocal
313 2617 106 36 cords
439 2615 188 49 approach
655 2615 90 37 each
767 2613 133 45 other;
927 2624 126 25 seeing
1079 2614 85 33 that
1189 2608 65 37 the
1274 2620 180 36 processus
1481 2607 131 36 vocales
1637 2619 61 24 are
1715 2606 128 37 drawn

179 2673 190 47 forwards,
384 2674 176 37 inwards,
575 2673 75 37 and
668 2670 247 39 downwards,
932 2681 94 26 even
1040 2672 39 33 to
1094 2666 192 48 touching,
1303 2677 39 24 so
1361 2664 83 37 that
1463 2664 89 48 only
1567 2677 20 23 a
1602 2663 109 37 small
1725 2663 119 36 linear

179 2731 93 37 split
282 2732 171 36 remains.
507 2733 55 35 As
573 2731 65 37 the
652 2727 329 52 thyro-arytenoid
994 2737 160 25 muscles
1169 2723 57 37 fill
1240 2723 65 37 the
1319 2722 81 37 fold
1414 2722 41 37 of
1465 2722 64 36 the
1543 2721 106 37 vocal
1662 2721 182 47 ligament

179 2789 132 37 nearly
329 2794 39 32 to
386 2790 49 36 its
454 2789 75 37 free
547 2789 160 48 margin,
725 2785 237 49 necessarily,
979 2797 48 24 on
1047 2783 65 37 the
1131 2792 233 26 contraction
1383 2779 40 37 of
1438 2779 64 36 the
1520 2779 151 44 muscle,
1686 2777 64 37 the
1768 2777 75 36 free

180 2848 146 47 margin
349 2847 41 37 of
412 2847 65 36 the
503 2847 81 36 fold
609 2847 171 36 becomes
806 2842 220 39 sharpened.
1082 2841 47 35 In
1154 2838 77 37 this
1257 2842 162 44 position
1439 2837 64 35 the
1529 2835 105 36 vocal
1652 2834 105 37 cords
1782 2846 61 24 are

179 2904 132 38 drawn
328 2918 40 24 as
385 2905 116 37 much
519 2917 40 25 as
577 2904 163 49 possible
758 2903 82 37 into
858 2902 65 37 the
949 2901 133 37 lumen
1102 2897 40 38 of
1164 2897 66 37 the
1256 2896 56 36 air
1332 2906 161 37 passage.
1547 2892 187 47 Probably
1753 2890 91 48 they

178 2964 146 36 vibrate
342 2964 41 36 in
401 2964 100 36 their
520 2962 122 37 whole
661 2965 140 33 extent,
821 2960 77 37 and
916 2959 66 36 the
1000 2957 230 37 chest-notes
1247 2965 62 24 are
1331 2950 221 51 produced."

228 3022 69 36 We
327 3021 99 37 have
453 3033 40 25 as
520 3025 76 45 yet,
627 3021 18 35 I
674 3019 158 37 believe,
852 3030 48 24 no
930 3015 234 45 satisfactory
1191 3021 243 38 explanation
1463 3008 40 37 of
1529 3008 62 35 the
1621 3013 154 31 manner
1801 3004 39 36 in
