2113 3404
333 251 83 44 150

831 270 87 32 THE
950 272 241 33 DISOI1DERS
1223 274 53 31 OF
1306 274 175 32 SPEECH.

331 383 161 44 known
514 386 235 56 principles
772 390 46 42 of
837 390 163 44 human
1023 396 166 39 nature,
1205 393 97 42 how
1324 393 55 42 all
1406 393 57 43 its
1481 393 170 43 various
1673 397 116 52 parts
1811 396 132 43 might

331 456 227 55 gradually
591 458 109 44 have
735 461 154 53 arisen,
913 462 73 43 the
1020 463 122 42 mind
1175 464 37 42 is
1248 469 76 37 not
1356 463 104 42 only
1481 467 43 38 to
1557 478 24 28 a
1613 464 160 42 certain
1799 465 143 42 degree

332 527 204 52 satisfied,
557 529 79 43 but
668 544 25 27 a
724 531 136 43 check
890 532 37 42 is
958 532 129 56 given
1119 537 43 38 to
1195 533 95 42 that
1312 533 196 42 indolent
1529 533 256 56 philosophy
1809 536 133 43 which

332 598 133 43 refers
488 602 44 38 to
554 613 24 28 a
599 601 172 42 miracle
793 602 218 42 whatever
1042 616 287 42 appearances
1361 603 103 41 both
1488 603 46 42 in
1567 603 73 43 the
1663 606 170 41 natural
1862 608 79 42 and

332 669 136 42 moral
491 670 154 42 worlds
666 671 36 42 it
722 671 38 42 is
783 672 157 42 unable
964 677 43 37 to
1030 673 210 55 explain."
1258 673 14 25 1

391 740 136 43 These
550 741 138 42 words
712 742 45 41 of
787 742 73 42 the
891 742 194 42 eminent
1107 743 254 56 Edinburgh
1395 744 218 43 Professor
1635 759 109 28 were
1776 752 165 37 written

332 810 133 42 about
487 811 73 42 the
582 811 83 43 end
688 811 43 42 of
763 811 85 43 last
882 818 193 49 century,
1098 813 123 42 when
1246 813 73 44 the
1342 815 166 42 science
1530 816 43 41 of
1605 815 224 56 Philology
1861 830 81 30 was

331 885 75 51 yet
427 881 44 41 in
494 882 57 41 its
573 882 187 56 infancy.
825 883 128 41 Since
984 882 123 43 those
1141 883 118 56 days,
1280 885 96 41 that
1397 885 127 43 noble
1546 886 166 42 science
1733 886 77 42 has
1840 887 102 43 been

331 950 191 55 pursued
544 951 57 55 by
622 965 129 41 many
782 952 192 42 eminent
1006 952 189 43 scholars
1218 954 105 41 with
1355 955 196 42 brilliant
1581 969 178 28 success.
1820 956 124 43 Their

331 1020 332 56 investigations
685 1021 111 43 have
820 1022 169 41 thrown
1012 1036 23 27 a
1058 1023 110 42 flood
1191 1024 47 41 of
1255 1024 112 55 light
1389 1039 115 40 upon
1527 1025 73 43 the
1622 1025 88 42 real
1734 1030 148 38 nature
1903 1029 41 41 of

332 1090 162 42 human
517 1091 166 55 speech.
747 1093 119 54 Tliey
888 1092 111 43 have
1030 1093 149 42 shown
1209 1094 96 42 how
1329 1095 71 42 the
1422 1095 231 56 languages
1676 1096 46 41 of
1740 1096 202 43 mankind

331 1175 79 28 can
445 1162 52 42 be
533 1162 224 52 classified,
791 1163 227 55 according
1054 1168 42 37 to
1131 1164 113 42 their
1279 1166 214 41 affinities,
1515 1166 91 41 into
1639 1180 24 27 a
1695 1166 180 42 number
1906 1167 41 43 of

330 1237 122 51 great
487 1247 184 41 groups;
707 1233 59 42 all
800 1233 74 43 the
912 1235 212 42 members
1156 1236 47 41 of
1236 1235 103 42 each
1371 1250 135 41 group
1537 1236 160 55 having
1729 1236 214 56 evidently

331 1318 163 41 sprung
511 1304 109 41 from
639 1319 23 27 a
681 1318 195 28 common
899 1310 243 50 parentage.
1205 1306 122 42 Even
1348 1306 192 42 between
1558 1306 73 42 the
1646 1310 119 51 great
1781 1320 164 42 groups,

332 1376 102 42 they
458 1375 111 42 have
592 1375 150 43 shown
774 1376 74 42 the
881 1376 218 42 existence
1131 1377 44 41 of
1206 1377 164 42 certain
1393 1377 213 42 affinities,
1629 1382 76 36 not
1725 1377 35 41 it
1787 1377 37 42 is
1856 1382 89 37 true

332 1447 47 42 of
397 1461 24 27 a
443 1461 104 41 very
569 1447 279 55 pronounced
870 1461 46 28 or
937 1447 200 43 intimate
1174 1448 229 42 character,
1435 1448 80 42 but
1551 1452 74 52 yet
1661 1447 212 43 sufficient
1907 1455 39 34 to

331 1517 154 43 render
499 1518 34 41 it
548 1517 215 55 probable,
778 1532 106 28 even
901 1532 54 27 on
970 1519 169 55 strictly
1154 1519 210 42 scientific
1379 1519 200 55 grounds,
1594 1523 95 37 that
1703 1518 71 42 the
1788 1518 156 41 human

329 1602 96 28 race
461 1588 223 55 possessed
720 1593 45 37 at
800 1589 109 41 least
946 1588 73 43 the
1055 1589 242 42 rudiments
1335 1590 43 41 of
1414 1590 155 41 speech
1613 1589 143 42 before
1794 1589 35 40 it
1864 1603 80 27 was

330 1658 213 43 scattered
577 1659 158 41 abroad
769 1659 46 41 in
849 1659 72 42 the
944 1660 171 42 various
1150 1665 118 50 parts
1291 1661 46 41 of
1360 1660 73 42 the
1457 1659 143 42 world.
1662 1659 90 41 The
1776 1659 168 41 method

331 1729 189 55 pursued
542 1729 56 42 by
620 1729 178 42 modern
821 1730 272 54 philologists
1124 1730 78 42 has
1227 1731 109 41 been
1359 1737 44 35 to
1426 1745 24 27 a
1471 1744 107 28 very
1601 1729 179 42 marked
1802 1736 143 35 extent

332 1814 54 28 an
410 1800 192 55 analytic
633 1814 92 28 one.
789 1801 119 41 They
942 1801 108 41 have
1081 1801 173 42 studied
1288 1801 43 41 in
1364 1801 133 41 detail
1529 1815 25 27 a
1575 1803 97 39 vast
1696 1800 180 41 number
1905 1800 44 41 of

331 1872 247 56 languages,
613 1871 174 42 ancient
823 1871 84 41 and
944 1871 188 51 modern,
1167 1872 98 50 and,
1300 1872 225 41 according
1559 1876 44 36 to
1640 1870 73 42 the
1751 1870 194 41 affinities

333 1941 250 43 discovered
611 1955 156 41 among
798 1941 132 52 them,
958 1941 109 43 have
1104 1942 190 56 grouped
1330 1942 120 42 them
1487 1955 46 28 as
1562 1941 133 41 above
1723 1939 221 43 indicated.

333 2013 89 42 The
445 2012 115 42 chief
581 2011 168 57 ground
772 2012 64 41 for
858 2012 106 42 such
986 2026 25 28 a
1035 2013 211 55 grouping
1276 2013 78 41 has
1376 2013 108 41 been
1507 2011 72 42 the
1614 2011 222 42 discovery
1857 2014 89 37 that

334 2098 156 28 among
520 2083 74 42 the
627 2083 211 41 members
871 2083 47 41 of
945 2083 104 42 each
1080 2097 136 42 group
1238 2083 75 42 the
1335 2087 20 17 "
1371 2087 112 37 roots
1499 2082 20 16 "
1542 2082 46 42 of
1617 2082 73 42 the
1713 2081 136 42 words
1880 2095 64 26 are

333 2154 224 56 possessed
579 2154 46 41 in
647 2168 197 28 common
863 2169 8 38 ;
899 2154 97 41 that
1018 2154 44 41 in
1086 2154 164 42 certain
1272 2154 43 41 of
1347 2153 73 42 the
1448 2167 156 42 groups
1628 2154 118 41 these
1769 2150 177 43 "roots"

334 2240 71 27 are
430 2225 164 42 welded
628 2225 195 42 together
856 2225 46 40 in
936 2239 25 27 a
994 2224 320 42 characteristic
1342 2238 204 28 manner;
1576 2224 84 41 and
1683 2223 94 42 that
1798 2235 148 41 among

335 2297 74 41 the
432 2296 211 41 members
666 2296 44 41 of
743 2295 104 42 each
868 2309 135 41 group
1026 2295 119 42 there
1168 2295 36 41 is
1226 2295 46 40 in
1294 2308 211 41 grammar
1526 2295 84 40 and
1633 2298 156 51 syntax
1823 2291 122 43 much

335 2367 96 41 that
473 2366 172 42 betrays
687 2379 25 27 a
772 2379 197 28 common
1004 2378 243 42 parentage.
1321 2364 251 42 Something
1603 2364 89 41 will
1733 2362 211 57 presently

336 2438 53 42 be
421 2436 93 43 said
550 2449 132 28 about
717 2435 75 42 the
833 2435 340 42 characteristics
1215 2436 47 41 of
1300 2435 104 42 each
1445 2435 44 41 of
1529 2435 74 42 the
1642 2439 119 51 great
1795 2444 150 45 groups

336 2508 103 42 thus
461 2505 329 43 differentiated.
853 2505 54 42 In
930 2505 73 42 the
1026 2506 245 51 meantime,
1292 2505 184 56 perhaps
1498 2519 55 28 an
1574 2504 196 43 example
1791 2518 45 27 or
1866 2508 79 35 two

337 2578 93 42 will
451 2578 95 41 best
566 2577 215 41 illustrate
813 2575 74 42 the
918 2590 180 27 manner
1128 2576 47 41 in
1197 2576 141 42 which
1360 2591 24 27 a
1414 2576 266 42 community
1703 2576 43 41 of
1767 2579 21 18 "
1802 2587 111 30 roots
1930 2571 20 16 "

338 2663 79 29 can
449 2648 53 42 be
533 2647 149 42 shown
714 2651 45 37 to
790 2647 114 41 exist
934 2660 156 42 among
1120 2646 75 43 the
1227 2647 211 42 members
1464 2647 43 41 of
1538 2661 25 27 a
1584 2656 118 45 great
1721 2659 143 42 group.
1926 2642 19 40 I

337 2717 113 45 shall
470 2717 102 43 take
594 2716 120 42 these
737 2715 219 43 examples
978 2716 107 41 from
1110 2716 73 42 the
1205 2730 129 41 pages
1357 2716 44 42 of
1422 2716 111 41 Prof.
1558 2716 105 41 Max
1685 2714 171 49 Miiller,
1877 2712 69 41 the

337 2789 173 54 leading
532 2791 218 39 exponent
772 2787 46 41 of
846 2785 276 56 philological
1146 2786 166 42 science
1333 2787 45 40 in
1399 2787 89 41 this
1510 2799 190 29 country.
1764 2785 51 40 In
1839 2782 105 41 dial-

337 2862 74 40 ing
442 2858 107 42 with
581 2858 74 42 the
686 2862 118 51 great
836 2856 148 55 Aryan
1022 2870 135 41 group
1194 2856 43 41 of
1273 2856 243 55 languages,
1549 2856 85 41 this
1671 2854 153 43 author
1856 2866 87 27 uses

337 2944 155 41 among
524 2942 130 28 many
687 2927 122 43 other
839 2926 287 42 illustrations
1158 2926 74 42 the
1264 2930 94 38 root
1389 2928 21 20 "
1425 2925 80 44 ar."
1566 2925 102 43 This
1690 2925 53 42 he
1776 2923 105 42 finds
1903 2921 40 41 in

337 3003 73 42 the
432 3001 109 42 later
564 2997 192 45 Sanscrit
773 2998 44 41 in
841 2997 73 42 the
933 2996 115 43 word
1071 3006 140 43 arya,
1237 3010 24 27 a
1283 2995 117 43 tiller
1421 2996 44 41 of
1485 2996 74 42 the
1581 2995 89 43 soil.
1733 2993 120 42 With
1877 2992 66 39 the

370 3084 11 22 1
409 3080 145 51 Quoted
572 3080 50 36 by
642 3079 87 36 Max
749 3077 146 37 Miiller,
915 3078 157 36 Lectures
1089 3088 41 26 on
1151 3075 52 37 the
1221 3075 135 37 Science
1373 3075 40 48 of
1423 3076 201 47 Language,
1643 3074 69 37 vol.
1733 3074 21 36 i.
1774 3085 32 37 p.
1827 3073 76 35 391.
