2411 3372
929 78 20 16 -*■
1008 81 16 9 "
1072 71 22 40 >'

1090 43 27 40 /

2 364 308 64 s:âî«;»

1531 426 32 49 9
1643 418 57 57 O
1785 422 292 65 gelb-rund

1534 553 30 48 3
1639 544 72 72 ^
1786 548 396 66 gelb-runzelig

1536 680 32 49 3
1642 671 53 53 Ф
1789 674 308 66 grün-rund

1538 808 27 49 1
1641 798 71 72 ^
1789 800 410 68 grün-runzelig

168 1212 204 61 ^Und
402 1233 112 29 nun
544 1213 116 50 läßt
691 1213 105 51 sich
831 1213 130 50 auch
994 1213 91 50 das
1120 1213 167 50 dritte
1319 1211 347 51 Mendelsche
1700 1211 197 51 Gesetz
1929 1209 383 51 formulieren:

178 1284 210 52 Kreuzt
430 1305 126 30 man
599 1285 224 60 Rassen,
868 1285 84 50 die
997 1285 105 50 sich
1145 1287 56 47 in
1243 1284 292 50 mehreren
1577 1283 513 62 Merkmalspaaren
2133 1292 184 38 unter¬

179 1358 269 61 scheiden,
482 1377 56 31 so
574 1358 135 50 wird
741 1358 153 63 jedes
930 1358 247 49 einzelne
1211 1356 517 65 Erbanlagen-Paar
1761 1355 134 52 nach
1931 1353 125 51 dem
2091 1355 224 49 zweiten

180 1428 383 52 Mendels'chen
604 1429 196 51 Gesetz
840 1430 240 59 vererbt,
1117 1430 115 50 und
1274 1429 87 50 die
1402 1428 249 64 Anlagen
1691 1426 419 52 verschiedener
2148 1425 171 50 Paare

179 1502 219 50 werden
436 1502 350 65 unabhängig
823 1502 377 50 voneinander
1237 1501 240 51 verteilt.
1516 1501 110 50 Das
1664 1499 213 64 Erbgut
1913 1500 71 48 ist
2025 1498 111 50 also
2176 1496 142 50 nicht

184 1577 86 47 ein
310 1574 338 52 unteilbares
690 1574 229 60 Ganzes,
959 1574 239 51 sondern
1237 1573 221 51 besteht
1500 1592 93 31 aus
1636 1569 425 64 selbständigen,
2101 1569 221 50 vonein¬

182 1647 169 50 ander
382 1647 336 49 trennbaren
748 1647 113 49 und
889 1647 132 50 nach
1054 1646 102 51 den
1188 1646 268 51 Gesetzen
1489 1645 95 50 der
1613 1640 709 63 Kombinationsrechnung

185 1719 106 51 sich
317 1719 205 50 wieder
549 1719 426 64 vereinigenden
1001 1718 441 65 Einzelanlagen,
1472 1720 102 49 den
1603 1720 203 50 Genen.

254 1807 124 51 Und
410 1828 66 30 an
507 1809 177 50 dieser
714 1809 167 50 Stelle
913 1808 236 52 erkennt
1179 1829 126 30 man
1336 1810 130 50 auch
1495 1829 125 30 zum
1649 1822 183 38 ersten
1861 1808 145 52 Male
2038 1810 85 50 die
2155 1809 167 64 große

183 1879 326 65 Bedeutung
539 1881 95 50 der
663 1880 256 51 zunächst
949 1882 74 50 als
1052 1881 215 51 nutzlos
1297 1881 424 51 erscheinenden
1747 1882 232 49 Erbsen-
2008 1882 113 50 und
2147 1881 176 50 Meer¬

185 1953 665 50 schweinchen-Versuche
880 1954 91 49 für
999 1953 87 49 die
1114 1953 214 50 Praxis:
1357 1953 160 50 Denn
1547 1973 53 31 es
1630 1954 122 50 sind
1781 1954 120 49 hier
1928 1954 148 49 nicht
2105 1973 104 30 nur
2237 1953 88 50 die

188 2024 472 64 Ausgangssorten
698 2025 206 50 wieder
943 2025 312 60 erstanden,
1295 2025 239 51 sondern
1573 2028 133 47 zwei
1745 2025 167 63 völlig
1949 2044 141 32 neue
2129 2025 197 50 Sorten

185 2095 178 51 haben
400 2097 105 50 sich
545 2097 255 64 gebildet.
839 2098 113 49 Der
991 2097 296 64 geschickte
1325 2097 231 50 Züchter
1594 2097 148 49 kann
1781 2097 131 59 also,
1947 2116 159 31 wenn
2143 2117 58 30 er
2241 2096 85 50 die

187 2167 273 51 erblichen
502 2168 247 65 Anlagen
792 2172 179 48 seiner
1013 2169 257 50 Pflanzen
1313 2169 113 50 und
1466 2169 160 50 Tiere
1669 2169 113 49 und
1826 2169 85 49 die
1955 2168 231 51 Gesetze
2232 2168 95 50 der

186 2239 575 66 Mendel-Vererbung
808 2241 190 60 kennt,
1048 2241 165 50 durch
1260 2242 300 63 Kreuzung
1606 2240 307 51 Merkmale
1959 2240 370 50 miteinander

189 2315 333 60 vereinigen,
572 2313 84 51 die
705 2314 228 49 vordem
980 2312 382 52 Kennzeichen
1410 2313 418 51 verschiedener
1876 2312 206 51 Rassen
2129 2332 198 31 waren.

190 2385 160 50 Diese
390 2384 335 53 Erkenntnis
763 2389 70 48 ist
871 2387 92 48 für
1004 2386 85 50 die
1128 2385 408 63 systematische
1574 2386 149 50 Tier-
1760 2385 114 50 und
1910 2385 419 50 Pflanzenzucht

189 2477 104 30 von
330 2458 546 50 außerordentlicher
907 2458 328 64 Bedeutung
1269 2457 313 65 geworden!
1617 2459 82 49 Da
1733 2458 96 49 hat
1863 2477 126 29 man
2024 2460 57 47 in
2115 2457 215 50 freilich

189 2529 276 64 unsäglich
521 2531 345 50 mühevoller
919 2530 493 64 Züchtungsarbeit
1469 2530 429 50 frühreifenden
1949 2529 226 50 Weizen
2231 2531 100 48 mit

189 2602 216 50 solchen
451 2602 195 50 Sorten
690 2602 356 62 kombiniert,
1093 2603 86 49 die
1224 2603 144 50 hohe
1411 2602 230 64 Erträge
1684 2602 252 64 bringen,
1977 2602 114 50 und
2137 2621 57 31 so
2240 2602 89 49 die

188 2673 398 65 Anbaugrenze
628 2704 71 5 —
739 2694 97 30 vor
881 2675 163 50 allem
1086 2677 56 47 in
1184 2673 233 51 Kanada
1458 2675 115 49 und
1616 2673 258 51 Rußland
1916 2702 72 6 —
2027 2676 128 48 weit
2196 2673 135 50 nach

188 2745 225 51 Norden
465 2747 252 50 schieben
769 2748 112 49 und
935 2747 241 64 zugleich
1229 2747 87 50 die
1368 2746 211 50 Ernten
1630 2745 408 52 vervielfachen
2090 2746 241 50 können.

189 2819 124 51 Und
346 2822 100 48 wie
480 2839 52 31 es
565 2822 101 48 mit
699 2819 124 50 dem
853 2819 222 50 Weizen
1107 2839 128 41 war,
1267 2839 57 31 so
1357 2822 71 47 ist
1460 2838 53 31 es
1542 2821 104 47 mit
1678 2817 318 51 Kartoffeln
2027 2819 113 49 und
2174 2818 156 59 Mais,

188 2890 432 51 Fettschweinen
667 2893 112 49 und
828 2888 374 55 Milchkühen:
1252 2891 124 51 Alle
1424 2891 255 51 bewußte
1729 2891 281 65 Züchtung
2056 2891 132 64 geht
2237 2890 94 50 auf

188 2964 247 56 Mendels
471 2964 164 55 Werk
670 2964 213 52 zurück.
