2113 3404
400 198 53 41 92

880 215 86 30 THE
999 215 242 32 DISORDERS
1273 216 54 31 OF
1358 215 174 31 SI'EECII.

399 328 111 43 close
548 331 47 40 of
629 331 71 43 the
739 334 92 40 first
865 347 102 41 year
1003 334 73 42 the
1110 334 129 42 laugh
1273 334 173 41 became
1479 333 212 50 different,
1726 332 127 58 being
1890 348 111 30 more

400 400 235 53 conscious,
659 403 83 42 and
765 403 233 43 indicative
1020 405 43 40 of
1086 418 114 28 more
1225 403 337 42 understanding
1578 403 105 41 than
1706 403 152 42 before.

460 471 159 55 Preyer
641 478 121 37 notes
787 473 95 42 that
912 473 73 43 the
1007 473 116 42 child
1155 473 126 43 could
1304 473 55 55 by
1383 472 184 42 tickling
1598 472 51 42 be
1671 473 122 41 made
1816 479 41 35 to
1879 473 126 44 laugh

400 554 108 28 even
541 555 46 28 as
622 543 117 55 early
761 557 47 28 as
840 543 74 42 the
948 543 156 42 second
1137 543 160 41 month.
1360 542 138 49 Later,
1529 542 87 42 this
1648 542 128 42 reflex
1812 542 194 44 laughter

399 624 85 28 was
517 612 134 42 found
684 618 43 36 to
759 613 101 41 bear
891 627 24 27 a
947 613 111 41 close
1090 612 290 42 resemblance
1412 615 44 37 to
1489 610 95 42 that
1604 611 214 54 produced
1850 612 55 55 by
1937 613 69 42 the

398 681 219 41 imitation
659 682 44 42 of
737 682 199 42 laughter
968 683 46 40 in
1045 682 153 41 others.
1260 679 44 43 It
1339 680 75 42 did
1456 685 76 37 not
1571 695 115 28 seem
1728 686 42 37 to
1813 682 50 41 be
1901 683 106 55 fully

398 751 222 53 possessed
671 752 47 41 of
766 752 72 41 the
890 766 141 40 merry
1072 751 95 56 ring
1212 751 44 42 of
1306 751 74 41 the
1431 755 288 50 spontaneous
1769 753 238 41 expressive

397 819 208 43 laughter.

455 889 179 41 Darwin
657 904 98 28 says
778 890 95 42 that
903 891 46 40 in
972 891 73 41 the
1070 890 178 56 gradual
1280 890 294 55 acquirement
1605 891 55 55 by
1683 891 161 42 infants
1875 892 44 41 of
1941 892 69 43 the

396 972 144 40 power
573 959 44 41 of
649 959 207 55 laughing
888 974 63 28 we
984 960 108 42 have
1124 974 24 28 a
1179 974 95 28 case
1305 960 47 41 in
1384 973 116 28 some
1532 961 148 55 degree
1711 960 228 55 analogous
1970 968 41 36 to

396 1029 96 41 that
514 1029 44 41 of
581 1030 217 54 weeping:
830 1030 185 54 practice
1037 1031 37 41 is
1105 1044 225 28 necessary
1352 1030 143 42 before
1527 1030 71 42 the
1621 1030 116 42 child
1769 1045 78 27 can
1878 1038 133 35 either

393 1099 129 55 laugh
546 1114 46 26 or
625 1114 143 40 weep;
794 1100 94 54 just
919 1114 45 28 as
997 1101 35 41 it
1062 1101 36 41 is
1121 1115 225 28 necessary
1369 1101 141 41 before
1543 1101 53 42 he
1627 1115 77 27 can
1740 1101 120 42 walk.
1923 1102 85 42 The

392 1174 67 36 art
481 1169 46 41 of
545 1170 249 55 screaming,
817 1184 55 27 on
901 1171 73 42 the
1004 1171 121 42 other
1147 1171 127 41 hand,
1297 1172 107 40 from
1436 1171 128 41 being
1586 1172 46 40 of
1660 1171 161 42 service
1843 1176 44 36 to
1910 1185 98 41 very

392 1254 146 40 young
570 1240 175 42 infants,
782 1241 36 41 is
853 1241 131 55 finely
1022 1242 235 41 developed
1296 1241 109 42 from
1441 1242 74 41 the
1552 1242 169 41 earliest
1763 1242 115 54 days.
1939 1242 67 42 He

392 1310 126 42 holds
540 1310 96 42 that
667 1311 193 42 children
891 1312 209 55 probably
1122 1312 130 41 laugh
1284 1312 85 41 and
1400 1326 74 40 cry
1497 1312 56 41 by
1575 1311 214 42 inherited
1821 1312 187 49 instinct,

394 1380 85 42 and
500 1380 96 42 that
619 1381 103 55 they
744 1381 266 42 understand
1032 1383 56 54 by
1117 1382 182 42 instinct
1331 1382 120 42 these
1473 1382 163 41 actions
1660 1381 45 42 in
1727 1382 151 41 others.
1942 1382 66 41 He

392 1465 98 41 says
513 1451 57 55 (p.
596 1451 101 44 379)
716 1451 95 42 that
828 1466 80 27 one
930 1452 46 41 of
994 1452 67 42 his
1083 1466 96 28 own
1197 1452 191 42 children
1412 1457 44 37 at
1477 1452 73 42 the
1569 1466 75 41 age
1667 1452 43 41 of
1729 1452 93 41 four
1840 1452 168 41 months

394 1521 261 42 understood
676 1535 25 27 a
731 1521 136 42 smile,
890 1522 84 41 and
1005 1522 240 42 responded
1268 1527 42 37 to
1342 1523 35 41 it
1398 1523 57 41 by
1478 1522 204 42 another;
1714 1523 85 40 and
1823 1527 94 36 that
1939 1522 69 41 the

393 1605 117 27 same
533 1590 126 42 child,
683 1591 124 41 when
830 1605 24 27 a
876 1592 82 41 few
980 1592 105 54 days
1108 1606 101 27 over
1230 1592 65 41 six
1326 1591 184 42 months'
1536 1591 82 42 old,
1643 1606 84 26 was
1750 1591 183 54 brought
1954 1591 55 53 by

395 1661 234 54 sympathy
653 1666 42 35 to
733 1661 75 41 the
842 1662 122 53 point
987 1662 45 40 of
1063 1662 203 54 weeping,
1289 1661 124 41 when
1446 1661 67 41 his
1547 1674 126 28 nurse
1707 1660 233 55 pretended
1967 1666 40 35 to

395 1746 85 26 cry.
543 1731 178 41 Darwin
753 1731 190 42 remarks
975 1746 115 40 upon
1113 1732 73 41 the
1217 1732 213 41 retention
1460 1731 46 41 of
1534 1731 192 54 weeping
1746 1730 264 55 throughout

395 1802 75 41 life
494 1802 56 54 by
573 1815 174 27 savages
769 1815 46 27 as
838 1815 24 27 a
884 1815 147 28 means
1053 1802 44 41 of
1119 1802 247 54 expressing
1388 1801 212 41 emotion;
1621 1801 85 41 and
1727 1807 149 49 quotes
1900 1801 105 40 from

396 1871 71 43 Sir
487 1871 119 42 John
642 1873 204 41 Lubbock
881 1872 73 42 the
983 1885 95 28 case
1111 1872 44 41 of
1176 1885 25 28 a
1230 1871 109 41 New
1374 1871 188 41 Zealand
1596 1871 114 42 chief
1731 1875 19 17 "
1770 1871 94 41 who
1895 1870 112 42 cried

394 1943 89 41 like
517 1956 24 27 a
577 1943 116 41 child
727 1943 181 42 because
943 1942 75 42 the
1055 1942 149 42 sailors
1240 1941 165 54 spoiled
1441 1941 68 42 his
1546 1941 212 42 favourite
1795 1941 121 41 cloak
1953 1941 52 52 by

394 2012 250 55 powdering
665 2013 35 41 it
731 2019 107 35 with
871 2012 143 42 flour."
1075 2013 71 40 He
1183 2011 150 42 thinks
1365 2011 96 41 that
1495 2011 197 55 laughter
1722 2012 37 41 is
1789 2011 218 55 primarily

395 2084 73 41 the
511 2083 248 42 expression
801 2083 44 42 of
887 2097 113 28 mere
1037 2083 77 54 joy
1145 2081 86 43 and
1271 2082 256 54 happiness;
1567 2095 46 28 as
1646 2096 62 27 we
1742 2081 159 42 clearly
1941 2094 66 28 see

395 2155 47 40 in
478 2154 195 42 children
711 2159 45 36 at
792 2167 113 41 play,
944 2153 95 41 who
1077 2167 70 27 are
1182 2156 155 37 almost
1370 2151 263 55 incessantly
1663 2151 215 55 laughing.
1939 2151 67 41 He

396 2239 105 27 once
521 2224 132 41 heard
675 2238 24 27 a
721 2224 117 41 child
871 2238 24 27 a
916 2224 114 41 little
1052 2223 137 41 under
1220 2223 96 41 four
1337 2236 122 41 years
1491 2221 82 52 old,
1597 2221 125 42 when
1743 2222 130 42 asked
1896 2227 111 36 what

396 2308 87 27 was
525 2298 147 37 meant
705 2294 58 53 by
800 2294 127 41 being
962 2293 47 42 in
1042 2293 109 55 good
1192 2292 160 55 spirits,
1394 2306 177 28 answer,
1606 2296 21 16 "
1646 2292 43 41 It
1716 2292 37 42 is
1795 2292 212 55 laughing,

398 2363 181 54 talking,
601 2362 84 41 and
706 2362 200 55 kissing."

460 2435 43 41 C.
538 2432 414 43 Grunting.This
982 2432 37 41 is
1046 2446 54 27 an
1132 2432 275 42 inarticulate
1439 2432 137 42 sound
1605 2433 45 40 of
1677 2446 23 27 a
1724 2445 113 28 more
1859 2445 46 27 or
1926 2431 80 41 less

399 2503 244 57 expressive
666 2502 227 42 character,
915 2502 141 41 which
1078 2516 99 41 may
1199 2503 51 41 be
1272 2503 151 54 placed
1444 2502 218 42 alongside
1685 2502 43 42 of
1749 2502 149 54 crying
1925 2500 80 42 aud

398 2574 220 55 laughing.
678 2573 160 41 Preyer
870 2572 130 42 noted
1027 2572 36 41 it
1096 2572 155 41 within
1285 2573 74 42 the
1393 2573 93 42 first
1519 2573 121 42 three
1674 2573 183 41 months,
1879 2585 44 28 as
1954 2585 52 28 an

399 2646 347 41 announcement
767 2643 44 40 of
833 2642 238 55 completed
1093 2642 224 56 digestion,
1332 2657 46 28 or
1399 2644 47 40 of
1459 2657 206 29 wetness;
1697 2643 83 41 and
1802 2657 97 28 says
1917 2647 90 37 that

401 2717 65 41 for
487 2715 73 41 the
583 2714 92 41 first
706 2713 46 42 of
780 2712 120 42 these
933 2717 132 37 states
1097 2712 35 42 it
1165 2726 84 28 was
1281 2713 193 42 retained
1506 2714 56 54 by
1585 2714 72 41 the
1679 2713 116 42 child
1825 2714 90 40 into
1939 2712 67 42 the

399 2784 282 45 seventeenth
704 2783 162 42 month.
930 2783 43 41 It
1003 2797 84 27 was
1108 2782 218 55 generally
1348 2783 234 42 associated
1606 2783 103 41 with
1731 2785 21 21 "
1766 2780 239 45 abdominal

396 2854 233 59 pressure,"
651 2854 85 42 and
761 2859 103 36 with
890 2852 132 43 lively
1046 2857 269 38 movements
1337 2853 43 41 of
1403 2852 71 42 the
1496 2866 123 28 arms.
