2113 3404
425 221 85 44 400

925 239 86 31 THE
1043 240 242 33 DISORDERS
1317 242 53 31 OF
1402 243 174 32 SPEECH.

429 354 183 43 muscles
649 357 45 40 of
729 356 72 43 the
841 358 144 52 cheek,
1009 364 168 52 tongue,
1201 365 77 38 etc.
1342 361 20 41 I
1396 362 107 42 have
1539 367 120 38 notes
1681 363 46 42 of
1757 368 82 37 two
1862 377 115 28 cases
2000 365 45 40 of

427 423 87 43 this
538 425 119 52 kind,
679 427 46 42 in
749 428 139 43 which
913 430 73 42 the
1009 431 277 42 convulsions
1308 446 109 29 were
1439 433 170 42 limited
1641 438 43 37 to
1717 433 73 43 the
1816 433 115 55 right
1952 434 90 42 side

426 495 47 41 of
491 495 75 43 the
588 497 92 43 face
701 499 85 42 and
810 499 73 43 the
915 501 115 55 right
1058 515 116 39 arm;
1206 502 96 41 and,
1333 502 45 41 in
1411 503 102 42 each
1546 504 46 41 of
1611 504 131 42 these,
1773 503 72 43 the
1876 504 167 55 patient

428 580 85 29 was
537 569 252 53 speechless,
812 571 164 55 though
1004 585 130 29 never
1165 573 294 52 unconscious,
1482 574 101 42 both
1608 575 156 53 during
1785 575 74 42 the
1881 575 160 42 seizure

427 637 84 42 and
534 638 64 42 for
619 654 25 27 a
668 641 167 42 minute
858 655 45 28 or
925 646 85 37 two
1034 642 109 42 after
1165 643 35 42 it
1221 657 86 28 was
1330 658 108 28 over.

485 708 42 42 It
551 709 76 42 has
650 710 107 42 been
780 712 311 55 suggested—I
1121 712 53 42 do
1203 717 77 38 not
1307 715 239 41 remember
1573 715 57 41 by
1653 715 295 42 whom—that
1969 715 73 42 the

423 777 105 42 loud
562 778 239 56 "epileptic
838 778 114 57 cry,"
988 781 141 42 which
1166 796 45 28 so
1248 783 117 41 often
1402 784 200 53 precedes
1639 798 24 27 a
1699 784 49 41 fit
1784 785 45 41 of
1871 785 171 54 general

424 848 291 53 convulsions,
737 849 37 42 is
802 849 84 43 due
915 855 44 37 to
988 851 166 42 sudden
1177 856 139 37 motor
1337 852 219 56 discharge
1588 854 110 41 from
1719 854 73 42 the
1814 860 143 36 centre
1980 855 63 41 for

426 918 251 54 phonation,
699 919 43 41 in
768 920 74 42 the
865 921 89 41 foot
976 920 47 42 of
1050 921 72 42 the
1145 922 233 55 ascending
1399 922 159 42 frontal
1581 923 300 42 convolution;
1914 925 82 40 and
2022 926 18 39 I

426 989 130 41 think
578 989 122 42 there
722 989 36 42 is
781 991 131 41 much
933 991 265 54 probability
1220 992 46 41 in
1289 992 73 42 the
1386 993 256 54 suggestion.

654 1154 150 43 Speech
829 1155 193 42 Troubles
1043 1156 49 41 in
1117 1156 156 42 Chorea
1295 1156 89 41 and
1405 1156 49 42 in
1475 1155 240 44 Spasmodic
1739 1157 83 42 Tic.

489 1261 35 40 1.
559 1260 54 41 In
652 1260 196 42 Chorea,
880 1275 25 27 a
941 1261 164 41 certain
1139 1260 150 55 degree
1323 1261 47 41 of
1399 1261 162 42 mental
1596 1261 174 42 dulness
1800 1275 103 29 very
1925 1268 118 36 often

427 1331 203 55 precedes
665 1331 75 42 the
777 1345 263 42 appearance
1075 1331 43 41 of
1150 1331 75 42 the
1257 1331 168 42 choreic
1455 1336 266 37 movements
1742 1332 45 41 in
1809 1332 73 42 the
1903 1332 140 52 limbs,

428 1401 86 41 and
550 1401 37 41 is
625 1404 75 51 apt
736 1404 44 38 to
818 1401 158 54 persist
1011 1401 130 43 while
1177 1401 120 42 these
1331 1405 267 38 movements
1630 1415 68 28 are
1730 1407 182 49 present.
1990 1403 53 42 In

429 1485 146 29 severe
613 1485 128 37 cases,
763 1471 138 55 again,
923 1471 121 42 there
1080 1472 37 42 is
1151 1472 119 42 often
1310 1472 100 41 wild
1442 1472 209 41 delirium.
1713 1472 236 42 Therefore,
1970 1473 72 41 the

429 1541 165 42 mental
615 1541 221 42 functions
858 1541 128 42 being
1008 1555 45 28 so
1076 1542 117 42 often
1215 1542 214 42 involved,
1452 1542 35 41 it
1508 1542 37 41 is
1566 1547 76 36 not
1663 1541 264 55 improbable
1949 1543 95 41 that

431 1628 52 26 an
504 1626 187 28 element
709 1612 45 41 of
773 1612 189 42 amnesic
986 1612 176 54 aphasia
1178 1613 36 41 is
1232 1627 196 27 common
1445 1613 44 40 in
1508 1612 160 42 chorea.
1730 1613 89 41 But
1841 1613 21 41 I
1884 1619 158 36 cannot

430 1696 74 28 say
529 1681 96 42 that
647 1681 22 41 I
692 1681 109 42 have
824 1686 89 37 met
934 1681 107 41 with
1063 1696 83 27 any
1171 1682 178 41 distinct
1370 1682 167 42 records
1555 1682 42 41 of
1619 1696 115 28 cases
1757 1682 192 56 showing
1969 1683 73 43 the

429 1766 205 42 presence
672 1753 45 41 of
750 1752 89 41 this
874 1752 230 42 condition.
1176 1752 137 42 What
1350 1766 61 28 we
1448 1753 53 40 do
1538 1752 89 41 find
1662 1766 103 40 very
1800 1753 243 55 commonly

429 1825 38 41 is
497 1838 117 28 more
644 1838 46 27 or
714 1823 85 42 less
828 1823 284 42 interference
1136 1823 107 42 with
1272 1823 73 41 the
1374 1827 138 37 motor
1539 1823 226 42 execution
1794 1824 46 40 of
1867 1824 177 41 speech;

430 1896 84 42 and
552 1895 88 41 this
677 1895 36 41 is
750 1908 97 28 sure
884 1899 43 36 to
964 1894 51 41 be
1048 1894 222 42 exhibited
1304 1894 224 41 whenever
1560 1893 73 42 the
1668 1893 182 42 muscles
1887 1894 43 41 of
1972 1895 72 42 the

431 1966 90 43 oral
557 1965 286 42 articulative,
876 1965 75 41 the
988 1964 134 42 vocal,
1159 1978 46 28 or
1247 1964 73 41 the
1361 1969 258 50 respiratory
1656 1963 285 43 mechanisms
1973 1979 71 28 are

431 2036 211 44 seriously
666 2035 206 42 involved
904 2035 48 41 in
989 2035 73 42 the
1095 2035 240 41 spasmodic
1372 2035 282 41 disturbance.
1718 2034 53 41 In
1802 2039 75 36 not
1908 2048 24 27 a
1963 2035 81 41 few

430 2121 130 29 cases,
581 2107 74 41 the
690 2105 186 42 muscles
910 2105 46 42 of
984 2105 60 42 all
1065 2105 121 42 these
1209 2104 287 42 mechanisms
1519 2119 69 27 are
1612 2104 206 55 seriously
1840 2104 202 42 involved

430 2178 206 55 together.
699 2176 119 55 They
842 2191 99 27 may
963 2176 52 42 be
1038 2175 179 42 affected
1240 2180 44 36 to
1307 2175 105 41 such
1434 2189 24 27 a
1480 2174 160 55 degree,
1662 2174 95 42 that
1785 2174 72 42 the
1879 2174 166 55 patient

429 2250 50 41 is,
501 2249 65 42 for
588 2248 75 42 the
686 2248 104 41 time
811 2247 140 55 being,
973 2246 208 43 rendered
1202 2245 252 55 practically
1477 2243 160 44 dumb.1

492 2320 20 41 I
536 2333 100 28 may
659 2318 100 42 here
782 2318 138 41 insert
941 2332 24 26 a
987 2317 113 42 brief
1118 2330 100 28 note
1240 2317 46 40 of
1304 2320 85 37 two
1412 2329 114 29 cases
1549 2316 45 41 of
1612 2329 73 41 my
1707 2329 108 36 own,
1837 2315 45 41 in
1903 2314 140 42 which

430 2390 155 43 speech
610 2404 86 27 was
730 2389 100 41 thus
862 2389 224 41 markedly
1109 2387 233 41 interfered
1365 2387 131 41 with;
1528 2400 79 27 one
1639 2386 44 40 of
1713 2385 116 41 them
1862 2385 128 54 being
2020 2398 25 27 a

431 2475 95 29 case
549 2460 44 43 of
615 2460 203 42 ordinary
842 2459 151 41 chorea
1016 2459 44 40 in
1084 2472 24 27 a
1130 2457 128 42 child,
1280 2457 84 41 and
1397 2457 71 40 the
1503 2456 120 40 other
1645 2470 23 26 a
1690 2468 94 28 case
1806 2455 44 40 of
1870 2468 173 28 chronic

430 2546 155 29 chorea
605 2530 48 42 in
675 2544 55 28 an
752 2529 132 42 adult.

490 2671 120 44 Case
647 2670 51 42 V.
748 2667 224 56 (Personal
994 2667 303 42 observation.)
1358 2665 138 42 Shows
1526 2664 280 42 disturbances
1836 2665 50 55 of
1909 2665 136 54 speech

419 2741 122 55 from
578 2738 271 42 involvement
890 2737 47 39 in
978 2735 153 41 choreic
1178 2737 239 38 movements
1461 2733 50 54 of
1549 2733 64 41 the
1653 2733 169 40 muscles
1866 2732 49 54 of
1953 2733 91 40 oral

429 2810 286 47 articulation,
743 2820 251 42 phonation,
1029 2805 89 41 and
1153 2802 366 43 respiration.—A
1556 2803 81 54 boy
1670 2802 104 55 aged
1811 2802 128 55 eight,
1970 2801 72 42 ad-

432 2881 153 43 mitted
609 2881 92 40 into
718 2878 136 42 Ward
881 2877 68 41 31,
967 2891 52 27 on
1047 2875 104 41 10th
1174 2875 43 41 of
1239 2874 238 42 December
1501 2874 122 40 1892.
1676 2873 87 43 The
1787 2885 151 28 chorea
1959 2870 81 43 had

480 2991 10 23 1
519 2990 110 36 Some
646 3001 90 24 very
754 2986 218 37 instructive
990 2996 96 24 cases
1104 2983 38 37 of
1165 2983 129 35 chorea
1313 2981 91 37 with
1430 2981 129 48 speech
1578 2980 248 36 disturbances
1843 2979 93 35 have
1952 2978 93 36 been

433 3050 173 39 recorded
624 3050 49 48 by
693 3048 168 45 Charcot,
881 3047 128 34 Lemons
1025 3045 50 35 du
1092 3043 135 45 Mardi,
1249 3045 101 43 1889,
1370 3051 59 41 pp.
1451 3042 44 35 37
1513 3040 72 37 and
1606 3043 77 34 103,
