2125 3612
170 296 303 37 PHARYNGEAL
505 295 229 32 TROUBLES
768 294 53 31 OF
855 293 331 32 PROFESSIONAL
1218 294 307 32 VOICE-USERS.
1622 282 55 45 73

23 420 215 55 produced
262 420 57 54 by
343 416 321 44 overstraining
696 415 44 42 of
773 414 74 43 the
872 413 135 51 voice,
1029 427 60 37 or,
1110 413 166 55 having
1308 413 112 43 been
1453 416 222 53 produced

23 491 241 42 otherwise,
286 490 52 42 be
361 487 260 58 aggravated
648 488 45 41 in
716 487 89 42 this
836 500 106 42 way.
1008 485 139 42 Other
1179 498 164 37 causes,
1379 485 145 43 which
1556 501 118 29 seem

22 562 175 43 3apable
216 562 46 42 of
280 561 194 42 exciting
492 574 47 28 or
556 559 285 56 aggravating
860 558 72 42 the
952 557 221 56 affection,
1193 570 71 28 are
1283 556 75 42 the
1377 556 202 45 habitual
1598 574 76 28 use

22 634 41 43 Df
79 634 176 41 tobacco
273 633 46 41 in
338 632 202 43 smoking
558 646 47 27 or
622 631 202 54 snuffing,
840 629 85 42 and
945 629 75 43 the
1038 643 76 28 use
1134 629 47 41 of
1200 628 79 42 hot
1297 629 141 55 spices
1457 644 48 27 or
1523 632 149 42 condi-

21 713 137 34 ments
182 704 105 44 with
321 705 74 41 the
428 703 112 43 food,
563 717 48 27 or
642 703 47 41 of
718 702 223 42 irritating
973 701 154 42 drinks
1160 700 108 42 such
1300 714 48 30 as
1381 700 181 45 alcohol.
1628 703 46 43 It

21 763 85 56 Ivill
126 777 100 41 here
244 776 51 42 be
312 789 289 29 unnecessary
619 780 43 36 to
679 774 99 56 give
797 788 24 28 a
836 773 192 43 detailed
1046 772 269 56 description
1335 773 44 41 of
1397 773 74 42 the
1491 788 181 42 appear-

20 829 122 70 ances
176 848 44 41 in
255 847 236 42 Follicular
523 846 297 56 Pharyngitis,
850 846 80 42 but
964 845 36 42 it
1032 859 101 41 may
1164 845 52 42 be
1254 844 94 43 said
1387 845 153 56 briefly
1574 850 100 39 that

20 911 114 71 [hree
168 920 133 41 forms
330 919 45 42 of
408 918 74 43 the
504 917 205 43 affection
732 917 111 43 have
875 917 112 43 been
1020 916 337 57 distinguished,
1381 917 93 52 viz.,
1500 917 62 56 (1)
1595 918 77 43 the

20 990 160 55 Biinple
197 989 340 56 Hypertrophic,
550 989 64 56 (2)
634 989 74 43 the
723 988 333 57 Hypertrophic
1072 993 107 37 with
1194 987 223 43 excessive
1434 988 239 52 Secretion,

34 1061 45 45 3)
103 1076 56 28 an
176 1062 216 56 Atrophic
410 1062 124 42 form,
554 1061 144 42 which
715 1075 140 28 seems
874 1066 44 36 to
935 1060 54 43 be
1007 1060 74 42 the
1104 1065 202 37 outcome
1330 1060 46 42 of
1396 1060 74 42 the
1494 1060 177 56 Hyper-

20 1135 163 56 Sophie
207 1149 115 28 ones.
376 1135 55 41 In
455 1134 74 42 the
552 1133 332 57 Hypertrophic
907 1133 147 51 forms,
1068 1132 197 42 rounded
1288 1132 313 56 granulations,
1625 1147 47 27 or

21 1222 229 42 elongated
272 1206 254 43 elevations,
544 1220 46 28 or
612 1205 228 43 extensive
863 1204 181 56 patches
1067 1204 48 42 of
1135 1204 260 56 thickening
1418 1218 70 28 are
1512 1204 159 43 visible

20 1292 51 28 Dii
102 1279 244 55 inspection
366 1295 8 35 ;
405 1278 86 41 and
525 1277 135 42 these,
683 1291 57 27 on
773 1275 286 56 microscopic
1093 1275 314 52 examination,
1431 1289 72 28 are
1532 1275 141 42 found

16 1352 43 40 bo
83 1350 52 42 be
158 1349 126 43 made
314 1364 60 27 up
400 1349 48 42 of
476 1347 343 57 hypertrophied
843 1360 182 28 mucous
1048 1346 171 56 glands,
1247 1346 105 42 with
1376 1347 297 55 surrounding

34 1421 241 42 nfiltration
307 1422 47 40 of
381 1419 230 57 lymphoid
634 1419 147 42 tissue.
846 1419 55 40 In
924 1417 75 43 the
1022 1432 122 27 areas
1178 1417 44 42 of
1255 1417 317 56 hypertrophy,
1596 1418 76 42 the

19 1493 161 43 Drifices
203 1493 45 42 of
276 1492 75 42 the
373 1505 182 28 mucous
578 1490 127 42 ducts
728 1504 71 28 are
822 1494 121 37 often
967 1489 214 42 observed
1204 1494 45 37 to
1273 1489 52 42 be
1349 1489 161 55 widely
1533 1503 112 42 open
1664 1504 9 39 ;

18 1564 92 42 and,
141 1565 111 41 from
290 1565 123 41 these
451 1577 225 41 openings,
707 1562 47 41 in
794 1561 75 43 the
908 1561 114 41 form
1060 1562 47 41 of
1143 1561 75 41 the
1257 1560 207 43 affection
1504 1561 97 42 that
1634 1562 38 42 is

13 1618 207 73 Attended
253 1636 107 42 with
398 1634 225 43 increased
662 1633 228 43 secretion,
929 1633 181 42 whitish
1149 1647 165 28 masses
1353 1647 47 27 or
1438 1633 153 42 shreds
1630 1634 48 41 of

18 1708 204 47 secretion
256 1721 100 41 may
379 1706 182 42 depend.
628 1705 54 42 In
708 1705 76 42 the
806 1704 220 56 Atrophic
1059 1705 125 51 form,
1208 1704 76 42 the
1317 1718 185 28 mucous
1534 1718 136 29 mem-

12 1791 132 39 prane
167 1779 47 42 in
236 1779 75 42 the
334 1778 229 56 atrophied
588 1782 120 51 parts
731 1777 37 43 is
793 1777 111 53 thin,
927 1776 187 43 smooth,
1137 1776 87 42 and
1247 1776 91 43 dry.

68 1851 147 42 When
239 1851 75 41 the
337 1849 225 44 condition
585 1849 38 42 is
647 1849 100 42 well
769 1848 197 43 marked,
991 1847 73 43 the
1087 1847 174 57 patient
1293 1847 245 57 complains
1571 1849 49 41 of
1649 1863 25 27 a

18 1929 197 39 constant
246 1922 220 43 irritation
500 1926 46 37 at
578 1921 75 42 the
686 1921 113 42 back
833 1920 47 42 of
908 1919 77 43 the
1016 1920 161 53 throat,
1204 1935 47 28 as
1283 1920 39 42 if
1351 1934 120 29 some
1505 1920 168 55 foreign

20 1995 106 42 lody
158 2010 47 27 or
236 1995 222 54 irritating
489 1993 183 56 particle
707 2007 113 28 were
854 1992 158 56 lodged
1044 1993 134 42 there.
1243 1992 72 43 He
1348 1993 37 42 is
1419 1993 255 56 constantly

28 2067 189 41 lawking
239 2081 47 27 or
309 2080 191 28 clearing
525 2065 65 42 his
613 2065 148 42 throat
787 2069 44 38 to
854 2069 74 51 get
950 2064 67 42 rid
1040 2065 44 41 of
1117 2064 90 42 this
1229 2064 218 43 irritation
1466 2080 9 38 ;
1507 2065 88 43 and
1617 2065 56 43 he

21 2152 91 42 may
135 2138 51 43 be
208 2137 210 44 rendered
440 2151 46 28 so
509 2136 232 42 miserable
765 2136 58 55 by
846 2136 37 42 it
904 2150 47 28 as
976 2142 42 36 to
1045 2136 179 42 become
1257 2136 416 56 hypochondriacal,

20 2225 36 26 or
74 2224 121 28 even,
210 2210 262 41 sometimes,
491 2208 196 42 suicidal.
742 2208 151 42 Cough
915 2209 35 41 is
968 2207 92 43 also
1078 2208 252 55 frequently
1347 2209 174 42 excited
1539 2226 8 36 ;
1573 2210 99 52 and,

19 2296 37 28 is
72 2281 73 43 the
163 2281 206 42 inflamed
384 2281 169 42 surface
572 2295 100 41 may
691 2279 137 53 bleed,
848 2280 303 57 Haemoptysis
1170 2294 100 42 may
1286 2295 139 28 occur.
1491 2282 181 43 Besides

19 2353 139 57 tough,
182 2353 184 42 another
394 2352 138 43 result
564 2352 48 42 of
640 2351 132 43 reflex
802 2351 221 42 irritation
1056 2352 37 42 is
1127 2366 146 28 spasm
1307 2352 45 42 of
1385 2352 75 44 the
1491 2353 153 57 glottis
1664 2369 10 39 ;

19 2425 143 53 vhich,
184 2425 213 43 however,
417 2425 36 42 is
475 2430 92 37 met
592 2424 105 42 with
721 2423 106 57 only
848 2424 48 41 in
920 2438 24 28 a
968 2439 106 28 very
1098 2424 130 43 small
1250 2426 255 55 proportion
1529 2427 47 42 of
1597 2426 75 43 the

17 2512 115 30 .ases.

63 2571 61 42 To
158 2570 73 43 the
263 2569 286 57 professional
582 2569 257 52 voice-user,
862 2583 83 30 one
977 2570 45 42 of
1059 2570 76 43 the
1170 2575 115 38 most
1318 2571 166 43 serious
1518 2573 45 41 of
1596 2573 75 42 the

21 2648 227 52 ymptoms
271 2643 36 42 is
332 2643 73 42 the
428 2643 272 42 Hoarseness
725 2642 98 43 that
842 2643 177 43 attends
1038 2657 119 42 upon
1176 2643 90 43 this
1284 2644 216 43 affection.
1566 2645 105 43 This

18 2729 86 30 nay
124 2721 115 37 exist
262 2715 186 43 without
471 2715 139 43 direct
631 2714 305 44 involvement
959 2715 45 43 of
1027 2716 75 42 the
1126 2716 174 56 Larynx
1325 2717 48 42 in
1398 2717 74 43 the
1495 2717 174 43 inflam-

18 2794 154 50 matory
206 2788 175 56 change,
415 2801 46 29 as
494 2787 79 43 has
602 2787 180 56 already
815 2788 111 42 been
965 2787 262 57 explained;
1266 2789 81 43 but
1385 2790 124 43 there
1542 2791 38 42 is
1612 2805 58 29 no

18 2859 123 44 loubt
173 2860 97 43 that
302 2860 46 42 in
382 2874 119 29 some
535 2874 119 29 cases
688 2860 76 42 the
798 2860 168 43 disease
1000 2861 187 42 extends
1225 2861 94 42 into
1358 2861 76 43 the
1466 2862 205 54 Larynx;

18 2932 71 45 md
113 2932 96 43 that
231 2933 45 41 in
299 2932 145 43 others
469 2932 73 43 the
566 2937 204 38 constant
788 2933 220 56 coughing
1030 2933 87 42 and
1140 2933 194 43 clearing
1357 2934 48 42 of
1424 2934 74 43 the
1523 2935 147 42 throat

18 3005 227 42 iverstrain
269 3004 74 43 the
366 3005 190 56 Larynx,
578 3004 99 54 and,
700 3004 58 57 by
781 3005 195 56 exciting
1009 3005 254 56 congestion
1297 3006 88 42 and
1416 3007 172 42 catarrh
1621 3007 48 42 in

18 3081 31 40 t,
72 3077 105 43 tend
200 3076 248 57 materially
472 3083 44 36 to
540 3082 234 51 aggravate
799 3076 74 43 the
897 3076 267 44 hoarseness.

61 3149 54 42 In
139 3154 248 38 treatment,
406 3149 73 43 the
501 3148 177 58 general
702 3148 151 43 health
876 3148 159 43 should
1059 3149 52 42 be
1134 3148 212 44 attended
1365 3154 55 38 to.
1475 3149 92 43 The
1592 3164 74 28 use

1460 3221 29 30 K
