2113 3404
613 256 86 30 THE
732 257 275 32 PHYSIOLOGY
1029 260 61 30 OF
1122 262 86 30 THB
1240 262 480 35 LARYNX.—APPENDIX.

387 3041 12 17 2
421 3037 131 29 Mailer's
565 3036 174 34 Physiology,
755 3041 71 28 page
840 3034 76 27 1015.

354 242 83 40 4S2

353 366 91 36 This
461 368 31 35 is
510 367 63 37 the
596 370 152 47 opinion
766 371 40 36 of
828 372 150 48 Bishop,
998 374 135 46 Willis,
1151 375 72 36 and
1243 375 122 38 others
1381 391 9 31 ;
1415 378 74 36 and
1515 378 64 37 the
1605 380 228 47 supposition
1859 393 113 24 seems

353 432 20 26 a
396 435 89 35 very
503 424 150 38 feasible
680 439 78 24 one.
812 428 35 35 It
867 429 31 35 is
923 429 76 37 also
1026 430 176 37 favoured
1227 431 50 48 by
1295 445 98 24 some
1421 434 40 35 of
1483 435 62 35 the
1571 435 91 36 facts
1688 435 118 37 which
1836 437 17 35 I
1879 437 93 35 have

353 478 186 37 observed.
593 481 37 37 It
655 494 74 25 was
753 484 158 46 noticed,
938 485 56 36 for
1019 487 177 47 example,
1215 487 83 37 that
1322 489 136 49 during
1483 491 63 35 the
1573 492 194 35 transition
1793 492 90 35 from
1911 492 62 36 the

352 537 83 34 true
453 537 101 37 voice
572 543 37 31 to
627 539 63 36 the
716 552 99 24 same
832 546 86 31 note
937 542 39 35 of
998 543 63 35 the
1080 543 99 45 false,
1198 544 63 36 the
1286 546 103 36 vocal
1407 558 179 35 processes
1612 548 145 35 became
1775 553 197 31 somewhat

354 602 101 25 more
481 593 137 49 closely
641 597 306 46 approximated.1
1000 599 45 34 In
1074 599 62 35 the
1163 611 97 25 same
1286 602 278 37 circumstances
1589 603 63 37 the
1676 604 156 36 muscles
1850 605 39 35 of
1910 604 63 35 the

354 646 170 47 pharynx
553 663 93 24 were
673 664 101 24 more
801 653 165 48 strongly
996 655 218 36 contracted.
1278 657 38 35 If
1342 658 74 35 this
1445 660 223 35 contraction
1696 660 45 36 be
1767 660 115 36 really
1910 659 63 36 the

353 715 106 25 cause
478 706 39 35 of
540 707 63 36 the
621 708 129 36 lateral
769 710 237 34 constriction
1025 710 40 35 of
1087 710 63 36 the
1174 711 149 47 thyroid
1350 714 181 47 cartilage,
1549 728 38 23 as
1599 716 80 46 just
1696 716 204 47 explained,
1919 728 53 22 we

352 771 58 25 see
428 766 38 31 at
484 774 88 26 once
590 764 63 36 the
670 777 126 24 means
813 765 51 47 by
882 766 121 35 which
1021 766 63 36 the
1105 767 104 35 vocal
1227 769 102 35 cords
1347 781 60 24 are
1424 770 87 36 thus
1528 772 171 45 partially
1719 772 158 45 brought
1894 772 77 34 into

354 823 155 31 contact.
569 820 18 35 I
613 820 167 46 hesitate,
807 821 182 45 however,
1015 826 38 31 to
1079 823 177 35 conclude
1281 824 95 35 from
1401 825 100 37 these
1526 826 145 36 limited
1697 827 84 35 data
1806 827 80 34 that
1910 826 63 35 the

353 884 107 26 cause
478 875 40 35 of
540 875 64 36 the
622 876 146 35 falsetto
793 877 103 36 voice
921 878 31 35 is
977 877 64 36 the
1058 878 130 36 lateral
1210 881 235 35 constriction
1471 881 39 35 of
1532 882 62 35 the
1620 882 148 46 thyroid
1793 882 180 42 cartilage,

353 930 63 35 the
435 943 100 24 more
554 933 196 47 especially
768 945 37 24 as
825 934 17 35 I
862 934 79 35 find
966 934 139 36 Mttller
1130 935 183 48 ascribing
1338 940 38 32 to
1401 938 31 34 it
1457 938 41 34 in
1523 938 57 35 his
1607 939 242 46 experiments
1875 949 98 35 upon

351 986 65 36 the
443 987 92 36 dead
565 989 134 47 larynx
729 990 144 47 exactly
900 1002 47 23 an
974 991 165 46 opposite
1169 991 113 36 effect.
1352 994 19 18 "
1385 993 79 36 The
1491 993 147 48 deepest
1663 995 115 35 note,"
1808 994 46 35 he
1882 1005 92 33 says,

354 1045 21 18 "
389 1044 121 36 which
530 1046 18 34 I
568 1046 110 36 could
696 1047 160 47 produce
873 1048 41 34 in
932 1059 68 23 one
1019 1047 39 35 of
1078 1059 64 35 my
1160 1049 245 46 experiments
1419 1050 49 46 by
1485 1050 166 47 relaxing
1675 1050 63 35 the
1750 1049 104 36 vocal
1871 1059 102 28 cords

352 1112 74 24 was
444 1101 64 35 the
533 1102 142 36 middle
693 1103 29 35 C
741 1102 40 36 of
803 1102 63 36 the
891 1103 85 35 base
994 1103 95 43 clef;
1114 1104 51 46 by
1183 1105 201 47 exercising
1409 1105 112 47 slight
1539 1107 143 34 tension
1708 1118 47 24 on
1773 1106 62 35 the
1860 1116 112 33 cords,

352 1157 75 35 and
441 1157 164 49 blowing
619 1159 92 35 with
725 1163 141 43 greater
883 1159 106 46 force,
1010 1159 18 35 I
1049 1159 109 36 could
1174 1161 160 46 produce
1352 1161 62 36 the
1437 1166 124 31 octave
1578 1162 114 35 above
1709 1162 74 35 this
1801 1161 86 47 (C1),
1905 1161 68 34 but

355 1213 18 34 I
399 1213 108 36 could
532 1215 39 34 in
600 1215 82 35 that
704 1227 81 24 way
803 1216 93 35 raise
923 1215 64 36 the
1014 1219 104 32 notes
1145 1228 48 23 no
1221 1215 140 49 higher.
1413 1218 57 46 By
1488 1219 244 46 compressing
1753 1218 63 35 the
1842 1217 130 46 larynx

352 1268 184 48 laterally,
557 1270 179 37 however,
755 1275 113 32 about
895 1271 64 36 the
987 1271 177 36 situation
1186 1272 39 35 of
1247 1272 64 36 the
1329 1274 103 35 vocal
1459 1275 103 35 cords
1588 1275 74 35 and
1686 1274 118 36 below
1821 1274 112 35 them,
1953 1272 17 35 I

353 1338 74 23 was
448 1326 83 36 able
557 1332 37 30 to
620 1328 161 47 produce
799 1340 21 23 a
837 1339 108 24 series
972 1327 40 36 of
1033 1327 132 47 higher
1189 1331 104 33 notes
1318 1332 38 33 to
1381 1329 64 36 the
1472 1333 124 32 extent
1613 1330 38 35 of
1672 1329 154 36 another
1850 1334 123 30 octave

352 1381 89 47 (C2),
462 1383 159 36 without
639 1396 74 24 any
731 1383 146 37 falsetto
904 1388 97 41 tone,
1020 1383 180 48 although
1218 1385 117 36 under
1360 1386 105 35 other
1482 1386 204 35 conditions
1703 1386 142 36 falsetto
1871 1390 103 31 notes

351 1439 111 35 could
481 1440 43 35 be
542 1440 187 47 produced
742 1440 94 36 from
854 1440 64 36 the
936 1442 35 33 A
989 1440 120 48 sharp,
1125 1440 118 36 below
1259 1441 63 36 the
1339 1442 133 35 second
1490 1442 28 36 C
1537 1442 70 47 (C).
1661 1442 77 35 The
1755 1442 214 47 prevention

352 1497 39 33 of
406 1496 62 35 the
487 1496 146 37 falsetto
651 1501 114 41 notes,
785 1496 123 37 which
929 1508 70 24 was
1016 1497 86 35 here
1120 1497 164 35 attained
1302 1498 49 46 by
1369 1498 63 36 the
1450 1498 128 36 lateral
1597 1499 241 35 compression
1853 1499 39 34 of
1909 1497 62 36 the

351 1552 144 47 larynx,
514 1565 116 24 seems
660 1554 136 35 during
812 1553 66 36 life
905 1557 38 31 to
961 1553 45 35 be
1034 1553 150 36 effected
1212 1554 50 46 by
1279 1553 63 37 the
1369 1555 122 35 action
1514 1554 40 36 of
1577 1555 62 35 the
1657 1554 314 47 thyro-arytenoid

353 1609 214 37 muscles."2

402 1666 36 35 It
455 1666 203 36 astonishes
675 1679 59 23 me
747 1671 38 31 to
804 1666 77 36 find
901 1666 137 36 Miiller
1056 1667 177 47 speaking
1251 1678 37 24 so
1307 1667 226 35 confidently
1551 1667 38 35 of
1604 1667 287 47 distinguishing
1908 1666 62 35 the

352 1727 81 31 true
451 1723 74 35 and
543 1723 89 36 false
649 1727 105 32 tones
770 1723 41 35 in
829 1723 63 36 the
910 1723 102 36 voice
1030 1723 39 35 of
1091 1723 63 35 the
1173 1723 91 35 dead
1286 1724 143 45 larynx.
1482 1724 46 34 In
1546 1736 63 22 my
1627 1736 81 22 own
1728 1734 242 35 experiments

353 1779 18 36 I
390 1791 113 24 never
523 1779 197 35 succeeded
737 1779 41 35 in
798 1779 112 35 doing
928 1790 38 24 so
983 1792 9 30 ;
1019 1779 19 35 I
1062 1791 93 23 even
1174 1778 116 36 found
1316 1779 82 35 that
1416 1791 84 23 very
1521 1779 99 35 little
1645 1780 192 34 difference
1864 1778 107 36 could

350 1835 46 36 be
415 1836 176 35 observed
611 1836 163 35 between
792 1835 63 35 the
881 1835 119 35 sound
1018 1835 39 35 of
1079 1835 63 35 the
1168 1834 95 36 male
1282 1835 72 34 and
1373 1835 39 34 of
1433 1834 63 36 the
1514 1834 131 36 female
1671 1835 142 45 larynx,
1831 1834 142 35 further

350 1892 92 36 than
460 1892 63 36 the
543 1893 71 34 fact
631 1892 81 35 that
730 1892 62 35 the
811 1892 100 35 voice
929 1892 41 35 of
986 1892 63 35 the
1067 1892 134 35 former
1220 1903 71 24 was
1309 1895 54 31 set
1380 1891 139 35 several
1536 1895 103 31 notes
1656 1891 111 35 lower
1784 1891 90 35 than
1891 1890 81 35 that

351 1949 41 35 of
417 1949 64 35 the
511 1949 119 35 latter.
688 1948 79 36 The
796 1948 153 36 absence
978 1948 38 35 of
1043 1947 63 36 the
1135 1947 164 47 peculiar
1329 1947 284 36 characteristics
1641 1948 41 34 in
1710 1947 91 35 both
1830 1958 95 24 cases
1955 1946 18 35 I

350 2006 164 36 ascribed
534 2010 36 31 to
584 2005 64 36 the
665 2005 164 35 removal
843 2004 38 36 of
896 2005 64 35 the
977 2004 172 48 pharynx
1166 2004 74 35 and
1258 2003 63 36 the
1340 2004 105 35 other
1458 2008 98 43 parts
1570 2004 39 35 of
1623 2003 62 36 the
1704 2004 21 20 "
1736 2002 237 37 vocal-tube."

352 2064 112 35 From
481 2063 63 35 the
564 2062 250 36 observations
832 2061 123 36 which
975 2061 17 35 I
1011 2060 95 36 have
1119 2061 80 47 just
1216 2060 225 35 mentioned,
1459 2060 71 35 and
1548 2059 93 36 from
1658 2060 63 35 the
1738 2059 73 35 fact
1828 2059 80 35 that
1925 2059 50 46 by

350 2119 212 48 artificially
580 2119 248 47 compressing
852 2130 64 23 my
935 2129 84 24 own
1043 2117 147 47 larynx,
1210 2117 18 35 I
1254 2129 61 23 am
1344 2116 155 36 enabled
1524 2120 37 31 to
1587 2116 72 35 add
1684 2120 37 31 to
1746 2128 64 34 my
1831 2114 142 38 falsetto

350 2180 152 32 register
519 2176 139 36 several
676 2187 103 23 notes
797 2175 123 35 which
939 2175 18 34 I
977 2178 134 31 cannot
1129 2173 193 36 otherwise
1339 2173 118 36 reach,
1475 2173 17 35 I
1511 2173 93 35 have
1621 2173 91 35 been
1730 2172 60 35 led
1808 2176 37 31 to
1862 2175 112 44 adopt

349 2234 65 36 the
440 2234 153 36 opinion
612 2232 39 37 of
674 2232 138 36 Bishop
838 2231 74 36 and
938 2231 135 44 Willis,
1094 2230 158 46 namely,
1271 2229 82 36 that
1375 2229 63 35 the
1464 2229 143 35 falsetto
1624 2229 101 35 voice
1743 2229 30 34 is
1790 2227 181 49 produced

350 2290 51 47 by
414 2302 21 24 a
453 2294 215 31 shortening
682 2288 39 36 of
735 2288 63 35 the
816 2285 187 50 vibrating
1021 2298 107 24 edges
1145 2286 39 36 of
1198 2286 64 36 the
1280 2285 104 37 vocal
1403 2285 113 45 cords,
1532 2285 120 46 owing
1669 2288 37 31 to
1724 2283 96 36 their
1837 2284 137 46 having

352 2359 102 23 come
471 2347 80 34 into
570 2345 122 36 actual
710 2356 144 24 contact
872 2341 202 49 anteriorly
1092 2357 8 29 ;
1126 2342 72 36 and
1225 2342 75 35 this
1327 2342 17 35 I
1372 2341 141 36 believe
1538 2345 38 31 to
1601 2341 45 35 be
1671 2340 71 36 due
1768 2339 38 37 in
1832 2344 81 43 part
1937 2344 38 30 at

351 2403 93 36 least
461 2407 37 31 to
518 2403 62 35 the
598 2401 238 37 constriction
855 2400 40 36 of
916 2399 64 36 the
998 2399 150 47 thyroid
1175 2398 171 47 cartilage
1364 2398 51 47 by
1433 2397 63 35 the
1515 2401 371 43 palato-pharyngeus
1903 2395 72 36 and

351 2460 65 36 the
433 2459 142 35 middle
593 2459 215 34 constrictor
826 2457 39 35 of
879 2456 63 36 the
960 2467 181 36 pharynx.
1193 2454 91 36 This
1301 2454 131 46 theory
1449 2457 171 32 accounts
1636 2453 56 35 for
1713 2452 63 36 the
1794 2451 128 47 height
1940 2450 39 36 of

352 2516 64 36 the
433 2527 105 24 notes
556 2514 122 37 which
696 2526 55 23 we
768 2525 60 24 are
845 2512 83 36 able
946 2516 36 30 to
1004 2511 160 47 produce
1185 2511 40 34 in
1243 2509 63 36 the
1328 2509 144 35 falsetto
1491 2509 100 35 voice
1612 2508 157 35 without
1786 2519 72 34 any
1875 2511 100 42 great

352 2572 188 38 muscular
566 2572 115 34 effort,
706 2580 162 25 whereas
897 2568 98 35 their
1028 2572 71 31 soft
1125 2570 123 31 throat
1276 2565 185 36 character
1487 2566 31 34 is
1544 2563 179 48 probably
1748 2563 71 35 due
1846 2566 38 31 to
1910 2561 63 36 the

352 2640 137 26 sounds
514 2627 140 36 having
677 2626 94 35 been
795 2624 107 36 made
928 2628 38 31 to
992 2635 82 35 pass
1100 2621 161 37 through
1285 2621 63 36 the
1365 2620 141 48 greatly
1524 2619 206 37 contracted
1748 2617 225 49 pharyngeal

353 2689 134 43 cavity.

400 2741 107 37 With
524 2739 182 36 reference
723 2742 38 32 to
779 2738 53 35 the
853 2736 116 36 action
987 2735 41 47 of
1048 2735 53 36 the
1127 2733 298 46 thyro-arytenoid
1452 2733 134 44 muscle,
1606 2731 74 36 this
1704 2732 32 35 is
1760 2745 21 22 a
1806 2731 167 47 question

352 2797 113 38 much
492 2795 173 49 disputed
691 2795 50 47 by
758 2792 270 50 physiologists.
1082 2791 59 36 On
1168 2790 62 35 the
1257 2802 69 23 one
1352 2789 98 35 hand
1478 2789 31 35 it
1535 2789 31 36 is
1592 2788 226 37 maintained
1845 2788 47 45 by
1914 2788 57 34 Mr

352 2854 137 37 Willis,
507 2853 72 36 and
598 2856 97 32 most
720 2851 106 36 other
843 2848 157 48 English
1026 2852 152 31 writers,
1198 2846 81 36 that
1305 2846 49 47 by
1372 2846 48 35 its
1445 2857 137 35 agency
1600 2845 62 36 the
1688 2844 69 36 low
1783 2847 103 32 notes
1911 2855 58 23 are

389 2939 7 16 '
421 2938 32 25 In
474 2936 51 26 the
544 2935 93 27 thesis
655 2941 32 19 as
700 2932 156 34 originally
872 2938 128 27 printed,
1015 2929 51 27 tlio
1081 2928 94 28 words
1184 2927 72 33 false
1268 2927 57 26 and
1339 2929 62 25 Irvc
1414 2927 28 25 in
1457 2927 60 27 this
1530 2927 138 26 sentence
1681 2933 82 25 were,
1779 2925 38 33 by
1830 2931 16 19 a
1864 2923 57 34 slip
1939 2923 33 27 of

352 2981 51 26 the
416 2987 67 27 pen,
497 2977 252 29 transposed.—J.
766 2976 54 32 W.,
835 2975 118 32 August
967 2974 75 26 1894.
