1895 3217
1448 303 88 41 143

689 315 90 30 THE
804 314 273 32 MALBROUK.

34 294 7 18 4

177 442 62 61 by
275 440 240 47 successive
553 441 121 45 darts
705 440 111 46 from
852 456 82 30 one
969 440 92 45 side
1093 439 49 46 of
1166 438 57 46 its
1258 454 102 30 cage
1391 445 44 40 to
1458 440 80 46 the

176 524 139 48 otherj
356 517 247 61 performed
633 520 62 60 by
731 519 78 45 the
841 518 112 45 force
985 516 50 47 of
1058 517 58 45 its
1150 516 88 46 feet
1267 532 143 39 alone,
1447 518 91 45 and

175 595 150 45 would
357 596 112 59 keep
493 611 60 45 up
576 595 91 45 this
702 611 149 29 severe
884 594 170 46 motion
1089 593 64 45 for
1182 609 26 29 a
1238 594 300 45 considerable

172 671 164 60 period.
403 673 153 45 When
571 688 151 45 young
739 672 35 45 it
790 688 92 29 was
898 672 137 45 docile
1051 671 88 45 and
1154 671 381 45 mild-tempered,

173 748 82 45 but
292 764 78 46 age
409 751 192 44 brought
640 749 113 45 with
790 749 36 45 it
871 748 289 62 propensities
1205 763 121 30 more
1370 748 165 45 brutal.

176 825 96 45 The
295 824 123 47 chief
432 825 325 46 characteristic
781 825 50 46 of
845 825 57 46 its
922 825 273 61 disposition,
1213 841 48 28 as
1285 824 35 45 it
1344 824 37 45 is
1406 824 45 45 in
1476 826 60 44 all

172 908 78 39 the
274 917 248 46 congeners,
549 903 35 44 is
608 909 198 39 extreme
841 910 194 46 caution,
1061 917 60 39 or,
1157 917 48 29 as
1239 901 36 45 it
1311 917 130 38 were,
1477 917 58 29 an

174 986 308 54 arrangement
528 995 46 30 or
617 996 205 44 previous
860 980 108 61 plan
1004 978 49 47 of
1080 986 78 38 the
1195 985 169 39 actions
1403 985 45 38 to
1482 980 54 44 be

172 1054 278 60 performed;
485 1056 122 54 thus,
632 1056 48 45 in
713 1057 119 44 their
861 1057 190 53 attacks,
1076 1062 78 39 the
1185 1055 289 61 opportunity
1499 1056 36 44 is

173 1132 207 45 watched
402 1133 134 45 when
558 1139 79 39 the
659 1149 158 45 person
840 1149 46 29 or
909 1132 169 46 animal
1101 1132 36 45 is
1161 1131 66 46 off
1252 1132 118 44 their
1395 1133 141 59 guard

173 1208 90 44 and
286 1208 234 46 otherwise
544 1209 252 61 employed,
829 1209 90 45 and
941 1209 37 45 it
1000 1208 37 46 is
1072 1209 172 45 always
1268 1208 132 44 made
1423 1207 111 46 from

171 1284 201 54 behind;
415 1300 186 30 wounds
640 1301 74 30 are
756 1285 199 45 inflicted
997 1284 113 46 with
1155 1285 78 44 the
1277 1284 125 46 teeth
1446 1286 89 43 and

170 1360 130 54 nails,
326 1361 89 45 and
445 1377 27 29 a
506 1362 173 44 sudden
710 1362 100 45 dart
843 1362 146 60 places
1024 1368 126 38 them
1185 1367 47 38 at
1261 1376 27 29 a
1318 1360 213 52 distance,

171 1437 148 45 where
342 1443 111 55 they
472 1438 92 44 will
588 1453 187 39 remain,
797 1439 201 61 showing
1020 1438 118 45 their
1160 1453 135 29 anger
1318 1437 112 45 with
1454 1454 79 29 ex-

169 1528 194 45 pressive
398 1529 188 46 changes
620 1513 50 47 of
705 1530 318 38 countenance,
1063 1515 89 45 and
1191 1514 228 61 watching
1455 1515 78 45 the

169 1596 112 39 time
304 1590 133 45 when
459 1597 78 39 the
561 1592 153 44 attack
737 1607 82 29 can
842 1593 54 44 be
920 1591 114 45 with
1058 1590 145 62 safety
1224 1592 220 44 renewed.

235 1667 96 44 The
359 1682 300 31 countenance
683 1667 50 46 of
757 1669 91 44 this
875 1667 170 46 animal
1068 1669 200 44 becomes
1291 1683 120 30 more
1442 1668 90 45 like

167 1748 103 40 that
293 1742 51 46 of
358 1744 78 45 the
459 1745 207 53 baboons,
693 1760 104 39 and,
818 1745 113 45 with
949 1745 78 45 the
1050 1744 88 46 feet
1163 1745 88 44 and
1271 1745 100 45 skin
1389 1744 49 46 of
1454 1745 76 45 the

170 1835 109 39 ears,
304 1820 37 45 is
365 1822 142 44 black.
562 1823 97 43 The
677 1822 174 53 cheeks,
872 1822 118 54 chin,
1011 1822 90 45 and
1118 1837 27 29 a
1158 1822 121 45 band
1296 1823 140 44 above
1454 1822 76 44 the

168 1912 119 45 eyes,
304 1913 74 29 are
401 1898 153 53 white,
577 1914 46 29 as
640 1899 90 45 also
747 1905 78 38 the
843 1899 143 44 under
1007 1914 122 45 parts
1153 1898 90 45 and
1265 1898 78 45 the
1365 1897 165 46 insides

169 1972 50 45 of
233 1974 78 44 the
327 1974 122 60 legs;
475 1975 60 43 all
553 1981 77 38 the
649 1981 126 38 other
788 1990 121 45 parts
925 1990 73 29 are
1013 1973 50 46 of
1079 1990 25 29 a
1122 1974 406 61 yellowish-green,

169 2049 89 45 and
280 2056 78 38 the
380 2051 178 59 general
582 2057 181 39 contour
780 2051 37 45 is
837 2066 44 30 so
898 2051 168 45 similar
1083 2058 45 38 to
1147 2057 77 39 the
1246 2066 132 46 green
1400 2066 130 31 mon-

168 2125 107 61 key,
295 2126 101 45 that
419 2126 36 44 it
478 2127 81 44 has
582 2128 111 44 been
711 2135 226 37 mistaken
952 2126 64 46 for
1030 2127 35 45 it
1084 2127 44 45 in
1153 2143 27 29 a
1203 2143 151 45 young
1376 2134 130 38 state.

231 2202 206 46 Another
471 2204 135 45 allied
640 2204 184 54 animal,
853 2205 182 60 equally
1058 2205 278 44 remarkable
1363 2203 64 46 for
1449 2205 80 45 the

165 2278 169 61 beauty
368 2278 49 46 of
443 2279 57 45 its
534 2280 391 61 yellowish-green
958 2279 85 55 fur,
1079 2280 37 46 is
1149 2287 79 39 the
1260 2287 268 39 red-vented

164 2356 211 60 monkey,
421 2355 262 47 Cercocebus
712 2365 433 52 pygerythrceus—a
1182 2364 154 39 native
1373 2357 50 46 of
1450 2357 77 46 the

164 2429 155 47 forests
342 2438 46 39 to
418 2433 78 44 the
519 2432 182 46 interior
724 2433 48 45 of
787 2434 77 44 the
889 2434 138 60 Cape,
1052 2440 125 55 truly
1201 2435 211 51 arboreal,
1439 2434 89 44 and

163 2521 136 31 never
321 2514 93 39 met
437 2509 177 61 beyond
637 2510 77 44 the
738 2510 263 45 boundaries
1026 2510 48 45 of
1100 2511 78 44 the
1200 2510 143 45 larger
1366 2510 160 60 woody

163 2586 150 43 tracts.
383 2586 96 44 The
518 2584 111 46 form
668 2585 38 45 is
751 2586 246 46 somewhat
1035 2586 239 54 different;
1321 2587 81 45 but
1447 2586 79 46 the

1314 2677 20 31 s
