1895 3217
483 759 618 66 MAMMALIA.

229 1207 318 48 NATURAL
583 1209 286 46 HISTORY
905 1209 80 46 OF
1021 1207 336 48 MONKEYS.

190 1397 176 47 Among
399 1405 79 38 the
512 1398 154 45 varied
702 1415 120 29 races
865 1399 50 46 of
950 1399 142 61 living
1132 1399 153 44 beings
1325 1397 151 46 which

111 1473 175 47 inhabit
309 1476 90 44 this
424 1476 154 54 worlds
603 1491 116 30 none
741 1476 190 60 perhaps
947 1476 118 45 have
1083 1474 176 47 excited
1277 1489 45 31 so
1339 1474 139 46 much

113 1552 273 60 speculation
410 1553 90 44 and
521 1553 177 61 general
726 1552 202 54 interest,
949 1568 47 29 as
1019 1553 128 44 those
1170 1558 46 40 to
1240 1551 150 46 which
1407 1567 71 30 we

113 1628 116 45 have
247 1629 190 45 devoted
455 1644 80 30 our
550 1635 179 55 present
745 1630 121 45 little
885 1630 192 45 volume.
1136 1630 134 45 From
1287 1635 80 39 the
1391 1643 87 47 shy

114 1706 90 44 and
231 1705 164 46 retired
421 1721 211 31 manners
662 1706 50 46 of
739 1712 78 39 the
847 1707 192 45 animals
1068 1707 47 45 in
1145 1722 27 30 a
1201 1706 110 45 wild
1344 1712 133 47 state,

113 1782 119 45 their
258 1782 151 46 habits
438 1798 74 30 are
541 1782 51 46 of
619 1783 189 45 difficult
838 1783 334 62 investigation,
1204 1783 90 45 and
1328 1783 153 44 would

113 1874 174 44 require
301 1859 136 45 much
456 1866 219 54 patience,
692 1860 89 45 and
797 1876 27 30 a
837 1875 172 46 greater
1026 1861 244 44 allowance
1285 1858 50 46 of
1349 1858 129 54 time,

114 1935 114 45 than
251 1935 37 45 it
310 1936 37 45 is
371 1935 122 47 often
514 1937 191 59 possible
729 1935 64 46 for
815 1937 127 44 those
964 1936 277 45 individuals
1260 1935 101 44 who
1379 1950 103 44 pos-

118 2026 91 30 sess
245 2018 79 38 the
361 2012 205 44 enviable
597 2011 338 60 opportunities,
975 2018 46 38 to
1056 2012 158 45 devote
1252 2018 47 38 to
1338 2011 141 45 them.

120 2088 98 44 The
242 2103 172 45 greater
446 2094 174 54 portion
644 2086 50 47 of
713 2088 78 44 the
821 2087 287 46 information
1133 2104 68 29 we
1231 2103 186 46 possess,
1444 2088 37 45 is

116 2164 219 45 therefore
366 2163 181 46 derived
570 2162 113 47 from
705 2170 79 40 the
814 2171 209 39 accounts
1053 2164 51 45 of
1130 2165 246 53 travellers,
1409 2170 73 40 too

118 2239 121 46 often
263 2241 211 44 collected
496 2239 113 47 from
639 2241 192 62 hearsay
855 2240 224 55 evidence,
1116 2241 294 61 exaggerated
1433 2257 49 29 as

118 2317 78 44 the
225 2317 114 45 fears
374 2317 90 45 and
495 2317 308 61 superstitions
837 2317 49 46 of
906 2324 78 38 the
1013 2318 178 45 natives
1222 2319 116 44 have
1368 2319 114 44 been

118 2393 264 54 influenced,
422 2393 89 45 and
549 2394 147 44 which
731 2394 116 45 have
887 2395 220 59 appeared
1145 2410 47 29 as
1296 2395 188 59 dreamy

119 2468 163 45 forms”

254 2597 29 17 “
300 2595 96 37 That
417 2603 61 29 the
497 2597 80 35 soul
597 2609 213 33 sees—and,
831 2609 53 24 we
904 2610 162 35 suppose,
1090 2604 61 30 the
1173 2598 124 36 eje<5.'’
