2113 3404
904 307 87 31 THE
1017 309 242 33 DISORDERS
1291 312 53 31 OF
1376 313 174 32 SPEECH.

418 289 86 42 442

420 419 85 42 and
543 420 306 47 labiodentals
885 426 36 42 is
959 427 274 55 impossible;
1270 431 90 43 but,
1381 446 44 28 as
1464 433 71 43 the
1568 434 123 42 other
1728 439 117 51 parts
1882 436 42 41 of
1962 436 71 42 the

420 491 274 45 articulative
732 496 264 43 mechanism
1031 513 69 28 are
1134 500 148 52 intact,
1315 503 154 54 speech
1504 504 35 42 is
1579 510 75 36 not
1687 519 105 41 very
1825 506 209 54 seriously

421 559 219 58 damaged,
670 564 86 42 and
784 565 37 42 is
849 566 161 56 always
1037 569 135 55 easily
1194 570 266 56 intelligible.
1525 573 43 41 It
1590 573 35 41 is
1649 578 111 38 most
1781 574 182 54 striking
1992 579 43 37 to

420 630 104 42 hear
545 633 85 42 and
653 647 69 30 see
745 649 24 28 a
791 637 167 54 patient
982 638 104 41 with
1110 639 155 43 double
1295 642 125 41 facial
1441 644 207 54 paralysis
1670 644 127 55 laugh
1815 660 7 25 :
1859 644 119 42 there
2001 644 36 42 is

422 703 246 56 something
689 719 47 28 so
757 706 288 56 incongruous
1078 710 194 42 between
1304 712 73 41 the
1411 712 86 52 sad,
1519 713 162 50 flaccid,
1703 714 85 41 and
1820 714 218 41 immobile

421 777 308 49 countenance,
761 776 86 41 and
879 777 74 42 the
987 792 141 41 merry
1155 780 160 42 sounds
1347 781 95 41 that
1474 796 130 28 come,
1635 797 45 27 as
1712 784 36 40 it
1780 798 117 36 were,
1929 784 109 41 from

421 842 162 43 behind
612 844 46 42 it.
721 845 89 43 The
842 847 168 54 patient
1038 849 94 55 just
1163 850 186 42 referred
1382 855 55 47 to,
1473 852 139 42 whose
1644 853 155 42 double
1834 854 207 54 paralysis

421 927 88 28 was
541 914 84 43 due
656 919 44 37 to
732 916 160 56 injury,
925 918 105 41 used
1061 919 247 43 sometimes
1351 926 43 36 to
1426 921 130 55 laugh
1594 923 210 55 heartily;
1844 923 83 41 and
1965 923 73 41 she

421 983 162 56 always
616 985 217 55 produced
870 1001 24 27 a
931 992 148 51 strong
1114 989 256 55 impression
1403 1005 54 27 on
1489 991 77 43 her
1597 992 169 43 hearers
1805 994 122 41 when
1965 994 73 41 she

425 1053 74 42 did
522 1068 57 28 so.

482 1125 217 55 Paralysis
733 1127 44 41 of
814 1127 73 42 the
922 1128 292 55 Hypoglossal
1248 1144 129 29 nerve
1413 1132 109 41 from
1556 1132 135 42 lesion
1729 1134 46 40 of
1808 1134 73 41 the
1914 1147 127 28 nerve

423 1195 134 42 trunk
579 1195 37 43 is
649 1210 46 28 so
716 1211 106 37 rare,
846 1198 95 42 that
973 1199 22 40 I
1028 1199 128 41 think
1184 1214 62 28 we
1278 1215 100 41 may
1400 1216 97 41 pass
1530 1203 34 41 it
1585 1217 110 28 over.
1760 1205 43 40 It
1825 1203 151 42 would,
1999 1205 46 39 of

423 1280 162 38 course,
603 1267 188 54 produce
815 1269 211 53 paralysis
1049 1269 46 41 of
1113 1270 73 41 the
1209 1274 158 52 tongue
1390 1285 56 27 on
1467 1272 73 41 the
1563 1287 115 27 same
1701 1273 101 42 side,
1819 1273 102 41 with
1940 1287 103 41 very

423 1337 179 42 marked
625 1338 206 56 wasting;
864 1340 77 40 but
966 1340 140 41 would
1138 1341 209 53 probably
1368 1346 77 37 not
1473 1342 203 42 interfere
1709 1358 102 40 very
1833 1343 208 54 seriously

424 1407 108 42 with
554 1409 290 44 articulation.

483 1478 219 56 Paralysis
724 1480 47 41 of
798 1480 74 42 the
898 1480 122 42 fibres
1043 1481 109 41 from
1185 1480 73 43 the
1281 1482 392 43 Spinal-accessory
1697 1483 179 42 nucleus
1901 1483 140 42 which

425 1549 160 55 supply
609 1550 74 42 the
716 1556 85 36 soft
831 1550 144 55 palate
1007 1551 36 41 is
1075 1552 44 40 of
1150 1551 277 55 importance,
1450 1553 179 42 because
1660 1554 37 40 it
1729 1554 35 41 is
1796 1568 24 27 a
1842 1555 199 53 frequent

425 1620 307 55 complication
755 1635 48 27 or
824 1621 174 42 sequela
1019 1622 46 40 of
1084 1621 255 56 diphtheria.
1404 1623 52 41 In
1480 1624 104 41 such
1607 1638 128 28 cases,
1757 1624 36 41 it
1813 1625 37 40 is
1872 1624 169 54 usually

426 1690 212 43 bilateral.
703 1691 45 41 It
769 1705 148 28 causes
940 1691 74 42 the
1037 1692 82 41 soft
1142 1692 142 54 palate
1309 1698 42 35 to
1375 1692 142 56 droop,
1535 1693 85 41 and
1643 1699 42 36 to
1708 1695 163 40 remain
1895 1694 149 54 droop-

425 1761 77 55 ing
531 1775 109 28 even
673 1761 127 43 when
831 1762 73 41 the
936 1762 169 54 patient
1136 1762 121 42 takes
1289 1777 25 27 a
1345 1762 100 56 long
1476 1764 150 41 breath
1659 1778 46 27 or
1737 1765 116 40 sings
1885 1779 24 26 a
1940 1764 104 55 high

428 1845 113 28 note.
604 1832 172 56 During
798 1832 271 54 deglutition,
1092 1832 35 41 it
1157 1837 180 49 permits
1360 1832 73 42 the
1467 1847 149 28 escape
1649 1835 45 39 of
1722 1834 107 40 fluid
1863 1834 182 53 through

427 1902 75 42 the
536 1916 111 28 nose.
711 1903 55 40 In
798 1902 170 54 speech,
988 1903 37 40 it
1045 1902 209 55 produces
1286 1903 73 41 the
1391 1903 193 54 peculiar
1615 1903 85 41 and
1731 1908 317 37 characteristic

428 1973 121 42 nasal
589 1973 163 42 snuffle.
818 1973 93 42 One
943 1973 44 41 of
1023 1973 74 42 the
1128 1973 262 55 advantages
1422 1974 43 41 of
1502 1973 207 56 studying
1740 1973 74 42 the
1852 1974 196 41 function

428 2044 45 41 of
495 2044 156 42 speech
671 2043 105 42 with
793 2043 114 43 close
926 2043 216 42 attention
1158 2044 37 40 is
1213 2043 96 41 that
1326 2043 103 42 such
1449 2058 52 26 an
1524 2043 227 41 alteration
1768 2044 46 40 of
1833 2043 151 55 speech
2003 2057 45 27 as

428 2115 38 42 is
483 2114 218 56 produced
718 2115 58 41 by
795 2114 72 42 the
889 2128 203 42 presence
1115 2114 43 41 of
1180 2127 107 28 even
1306 2128 24 27 a
1351 2113 132 43 slight
1504 2114 121 41 nasal
1647 2113 152 42 snuffle
1821 2114 35 40 is
1878 2117 45 38 at
1945 2127 102 27 once

430 2185 199 43 detected
654 2185 59 55 by
737 2185 73 41 the
833 2184 170 42 trained
1025 2198 82 28 ear.
1171 2184 22 41 I
1216 2198 79 28 can
1318 2184 140 42 recall,
1481 2189 44 36 at
1548 2184 73 42 the
1653 2187 173 51 present
1847 2187 202 47 moment,

429 2271 25 28 a
475 2270 95 29 case
596 2256 47 41 in
669 2255 139 42 which
832 2255 73 42 the
927 2269 203 42 presence
1153 2255 47 40 of
1217 2269 25 27 a
1264 2254 133 42 slight
1419 2255 117 41 nasal
1561 2255 151 41 snuffle
1734 2254 45 41 in
1802 2253 154 55 speech
1978 2253 69 41 led

428 2333 44 36 to
495 2327 74 42 the
591 2326 255 42 immediate
869 2326 217 42 detection
1109 2325 44 42 of
1175 2339 23 27 a
1220 2325 258 55 diphtheria,
1495 2325 164 41 though
1677 2325 73 41 the
1773 2324 165 54 patient
1962 2337 85 28 was

427 2399 180 41 making
628 2411 55 28 no
705 2397 240 41 complaint
977 2396 132 41 about
1134 2396 72 41 the
1228 2396 169 51 throat;
1428 2395 84 41 and
1535 2395 180 41 another
1746 2407 236 29 caseone
2005 2393 43 41 of

427 2483 274 43 suppression
737 2469 46 41 of
811 2469 124 41 urine
958 2468 109 41 from
1099 2467 204 42 blocking
1335 2467 47 41 of
1410 2467 105 41 both
1539 2467 270 41 uretersin
1845 2465 137 41 which
2015 2464 36 40 it

431 2542 71 41 led
539 2546 44 37 to
618 2540 74 42 the
727 2539 293 43 examination
1059 2539 46 40 of
1139 2538 72 40 the
1245 2537 156 41 throat,
1434 2537 85 41 and
1556 2537 73 41 the
1665 2536 215 42 detection
1917 2536 46 40 of
1996 2549 51 26 an

431 2626 167 29 oedema
615 2611 45 41 of
681 2610 75 42 the
779 2615 84 36 soft
886 2623 144 41 palate
1052 2608 84 41 and
1155 2607 279 49 uvula,the
1452 2607 245 54 beginning,
1716 2619 45 28 as
1778 2606 35 41 it
1829 2605 159 55 proved
2006 2607 45 38 to

429 2683 118 43 be,of
558 2697 55 26 an
628 2681 171 54 acutely
809 2679 245 54 advancing
1069 2679 170 53 dropsy,
1248 2677 139 41 which
1403 2677 155 41 caused
1573 2677 126 41 death
1716 2677 43 40 in
1776 2690 24 27 a
1816 2676 79 41 few
1911 2675 143 48 hours,

428 2754 57 42 by
505 2751 200 43 invasion
727 2750 44 41 of
793 2749 74 42 the
886 2749 138 54 lungs.
1087 2747 137 41 Many
1243 2747 121 41 other
1387 2746 243 41 conditions
1653 2745 166 42 besides
1842 2758 210 41 paralysis

428 2825 48 41 of
504 2823 73 42 the
600 2826 86 38 soft
706 2834 158 42 palate,
885 2819 85 42 and
993 2831 165 28 oedema
1180 2817 47 42 of
1244 2817 47 50 it,
1315 2830 97 42 may
1434 2816 186 55 produce
1642 2830 24 27 a
1688 2815 120 42 nasal
1830 2815 151 41 snuflle
2005 2815 46 41 in

427 2907 276 44 speed,aS)
728 2891 66 42 for
825 2889 208 55 example,
1056 2901 266 42 perforating
1344 2887 117 41 ulcer
1492 2887 43 41 of
1567 2886 73 42 the
1672 2891 85 37 soft
1790 2885 153 54 palate,
1965 2885 83 41 and

424 2967 107 55 split
554 2960 314 59 palate;and
891 2974 116 28 some
1030 2958 152 56 people
1206 2958 153 42 snuffle
1382 2958 44 40 in
1449 2957 154 55 speech
1627 2957 135 42 either
1786 2957 107 39 from
1928 2955 125 40 habit;

424 3037 84 43 and
535 3034 295 43 carelessness,
853 3045 47 28 or
923 3031 110 41 from
1060 3033 76 38 not
1167 3028 160 55 having
1351 3028 170 41 learned
1555 3028 43 41 in
1623 3025 228 44 childhood
1886 3025 91 41 how
2004 3029 47 38 to

422 3119 180 30 manage
629 3103 74 42 the
726 3105 88 39 soft
836 3100 142 56 palate
1002 3100 43 41 in
1072 3099 215 52 speaking.
