2107 3450
403 333 166 32 SPEECH
605 332 231 31 MEMORIES
871 332 55 30 OR
960 331 182 32 IMAGES,
1176 331 90 31 ETC.

1575 320 84 41 253

63 454 52 42 Tn
164 456 126 41 1864,
327 469 103 28 soon
475 459 113 37 after
632 453 74 43 the
749 466 270 42 appearance
1063 451 44 42 of
1151 451 75 42 the
1270 451 177 42 treatise
1491 450 60 55 by
1592 450 67 41 Dr

2 520 471 54 Eu<2[hliiigs-Jacksoii
517 525 136 41 above
687 523 177 42 alluded
899 528 55 38 to,
991 524 63 40 Dl*
1085 522 154 43 James
1273 521 178 42 Eussell
1484 522 47 40 of
1560 520 95 41 Bir-

2 595 219 58 paingham
251 596 231 55 published
506 611 24 27 a
562 596 132 42 series
718 596 46 41 of
784 595 203 42 valuable
1021 607 155 44 papers
1202 608 55 26 on
1280 591 200 59 Aphasia
1504 591 45 43 in
1583 592 74 42 the

1 666 166 43 British
203 667 185 42 Medical
425 668 199 41 Journal.
706 667 53 41 In
796 681 81 28 one
913 667 44 42 of
992 666 122 42 those
1154 679 156 41 papers
1354 664 58 56 (p.
1462 663 107 56 239)
1602 663 54 42 he

1 737 140 43 draws
185 751 23 31 a
252 738 113 43 clear
402 738 256 42 distinction
704 738 200 42 between
949 752 24 27 a
1014 737 88 42 loss
1141 736 46 43 of
1217 736 161 43 speech
1417 734 85 44 due
1545 738 45 38 to
1635 749 24 27 a

1 810 268 42 mechanical
294 811 218 42 difficulty
534 811 45 40 in
614 810 282 42 articulation
930 809 86 43 and
1051 824 23 27 a
1108 809 87 42 loss
1229 809 44 42 of
1305 807 161 56 speech
1499 807 85 42 due
1614 810 44 38 to

1 880 84 44 loss
108 882 45 42 of
175 896 196 42 memory
394 883 46 42 of
472 882 150 42 words.
689 881 271 57 [According
984 887 43 37 to
1059 881 184 43 Spamer
1265 880 88 43 and
1377 878 279 53 Lichtheim,1

2 947 63 50 Dr
89 954 173 42 Kussell
288 969 84 27 was
391 954 73 42 the
482 954 95 42 first
594 958 44 39 to
659 954 127 43 make
807 954 90 42 this
917 954 284 53 distinction;
1226 954 80 42 but
1321 954 35 41 it
1374 952 86 43 had
1479 966 179 42 already

1 1025 109 42 been
137 1026 137 51 made,
298 1040 132 42 many
455 1040 125 42 years
604 1026 265 56 previously,
893 1026 59 57 by
975 1025 192 43 Lordat,2
1193 1040 95 28 who
1312 1025 164 43 clearly
1499 1025 157 42 distin-

1 1097 175 56 guishes
209 1099 198 42 between
431 1096 226 46 "Amn'csie
688 1099 196 42 verbalc,"
908 1100 87 41 loss
1031 1100 47 41 of
1098 1113 196 28 memory
1318 1098 46 42 of
1394 1098 153 43 words,
1571 1098 87 42 and

1 1170 257 55 "Asyncrgic
290 1170 194 44 verbalc"
510 1171 86 43 loss
621 1172 46 42 of
690 1186 145 41 power
873 1172 45 41 of
941 1171 304 56 pronouncing
1280 1170 139 43 words
1453 1171 98 41 that
1584 1184 73 28 are

1 1243 322 41 remembered;
365 1243 86 41 and
493 1244 95 41 who
634 1258 111 37 uses,
789 1257 235 28 moreover,
1067 1242 75 42 the
1186 1247 114 37 term
1344 1243 317 41 "Paramne'sie

4 1314 189 46 perbale"
218 1315 65 41 for
318 1315 95 41 that
452 1315 207 42 emission
695 1316 47 41 of
780 1330 145 28 wrong
958 1315 140 42 words
1130 1315 146 42 which
1312 1330 63 27 we
1411 1329 99 28 now
1547 1319 114 38 term

2 1385 297 56 Paraphasia.]
364 1387 52 42 In
445 1388 125 41 1866,
594 1388 66 41 Dr
684 1387 189 43 Sanders
906 1388 207 42 recorded
1138 1402 55 27 an
1226 1387 244 56 important
1494 1401 98 28 case
1615 1387 44 42 of

1 1458 195 43 Aphasia
218 1460 46 40 in
300 1459 72 42 the
400 1460 258 55 Edinburgh
691 1460 188 42 Medical
911 1460 201 42 Journal.
1179 1460 52 41 In
1267 1460 303 41 commenting
1603 1474 56 27 on

2 1531 73 41 the
101 1531 201 42 varieties
325 1532 47 41 of
400 1532 192 54 aphasia,
616 1532 53 41 he
695 1532 212 42 invented
940 1546 135 27 anew,
1099 1531 67 42 for
1188 1531 182 56 aphasia
1393 1532 85 41 due
1503 1536 43 37 to
1570 1531 88 43 loss

1 1602 44 43 of
66 1617 196 28 memory
279 1603 45 42 of
346 1603 152 42 words,
523 1603 73 42 the
619 1604 220 55 adjective
861 1604 224 52 Amnesic,
1107 1604 132 42 using
1262 1604 87 42 this
1376 1604 118 42 word
1516 1604 47 42 in
1587 1604 75 42 the

1 1688 115 29 same
155 1689 125 28 sense
319 1690 45 27 as
403 1676 162 41 Lordat
600 1676 83 41 had
717 1676 107 42 used
856 1676 61 53 it;
960 1676 100 42 and,
1092 1676 68 42 for
1191 1676 76 43 the
1301 1676 227 43 condition
1562 1677 98 42 that

1 1746 155 42 Lordat
203 1747 87 42 had
332 1747 170 42 termed
550 1747 236 56 Asynergie
827 1748 172 51 verbale,
1052 1748 55 43 he
1161 1749 212 42 invented
1416 1748 75 43 the
1546 1753 113 38 term

1 1817 157 43 Ataxic
180 1818 208 56 Aphasia.
454 1819 54 42 In
532 1819 75 43 the
641 1819 227 57 following
899 1835 116 41 year,
1043 1819 127 47 1867,
1194 1821 225 43 Professor
1443 1821 218 43 Gairdner

1 1890 99 42 read
122 1904 24 29 a
168 1906 135 41 paper
327 1906 55 27 on
404 1891 198 43 Aphasia
626 1896 44 38 to
694 1892 75 43 the
793 1892 330 56 Philosophical
1157 1893 176 43 Society
1357 1894 47 42 of
1424 1893 236 58 Glasgow.3

1 1962 53 42 In
71 1962 87 43 this
178 1962 255 57 thoughtful
454 1963 88 43 and
559 1964 264 43 instructive
847 1965 190 52 treatise,
1057 1965 73 43 the
1155 1965 160 43 author
1337 1966 321 43 distinguishes

1 2034 194 43 between
218 2034 74 43 the
317 2035 202 43 Ideation
544 2036 88 43 and
656 2036 74 43 the
749 2037 290 42 Innervation
1059 2038 44 41 of
1125 2037 228 57 language,
1372 2039 88 42 and
1483 2041 175 41 records

1 2122 21 26 a
46 2108 186 41 number
254 2108 44 41 of
318 2108 263 57 interesting
613 2123 129 29 cases.
807 2110 55 41 In
899 2110 128 44 1867,
1050 2110 67 42 Dr
1137 2110 117 44 Wm.
1281 2111 108 56 Ogle
1424 2112 236 55 published

1 2192 23 28 a
46 2192 134 42 paper
213 2193 53 28 on
291 2179 233 56 "Aphasia
558 2180 86 42 and
677 2181 262 56 Agraphia"
962 2182 46 41 in
1044 2182 73 42 the
1151 2182 48 43 St
1236 2182 187 57 George's
1456 2185 206 42 Hospital

1 2250 183 55 Reports,
202 2250 80 42 vol.
302 2251 57 51 ii.,
376 2265 38 41 p.
436 2251 66 53 83,
521 2252 45 41 in
586 2252 156 51 which,
760 2252 90 43 like
868 2252 74 43 the
961 2253 417 45 above-mentioned
1404 2256 184 52 writers,
1606 2257 55 43 he

1 2322 309 56 distinguishes
344 2323 196 43 between
573 2328 87 39 two
684 2325 133 42 forms
841 2326 48 42 of
907 2326 208 55 Aphasia,
1149 2328 256 55 suggesting
1438 2329 66 42 for
1538 2330 120 43 them

1 2394 71 43 the
104 2395 237 55 adjectives
363 2401 23 16 "
399 2395 295 45 Amnemonic
711 2396 20 17 "
754 2398 86 42 and
872 2398 252 44 "Atactic."
1189 2400 71 43 He
1295 2401 37 43 is
1366 2402 75 42 the
1474 2403 97 42 first
1614 2408 45 39 to

1 2481 176 41 propose
202 2468 73 42 the
301 2482 73 28 use
397 2469 44 41 of
474 2469 74 42 the
572 2474 111 38 term
707 2470 297 57 "Agraphia"
1036 2471 66 43 for
1124 2472 76 43 the
1234 2473 87 43 loss
1345 2474 44 42 of
1413 2474 74 44 the
1510 2490 150 41 power

1 2538 41 43 of
82 2540 175 56 writing
294 2540 98 43 that
428 2542 36 42 is
503 2543 120 42 often
663 2543 138 42 found
840 2545 244 42 associated
1125 2547 104 41 with
1272 2548 126 43 other
1442 2549 135 44 forms
1617 2551 47 42 of

1 2610 201 57 Aphasia.
266 2613 90 43 The
377 2628 137 41 paper
536 2615 201 44 includes
761 2616 75 43 the
861 2617 173 43 records
1059 2618 45 42 of
1127 2633 24 28 a
1176 2620 186 42 number
1386 2622 46 41 of
1452 2623 205 43 valuable

1 2696 123 31 cases.
189 2684 54 42 In
270 2686 127 51 1869,
420 2686 68 42 Dr
521 2687 183 42 Bastian
730 2688 238 56 published
1000 2690 45 41 in
1081 2690 75 43 the
1189 2691 470 46 Medico-Chirurgical

1 2754 172 53 Revievj,
196 2757 81 42 vol.
304 2758 120 51 xliii.,
448 2773 70 41 pp.
543 2760 85 42 299
648 2760 88 43 and
753 2760 101 53 470,
872 2762 176 43 articles
1067 2777 55 28 on
1146 2766 21 19 "
1184 2763 92 43 The
1295 2764 190 45 Various
1504 2766 154 45 Forms

0 2825 43 43 of
65 2824 107 46 Loss
195 2829 47 41 of
261 2828 166 57 Speech
451 2831 44 41 in
523 2831 204 44 Cerebral
751 2833 244 43 Disease;"
1018 2835 46 41 in
1090 2835 73 42 the
1188 2850 153 29 course
1365 2837 45 42 of
1434 2837 146 44 which
1603 2839 55 44 he

0 2896 157 58 clearly
181 2899 141 44 shows
355 2902 74 43 the
464 2903 250 55 possibility
738 2905 47 42 of
815 2905 189 57 Sensory
1029 2906 211 56 Aphasia,
1262 2907 69 44 his
1367 2909 119 42 main
1519 2911 139 43 thesis

1 2968 126 58 being
167 2971 92 43 that
301 2974 196 44 "Words
533 2991 73 28 are
644 2977 182 43 revived
864 2978 46 42 in
950 2979 74 43 the
1064 2980 193 43 cerebral
1296 2980 280 58 hemisphere
1611 2997 47 29 as

72 3076 12 23 1
111 3077 130 47 Brain,
262 3082 104 44 1884,
385 3093 34 37 p.
441 3084 81 34 471.

72 3138 13 21 2
111 3139 159 48 Analyze
287 3140 39 37 de
346 3142 37 36 la
401 3143 142 47 Parole,
566 3145 103 36 1843.

73 3195 13 27 a
113 3199 68 36 See
202 3200 226 50 Proceedings
443 3204 43 46 of
499 3205 53 35 the
573 3205 159 48 Olasrjoio
750 3207 268 48 Philosophical
1035 3208 151 48 Society,
1209 3212 229 44 1865-18(58,
1459 3224 33 35 p.
1517 3213 56 34 87.
