1933 3217
457 308 215 32 SYNOPSIS
696 307 51 33 OF
774 307 90 31 THE
889 307 228 31 SIMIAD.E.

1389 299 94 46 217

223 439 36 37 3.
280 438 56 37 M.
351 452 267 31 STRAMiNEus,
636 440 63 35 the
714 438 380 38 Anibata—Stcntor
1109 439 229 46 stramineas,
1359 438 127 52 Geoff.

275 506 110 36 Ann.
406 506 54 36 du
477 506 114 36 Mus.
612 518 75 24 xix.
714 518 32 35 p.
780 505 99 45 108;
917 504 150 37 Humb.
1091 504 89 37 Obs.
1204 504 99 38 Zool
1341 518 33 35 p.
1397 505 89 38 355.

276 571 160 38 Alouate
466 578 155 40 arabate,
655 573 133 35 Desm.
823 572 167 36 Mamm.
1019 584 33 35 p.
1089 568 61 41 78.
1208 570 94 37 Hair
1332 573 157 48 entirely

277 639 264 47 straw-yellow,
566 640 143 43 darker,
740 651 39 23 or
798 639 40 35 of
857 651 20 23 a
896 637 180 37 browaiish
1097 650 125 24 colour
1241 644 37 30 at
1298 644 61 31 the
1379 645 108 31 roots.

279 704 166 37 Inhabits
466 704 108 37 Pei'u.

226 772 35 34 4.
292 770 55 36 M.
382 770 257 46 Belzebuth,
659 771 62 36 the
759 770 160 37 Guariba
986 769 115 39 Siniia
1121 770 218 46 Belzcbuth,
1363 771 124 36 Linn.

279 836 147 37 Stentor
469 839 132 43 fuscus,
647 836 126 52 Geoff.
809 838 111 36 Ann.
956 837 54 36 du
1044 837 116 37 Mus.
1199 849 82 25 xix.
1317 852 33 34 p.
1402 837 86 37 108.

279 902 149 38 Stentor
457 905 160 45 guariba,
653 904 149 37 Humb.
836 904 89 37 Obs.
960 904 105 36 Zool.
1090 915 35 34 p.
1173 902 86 37 355.
1326 901 162 38 Alouate

275 970 162 46 guariba,
459 970 134 36 Desm.
613 971 167 35 Mamm.
802 983 33 36 p.
862 967 61 41 78.
980 968 392 43 Brownish-chestnut,
1396 982 92 35 pass-

277 1036 61 46 ing
355 1036 78 35 into
452 1035 168 37 chestnut
649 1050 46 22 on
724 1037 62 36 the
814 1037 91 35 head
932 1036 69 35 and
1031 1036 118 44 back;
1177 1042 63 29 the
1266 1042 68 40 tips
1363 1037 40 34 of
1427 1035 62 36 the

279 1102 77 34 hair
373 1101 132 48 golden
525 1102 134 37 colour.
718 1102 167 36 Inhabits
905 1101 128 37 Brasil.

227 1168 34 35 5.
292 1167 56 36 M.
381 1180 333 33 FLAVicAUDATus,
755 1169 62 36 the
847 1168 119 37 Chora
1033 1167 149 37 Stentor
1214 1168 272 44 flavicaudatus,

280 1232 126 51 Geoff.
425 1233 109 36 Ann.
556 1234 54 36 du
628 1235 109 35 Mus.
758 1236 76 35 xix.
860 1234 84 36 108.
995 1232 115 38 Simia
1128 1234 211 45 flavicauda,
1353 1232 132 46 Chora,

285 1300 149 36 Humb.
470 1300 89 37 Obs.
593 1301 107 36 Zool.
735 1314 32 34 p.
803 1301 74 36 343
915 1299 71 36 and
1017 1300 88 36 355.
1171 1299 161 37 Alouate
1365 1312 121 33 chora,

278 1367 134 35 Desm.
448 1367 168 36 Mamm.
647 1380 32 34 p.
703 1366 61 39 79.
832 1365 329 46 Brownish-black,
1195 1365 131 37 darker
1355 1379 46 23 on
1427 1366 63 36 the

279 1434 118 43 back;
427 1433 64 36 tail
520 1433 290 45 blackish-olive,
837 1432 159 36 adorned
1023 1445 46 23 on
1094 1439 62 28 the
1182 1432 91 35 sides
1303 1432 86 36 with
1418 1439 71 29 two

279 1498 133 46 yellow
439 1499 136 36 stripes.
637 1498 166 36 Iriiabits
830 1505 63 30 the
919 1498 168 48 province
1116 1499 40 35 of
1178 1497 109 46 Jaen,
1319 1499 115 35 banks
1455 1498 37 36 of

280 1564 62 36 the
361 1565 95 35 river
475 1563 178 37 Amazon.

228 1630 35 35 6.
298 1629 58 37 M.
387 1643 139 33 NIGER,
557 1631 63 36 the
647 1629 358 38 Caraya.—Stentor
1025 1632 112 45 niger,
1158 1630 126 50 Geoff'.
1304 1630 110 38 Ann.
1436 1631 53 36 du

279 1696 115 37 Mus.
433 1697 76 36 xix.
555 1696 86 37 108.
727 1695 115 39 Simia
879 1709 138 35 caraya,
1059 1696 151 36 Humb.
1251 1697 89 37 Obs.
1376 1697 108 37 Zool.

279 1775 33 34 p.
336 1762 88 36 355.
483 1762 161 37 Alouate
672 1775 140 35 caraya,
841 1763 135 36 Desm.
1002 1763 169 36 Mamm,
1201 1776 35 35 p.
1269 1761 64 41 79.
1392 1763 95 36 Rich

280 1828 142 47 shining
443 1830 107 35 black
571 1842 12 32 ;
611 1829 65 36 tail
696 1836 122 29 rather
837 1829 126 44 short;
990 1829 134 35 female
1151 1830 72 35 and
1251 1842 122 34 young
1400 1830 88 35 with

282 1900 62 30 the
360 1896 91 34 sides
466 1896 72 34 and
558 1895 116 35 under
688 1900 95 42 pai’ts
802 1894 333 41 yellowish-brown.
1199 1894 167 37 Inhabits
1381 1894 107 37 Para-

280 1972 106 35 guay,
408 1959 127 37 Bahia.

229 2023 36 41 7.
299 2024 57 37 M.
395 2038 249 34 RUFiMANus,
677 2025 262 37 Red-Handed
972 2025 153 38 Plowler
1210 2026 166 48 Mycetes
1404 2030 84 34 rufi-

281 2103 142 33 manus,
439 2090 251 39 KhulMSS.
704 2106 14 30 ;
739 2093 133 35 Desm.
893 2092 168 36 Mamm.
1077 2105 32 35 p.
1127 2090 62 40 79.
1222 2092 138 47 Black;
1375 2096 113 35 wrists

281 2158 70 34 and
380 2157 125 46 hands,
533 2158 70 35 and
633 2164 163 30 extreme
822 2159 82 35 half
930 2159 41 35 of
993 2165 62 29 the
1073 2160 80 44 tail,
1174 2159 285 38 reddish-broAvn
1475 2174 11 31 ;

281 2222 112 36 lower
411 2235 94 35 p.arts
524 2236 124 34 nearly
659 2224 154 36 Avithout
825 2224 87 36 hair.
970 2224 137 37 Native
1121 2237 151 36 country
1286 2238 198 24 unknown.

313 2297 67 30 The
400 2298 198 39 description
613 2299 37 30 of
670 2299 65 31 this
758 2301 126 29 species
899 2300 28 30 is
943 2300 76 39 only
1034 2300 122 32 known
1170 2299 84 33 from
1272 2302 56 30 the
1347 2302 89 30 MSS.
1452 2304 34 28 ol

351 2348 104 35 Khul,
472 2349 99 30 taken
590 2349 83 31 from
698 2359 20 21 a
732 2360 166 21 specimen
921 2351 187 39 purchased
1130 2353 41 37 by
1196 2352 44 29 M.
1258 2352 173 31 Temmink
1449 2356 36 28 at

352 2399 56 30 the
423 2400 178 37 dispersion
617 2401 36 29 of
666 2401 168 31 Bullock’s
850 2401 164 31 Museum.
