2113 3404
295 249 82 46 166

840 3075 11 23 1
879 3074 148 36 Descent
1045 3072 39 47 of
1098 3072 101 46 Man,
1219 3083 31 36 p.
1272 3074 58 33 90.

794 262 85 42 !tfiB
911 267 243 39 DlSOltDfillS
1186 270 52 38 Of
1270 266 174 43 SfEKClt.

292 383 244 45 Dominant
558 386 231 59 languages
811 391 86 42 and
929 392 178 44 dialects
1141 395 154 55 spread
1333 395 154 57 widely
1510 397 85 42 and
1628 397 94 43 lead
1759 404 41 36 to
1833 399 69 45 the

291 455 179 55 gradual
492 458 241 44 extinction
755 460 44 42 of
829 462 124 42 other
984 468 190 52 tongues.
1234 465 43 41 A
1310 466 209 55 language
1555 467 87 42 like
1675 481 25 28 a
1735 470 169 41 species,

292 539 106 30 once
419 528 178 52 extinct,
619 544 142 37 never,
783 545 45 29 as
846 531 68 43 Sir
929 533 43 43 C.
989 533 123 55 Lyell
1126 534 234 42 remarks,'
1376 536 245 54 reappears.'
1681 536 88 43 The
1791 551 112 31 same

292 597 212 57 language
526 613 132 29 never
688 600 77 43 has
796 605 87 38 two
915 603 272 54 birthplaces.
1249 604 196 42 Distinct
1477 604 230 57 languages
1744 620 78 29 can
1853 608 51 44 be

293 670 169 42 crossed
485 684 47 28 or
551 671 187 42 blended
761 672 204 55 together.
1028 673 83 42 We
1133 688 70 28 see
1235 674 248 42 variability
1508 675 44 41 in
1584 689 128 42 every
1734 680 168 54 tongue,

291 741 85 41 and
400 755 93 27 new
518 741 137 42 words
678 756 70 28 are
770 742 268 55 continually
1062 743 207 55 cropping
1287 758 82 41 up;
1390 744 89 42 but,
1497 760 44 26 as
1561 745 116 44 there
1695 746 35 42 is
1747 761 24 27 a
1792 747 112 43 limit

292 816 44 36 to
359 810 74 43 the
456 825 166 41 powers
644 812 47 41 of
710 811 73 43 the
805 826 206 42 memory,
1033 813 138 55 single
1204 813 150 52 words,
1376 813 89 43 like
1498 814 137 43 whole
1666 815 238 57 languages,

290 881 227 55 gradually
539 882 173 42 become
735 882 177 42 extinct.
975 883 62 41 As
1060 883 108 41 Max
1190 883 163 43 Miiller
1374 883 76 43 has
1474 885 97 42 well
1602 886 219 42 remarked
1839 904 63 24 :—

291 957 9 18 1
317 952 42 42 A
381 951 191 55 struggle
594 952 66 40 for
681 951 74 42 life
778 951 37 42 is
837 952 247 55 constantly
1106 953 129 55 going
1256 967 55 28 on
1333 961 197 49 amongst
1559 954 75 44 the
1656 955 135 43 words
1821 958 82 41 and

289 1021 298 56 grammatical
609 1021 133 42 forms
764 1021 44 41 in
832 1021 103 42 each
959 1021 222 57 language.
1256 1024 89 42 The
1366 1024 151 51 better,
1539 1024 73 43 the
1634 1025 176 51 shorter,
1833 1027 69 42 the

289 1107 135 28 easier
446 1093 132 41 forms
599 1106 70 28 are
691 1092 248 54 constantly
961 1093 176 54 gaining
1159 1093 73 42 the
1255 1108 133 41 upper
1420 1095 126 41 hand,
1567 1096 84 40 and
1683 1095 102 55 they
1817 1110 85 29 owe

289 1164 114 42 their
425 1177 169 29 success
617 1167 44 37 to
698 1162 114 42 their
844 1176 96 27 own
975 1163 203 42 inherent
1211 1165 164 42 virtue.'
1437 1166 59 41 To
1531 1165 119 43 these
1683 1172 113 36 most
1827 1167 75 41 im-

290 1237 176 53 portant
487 1247 148 28 causes
657 1234 46 41 of
722 1233 74 42 the
819 1232 192 43 survival
1035 1235 47 40 of
1101 1235 162 41 certain
1297 1235 150 51 words,
1470 1249 113 29 mere
1614 1236 176 42 novelty
1821 1237 81 41 and

290 1306 172 43 fashion
483 1319 101 41 may
606 1305 53 41 be
682 1304 163 52 added;
877 1304 65 42 for
965 1303 121 44 there
1108 1305 37 42 is
1166 1305 45 41 in
1235 1305 73 43 the
1340 1305 122 42 mind
1496 1307 46 40 of
1570 1320 101 28 man
1704 1320 25 28 a
1762 1310 142 52 strong

288 1378 98 42 love
409 1377 66 42 for
497 1375 133 56 slight
651 1375 185 42 changes
858 1375 45 41 in
926 1375 59 41 all
1006 1375 156 56 things.
1225 1376 88 42 The
1335 1376 189 41 survival
1547 1390 47 27 or
1614 1377 288 54 preservation

290 1450 47 42 of
355 1448 163 43 certain
540 1445 206 43 favoured
773 1445 141 43 words
936 1446 46 41 in
1015 1446 74 42 the
1111 1446 190 56 struggle
1333 1447 65 41 for
1429 1447 216 42 existence
1666 1447 37 42 is
1737 1447 168 41 natural

291 1517 265 46 selection."1

349 1589 198 42 Phonetic
582 1587 140 42 Decay
754 1587 90 41 and
876 1587 204 41 Dialectic
1112 1587 442 42 Regeneration.—By
1585 1586 73 43 the
1692 1600 213 42 processes

291 1661 47 41 of
370 1657 212 44 Phonetic
617 1657 151 41 Decay
799 1656 85 41 and
918 1656 242 42 Dialective
1184 1656 326 55 Regeneration,
1532 1657 170 41 curious
1724 1655 181 55 changes

291 1732 110 41 have
452 1729 108 42 been
606 1727 187 42 brought
838 1732 132 36 about
1020 1725 46 43 in
1118 1727 73 42 the
1243 1727 139 41 words
1429 1727 43 41 of
1519 1741 128 41 every
1688 1727 215 52 language.

290 1799 243 44 Abundant
583 1797 289 42 illustrations
925 1798 46 40 of
1019 1797 105 42 such
1178 1797 183 55 changes
1412 1811 99 41 may
1553 1797 53 42 be
1657 1797 145 51 found,
1842 1797 64 41 for

293 1885 210 41 example,
539 1869 46 42 in
627 1882 85 41 any
746 1867 210 56 language
989 1867 233 56 belonging
1263 1872 43 37 to
1340 1867 74 42 the
1452 1867 271 42 Inflectional
1763 1881 140 41 group.

292 1943 43 42 If
358 1957 62 26 we
443 1941 100 42 take
564 1939 180 42 French,
762 1938 140 42 which
926 1939 36 41 is
985 1952 80 28 one
1088 1938 46 42 of
1152 1938 72 42 the
1248 1938 134 42 direct
1405 1937 283 42 descendants
1705 1938 45 41 of
1769 1937 136 49 Latin,

292 2028 63 28 we
377 2012 103 43 find,
501 2025 46 28 as
578 2010 221 42 Professor
829 2009 164 42 Miiller
1023 2009 146 55 points
1201 2013 87 38 out,
1321 2009 95 41 that
1449 2023 130 40 many
1602 2008 45 42 of
1674 2008 73 42 the
1780 2008 124 41 Latin

290 2083 302 44 terminations
624 2094 71 28 are
728 2079 309 43 substantially
1060 2079 192 42 retained
1285 2078 45 43 in
1363 2079 72 41 the
1467 2078 185 55 spelling
1682 2078 44 42 of
1759 2091 145 36 words,

290 2155 179 56 though,
501 2153 162 42 having
699 2151 173 42 become
909 2164 133 38 mute,
1075 2150 105 42 they
1211 2150 111 42 have
1355 2149 279 55 disappeared
1671 2149 107 41 from
1812 2162 91 40 pro-

291 2225 265 44 nunciation.
618 2227 21 16 "
657 2222 129 49 Thus,
809 2219 173 55 j'aime
1013 2221 36 41 is
1081 2230 94 32 ego
1196 2230 146 32 amo;
1372 2219 60 42 tu
1452 2217 172 53 aimes,
1648 2219 59 41 tu
1736 2228 168 40 amas;

291 2297 34 42 il
346 2307 145 32 aime,
515 2292 82 43 ille
618 2292 159 43 amat.
843 2292 135 41 There
1003 2305 83 27 was
1109 2288 227 56 originally
1359 2302 25 28 a
1405 2288 102 41 final
1528 2286 24 42 t
1572 2289 45 40 in
1642 2288 71 41 the
1740 2285 162 45 French

291 2368 34 42 il
355 2377 145 32 aime,
526 2364 86 43 and
642 2364 35 41 it
699 2376 142 29 comes
867 2366 76 38 out
974 2361 126 42 again
1122 2359 46 43 in
1197 2358 106 43 such
1325 2359 175 54 phrases
1522 2372 45 28 as
1597 2354 306 45 aime-t-il?"

294 2438 52 45 In
366 2439 72 42 the
457 2438 145 40 future
618 2434 43 42 of
683 2433 74 42 the
774 2446 117 29 same
909 2432 117 42 verb,
1039 2431 73 42 the
1126 2443 169 42 process
1310 2429 43 42 of
1369 2429 214 42 Dialectic
1596 2427 308 56 Regeneration

291 2511 36 41 is
343 2506 232 45 exhibited.
617 2504 90 41 The
724 2502 71 42 old
810 2502 127 42 Latin
955 2502 36 42 is
1005 2499 205 44 amabo,
1228 2499 79 42 but
1325 2499 72 42 the
1411 2498 165 43 French
1594 2498 36 41 is
1645 2494 255 57 j'aimerai.

290 2585 20 18 "
330 2580 113 42 How
485 2576 75 43 did
611 2574 74 43 the
731 2577 279 38 termination
1056 2569 77 43 rai
1181 2569 87 42 bud
1312 2569 114 42 forth
1470 2569 88 41 like
1590 2582 24 28 a
1646 2568 182 41 blossom
1860 2565 43 41 in

293 2651 187 55 Spring?
541 2681 9 9 .
613 2679 8 9 •
683 2677 8 9 •
753 2643 89 42 The
878 2643 125 41 Latin
1040 2642 145 41 future
1218 2654 88 27 was
1340 2639 227 56 destroyed
1599 2639 55 54 by
1687 2651 146 29 means
1865 2634 44 42 of

291 2734 204 44 phonetic
513 2715 259 45 corruption.
805 2713 146 42 When
974 2712 75 42 the
1071 2709 103 42 final
1195 2709 151 42 letters
1375 2709 85 43 lost
1481 2709 114 42 their
1615 2708 178 42 distinct
1813 2718 90 43 pro-

291 2804 266 32 nunciation,
579 2788 35 41 it
636 2786 174 42 became
831 2781 251 44 impossible
1103 2784 44 38 to
1173 2779 110 55 keep
1317 2780 71 42 the
1411 2779 225 55 imperfect
1666 2787 238 33 amabani

291 2876 195 32 separate
508 2860 110 42 from
640 2856 74 43 the
736 2856 145 41 future
912 2861 202 35 amabo.
1179 2849 89 41 The
1297 2850 145 42 future
1466 2864 85 28 was
1583 2850 103 41 then
1711 2844 192 58 replaced

289 2937 59 42 by
371 2928 242 49 dialectical
634 2924 310 59 regeneration,
961 2923 65 41 for
1046 2921 74 43 the
1138 2933 74 29 use
1234 2919 44 42 of
1298 2914 166 47 habeo
1489 2920 103 41 with
1614 2933 54 28 an
1691 2915 210 45 infinitive

289 3010 36 41 is
369 3003 134 46 found
546 3002 43 41 in
624 2997 146 44 Latin,
818 2995 45 42 in
913 2993 106 43 such
1061 2991 271 57 expressions
1376 3004 45 27 as
1464 2988 167 44 habeo
1661 2988 175 45 dicere,
1881 2984 20 41 I
