2113 3404
455 250 85 45 432

940 271 88 30 THE
1061 271 240 33 DISORDERS
1333 274 53 31 OF
1418 275 172 33 SPKECH.

808 3064 7 22 1
845 3062 163 37 Diseases
1025 3060 39 34 of
1077 3059 54 35 the
1148 3058 160 36 Nervous
1325 3057 141 47 System,
1485 3054 71 36 vol.
1576 3054 37 35 ii.
1633 3066 33 36 p.
1686 3057 77 32 2G2.

514 384 89 42 The
636 385 239 45 Kecurrent
899 390 232 55 Laryngeal
1166 406 129 29 nerve
1326 392 48 44 fa,
1406 394 44 41 of
1481 408 159 38 course,
1673 395 72 42 the
1776 400 120 50 great
1928 409 138 28 motor

459 468 128 28 nerve
620 458 44 40 of
701 458 74 42 the
812 459 164 56 larynx.
1038 462 123 42 With
1203 463 71 42 the
1311 465 224 45 exception
1574 465 46 43 of
1654 466 71 41 the
1762 471 302 49 crico-thyroid

459 526 185 43 muscles
677 528 135 43 above
847 531 259 43 mentioned,
1131 533 34 41 it
1196 535 188 53 supplies
1416 533 54 44 all
1506 536 73 40 the
1612 535 183 42 muscles
1828 536 139 41 which
1999 541 69 37 act

459 610 112 41 upon
597 597 73 43 the
693 600 119 41 vocal
835 601 132 42 cords.
1031 602 44 41 It
1096 602 100 42 thus
1219 604 190 54 supplies
1432 605 102 41 both
1563 605 72 41 the
1667 605 227 42 adductors
1928 607 136 41 which

459 667 112 41 close
594 669 83 40 and
701 669 72 42 the
796 671 207 41 abductor
1027 672 135 42 which
1188 687 131 40 opens
1344 674 71 41 the
1437 686 156 42 glottis.

518 737 175 43 Careful
715 740 274 43 observation
1013 742 153 41 within
1197 748 145 37 recent
1372 757 123 41 years
1527 744 76 41 has
1636 744 183 54 brought
1848 750 77 37 out
1954 759 116 28 some

458 808 256 56 interesting
767 811 107 41 facts
927 812 130 40 about
1099 812 73 42 the
1214 817 84 37 two
1341 817 86 37 sets
1469 813 44 41 of
1557 813 388 43 fibres—adductor
1985 816 84 40 and

459 879 365 42 abductor—that
844 894 51 39 go
920 885 42 36 to
986 881 124 41 make
1136 895 54 41 up
1224 881 73 42 the
1320 887 217 36 recurrent
1560 882 213 55 laryngeal
1800 897 138 28 nerve.
2001 885 65 41 On

458 948 75 42 the
565 963 80 27 one
678 949 128 51 hand,
837 950 35 40 it
900 950 78 42 has
1009 951 109 42 been
1149 951 135 41 found
1317 952 95 40 that
1445 952 122 41 when
1601 953 73 41 the
1708 953 135 42 whole
1878 968 125 28 nerve
2035 955 36 41 is

460 1019 251 41 stimulated
743 1020 103 41 with
870 1020 252 55 electricity,
1144 1021 73 42 the
1249 1021 124 42 effect
1405 1022 35 41 is
1472 1027 74 36 not
1577 1036 55 27 an
1664 1023 171 54 equally
1868 1024 202 42 balanced

460 1090 266 41 contraction
751 1090 44 41 of
816 1090 208 42 adductor
1046 1091 82 41 and
1152 1091 207 42 abductor
1380 1092 196 51 muscles,
1598 1093 208 41 resulting
1830 1094 39 39 in
1895 1093 177 45 absence

459 1160 47 40 of
520 1164 248 37 movement
785 1160 44 41 in
849 1160 138 42 either
1004 1175 79 28 one
1101 1161 207 41 direction
1333 1175 45 26 or
1400 1162 72 41 the
1495 1162 131 41 other,
1643 1163 78 40 but
1739 1163 33 40 is
1791 1177 22 26 a
1832 1169 241 35 movement

461 1230 44 41 of
525 1230 241 50 adduction,
789 1230 140 41 which
952 1230 135 42 closes
1110 1230 73 42 the
1204 1230 159 56 glottis.
1426 1231 113 41 And,
1563 1245 55 26 on
1641 1231 72 41 the
1735 1231 120 42 other
1880 1231 127 51 hand,
2037 1233 37 41 it

462 1300 76 42 has
561 1301 108 41 been
693 1301 134 41 found
852 1301 94 41 that
970 1302 123 40 when
1115 1301 73 41 the
1214 1301 134 42 whole
1367 1315 128 28 nerve
1513 1302 35 41 is
1564 1301 224 55 gradually
1807 1302 265 42 compressed

464 1373 107 38 from
597 1372 183 41 without
803 1372 54 54 by
882 1386 24 27 a
939 1378 185 35 tumour,
1157 1372 71 41 the
1261 1378 133 35 result
1426 1371 35 42 is
1495 1377 73 35 not
1600 1387 23 26 a
1655 1372 150 54 slowly
1838 1373 236 55 increasing

464 1442 162 53 paresis
648 1442 173 54 equally
846 1443 174 41 marked
1046 1443 42 40 in
1113 1443 229 40 adductors
1365 1442 84 41 and
1472 1442 216 41 abductor,
1712 1442 78 41 but
1811 1442 35 42 is
1868 1457 24 26 a
1915 1444 159 52 paresis

465 1511 141 41 which
630 1511 140 41 shows
793 1512 120 41 itself
934 1513 89 40 first
1046 1511 44 43 in
1115 1512 71 41 the
1209 1512 206 41 abductor
1437 1516 255 36 movement,
1715 1511 84 41 and
1826 1526 98 40 goes
1945 1526 53 26 on
2034 1518 40 35 to

462 1581 212 56 paralysis
691 1582 44 40 of
752 1582 96 41 that
866 1587 246 37 movement
1126 1582 143 41 before
1286 1582 116 41 there
1422 1582 34 41 is
1473 1596 83 27 any
1572 1581 177 42 distinct
1765 1582 158 54 paresis
1942 1583 44 40 in
2003 1583 71 41 the

464 1657 248 37 movement
732 1653 46 40 of
796 1652 245 42 adduction.
1103 1653 111 41 How
1233 1666 69 28 are
1322 1652 117 42 these
1458 1657 83 37 two
1559 1652 108 41 facts
1685 1656 43 37 to
1747 1653 50 41 be
1814 1652 227 42 explained
2059 1655 15 39 ?

463 1723 137 41 There
624 1723 75 41 h;is
724 1724 104 40 been
856 1724 124 40 much
1005 1736 275 28 controversy
1305 1736 130 27 about
1462 1722 110 42 their
1603 1722 290 54 explanation,
1924 1723 84 41 and
2039 1724 36 40 it

465 1794 141 42 would
632 1794 98 41 take
754 1808 23 26 a
798 1798 119 50 great
938 1793 96 41 deal
1062 1794 46 40 of
1136 1807 124 27 space
1293 1799 43 35 to
1369 1793 124 41 make
1525 1807 24 26 a
1579 1796 233 37 statement
1841 1794 46 39 of
1914 1793 58 40 all
2005 1793 71 41 the

464 1865 261 54 hypotheses
748 1864 95 41 that
866 1864 108 41 have
997 1864 105 40 been
1126 1863 230 41 advanced.
1422 1863 20 40 I
1465 1862 110 41 shall
1600 1866 175 37 content
1793 1862 155 54 myself
1972 1868 102 35 with

467 1934 176 43 making
666 1950 23 24 a
714 1935 108 39 brief
845 1939 100 35 note
969 1934 43 40 of
1035 1939 83 35 two
1143 1933 200 41 different
1365 1932 310 54 explanations,
1704 1932 135 41 which
1873 1946 69 27 are
1974 1933 100 40 each

465 2006 237 54 supported
727 2005 55 55 by
805 2005 103 54 high
932 2004 229 54 authority.

525 2077 65 41 Dr
613 2074 198 43 Gowers1
836 2075 122 41 holds
982 2079 95 36 that
1099 2074 118 41 there
1245 2087 96 27 may
1375 2073 52 41 be
1459 2086 54 27 no
1546 2072 198 42 inherent
1775 2072 226 41 difference
2036 2073 39 39 in

468 2149 74 41 the
585 2146 237 56 properties
860 2147 46 39 of
937 2145 73 41 the
1049 2150 84 36 two
1166 2149 86 36 sets
1284 2144 46 40 of
1358 2143 137 51 fibres,
1526 2143 85 41 and
1643 2143 96 41 that
1770 2142 102 42 both
1918 2143 43 40 of
2007 2143 72 41 the

469 2232 270 43 phenomena
762 2230 132 28 above
917 2215 130 42 noted
1070 2229 101 27 may
1188 2215 50 41 be
1257 2214 229 42 explained
1509 2214 32 39 if
1564 2213 71 41 the
1660 2213 102 40 bulk
1781 2213 81 40 and
1886 2213 191 51 strength

469 2291 45 40 of
542 2290 72 40 the
647 2288 207 41 adductor
883 2286 184 41 muscles
1097 2299 178 27 are—as
1306 2285 101 41 they
1438 2298 115 27 seem
1585 2288 45 36 to
1668 2283 274 54 be—greater
1976 2283 102 40 than

469 2361 124 41 those
620 2360 45 40 of
695 2358 73 41 the
800 2358 231 41 abductor;
1062 2370 46 27 or
1130 2356 44 40 if,
1197 2370 45 26 as
1281 2355 52 40 he
1357 2354 149 41 thinks
1529 2355 35 39 is
1589 2353 70 42 the
1682 2367 105 37 case,
1811 2353 73 41 the
1919 2352 163 42 weaker

471 2431 207 42 abductor
701 2433 90 37 acts
813 2433 44 36 at
878 2442 24 27 a
929 2425 307 44 disadvantage
1268 2439 46 27 as
1347 2424 225 42 compared
1607 2423 103 41 with
1743 2423 57 41 its
1832 2430 250 47 opponents,

471 2502 142 42 owing
635 2505 44 36 to
701 2499 74 41 the
798 2512 154 27 nature
975 2497 43 41 of
1041 2497 55 40 its
1126 2495 268 42 attachment
1425 2499 41 36 to
1497 2494 72 41 the
1599 2493 223 55 arytenoid
1849 2492 235 50 cartilages,

472 2573 85 42 and
596 2571 73 42 the
707 2569 124 42 angle
869 2573 45 36 at
956 2567 140 41 which
1138 2566 35 40 it
1214 2565 124 55 pulls.
1426 2564 39 40 If
1509 2579 58 25 we
1609 2568 124 48 grant
1776 2563 105 49 that,
1924 2563 41 40 in
2011 2563 71 41 the

475 2656 217 28 muscular
726 2639 85 42 and
845 2636 264 44 mechanical
1141 2639 321 37 arrangements
1498 2633 150 40 within
1681 2633 72 41 the
1786 2632 165 56 larynx,
1983 2634 35 39 it
2050 2633 35 40 is

475 2713 101 42 thus
613 2708 207 57 provided
860 2712 95 37 that
992 2705 233 42 adduction
1266 2704 75 41 has
1385 2717 25 27 a
1447 2702 179 42 distinct
1663 2715 343 41 preponderance
2042 2701 44 42 of

475 2797 143 43 power
653 2794 102 28 over
791 2777 246 43 abduction,
1075 2776 102 41 then
1219 2788 62 27 we
1317 2787 80 27 can
1435 2771 262 42 understand
1731 2772 94 41 how
1857 2772 36 41 it
1924 2772 36 41 is
1991 2771 94 42 that

475 2852 271 45 stimulation
777 2850 44 41 of
853 2849 73 41 the
960 2846 138 42 whole
1132 2859 128 27 nerve
1291 2843 133 42 trunk
1457 2857 96 40 may
1587 2856 126 28 cause
1744 2842 165 42 closure
1941 2842 46 40 of
2015 2841 71 42 the

476 2925 162 57 glottis,
662 2922 141 40 owing
825 2923 43 38 to
894 2919 84 41 this
1002 2928 345 45 preponderance
1375 2913 45 43 of
1450 2913 71 41 the
1555 2913 206 40 adductor
1796 2924 163 43 power;
2003 2911 79 40 and
