2125 3524
831 286 86 31 THE
951 287 240 34 DISORDERS
1223 290 53 32 OF
1308 291 174 32 SPEECH.

347 268 51 39 1G

781 424 82 42 The
885 425 264 44 Phenomena
1169 429 50 41 in
1239 427 294 57 Stn.Dvinering.

403 529 91 44 The
514 533 175 54 general
720 537 154 40 nature
905 537 60 45 of.
980 536 74 43 the
1085 537 141 43 defect
1248 538 43 42 of
1321 539 155 54 speech
1507 539 47 41 in
1585 538 279 43 stammering
1886 538 76 42 has

343 598 175 57 already
541 601 110 43 been
683 603 243 55 explained,
948 605 85 42 and
1054 606 35 41 it
1121 607 77 41 has
1227 607 110 42 been
1368 607 150 42 shown
1540 607 95 42 that
1656 608 72 42 the
1760 607 201 54 starting-

344 667 125 55 point
489 669 44 41 of
559 669 73 43 the
654 670 142 43 defect
817 672 36 42 is
875 687 24 27 a
919 673 137 42 Want
1078 675 44 41 of
1153 675 302 55 Promptitude
1477 676 45 42 in
1545 676 74 43 the
1640 690 257 42 production
1918 676 44 42 of

344 737 74 43 the
451 738 124 43 vocal
606 740 187 43 element
824 742 45 41 in
903 743 72 42 the
998 744 93 42 first
1112 745 204 55 syllables
1348 746 47 41 of
1423 746 146 42 words.
1632 747 44 42 It
1702 747 184 41 remains
1919 753 41 34 to

344 807 216 43 illustrate
584 808 86 43 this
693 811 265 54 proposition
982 812 55 55 by
1061 814 217 55 examples
1297 815 110 42 from
1429 816 73 42 the
1524 816 198 42 different
1743 816 154 42 classes
1919 816 43 41 of

343 877 164 51 letters,
541 879 86 41 and
663 883 44 38 to
745 881 117 41 show
899 882 46 40 in
981 882 115 43 what
1129 884 152 55 degree
1316 885 73 43 the
1422 886 213 42 difficulty
1669 887 37 41 is
1742 886 219 42 exhibited

345 947 158 56 during
535 949 75 41 the
646 951 335 53 pronunciation
1015 953 46 40 of
1094 953 149 43 letters
1280 955 231 55 belonging
1543 960 44 38 to
1627 956 103 42 each
1763 956 47 42 of
1842 955 120 43 these

345 1017 169 43 classes.
578 1019 218 56 Speaking
826 1021 231 55 generally,
1079 1023 37 41 it
1146 1037 99 42 may
1269 1025 50 42 be
1352 1025 91 42 said
1475 1026 96 42 that
1597 1026 73 43 the
1692 1026 212 42 difficulty
1926 1026 37 42 is

345 1088 111 42 least
486 1087 46 43 in
564 1088 73 42 the
659 1089 187 52 Vowels,
869 1090 142 43 which
1033 1106 70 28 are
1135 1094 156 42 vocals,
1312 1095 83 40 and
1419 1096 173 41 contain
1623 1097 119 41 voice
1773 1110 45 28 as
1851 1096 112 42 their

345 1158 306 55 predominant
673 1159 198 43 element.
933 1161 90 42 The
1046 1161 185 44 demand
1256 1164 66 41 for
1342 1164 120 42 voice
1483 1164 46 43 in
1550 1165 74 42 the
1646 1166 252 54 production
1920 1167 43 40 of

345 1228 146 42 initial
513 1228 174 43 Vowels
719 1229 37 43 is
788 1230 46 42 of
863 1245 46 27 so
931 1231 191 55 primary
1143 1247 25 27 a
1198 1238 164 37 nature,
1386 1234 96 41 that
1503 1234 74 42 the
1607 1234 154 55 larynx
1794 1235 169 55 usually

346 1300 193 55 supplies
562 1300 35 42 it
619 1300 187 42 without
827 1301 241 57 difficulty;
1094 1303 94 55 just
1219 1318 46 28 as
1287 1304 73 43 the
1393 1305 90 42 still
1505 1309 168 51 greater
1694 1305 185 42 demand
1900 1306 65 41 for

346 1371 122 42 voice
498 1370 48 42 in
577 1384 106 42 song
708 1371 181 52 suffices,
912 1372 128 42 while
1073 1374 73 42 the
1178 1380 250 37 stammerer
1459 1375 128 55 sings,
1614 1381 43 36 to
1689 1376 165 41 abolish
1890 1376 72 41 the

347 1441 142 43 defect
510 1441 50 42 in
581 1446 89 38 Mo.
735 1442 69 42 On
826 1442 74 43 the
923 1443 121 43 other
1061 1444 128 51 hand,
1205 1446 72 41 the
1290 1445 219 43 Voiceless
1526 1446 254 55 Explosives
1801 1446 35 50 t,
1857 1456 47 42 p,
1927 1445 37 42 k

348 1526 165 42 occupy
531 1526 25 28 a
577 1512 121 56 place
716 1518 45 37 at
782 1513 74 43 the
878 1515 195 54 opposite
1096 1516 229 55 extremity
1350 1517 45 41 of
1414 1517 72 41 the
1509 1517 121 42 scale.
1692 1517 118 54 They
1833 1522 132 49 ought

348 1589 43 35 to
415 1584 51 41 be
489 1583 186 42 touched
698 1583 62 42 off
775 1583 160 56 lightly
955 1585 86 42 and
1062 1586 159 55 easily;
1251 1586 79 42 but
1353 1587 135 41 when,
1510 1587 44 41 in
1578 1587 290 55 stammering,
1891 1587 73 41 the

348 1654 256 43 succeeding
625 1654 122 42 vocal
765 1653 187 44 element
974 1656 46 41 in
1042 1656 72 42 the
1132 1656 182 55 syllable
1330 1657 37 41 is
1384 1661 76 37 not
1478 1657 198 55 properly
1700 1657 183 55 brought
1905 1671 57 40 up

348 1730 45 38 to
416 1725 117 43 time,
565 1725 74 42 the
661 1729 263 47 stammerer,
955 1726 201 56 ignorant
1187 1741 45 27 as
1256 1732 42 37 to
1322 1727 72 42 the
1421 1741 125 28 cause
1569 1728 44 40 of
1641 1727 67 42 his
1741 1728 223 49 difficulty,

348 1796 162 42 throws
532 1796 67 42 his
622 1809 158 42 energy
802 1796 92 42 into
916 1797 74 42 the
1013 1811 144 42 wrong
1185 1797 277 43 mechanism,
1484 1798 84 41 and
1590 1804 143 36 exerts
1765 1812 24 27 a
1820 1801 146 51 strong

347 1881 200 41 pressure
579 1870 44 38 at
646 1866 73 42 the
751 1867 320 55 stop-position,
1093 1867 140 41 which
1260 1881 97 41 may
1379 1868 149 55 betray
1550 1868 121 41 itself
1699 1868 137 41 either
1864 1868 45 40 in
1942 1882 23 25 a

349 1936 141 43 Silent
532 1936 199 42 Sticking
766 1939 46 38 at
848 1936 73 43 the
958 1941 250 38 consonant,
1245 1951 46 27 or
1330 1938 47 40 in
1418 1951 24 28 a
1479 1938 242 41 Stuttering
1757 1937 206 42 voiceless

348 2006 251 42 Eepetition
630 2005 44 42 of
705 2005 57 42 its
795 2006 221 55 explosive
1043 2006 134 43 effect.
1240 2006 178 42 Instead
1440 2007 46 41 of
1514 2006 133 56 easily
1669 2019 295 43 pronouncing

347 2091 25 28 a
403 2076 139 43 single
574 2076 126 43 small
730 2086 48 42 p,
802 2076 53 43 he
887 2076 209 56 produces
1126 2091 26 28 a
1182 2077 242 43 succession
1455 2077 46 41 of
1529 2077 131 42 these,
1683 2091 47 28 or
1761 2077 102 41 only
1885 2090 79 28 one

348 2147 236 56 prolonged
602 2154 159 35 capital
783 2146 39 42 P
841 2147 44 42 of
906 2147 116 56 large
1045 2147 94 43 size.
1201 2148 90 41 The
1313 2147 161 42 Voiced
1496 2147 254 55 Explosives
1771 2161 69 28 are
1862 2160 102 41 only

349 2232 25 28 a
396 2218 151 42 degree
578 2217 86 43 less
696 2218 185 42 difficult
910 2218 106 42 than
1048 2217 73 43 the
1152 2217 216 43 voiceless.
1432 2217 119 42 They
1572 2231 70 28 are
1672 2216 216 56 produced
1917 2217 47 40 in

351 2288 73 42 the
447 2302 117 28 same
581 2302 180 28 manner
777 2289 84 41 and
879 2288 45 42 in
943 2288 73 42 the
1034 2302 116 28 same
1167 2292 181 51 variety;
1369 2287 111 42 their
1495 2287 161 42 radical
1672 2288 140 41 defect
1828 2287 47 41 in
1889 2287 73 41 the

350 2372 254 29 stammerer
635 2359 129 41 being
801 2358 74 42 the
907 2358 180 42 absence
1119 2372 47 28 or
1196 2358 264 41 insufficient
1492 2357 156 55 supply
1671 2357 47 42 of
1746 2357 73 42 the
1839 2356 123 43 vocal

350 2443 201 36 element,
592 2428 155 42 which,
788 2429 47 41 in
877 2428 73 42 the
992 2442 95 28 case
1120 2427 45 42 of
1200 2441 25 28 a
1266 2427 151 42 voiced
1449 2426 233 56 explosive,
1723 2426 155 43 should
1912 2427 52 41 be

352 2499 169 41 thrown
560 2498 92 42 into
691 2497 72 43 the
801 2497 130 43 letter
968 2497 159 42 boldly.
1192 2496 89 43 The
1317 2497 122 42 other
1474 2500 269 48 consonants,
1777 2496 187 50 namely,

352 2569 73 42 the
471 2567 221 43 Voiceless
745 2567 85 42 and
881 2566 162 43 Voiced
1101 2566 236 43 Fricatives
1388 2566 86 42 and
1524 2565 135 43 Nasal
1711 2566 255 48 Eesonants,

350 2651 165 42 occupy
537 2651 57 29 an
623 2637 303 42 intermediate
957 2635 121 56 place
1110 2635 195 43 between
1337 2636 73 42 the
1431 2635 158 43 vowels
1616 2635 84 43 and
1722 2636 72 41 the
1817 2635 143 54 explo-

350 2709 126 42 sives,
498 2721 46 28 as
572 2707 173 43 regards
768 2707 74 43 the
864 2706 214 42 difficulty
1100 2706 46 41 in
1168 2706 113 42 their
1311 2706 268 55 production.
1641 2706 53 41 In
1716 2705 73 42 the
1811 2704 153 42 Voice-

348 2779 86 43 less
456 2778 250 43 Fricatives,
728 2778 105 42 such
856 2791 45 28 as
931 2787 25 33 S
977 2792 46 27 or
1043 2774 47 53 h,
1114 2777 74 41 the
1210 2777 137 41 sound
1370 2777 47 42 of
1434 2777 73 42 the
1528 2776 127 42 letter
1675 2776 36 41 is
1732 2773 231 57 prolonged

351 2850 147 41 whilst
520 2849 73 42 the
615 2850 179 54 speaker
812 2849 123 41 waits
954 2849 63 41 for
1033 2848 74 42 the
1123 2847 173 56 lagging
1313 2847 277 42 voice-sound
1607 2847 43 41 of
1671 2846 73 42 the
1767 2844 195 43 succeed-

349 2921 75 42 ing
445 2919 137 42 letter.
646 2920 53 41 In
723 2919 73 43 the
819 2918 163 43 Voiced
1004 2918 235 41 Fricatives
1261 2917 85 42 and
1368 2917 72 42 the
1463 2916 134 43 Nasal
1618 2917 251 48 Eesonants,
1891 2915 72 40 the

350 3004 254 30 stammerer
645 3002 209 42 produces
896 2988 74 42 the
1011 2987 127 42 letter
1173 2986 265 55 voicelessly,
1475 3000 46 28 or
1558 2992 105 35 with
1700 2984 136 42 feeble
1877 2984 82 40 and

349 3059 293 45 intermittent
663 3073 145 30 voice;
841 3058 83 42 and
952 3057 149 43 dwells
1124 3071 116 28 upon
1263 3057 34 41 it
1320 3055 280 56 indefinitely.
1663 3054 88 45 The
1777 3067 117 29 voice
1925 3053 35 41 is
