2107 3450
300 270 198 32 LEADING
531 271 227 31 FEATURES
793 269 53 34 OF
885 269 294 35 ELEMENTARY
1216 272 145 30 FORMS
1396 273 55 29 OK
1489 274 206 31 AI-HANIA.
1752 263 82 41 361

180 392 35 41 it
237 406 139 28 seems
399 393 207 55 probable
630 391 96 45 that
749 407 24 26 a
796 391 268 43 destructive
1092 392 137 41 lesion
1254 392 47 41 of
1331 392 42 41 D
1398 392 144 42 would
1574 393 158 42 render
1764 394 75 41 the

184 464 167 53 patient
374 464 215 55 agraphic,
612 469 45 37 at
689 463 111 42 least
832 477 47 28 as
902 466 45 38 to
978 462 74 43 the
1076 463 119 41 right
1229 462 114 42 hand
1364 479 8 36 ;
1413 463 79 41 but
1514 463 36 41 it
1572 462 36 43 is
1632 462 205 42 doubtful

183 535 193 42 whether
408 536 36 41 it
478 535 144 42 would
657 535 205 42 interfere
896 539 46 37 at
973 533 60 43 all
1067 533 109 43 with
1210 534 179 55 writing
1423 534 56 54 by
1506 548 149 27 means
1686 534 44 41 of
1765 534 73 41 the

183 606 76 44 Left
295 608 126 41 hand.
484 608 90 42 The
607 607 81 42 left
720 607 117 41 hand
873 606 144 42 would
1042 606 212 56 probably
1288 605 93 44 still
1422 606 52 42 be
1507 605 98 43 able
1639 611 43 37 to
1716 605 122 42 draw

181 679 74 42 the
278 679 141 42 visual
444 679 164 42 images
632 679 48 42 of
698 678 152 43 letters
874 677 180 44 revived
1077 682 45 38 at
1145 678 45 43 C.

238 822 77 57 (2.)
355 823 80 42 The
461 823 146 43 Centre
632 823 44 44 G,
699 824 90 42 and
813 823 156 43 Visual
990 821 360 58 Aphasia.—(a.)
1371 822 86 43 We
1479 822 111 43 have
1614 837 100 28 seen
1740 823 98 42 that

178 894 271 43 destruction
482 896 45 42 of
561 895 88 43 this
682 901 149 38 centre
854 896 36 42 is
914 911 96 27 now
1036 896 165 56 proved
1226 901 44 36 to
1294 895 111 43 have
1429 895 73 43 the
1526 895 160 43 double
1710 895 129 43 effect

177 967 46 41 of
244 967 240 55 producing
507 968 367 43 word-blindness
897 968 181 56 (alexia)
1103 968 86 42 and
1214 967 218 57 agraphia.
1482 968 85 42 We
1590 967 92 43 also
1704 968 134 42 know

178 1040 96 42 that
298 1040 269 43 destruction
592 1042 45 40 of
657 1042 76 42 the
754 1056 104 41 grey
882 1046 160 37 matter
1064 1042 47 40 of
1140 1041 75 42 the
1248 1046 148 37 centre
1419 1040 103 43 does
1548 1046 78 37 not
1648 1040 190 56 produce

177 1112 316 57 hemianopsia,
512 1114 80 41 but
610 1114 97 42 that
729 1114 303 42 hemianopsia
1055 1113 36 43 is
1113 1113 222 56 produced
1356 1113 33 41 if
1412 1113 74 42 the
1511 1113 139 42 lesion
1674 1113 163 42 extend

179 1185 158 56 deeply
361 1186 172 42 enough
568 1187 94 41 into
695 1186 74 43 the
802 1187 230 42 subjacent
1057 1185 133 42 white
1221 1190 162 37 matter
1406 1190 45 37 to
1479 1189 75 38 cut
1586 1199 144 28 across
1763 1185 76 42 the

178 1257 235 43 Eadiation
448 1259 44 41 of
531 1258 228 43 Gratiolet.
827 1259 71 55 (&.)
931 1258 83 42 We
1048 1257 112 42 have
1198 1272 101 27 seen
1325 1257 97 42 that
1454 1271 25 28 a
1510 1257 138 42 lesion
1683 1257 45 42 in
1763 1257 76 42 the

178 1329 132 42 white
342 1335 161 36 matter
535 1330 44 41 of
615 1329 73 43 the
721 1329 204 43 occipital
959 1329 98 42 lobe
1090 1329 99 41 that
1221 1342 97 28 cuts
1341 1328 64 41 off
1434 1328 74 42 the
1532 1327 143 43 visual
1699 1327 138 43 word-

176 1405 146 38 centre
357 1402 33 42 C
427 1402 108 41 from
568 1401 285 56 impressions
885 1402 175 41 coming
1093 1406 44 36 to
1161 1400 37 41 it
1222 1401 110 41 from
1365 1400 75 42 the
1473 1400 198 55 primary
1695 1400 143 42 visual

174 1479 169 36 centres
366 1475 47 40 of
443 1474 74 43 the
541 1478 86 38 two
650 1474 205 42 occipital
886 1473 120 42 lobes
1039 1487 179 28 renders
1252 1472 75 42 the
1361 1472 173 55 patient
1559 1473 279 51 word-blind,

175 1545 79 41 but
292 1545 97 42 that
427 1546 104 42 such
572 1561 24 27 a
634 1546 138 43 lesion
807 1546 102 42 does
945 1550 78 37 not
1060 1545 191 56 produce
1284 1545 221 55 agraphia,
1538 1545 185 42 because
1764 1545 74 42 the

174 1621 147 37 centre
350 1616 33 42 C
417 1616 123 43 itself
569 1616 189 43 remains
791 1617 152 42 intact,
967 1616 86 42 and
1078 1617 57 41 its
1158 1616 166 55 images
1347 1629 80 28 can
1452 1615 94 42 still
1569 1616 54 42 be
1655 1617 182 41 revived

174 1688 107 42 from
310 1696 169 43 within,
504 1688 125 43 when
655 1688 73 43 the
759 1689 127 42 effort
909 1693 44 38 to
977 1688 123 42 write
1123 1688 37 42 is
1185 1687 137 43 made.
1390 1687 67 52 In,
1480 1688 276 56 apparently,
1780 1689 60 41 all

172 1775 118 28 cases
306 1762 46 41 of
367 1761 87 42 this
470 1761 87 42 last
573 1761 122 52 kind,
711 1761 300 56 hemianopsia
1028 1761 37 42 is
1084 1760 244 43 associated
1340 1760 107 42 with
1464 1760 74 42 the
1549 1761 289 42 word-blind-

173 1848 97 28 ness
289 1850 9 35 ;
330 1834 184 42 because
538 1834 75 43 the
637 1834 137 43 lesion
800 1834 200 42 involves
1023 1848 91 28 also
1138 1833 76 43 the
1238 1833 240 43 Eadiation
1502 1833 46 43 of
1570 1833 230 44 Gratiolet.

230 1978 78 55 (3.)
349 1979 82 42 Tlie
466 1978 146 44 Centre
635 1979 57 51 A,
709 1980 92 41 and
833 1978 224 56 Auditory
1080 1978 573 57 Aphasia.—Destruction
1686 1980 48 41 of
1763 1980 75 43 the

172 2049 202 57 auditory
399 2050 289 43 word-centre
720 2051 44 42 A
795 2065 165 28 causes,
988 2066 54 27 on
1078 2051 75 42 the
1186 2052 224 54 receptive
1444 2052 106 42 side,
1576 2052 261 42 word-deaf-

172 2135 113 39 ness,
309 2122 84 41 and
417 2122 91 43 also
542 2123 182 42 marked
756 2123 291 42 interference
1073 2123 106 42 with
1206 2123 74 42 the
1305 2138 147 41 power
1475 2124 45 41 of
1542 2124 296 57 interpreting

172 2194 159 43 visible
366 2194 171 57 speech,
572 2195 177 56 printed
789 2210 47 27 or
871 2195 186 43 written.
1136 2195 70 43 On
1245 2195 75 42 the
1359 2196 261 55 productive
1658 2197 106 51 side,
1802 2198 38 42 it

172 2280 150 29 causes
346 2267 196 42 amnesia
565 2267 203 43 verbalis,
782 2267 106 42 with
914 2267 58 43 its
991 2268 263 56 companion
1273 2273 259 51 symptoms,
1552 2269 283 44 articulative

169 2339 196 43 amnesia
397 2340 83 41 and
517 2339 269 56 paraphasia.
851 2340 106 42 This
991 2341 110 41 form
1137 2341 44 41 of
1213 2340 183 56 aphasia
1434 2341 38 43 is
1505 2342 122 42 often
1660 2343 176 56 rapidly

170 2411 231 43 recovered
425 2412 135 54 from;
589 2412 100 52 and,
711 2412 45 42 in
781 2413 76 42 the
881 2427 174 42 process
1079 2413 47 42 of
1145 2428 220 42 recovery,
1389 2414 75 43 the
1489 2415 347 44 word-deafness

168 2484 222 57 generally
409 2485 252 56 disappears
679 2487 148 42 before
850 2486 73 43 the
938 2487 198 43 amnesia
1154 2487 191 44 verbalis
1364 2488 86 43 and
1470 2489 75 43 the
1560 2490 274 57 paraphasia.

228 2630 79 56 (4.)
344 2630 84 43 The
463 2630 146 43 Centre
641 2632 49 51 B,
723 2633 91 41 and
851 2633 136 42 Motor
1020 2633 562 55 Aphasia.—Destructive
1617 2635 137 44 lesion
1791 2636 45 43 of

169 2703 87 42 this
279 2708 147 37 centre
449 2703 280 54 annihilates,
752 2719 49 28 or
822 2705 161 43 almost
1005 2705 282 44 annihilates,
1311 2706 75 43 the
1410 2722 147 41 power
1579 2710 45 41 of
1646 2709 187 56 produc-

168 2775 73 53 ing
274 2776 154 54 speech
449 2792 7 35 ;
489 2776 145 55 owing
666 2776 143 55 partly
835 2782 44 38 to
904 2778 73 42 the
1001 2779 233 56 asynergia
1259 2779 186 56 (ataxia)
1470 2780 191 44 verbalis
1687 2782 143 43 which

168 2846 36 41 is
238 2846 58 42 its
328 2846 178 57 leading
538 2847 138 51 effect,
710 2848 87 42 and
830 2848 146 57 partly
1006 2855 44 36 to
1085 2850 73 42 the
1193 2850 183 44 marked
1409 2852 199 42 amnesia
1640 2854 192 41 verbalis

168 2917 140 42 which
335 2918 35 41 it
392 2918 91 42 also
507 2919 222 54 produces.
793 2920 182 57 Though
1001 2921 123 43 there
1149 2922 36 42 is
1209 2922 195 57 scarcely
1427 2938 86 42 any
1539 2924 292 45 interference

171 2990 102 40 with
302 2990 72 42 the
398 2990 219 56 reception
653 2992 84 41 and
774 2992 338 43 interpretation
1147 2994 45 41 of
1225 2994 177 43 audible
1436 2996 172 54 speech,
1634 3011 63 27 we
1723 2997 109 42 have

167 3076 101 29 seen
304 3062 98 42 that
434 3062 124 43 there
582 3063 37 42 is
642 3078 119 28 some
785 3075 149 32 reason
963 3070 43 37 to
1031 3064 129 44 think
1198 3067 96 41 that
1329 3067 122 42 there
1484 3081 103 43 may
1612 3068 52 43 be
1697 3068 138 56 slight

167 3134 289 43 interference
481 3135 105 41 with
613 3135 74 43 the
720 3137 221 42 reception
972 3137 84 42 and
1091 3138 340 56 interpretation
1465 3139 45 42 of
1543 3139 126 44 those
1693 3142 141 42 words

1578 3201 25 40 2
1628 3211 23 31 z
