1478 2662
549 87 62 41 Dr
630 88 274 44 Abercrombie
920 105 48 26 on
986 94 57 38 the

108 83 50 38 14

108 198 212 34 paroxysms
351 189 41 35 of
417 192 100 35 short
546 194 161 36 duration
723 209 9 31 ;
761 200 205 44 respiration
995 202 95 33 short
1105 201 69 34 and
1191 203 109 42 quick
1315 217 12 32 ;
1354 218 109 27 coun.

106 242 146 29 tenance
276 249 174 34 anxious;
478 242 98 33 voice
595 245 131 43 feeble;
756 249 96 41 pulse
883 253 88 40 100;
1000 255 130 29 tongue
1162 250 104 44 foul;
1293 265 93 26 some
1404 235 59 57 to'

105 286 147 45 miting;
281 299 44 22 on
354 291 124 42 taking
505 302 19 21 a
554 292 63 32 full
652 294 132 45 breath,
814 298 59 33 felt
899 310 151 35 severely
1082 298 121 43 pained
1220 302 66 33 and
1304 307 158 33 cramped

101 346 118 23 across
239 341 56 29 the
311 338 236 42 epigastrium.
600 340 81 36 Was
718 346 74 33 bled
828 346 170 48 togxii.;
1028 347 90 34 took
1153 358 93 24 some
1271 361 105 36 aloes,
1394 358 67 32 and

110 390 36 29 at
163 386 99 43 night
281 397 50 32 gr.
345 397 47 23 vi.
413 388 40 32 of
465 391 154 32 calomel.

156 433 86 34 Was
262 436 102 32 much
384 438 145 32 relieved
544 438 87 34 after
647 440 55 34 the
715 442 152 46 bleeding
883 456 8 30 ;
921 445 95 44 belly
1031 444 85 33 bore
1133 456 152 31 pressure
1298 459 10 31 ;
1328 450 134 37 breath-

107 484 41 33 ed
167 494 96 22 more
290 483 123 47 freely,
431 488 67 31 and
523 498 113 33 spoke
653 501 93 23 more
763 493 200 45 vigorously
978 506 9 29 ;
1019 493 97 43 pulse
1136 497 67 29 100
1224 507 9 26 ;
1259 502 203 31 tympanitic

102 532 66 34 feel
188 543 88 31 gone
293 543 10 30 ;
331 533 199 46 discharged
548 538 100 33 much
668 539 112 42 flatus,
799 542 66 31 and
886 544 126 32 bowels
1033 553 87 21 were
1138 545 121 32 moved
1279 556 94 26 once.

151 585 92 30 2lst.
265 580 40 34 In
326 586 60 31 the
400 595 94 35 early
515 589 77 39 part
609 587 40 33 of
664 592 56 28 the
739 588 97 46 night
856 601 64 22 was
942 596 146 37 restless,
1109 589 82 34 with
1211 593 153 36 delirium
1392 602 67 32 and

99 632 166 33 frequent
291 639 177 37 vomiting.
522 633 41 34 In
593 640 56 29 the
677 638 162 44 morning
858 640 49 32 his
927 640 129 33 bowels
1076 650 89 22 were
1182 643 120 32 moved
1321 645 77 35 four
1416 661 42 22 or

99 681 65 33 five
191 684 111 37 times,
336 683 83 33 with
447 683 101 33 much
579 685 120 42 relief;
728 687 98 42 pulse
854 691 69 38 80;
948 689 45 32 all
1026 693 55 29 the
1107 698 190 29 symptoms
1324 702 133 32 abated.

97 728 109 36 From
238 727 67 34 this
335 735 79 29 time
432 733 188 33 continued
641 735 100 42 well;
764 736 202 45 discharged
984 738 101 33 much
1104 736 168 36 hardened
1291 739 86 38 feces
1398 746 57 34 for

91 779 127 34 several
237 778 94 36 days.

192 826 43 36 In
255 826 66 33 this
338 827 194 46 important
552 841 85 33 case,
661 830 14 34 I
696 832 126 34 believe
841 834 57 33 the
916 835 159 45 bleeding
1094 838 112 44 ought
1223 843 37 30 to
1279 840 82 33 have
1376 842 83 34 been

236 879 157 40 repealed
411 889 44 23 on
475 883 56 30 the
546 891 145 33 evening
709 881 41 33 of
775 886 59 30 the
856 886 95 40 19th,
970 885 65 34 and
1056 890 55 30 the
1128 888 115 44 opiate
1261 891 129 33 seemed
1419 897 38 28 to

240 925 42 34 be
296 927 116 34 rather
429 928 186 33 injurious.

352 1029 355 40 Ill—Peritonitis
725 1030 154 54 passing
897 1032 82 40 into
999 1034 196 42 Enteritis.

138 1137 97 36 Cask
256 1136 143 36 IX.—A
428 1141 206 41 gentleman,
666 1140 84 44 aged
777 1141 61 42 20,
860 1141 65 42 (3d
956 1141 199 46 September
1177 1147 121 44 1812,)
1316 1159 65 21 was
1399 1147 54 34 af.

88 1187 111 35 fected
222 1188 84 33 with
327 1188 77 43 pain
424 1189 34 31 in
478 1188 59 33 the
556 1188 109 34 lower
681 1194 76 38 part
771 1188 41 33 of
828 1190 56 32 the
898 1190 105 46 belly,
1017 1193 171 34 increased
1204 1196 47 44 by
1269 1207 151 31 pressure
1437 1208 10 30 ;

87 1237 135 34 bowels
252 1238 160 43 regular;
443 1238 98 42 pulse
560 1237 90 33 from
671 1241 46 32 84
737 1243 35 28 to
794 1241 45 30 90
857 1250 9 30 ;
896 1241 189 43 complaint
1109 1243 107 43 began
1235 1256 45 21 on
1311 1245 57 33 the
1385 1246 69 39 2d;

87 1297 69 23 was
177 1286 77 34 bled
274 1287 123 45 freely,
414 1286 66 32 and
501 1287 91 32 took
612 1288 151 34 laxative
779 1287 176 45 medicine,
979 1290 109 33 which
1109 1294 163 40 operated
1291 1293 104 37 fully.

134 1336 79 36 4th.
234 1335 84 34 Pain
338 1335 102 33 much
472 1335 155 42 relieved,
659 1337 64 32 but
754 1341 64 29 not
842 1348 113 32 gone;
984 1340 99 42 pulse
1108 1342 72 42 90;
1209 1343 155 45 bleeding
1382 1354 67 23 was

87 1393 178 37 repeated,
284 1385 67 33 and
369 1395 19 21 a
403 1385 118 32 blister
535 1385 149 46 applied.

134 1438 73 31 5th.
221 1435 78 34 6th.
317 1434 98 33 Pulse
427 1435 135 32 natural
579 1445 9 31 ;
606 1432 215 35 complained
835 1445 85 35 only
935 1434 41 34 of
987 1436 192 36 occasional
1193 1440 136 47 griping
1343 1453 77 33 pain
1437 1455 12 31 ;

83 1485 92 33 took
202 1486 150 31 laxative
380 1483 198 45 medicines,
604 1483 113 33 which
748 1489 182 37 operated;
956 1489 56 28 the
1029 1490 109 30 stools
1160 1499 88 24 were
1265 1502 101 32 green
1383 1492 67 34 and

82 1538 147 41 watery,
250 1535 64 32 but
332 1533 158 33 copious.

134 1583 77 35 71h.
232 1583 86 33 Free
336 1582 92 33 from
448 1581 193 34 complaint
659 1581 35 33 in
710 1585 57 29 the
783 1592 162 35 morning
959 1596 8 27 ;
994 1583 129 35 bowels
1140 1586 103 45 '"open
1260 1598 11 32 ;
1300 1588 65 35 but
1392 1590 58 34 the

82 1635 114 30 stools
216 1643 89 22 were
335 1631 70 33 still
429 1642 102 32 green
560 1632 66 32 and
659 1641 143 34 watery.
865 1630 40 35 In
940 1638 56 28 the
1023 1633 185 36 afternoon
1234 1640 215 31 complained

82 1681 77 34 that
176 1691 93 23 some
281 1680 150 33 laxative
447 1680 167 33 medicine
632 1680 177 45 produced
827 1684 91 30 most
936 1683 146 32 unusual
1103 1695 75 32 pain
1195 1697 9 28 ;
1222 1685 65 33 and
1300 1693 35 26 at
1349 1688 100 34 night

81 1729 68 35 had
168 1729 90 34 fixed
278 1739 80 35 pain
377 1729 34 33 in
427 1733 58 29 the
497 1741 115 31 upper
629 1734 77 38 part
721 1729 39 33 of
777 1729 56 33 the
845 1730 108 44 belly,
968 1731 84 33 with
1071 1732 186 45 shivering,
1280 1735 165 36 followed

80 1780 51 46 by
150 1778 103 41 heat;
283 1779 98 40 pulse
398 1781 57 31 84.
506 1777 174 35 Through
697 1783 57 28 the
773 1777 98 34 night
890 1778 64 34 had
973 1781 149 43 copious
1137 1782 152 35 feculent
1301 1795 145 24 cracua.

80 1832 113 39 tioDS,
212 1826 153 35 without
384 1826 99 34 relief
506 1826 40 34 of
562 1833 58 28 the
640 1838 77 33 pain
734 1838 11 32 ;
775 1827 150 34 vomited
944 1832 213 33 repeatedly.

130 1877 78 36 8th.
233 1875 104 36 Pulse
364 1878 72 36 96;
474 1875 87 33 fixed
589 1878 78 42 pain
696 1877 34 32 in
760 1881 56 28 the
843 1888 114 32 upper
988 1882 78 39 part
1098 1880 39 33 of
1165 1880 56 33 the
1241 1880 118 46 belly;
1388 1882 58 35 the

78 1928 118 35 whole
221 1927 170 33 abdomen
420 1935 72 23 was
523 1925 83 34 hard
633 1926 66 34 and
721 1926 136 43 painful
877 1937 44 21 on
943 1937 167 33 pressure,
1128 1930 65 32 and
1212 1941 19 22 a
1249 1928 88 35 little
1356 1936 91 40 tym-

80 1977 135 46 panitic
232 1987 11 30 ;
271 1973 159 35 repeated
460 1978 182 41 vomiting.
696 1973 107 35 From
835 1974 67 33 this
934 1975 123 45 period
1086 1978 57 32 the
1163 1979 128 32 bowels
1311 1979 132 35 became

77 2025 225 43 obstructed,
337 2023 68 34 and
435 2027 59 29 the
527 2032 74 24 case
629 2024 140 33 resisted
802 2034 104 35 every
934 2028 111 29 active
1079 2037 164 36 remedy;
1288 2029 154 32 repeated

75 2075 280 44 blood-letting;
395 2072 203 43 blistering;
628 2073 79 33 cold
740 2073 258 44 applications;
1026 2075 180 42 purgative
1235 2075 207 46 injections;

76 2126 152 33 tobacco
247 2122 188 46 injections
449 2133 10 31 ;
488 2131 136 23 various
647 2122 210 44 purgatives,
877 2122 65 34 &c.

128 2174 78 35 9th.
238 2173 107 35 Pulse
377 2173 95 40 100;
504 2170 80 44 pain
614 2171 183 41 unabated,
817 2172 64 32 but
899 2171 83 33 bore
1000 2183 158 32 pressure
1175 2174 138 42 belter;
1345 2174 93 45 belly

77 2223 210 45 tympanitic
301 2236 10 28 ;
336 2224 171 37 vomiting
518 2219 121 33 abated
655 2231 9 28 ;
691 2230 47 22 no
756 2224 105 36 stool,
879 2224 123 41 except
1019 2232 92 23 some
1130 2233 81 35 very
1230 2227 122 41 scanty
1370 2223 72 32 dis-

78 2272 141 34 charges
238 2271 40 34 of
294 2274 132 41 watery
447 2272 134 31 matter.
625 2269 48 32 At
693 2267 112 45 night,
827 2274 58 28 the
905 2280 95 32 pulse
1018 2281 77 23 rose
1113 2275 36 29 to
1172 2274 87 37 126;
1287 2271 146 33 features

77 2321 230 42 contracted;
358 2321 95 44 belly
486 2317 137 34 swelled
656 2318 67 32 and
758 2319 232 43 tympanitic;
1028 2319 151 46 hiccup;
1226 2330 77 33 pain
1338 2318 100 34 much

74 2368 140 36 abated.
256 2367 42 34 In
318 2373 57 29 the
393 2370 102 32 night
522 2366 59 34 the
598 2367 130 32 bowels
751 2377 88 22 were
864 2368 135 33 moved.
1038 2368 100 33 Sunk
1158 2367 193 45 gradually,
1369 2366 67 33 and

76 2418 78 34 died
179 2421 37 30 at
243 2419 20 31 9
283 2417 141 35 o’clock
443 2428 45 23 on
509 2421 56 29 the
581 2421 162 37 morning
760 2414 41 34 of
825 2414 55 33 (he
901 2415 93 33 10th.
1047 2416 314 35 Dissection.—All
1381 2414 56 32 the

76 2469 178 33 intestines
284 2465 104 33 much
416 2466 188 40 distended,
632 2463 68 33 and
717 2463 103 45 glued
839 2468 157 29 together
1013 2470 36 28 at
1064 2477 105 34 every
1190 2470 76 39 part
1285 2465 45 42 by
1349 2465 89 29 most

71 2517 176 36 extensive
263 2514 194 48 deposition
477 2515 41 35 of
542 2513 202 37 coagulablo
761 2513 147 46 lymph;
936 2517 174 31 omentum
1131 2514 118 45 highly
1263 2508 171 46 inflamed,
