1817 3171
703 258 91 31 THE
817 258 179 32 VARIED
1019 259 215 32 MONKEY.

293 247 87 41 132

372 385 98 47 The
515 384 252 49 individual
811 387 285 46 represented
1140 389 63 60 by
1241 388 51 45 F.
1331 387 180 54 Cuvier,
1560 388 90 46 and

291 462 148 46 which
460 463 83 46 has
568 464 155 46 served
753 463 65 47 for
848 480 79 30 our
961 480 127 45 copy,
1121 481 93 29 was
1249 466 211 59 procured
1491 471 46 40 to
1570 465 81 46 the

290 539 199 47 Parisian
511 541 257 46 Menagerie
777 541 136 46 while
927 556 111 47 very
1047 557 166 45 young,
1234 542 89 44 and
1338 557 57 30 on
1408 549 186 39 account
1608 542 50 47 of

287 616 60 47 its
363 617 114 47 mild
493 618 91 46 and
598 618 185 62 retiring
795 634 210 30 manners
1014 634 93 30 was
1123 618 189 46 allowed
1325 624 47 40 to
1386 634 52 46 go
1454 624 48 40 at
1514 619 135 46 large.

289 694 99 63 Age
418 695 77 46 did
522 701 79 40 not
636 696 115 45 alter
779 695 127 46 these
944 701 130 40 traits
1105 695 50 46 of
1184 695 59 45 its
1278 695 241 55 character,
1561 696 90 45 and

287 770 59 47 its
362 772 200 61 gambols
577 787 74 31 are
668 772 248 61 performed
934 772 113 45 with
1066 787 26 31 a
1110 772 152 45 sedate
1280 771 206 62 activity,
1503 771 149 47 which

287 847 37 46 is
347 854 78 39 not
443 848 219 47 intrusive
681 865 47 30 or
750 849 312 61 disagreeable.
1130 848 442 62 Notwithstanding,
1591 848 61 46 its

288 940 197 47 cunning
511 925 91 46 and
632 926 192 61 activity
848 941 74 31 are
945 942 110 46 very
1076 941 138 46 great,
1239 927 91 44 and
1359 926 291 61 particularly

286 1001 59 47 its
368 1002 246 47 adroitness
631 1002 48 47 in
692 1002 269 62 performing
982 1019 92 46 any
1090 1003 118 45 little
1225 1004 118 45 theft
1361 1003 194 46 without
1572 1003 79 45 the

288 1079 205 62 slightest
524 1079 135 47 noise.
744 1080 46 46 It
823 1079 96 46 will
952 1095 112 30 open
1097 1095 28 30 a
1158 1080 123 45 chest
1311 1095 47 31 or
1388 1080 172 46 drawer
1588 1081 63 60 by

287 1163 185 55 turning
493 1157 78 45 the
593 1158 91 60 key
702 1156 47 45 in
766 1158 79 44 the
868 1157 113 54 lock,
1001 1157 95 45 will
1112 1157 128 45 untie
1257 1158 148 52 knots,
1425 1157 121 45 undo
1569 1158 79 44 the

287 1249 120 45 rings
425 1232 50 47 of
501 1249 26 30 a
550 1234 146 54 chain,
721 1234 91 45 and
835 1233 95 46 will
952 1234 153 45 search
1127 1249 120 31 one’s
1280 1235 181 60 pockets
1485 1233 114 46 with
1623 1249 27 30 a

290 1310 198 62 delicacy
522 1310 50 46 of
600 1311 141 45 touch
780 1311 151 45 which
966 1311 94 45 will
1096 1317 80 39 not
1213 1312 55 44 be
1303 1310 80 46 felt
1416 1310 119 46 until
1572 1311 80 45 the

288 1387 117 46 theft
442 1388 83 45 has
557 1385 114 50 been
705 1388 284 54 discovered;
1036 1388 79 46 the
1147 1388 138 46 latter
1313 1404 93 30 was
1439 1388 60 46 its
1532 1394 118 40 most

289 1462 221 49 favourite
539 1480 298 40 amusement,
874 1466 90 46 and
994 1481 27 30 a
1048 1472 200 39 stranger
1277 1466 168 45 seldom
1468 1466 186 47 escaped

291 1542 193 46 without
512 1544 134 60 being
674 1542 141 46 rifled.
901 1544 46 45 It
980 1543 37 45 is
1050 1542 176 63 playful
1266 1558 134 30 when
1434 1543 215 54 caressed,

290 1619 90 45 and
402 1619 95 45 will
519 1625 156 40 return
697 1626 127 38 them
849 1619 114 46 with
984 1627 267 54 gentleness,
1276 1626 200 55 uttering
1504 1626 48 39 at
1574 1620 78 45 the

289 1703 113 38 time
425 1711 27 30 a
473 1696 89 45 low
584 1711 92 46 cry,
702 1711 48 30 as
772 1695 42 46 if
828 1712 58 30 an
910 1711 252 46 expression
1186 1695 51 47 of
1248 1696 218 60 pleasure,
1492 1696 89 45 and
1603 1695 47 46 in

291 1789 135 45 every
442 1788 104 47 way
561 1772 37 47 is
612 1771 91 47 free
716 1771 113 47 from
843 1773 78 46 the
937 1772 249 62 disgusting
1198 1788 210 30 manners
1424 1772 230 61 possessed

291 1852 61 59 by
367 1855 116 41 most
502 1856 126 40 other
640 1850 234 46 monkeys.
910 1849 66 47 Of
984 1850 118 46 their
1119 1849 152 46 habits
1286 1849 48 45 in
1351 1865 27 30 a
1395 1849 109 46 wild
1518 1854 132 49 state,

291 1928 189 61 nothing
502 1933 230 40 whatever
753 1926 37 46 is
812 1928 183 53 known,
1025 1927 91 46 and
1144 1933 80 39 the
1256 1932 186 40 account
1465 1925 50 47 of
1527 1926 128 47 those

293 2005 101 45 who
416 2005 116 45 have
553 2004 260 46 mentioned
833 2011 127 39 them
982 2020 83 30 can
1083 2005 55 45 be
1159 2004 192 46 reduced
1369 2010 47 40 to
1438 2018 58 31 no
1517 2002 136 63 proof,

294 2082 89 45 and
413 2097 120 31 seem
563 2088 47 40 to
639 2083 56 45 be
724 2097 122 31 more
868 2087 79 41 the
968 2082 141 46 result
1133 2080 49 47 of
1207 2082 248 45 conjecture
1478 2087 112 40 than
1613 2079 50 47 of

293 2159 178 61 reality.

360 2236 98 45 The
480 2235 224 62 colouring
725 2234 51 48 of
799 2251 28 31 a
849 2235 223 46 specimen
1095 2235 48 46 in
1165 2235 79 46 the
1265 2233 246 48 Zoological
1536 2232 116 47 Gar-

296 2313 108 45 dens
426 2311 38 47 is
486 2312 107 46 thus
612 2312 228 46 described
861 2313 63 61 by
946 2313 77 45 Mr
1046 2313 191 52 Bennet,
1257 2312 90 45 and
1370 2324 184 47 appears
1575 2309 80 45 the

295 2395 117 40 most
440 2395 162 40 correct
631 2404 70 31 we
730 2403 74 31 are
833 2388 268 47 acquainted
1123 2387 358 47 with:—The
1503 2392 77 55 top
1614 2384 50 48 of

296 2467 79 45 the
396 2466 116 46 head
527 2466 37 46 is
587 2464 50 48 of
646 2481 27 31 a
693 2465 408 63 greenish-yellow,
1119 2464 200 47 mingled
1335 2463 114 47 with
1471 2478 28 31 a
1521 2462 136 62 slight

298 2550 121 55 tinge
453 2542 50 48 of
528 2544 145 55 black,
709 2543 89 47 and
828 2549 78 40 the
928 2544 128 54 neck,
1079 2544 128 53 back,
1232 2541 91 48 and
1355 2540 130 56 sides,
1509 2554 76 33 are
1616 2537 45 48 of
