1972 3202
459 323 85 40 108

983 332 91 31 THE
1098 333 227 31 SIAMANG.

450 473 47 30 as
521 473 27 30 a
572 456 169 63 subject
766 457 62 47 for
851 458 139 46 doubt
1013 459 62 60 by
1099 473 80 30 our
1200 465 118 39 most
1340 474 185 30 modern
1550 459 262 56 zoologists;

448 533 36 47 it
512 534 36 46 is
587 535 137 45 much
758 535 85 45 less
878 534 47 46 in
959 535 105 54 siz*e,
1090 535 91 45 and
1212 534 82 46 has
1323 536 229 61 generally
1575 537 113 45 been
1711 553 103 45 pro-

448 612 133 45 cured
603 610 112 48 from
747 612 214 46 Malacca.
1032 612 144 45 There
1200 611 37 46 is
1260 628 27 29 a
1311 612 123 46 sixth
1465 629 179 44 species,
1671 629 144 30 some-

448 688 125 46 what
603 689 135 45 allied
768 694 157 40 except
948 688 46 46 in
1018 703 160 39 colour,
1205 689 163 54 which,
1393 690 62 60 by
1480 689 120 45 older
1626 696 187 47 writers,

448 781 93 29 was
556 780 91 30 also
671 764 277 47 confounded
972 765 113 45 with
1104 765 78 45 the
1199 765 286 61 long-armed
1498 765 193 61 gibbon;
1717 766 37 45 it
1778 767 36 44 is

447 842 79 46 the
559 842 167 45 'Moloch
757 857 46 30 or
847 842 265 53 Wow-ieow,
1137 842 79 45 the
1241 842 243 46 Hylohates
1514 842 218 46 leuciscus
1770 842 48 46 of

447 918 222 46 modems.
737 918 45 45 It
816 917 198 46 inhabits
1047 919 78 45 the
1161 920 240 54 Moluccas,
1427 919 37 46 is
1496 919 193 61 entirely
1713 919 51 46 of
1788 936 28 28 a

447 994 183 61 grayish
666 994 155 53 white,
847 1000 158 39 except
1042 995 80 44 the
1157 993 108 55 face,
1304 996 148 44 which
1482 996 38 45 is
1547 997 144 48 black,
1731 997 83 44 but

448 1072 104 45 does
574 1076 80 40 not
678 1069 129 47 differ
829 1069 47 45 in
898 1070 178 60 general
1097 1070 128 46 habit
1249 1069 113 46 from
1385 1071 59 45 its
1468 1087 249 45 congeners.

515 1148 99 45 The
631 1163 108 46 only
756 1147 252 61 remaining
1030 1146 171 46 animal
1225 1163 69 29 we
1316 1147 117 46 have
1457 1154 45 39 to
1525 1155 216 47 mention,
1763 1161 49 33 as

448 1224 236 46 embraced
706 1223 48 46 in
775 1223 92 46 this
889 1238 152 46 group,
1060 1222 38 46 is
1122 1223 92 46 also
1237 1224 168 44 known
1428 1224 143 45 under
1587 1231 79 39 the
1680 1240 133 30 name

448 1300 51 47 of
530 1301 266 54 'Wow-wow,
827 1301 83 45 but
940 1300 149 45 which
1118 1299 38 47 is
1195 1299 404 63 indiscriminately
1636 1301 178 61 applied

447 1379 63 61 by
525 1385 79 39 the
625 1384 178 39 natives
827 1376 50 47 of
897 1378 79 45 the
994 1377 164 45 Indian
1183 1377 168 46 islands
1373 1383 47 40 to
1444 1377 170 45 several
1632 1378 179 45 species,

447 1455 173 47 though
658 1462 114 54 they
811 1469 73 31 are
915 1453 328 62 distinguished
1276 1453 112 46 from
1419 1469 82 30 one
1535 1454 187 45 another
1752 1455 62 60 by

449 1532 249 46 additional
732 1547 170 30 names.
971 1531 45 45 It
1050 1531 37 45 is
1117 1532 287 60 remarkably
1427 1531 254 45 contrasted
1702 1529 112 47 from

448 1616 80 38 the
551 1609 148 45 others
732 1610 63 60 by
825 1608 59 46 its
917 1623 121 30 more
1069 1623 201 46 pleasing
1308 1608 160 44 shades
1504 1606 51 46 of
1575 1606 237 55 colouring,

449 1686 91 45 and
562 1683 242 63 surprising
826 1684 173 62 agility.
1065 1684 91 47 We
1169 1683 101 62 give
1293 1699 27 30 a
1342 1684 122 61 plate
1487 1682 51 46 of
1551 1683 77 45 the
1652 1682 162 47 female

449 1762 90 46 and
561 1776 152 48 young
734 1760 51 47 of
