2107 3450
1759 274 86 45 359

710 283 372 33 GRAPHIC-MOTOR
1115 284 206 31 APHASIA.

186 415 46 38 to
251 415 122 37 write
396 408 107 42 with
538 408 74 42 the
644 406 82 44 left
758 405 129 43 hand,
911 405 86 42 and
1026 404 108 43 with
1167 405 36 41 it
1235 404 130 42 could
1390 405 123 41 write
1541 419 102 41 very
1667 405 176 57 legibly.

187 481 127 43 With
348 481 74 43 the
455 494 117 42 right
605 478 129 43 hand,
768 478 53 41 he
855 476 129 43 could
1020 481 77 37 not
1133 477 124 41 write
1291 490 110 28 even
1435 476 220 51 numbers,
1689 482 158 51 except

187 554 111 42 from
320 567 121 42 copy.
506 551 146 43 When
676 549 134 44 asked
842 554 44 37 to
911 548 124 43 write
1059 548 75 42 the
1167 547 187 44 number
1379 548 83 42 125
1490 547 107 43 with
1621 548 75 43 the
1729 549 120 56 right

186 625 130 51 hand,
338 625 54 42 he
416 624 86 42 had
526 624 92 41 first
641 627 44 38 to
709 622 122 42 write
856 622 35 41 it
913 620 130 43 down
1069 620 107 42 with
1201 620 74 43 the
1299 619 94 52 left,
1415 620 88 43 and
1538 620 105 43 then
1679 634 110 43 copy
1813 622 37 41 it

187 697 105 42 with
320 697 75 42 the
418 696 127 43 right.
610 695 139 42 There
775 708 85 28 was
894 707 56 28 no
975 692 383 44 word-blindness,
1386 692 87 43 and
1510 707 54 28 no
1597 693 174 42 trouble
1804 694 45 42 of

184 783 167 42 spoken
375 768 169 43 speech.
610 768 104 42 This
738 766 264 43 interesting
1025 780 96 29 case
1144 766 37 43 is
1206 780 106 29 very
1335 765 190 44 difficult
1558 766 45 42 of
1636 766 210 56 explana-

185 841 104 42 tion.
355 840 45 43 It
421 840 37 43 is
485 839 227 57 evidently
736 843 89 48 not,
847 852 87 29 any
967 853 118 28 more
1119 838 108 43 than
1261 838 75 43 the
1369 838 97 43 last,
1489 852 53 29 an
1579 838 202 43 example
1806 838 44 42 of

185 913 171 43 limited
391 912 87 43 and
512 912 185 43 isolated
732 912 141 42 lesion
908 911 47 43 in
995 911 75 44 the
1103 916 148 39 centre
1287 911 55 44 D.
1406 911 91 43 The
1537 910 314 53 hemianopsia,

186 985 170 51 indeed,
380 989 199 53 suggests
601 985 98 43 that
722 985 123 43 there
868 998 102 29 may
993 984 91 43 also
1107 984 112 43 have
1244 984 109 43 been
1377 998 25 28 a
1426 984 139 43 lesion
1599 984 48 42 in
1671 984 75 43 the
1768 983 84 44 left

188 1058 206 57 occipital
415 1058 111 44 lobe.

250 1131 131 44 Cases
424 1132 47 43 of
510 1131 187 43 isolated
728 1131 87 43 and
847 1130 175 43 limited
1054 1129 141 44 lesion
1228 1130 45 43 of
1305 1130 75 43 the
1414 1136 149 37 centre
1605 1130 56 53 D,
1706 1144 144 29 where

192 1204 73 42 the
293 1203 164 43 careful
490 1203 176 43 clinical
698 1203 174 43 records
904 1203 113 42 have
1052 1202 109 43 been
1194 1202 339 56 supplemented
1568 1203 57 42 by
1648 1207 204 38 accurate

191 1275 265 42 description
481 1275 45 42 of
560 1275 75 42 the
672 1274 295 56 pathological
997 1273 202 57 changes,
1231 1274 113 42 have
1380 1278 78 38 not
1489 1278 77 52 yet
1599 1274 110 42 been
1741 1274 111 56 pub-

190 1347 153 42 lished.
398 1346 121 43 They
537 1360 70 29 are
632 1346 177 43 needed,
828 1346 146 42 before
993 1345 75 42 the
1091 1350 128 38 exact
1240 1345 274 56 importance
1538 1346 47 41 of
1606 1345 74 43 the
1703 1359 150 29 centre

189 1419 55 42 D,
267 1418 46 42 in
346 1418 186 43 relation
564 1422 46 39 to
634 1418 73 42 the
730 1417 262 57 physiology
1014 1417 88 42 and
1134 1417 243 56 pathology
1400 1418 45 42 of
1469 1418 176 42 written
1681 1418 172 43 speech,

188 1505 81 28 can
293 1490 52 42 be
368 1490 93 42 said
486 1495 43 37 to
555 1491 50 41 be
629 1490 113 56 fully
767 1490 283 43 ascertained.

816 1675 168 43 Mirror
1026 1675 200 44 Writing.

248 1797 43 42 A
328 1797 125 56 point
479 1797 45 42 of
556 1797 185 43 interest
772 1796 47 44 in
852 1797 246 43 connexion
1130 1797 107 42 with
1271 1797 76 43 the
1383 1798 178 57 writing
1593 1798 45 43 of
1670 1799 181 43 aphasic

189 1875 192 51 patients
407 1869 95 43 who
525 1884 71 28 are
618 1874 78 38 not
718 1869 76 44 the
817 1869 193 56 subjects
1033 1870 47 42 of
1098 1874 98 38 true
1219 1870 223 57 agraphia,
1464 1871 37 42 is
1529 1870 111 44 that,
1661 1871 48 42 in
1732 1886 122 28 some

190 1943 84 41 few
297 1956 132 29 cases,
450 1941 130 44 when
602 1941 75 43 the
699 1941 173 57 patient
902 1946 213 52 attempts
1151 1947 44 37 to
1219 1949 124 36 write
1367 1942 110 43 with
1511 1943 75 43 the
1619 1943 83 43 left
1734 1944 119 43 hand

191 2014 54 42 he
267 2013 37 43 is
328 2017 76 52 apt
426 2018 44 37 to
494 2014 125 42 write
644 2014 110 41 from
776 2013 120 56 right
919 2022 44 34 to
991 2013 92 53 left,
1106 2014 174 43 instead
1310 2015 47 42 of
1387 2015 108 42 from
1532 2015 82 43 left
1645 2020 45 38 to
1723 2016 130 43 right.

190 2085 105 42 This
316 2085 37 42 is
377 2085 140 42 called
539 2085 163 42 mirror
722 2086 186 55 writing.
974 2086 42 41 A
1037 2086 111 53 good
1171 2100 135 42 many
1328 2101 120 28 cases
1471 2088 45 41 of
1548 2088 36 42 it
1607 2088 113 42 have
1743 2088 111 42 been

189 2157 233 53 recorded;
453 2171 119 28 some
595 2157 45 42 of
672 2157 119 43 them
817 2157 131 56 being
970 2171 120 29 cases
1121 2157 48 42 of
1198 2158 193 55 patients
1417 2159 107 43 with
1548 2159 194 56 aphasia,
1766 2161 86 41 and

189 2229 149 42 others
360 2229 132 56 being
514 2243 120 29 cases
667 2230 44 41 of
744 2230 193 56 patients
971 2230 212 56 suffering
1215 2230 112 43 from
1362 2231 191 43 diseases
1587 2232 126 43 other
1747 2233 104 42 than

188 2300 190 57 aphasia.
444 2300 224 52 Bernard,1
691 2301 67 42 for
784 2301 202 56 example
1022 2302 58 56 (p.
1106 2302 119 57 237),
1248 2302 174 44 records
1445 2317 25 29 a
1491 2318 108 43 very
1621 2304 109 57 good
1756 2319 98 29 case

187 2374 46 41 in
273 2373 141 43 which
455 2373 90 43 this
582 2374 157 42 mirror
776 2374 179 57 writing
993 2388 89 29 was
1122 2374 99 44 well
1264 2375 231 45 exhibited
1534 2377 58 42 by
1631 2392 24 27 a
1695 2378 158 43 female

188 2446 172 56 patient
390 2446 212 57 suffering
634 2446 111 43 from
779 2446 240 43 locomotor
1049 2453 149 51 ataxy,
1224 2448 96 43 who
1353 2455 136 37 wrote
1519 2449 109 43 with
1661 2450 80 44 her
1772 2450 82 44 left

187 2519 117 43 hand
328 2520 184 43 because
535 2520 74 43 the
631 2524 192 52 attempt
845 2525 45 38 to
915 2520 125 44 write
1064 2521 107 42 with
1202 2521 75 44 the
1309 2522 120 57 right
1462 2522 165 58 always
1661 2524 193 57 brought

186 2606 56 28 on
265 2592 167 43 violent
454 2593 105 57 pain
592 2593 48 42 in
672 2593 77 43 the
781 2593 120 57 right
933 2608 103 29 arm.
1101 2594 107 43 This
1230 2594 174 57 patient
1427 2595 104 45 does
1564 2602 79 38 not
1665 2612 120 29 seem
1808 2604 45 38 to

186 2665 112 42 have
321 2665 110 43 been
452 2665 115 57 fully
586 2680 142 29 aware
746 2666 47 42 of
811 2665 77 44 the
903 2666 266 57 peculiarity
1194 2667 48 43 of
1259 2668 79 44 her
1355 2669 190 58 writing,
1568 2670 134 58 being
1718 2672 134 43 much

185 2737 225 56 surprised
432 2742 46 38 at
510 2738 223 56 receiving
765 2753 57 28 no
855 2739 161 56 replies
1048 2744 46 39 to
1129 2740 75 44 the
1227 2741 155 44 letters
1415 2742 78 44 she
1527 2744 122 43 often
1683 2749 100 39 sent
1805 2749 47 39 to

186 2809 78 43 her
286 2810 175 43 friends.
528 2811 58 43 Of
608 2825 151 29 course
786 2811 110 44 such
919 2812 179 58 writing
1119 2828 96 29 can,
1239 2814 108 43 with
1372 2815 76 43 the
1471 2816 74 43 aid
1567 2816 49 43 of
1634 2831 25 28 a
1681 2817 171 54 mirror,

186 2882 52 43 be
262 2882 103 43 read
388 2883 123 56 quite
534 2883 139 56 easily
697 2883 58 58 by
777 2898 89 43 any
888 2899 93 29 one.

246 2954 46 44 It
323 2969 140 29 seems
485 2959 45 38 to
553 2955 53 43 be
639 2955 159 44 almost
831 2957 174 43 natural
1037 2958 66 42 for
1135 2958 76 44 the
1243 2959 83 44 left
1360 2961 117 43 hand
1511 2966 45 38 to
1580 2962 124 43 write
1736 2963 113 42 from

186 3025 118 57 right
329 3032 43 36 to
394 3025 91 44 left.
551 3026 196 46 Bernard
773 3027 60 56 (p.
860 3029 106 56 235)
990 3035 198 50 says,"
1207 3031 129 43 Some
1360 3032 112 43 have
1495 3047 103 28 seen
1623 3034 46 41 in
1694 3033 156 44 mirror

738 3164 10 22 1
778 3164 56 38 De
854 3164 197 51 I'Aphasie,
1070 3178 34 40 p.
1128 3168 80 37 237.
