2125 3612
626 277 278 32 HYSTERICAL
936 277 187 32 MUTISM.

1649 268 58 43 43

45 402 167 42 violent
244 400 224 56 hysteroid
494 412 284 38 movements,
803 397 218 55 throwing
1053 397 69 42 his
1145 397 131 42 limbs
1300 411 146 37 about,
1468 397 236 59 clenching

45 473 67 42 his
152 473 151 41 hands,
339 472 86 42 and
458 472 190 41 striking
690 470 69 42 his
803 469 112 42 head
948 468 187 56 forcibly
1168 469 38 41 if
1239 468 185 43 allowed
1469 474 44 36 to
1556 468 55 43 do
1644 484 59 29 so.

40 545 91 42 The
154 544 181 42 mutism
359 543 86 42 had
475 542 172 43 existed
681 540 314 44 continuously
1020 541 64 41 for
1106 540 135 43 about
1272 540 100 42 four
1403 553 127 43 years
1554 540 149 45 before

38 615 70 43 his
132 616 104 42 visit
262 620 44 38 to
330 629 80 28 me.

96 688 159 41 When,
278 687 84 42 five
386 700 126 42 years
536 686 146 42 before
705 687 22 41 I
750 700 90 28 saw
863 684 106 52 him,
992 684 76 43 the
1092 684 172 56 patient
1293 684 86 43 had
1404 684 104 42 thus
1533 685 169 42 broken

37 759 141 51 down,
200 759 54 43 he
277 759 259 43 abandoned
569 758 75 43 the
667 758 224 43 intention
914 757 46 43 of
992 757 155 55 taking
1181 758 167 42 service
1370 756 48 44 in
1450 757 76 43 the
1549 758 155 56 public

35 830 288 56 department,
367 831 87 42 and
496 830 242 43 emigrated
784 834 45 38 to
873 843 83 29 one
999 829 47 42 of
1095 829 76 42 the
1214 829 203 43 colonies.
1482 829 120 43 Here
1647 829 55 43 he

35 903 205 42 obtained
284 903 304 55 employment
630 903 46 42 in
721 917 55 28 an
820 902 138 43 office,
1001 901 88 43 and
1142 902 120 42 lived
1310 902 48 42 in
1402 903 302 42 comparative

35 974 196 50 comfort,
255 974 166 57 though
443 979 124 38 mute
589 975 88 42 and
700 974 94 44 still
826 975 172 42 subject
1031 979 44 37 to
1103 975 227 56 recurring
1353 974 173 43 attacks
1549 975 48 42 of
1627 975 75 43 the

36 1045 223 56 hysteroid
282 1047 201 42 seizures.
548 1047 72 43 He
643 1047 221 43 remained
888 1047 47 41 in
959 1046 75 43 the
1057 1046 157 57 colony
1238 1047 100 41 four
1360 1061 138 42 years.

96 1119 154 42 About
279 1132 25 28 a
335 1133 105 41 year
471 1120 146 42 before
640 1120 22 42 I
686 1134 89 28 saw
798 1119 105 42 him,
926 1119 55 42 he
1004 1119 87 42 had
1114 1125 92 36 met
1238 1119 109 42 with
1372 1133 24 28 a
1418 1118 286 57 melancholy

37 1191 213 43 accident,
284 1191 127 43 when
455 1192 159 42 sailing
656 1192 108 42 with
807 1206 25 28 a
875 1191 263 43 companion
1181 1205 56 28 on
1280 1206 55 28 an
1379 1191 112 43 inlet
1539 1191 47 42 of
1626 1191 76 42 the

38 1277 82 29 sea.
216 1264 85 42 His
345 1264 102 42 boat
498 1264 87 42 had
637 1265 111 42 been
789 1264 214 55 capsized,
1046 1264 88 42 and
1185 1264 70 42 his
1299 1264 264 42 companion
1614 1263 88 42 had

39 1336 112 42 been
183 1335 217 43 drowned.
464 1335 176 43 During
674 1336 75 42 the
780 1336 151 56 period
965 1336 47 41 of
1045 1335 171 42 violent
1253 1340 271 37 excitement
1555 1335 147 41 which

39 1407 224 55 naturally
305 1408 207 42 attended
555 1422 118 41 upon
717 1407 89 43 this
851 1407 214 42 accident,
1108 1406 76 43 the
1226 1411 174 51 patient
1453 1406 87 42 had
1584 1406 118 42 cried

38 1479 66 42 for
136 1479 127 55 help;
302 1480 80 41 but
415 1494 56 27 on
494 1479 131 42 being
656 1479 180 42 rescued
874 1479 54 42 he
968 1478 87 42 had
1088 1479 177 42 become
1298 1483 124 38 mute
1454 1493 47 28 as
1539 1479 161 43 before.

37 1551 138 42 These
198 1551 109 42 cries
330 1551 67 42 for
428 1551 103 42 help
555 1565 112 28 were
691 1551 75 42 the
789 1550 104 56 only
917 1550 141 42 words
1082 1550 55 43 he
1160 1550 88 43 had
1273 1550 174 43 uttered
1471 1551 67 42 for
1559 1565 139 42 years.

36 1623 176 56 During
233 1623 74 43 the
331 1623 140 43 whole
494 1623 151 56 period
664 1623 47 42 of
729 1623 69 42 his
821 1622 196 43 mutism,
1035 1622 56 43 he
1115 1637 89 28 was
1226 1623 208 42 reported
1457 1627 44 38 to
1521 1624 51 42 be
1591 1628 110 38 rest-

36 1695 86 43 less
146 1700 44 37 at
212 1695 138 56 night,
367 1695 87 42 and
476 1700 45 37 to
543 1710 147 41 groan,
708 1695 87 43 and
820 1709 111 29 even
955 1699 46 38 to
1025 1709 77 42 cry
1121 1699 89 48 out,
1228 1694 46 44 in
1299 1695 69 43 his
1392 1695 120 57 sleep
1529 1712 9 37 ;
1567 1696 82 41 but
1667 1696 35 41 it

37 1781 89 28 was
141 1767 226 42 remarked
388 1767 96 42 that
500 1767 55 42 he
574 1781 144 28 never,
736 1781 111 28 even
863 1766 120 50 then,
1000 1766 177 43 uttered
1196 1781 87 41 any
1299 1767 232 43 articulate
1550 1767 150 42 words.

95 1839 147 42 When
267 1839 23 42 I
312 1853 90 28 saw
425 1839 104 51 him,
552 1838 123 43 three
698 1839 178 41 months
900 1843 112 37 after
1035 1837 68 43 his
1137 1843 154 38 return
1320 1844 43 37 to
1388 1839 88 43 this
1502 1845 202 46 country,

35 1910 57 43 he
116 1925 86 28 was
225 1911 228 56 evidently
476 1911 136 56 quick
634 1911 87 42 and
743 1911 272 56 intelligent;
1038 1910 88 42 and
1148 1910 55 43 he
1222 1925 88 28 was
1329 1925 107 43 very
1454 1916 179 51 prompt
1655 1912 46 42 in

39 1983 203 55 replying
263 1988 44 37 to
331 1983 226 56 questions
590 1983 60 42 by
672 1997 152 28 means
848 1983 47 41 of
923 1982 146 56 pencil
1093 1982 88 42 and
1214 1983 239 42 note-book
1477 1984 144 42 which
1647 1984 56 43 he

39 2055 168 42 carried
246 2056 65 41 for
347 2055 76 42 the
460 2069 200 41 purpose.
724 2055 148 41 When
905 2053 136 43 asked
1079 2058 45 37 to
1156 2068 254 41 pronounce
1443 2069 25 27 a
1502 2055 119 41 word
1655 2070 48 27 or

39 2131 121 36 utter
181 2140 25 27 a
228 2125 138 43 vowel
389 2125 154 43 sound,
565 2125 55 42 he
643 2125 128 43 could
796 2125 108 43 emit
927 2139 56 27 no
1005 2124 228 56 laryngeal
1261 2125 156 51 sound,
1440 2131 79 37 not
1541 2139 110 29 even
1676 2141 25 27 a

39 2197 201 56 whisper.
294 2196 71 43 He
388 2196 105 43 only
511 2196 126 43 made
655 2197 213 56 grimaces
888 2196 108 42 with
1017 2196 67 42 his
1103 2195 168 42 mouth.
1327 2196 375 57 (Unfortunately

37 2268 23 42 I
84 2269 76 41 did
182 2274 78 37 not
281 2269 128 42 make
433 2283 24 27 a
479 2274 103 36 note
605 2269 47 41 of
677 2269 74 42 the
774 2269 175 42 specific
972 2282 228 28 character
1221 2267 48 43 of
1297 2267 76 43 the
1395 2268 136 42 labial
1554 2283 147 28 move-

37 2342 176 51 ments.)
292 2341 289 56 Persevering
612 2347 213 50 attempts
858 2355 114 29 were
1003 2340 129 43 made
1166 2344 45 38 to
1244 2346 74 50 get
1341 2340 76 43 the
1449 2341 175 55 patient
1658 2346 45 39 to

35 2426 252 42 pronounce
309 2428 119 28 some
453 2414 154 42 words,
629 2427 49 29 or
698 2418 47 38 at
766 2412 112 43 least
901 2418 44 37 to
968 2412 109 43 emit
1099 2426 120 28 some
1237 2412 142 43 vowel
1400 2413 165 43 sounds
1589 2414 112 42 from

36 2485 75 43 the
144 2485 170 57 larynx,
337 2487 81 42 but
450 2492 190 37 without
671 2485 149 44 result.
884 2486 68 41 Dr
983 2485 180 43 Sibbald
1197 2485 258 43 afterwards
1480 2486 222 42 informed

36 2571 70 29 me
139 2558 98 43 that
269 2559 75 42 the
376 2559 172 56 patient
572 2573 87 28 was
692 2558 133 42 much
859 2564 246 36 exhausted
1128 2557 60 57 by
1212 2557 74 44 the
1314 2558 316 50 examination,
1654 2573 47 27 so

38 2629 98 43 that
158 2644 55 28 on
235 2631 131 56 going
398 2631 128 43 home
549 2631 54 43 he
626 2631 87 42 had
746 2645 55 28 an
825 2629 329 57 exceptionally
1177 2629 241 56 prolonged
1451 2630 252 42 succession

37 2702 47 41 of
104 2701 67 43 his
195 2702 223 55 hysteroid
441 2703 200 42 seizures.

97 2772 71 43 He
192 2787 87 29 was
311 2773 191 58 brought
534 2779 45 38 to
602 2789 70 28 me
694 2789 26 28 a
742 2773 162 44 second
937 2773 108 43 time
1077 2787 25 27 a
1125 2772 84 43 few
1232 2771 109 57 days
1369 2778 114 37 after
1504 2771 69 43 his
1607 2772 97 42 first

38 2844 117 43 visit,
177 2845 80 42 but
289 2845 75 44 the
397 2847 298 42 examination
723 2861 57 29 on
812 2847 90 42 this
935 2845 201 44 occasion
1170 2859 88 28 was
1292 2849 78 38 not
1403 2858 47 29 so
1483 2844 218 55 exacting.

35 2915 65 42 At
138 2916 88 43 this
266 2918 119 55 visit,
409 2918 36 42 it
485 2932 88 29 was
611 2918 140 43 found
783 2923 99 38 that
916 2931 127 28 when
1078 2916 75 43 the
1186 2919 174 52 patient
1392 2913 198 56 coughed
1626 2913 75 43 the

36 2987 206 57 ordinary
265 2989 121 43 vocal
422 2989 193 44 element
648 3005 87 28 was
768 2994 179 52 present
980 2989 46 43 in
1061 2988 75 43 the
1169 2987 154 57 cough,
1346 2987 87 42 and
1467 2985 235 57 presented

35 3058 60 43 its
120 3060 169 42 normal
312 3058 360 48 characteristics.
737 3062 106 42 This
866 3060 280 44 observation
1172 3073 89 29 was
1285 3058 127 43 made
1436 3071 75 29 use
1536 3057 57 51 of,
1616 3056 88 42 and

37 3130 76 43 the
146 3132 172 55 patient
352 3147 88 28 was
473 3134 126 43 made
633 3139 45 38 to
712 3134 139 43 cough
886 3134 47 42 in
967 3132 224 43 imitation
1225 3131 49 42 of
1304 3144 166 30 coughs
1501 3128 126 42 made
1650 3128 58 56 by
