2125 3524
357 321 54 41 36

830 323 86 31 THE
948 318 242 34 DISORDERS
1222 316 52 31 OF
1306 311 174 34 SPEECH.

357 460 146 42 glottis
539 442 181 44 through
758 456 24 27 a
819 451 162 31 narrow
1020 435 131 43 chink
1183 433 192 41 between
1408 428 73 41 the
1513 426 218 53 vibrating
1761 426 133 51 cords,
1915 427 44 41 in

359 515 257 54 whispering
638 513 72 41 the
730 523 164 43 greater
916 511 96 51 part
1033 506 43 40 of
1104 504 73 40 the
1201 515 63 27 air
1293 500 37 40 is
1363 497 122 41 made
1519 500 43 36 to
1593 507 98 41 pass
1722 494 183 56 through
1937 510 25 27 a

358 584 237 56 triangular
615 595 184 41 opening
820 579 44 40 in
888 577 72 40 the
981 572 209 56 posterior
1210 572 97 53 part
1328 566 46 43 of
1399 566 73 42 the
1493 564 160 55 glottis,
1675 564 190 43 between
1887 566 75 42 the

359 654 236 56 projecting
626 664 115 42 parts
773 647 44 44 of
844 647 73 41 the
939 640 221 58 arytenoid
1193 637 236 54 cartilages,
1458 634 142 41 whose
1633 634 146 42 bodies
1800 636 162 40 remain

360 728 134 50 apart,
529 719 204 44 although
773 716 112 42 their
925 711 121 44 vocal
1081 721 217 43 processes
1334 719 71 28 are
1444 717 112 27 more
1599 717 46 27 or
1685 703 84 42 less
1805 705 158 55 closely

360 788 331 58 approximated.
751 785 102 41 This
884 781 194 43 fricative
1110 791 118 29 noise
1260 789 135 41 plays,
1426 773 45 41 in
1505 772 268 55 whispering,
1795 773 170 55 exactly

362 862 73 40 the
457 872 113 29 same
595 861 95 51 part
721 858 94 38 that
845 853 37 41 is
914 849 167 57 played,
1112 848 46 40 in
1197 845 121 42 vocal
1355 843 168 55 speech,
1558 842 58 54 by
1653 842 73 42 the
1763 856 203 28 sonorous

363 934 120 35 tones
505 926 44 40 of
567 925 73 40 the
661 936 127 28 voice.
852 920 44 40 It
917 920 37 39 is
977 919 72 40 the
1072 914 196 43 material
1290 918 75 36 out
1387 912 43 41 of
1453 911 140 41 which
1615 911 74 41 the
1710 911 157 41 vowels
1896 926 70 28 are

364 995 174 43 formed,
578 993 84 41 and
702 992 35 40 it
778 989 104 41 adds
922 986 129 42 itself,
1092 999 46 27 as
1179 998 54 27 an
1275 981 200 43 essential
1523 981 198 50 element,
1761 986 44 36 to
1846 981 122 42 those

364 1075 265 35 consonants,
661 1058 149 41 which,
841 1056 44 42 in
919 1055 119 41 vocal
1070 1053 169 55 speech,
1271 1050 174 42 contain
1476 1050 130 41 voice.
1668 1049 185 52 Anyone
1889 1064 78 27 can

367 1145 203 29 convince
593 1127 174 43 himself
788 1127 43 40 of
853 1125 72 42 the
948 1124 120 41 truth
1090 1123 46 41 of
1154 1122 87 42 this
1263 1121 110 41 view
1395 1120 57 55 by
1473 1119 196 56 personal
1701 1125 268 37 observation

365 1200 103 42 with
486 1200 72 40 the
575 1198 70 41 aid
667 1198 45 40 of
729 1197 73 40 the
823 1195 315 54 laryngoscope.
1191 1191 89 41 The
1303 1191 195 41 fricative
1516 1190 118 42 noise
1651 1190 45 40 in
1714 1190 258 42 whispering

366 1284 77 28 can
465 1269 51 41 be
538 1268 122 41 made
682 1267 85 41 soft
787 1280 46 27 or
853 1264 102 42 loud
978 1267 44 37 at
1042 1263 74 41 the
1139 1261 90 42 will
1250 1261 43 42 of
1322 1261 72 42 the
1417 1260 187 56 speaker.
1667 1260 88 42 The
1778 1261 195 55 carrying

366 1352 142 41 power
528 1337 45 41 of
591 1351 25 27 a
635 1332 396 58 "stage-whisper"
1052 1333 36 40 is
1111 1331 100 42 thus
1234 1331 123 41 made
1379 1330 134 54 easily
1536 1329 266 55 intelligible.

427 1409 41 40 It
491 1407 136 41 might
647 1407 50 40 be
720 1403 194 43 objected
936 1408 43 36 to
1001 1402 86 41 this
1110 1415 110 27 view
1237 1401 95 41 that
1353 1400 188 55 patients
1559 1400 109 41 have
1686 1399 106 41 been
1814 1399 157 41 known

368 1482 44 36 to
434 1476 182 41 whisper
633 1488 105 28 even
761 1478 108 36 after
891 1472 73 41 the
985 1471 107 41 total
1115 1471 186 41 excision
1327 1470 45 40 of
1390 1469 73 42 the
1485 1469 155 53 larynx
1659 1483 8 36 ;
1696 1468 79 40 but
1797 1468 118 41 there
1938 1469 36 40 is

370 1561 127 27 every
518 1559 146 27 reason
693 1549 44 36 to
769 1543 163 40 believe
964 1541 96 41 that
1090 1541 44 40 in
1167 1540 105 42 such
1304 1553 115 28 cases
1455 1539 72 41 the
1565 1538 219 41 condition
1822 1539 45 39 of
1901 1539 74 41 the

370 1620 116 49 parts
509 1629 84 27 was
615 1613 105 42 such
742 1626 45 27 as
808 1617 44 36 to
874 1615 158 51 permit
1053 1610 46 41 of
1127 1610 71 41 the
1221 1609 252 55 production
1498 1609 44 40 of
1573 1622 23 27 a
1628 1607 196 41 fricative
1855 1608 121 41 noise

371 1689 43 37 at
436 1698 46 27 or
503 1697 129 27 about
653 1683 75 41 the
748 1681 111 42 level
881 1682 42 40 of
944 1681 74 40 the
1039 1679 167 55 larynx,
1227 1679 141 41 which
1391 1678 125 42 could
1541 1679 52 41 be
1614 1677 178 43 utilized
1823 1677 46 41 in
1901 1677 75 42 the

372 1752 150 41 mouth
544 1752 65 40 for
629 1752 73 40 the
724 1763 255 42 production
1001 1749 44 40 of
1066 1747 182 43 speech.1

418 1858 13 22 1
458 1857 44 35 In
520 1857 63 35 the
600 1856 84 36 well
699 1856 137 35 known
853 1866 78 24 case
948 1854 39 36 of
1001 1853 92 36 total
1110 1853 160 36 excision
1287 1853 40 36 of
1348 1853 63 36 the
1427 1852 132 37 larynx
1577 1853 150 36 effected
1750 1853 50 47 by
1816 1854 64 35 the
1904 1853 76 35 late

371 1916 54 34 Dr
442 1915 126 34 Foulis
586 1914 39 35 of
639 1914 178 46 Glasgow,
831 1913 63 35 the
911 1913 142 46 patient
1070 1924 74 23 was
1162 1912 154 35 enabled
1333 1916 37 30 to
1388 1912 122 46 speak,
1526 1924 92 23 even
1634 1912 41 34 in
1691 1924 22 23 a
1728 1911 91 36 loud
1836 1911 143 47 though

370 1984 240 24 monotonous
636 1972 110 44 voice,
771 1971 50 35 by
846 1971 63 34 the
933 1971 177 34 insertion
1134 1970 79 35 into
1238 1970 63 35 the
1325 1970 189 47 laryngeal
1540 1975 123 31 cavity
1686 1970 39 35 of
1747 1982 21 23 a
1792 1970 85 35 reed
1902 1969 78 36 like

370 2033 103 35 those
491 2032 39 35 of
545 2044 20 22 a
583 2031 215 35 concertina.
849 2031 76 34 But
942 2029 90 36 such
1048 2041 22 23 a
1085 2029 86 35 reed
1188 2041 68 23 can
1272 2041 113 23 never
1400 2029 134 47 permit
1552 2029 39 35 of
1612 2029 64 35 the
1694 2029 225 35 elaboration
1944 2028 40 35 of

371 2102 136 35 perfect
523 2089 139 36 speech.
714 2090 37 34 It
768 2089 123 35 would
908 2088 218 35 necessarily
1144 2088 118 35 throw
1280 2088 102 35 voice
1398 2088 80 35 into
1495 2088 52 35 all
1564 2088 63 35 the
1644 2092 229 31 consonants,
1889 2100 91 23 even

371 2150 102 34 those
491 2150 120 34 which
629 2148 114 35 ought
760 2152 37 31 to
815 2148 44 35 be
876 2147 172 36 voiceless
1063 2161 10 29 ;
1098 2159 38 23 so
1153 2146 78 36 that
1252 2146 63 35 the
1333 2147 79 35 first
1432 2159 40 23 or
1488 2147 174 35 voiceless
1685 2146 149 36 column
1853 2147 38 34 in
1915 2158 69 23 our

372 2209 171 45 alphabet
570 2207 124 37 would
719 2208 45 34 be
788 2207 295 35 unrepresented.
1137 2207 46 33 In
1209 2205 63 36 the
1298 2207 130 46 speech
1454 2207 39 36 of
1515 2207 91 35 such
1623 2219 21 23 a
1668 2207 154 47 patient,
1847 2205 51 36 all
1923 2205 59 36 his

372 2266 77 43 p's,
464 2267 55 34 for
537 2266 174 46 example,
730 2264 124 38 would
871 2265 44 35 be
931 2263 79 37 b's,
1029 2264 73 36 and
1119 2264 59 35 his
1195 2263 76 44 s's,
1286 2264 74 37 z's.

421 2323 36 34 It
481 2323 123 34 would
620 2323 45 34 be
682 2322 214 47 interesting
920 2326 37 32 to
976 2322 166 35 consider
1163 2323 41 34 in
1222 2323 100 35 what
1347 2323 128 35 degree
1491 2322 64 36 the
1571 2326 100 44 parts
1688 2326 37 32 at
1743 2322 63 35 the
1826 2321 93 36 back
1945 2321 40 35 of

371 2382 64 34 the
460 2381 123 35 throat
611 2393 59 23 are
703 2381 148 35 capable
885 2381 39 34 of
953 2381 189 35 assuming
1174 2381 63 35 the
1271 2382 325 46 voice-producing
1628 2381 187 35 functions
1848 2380 40 35 of
1917 2379 64 36 the

375 2440 156 46 Larynx,
550 2444 92 30 after
657 2439 82 35 that
756 2451 111 34 organ
886 2439 66 35 has
968 2439 94 35 been
1078 2440 133 46 totally
1226 2441 155 34 excised,
1396 2453 41 22 or
1452 2441 67 35 has
1536 2441 93 35 been
1648 2444 63 32 cut
1724 2440 52 35 off
1790 2440 93 34 from
1898 2451 83 23 con-

374 2499 134 33 nexion
525 2497 91 35 with
633 2497 62 35 the
713 2497 172 46 Pharynx
903 2497 50 46 by
971 2497 152 35 stenosis
1140 2498 39 35 of
1198 2499 48 35 its
1263 2499 120 35 orifice
1400 2512 9 30 ;
1432 2500 69 35 but
1518 2503 82 31 that
1616 2499 32 35 is
1665 2511 21 23 a
1703 2499 141 35 subject
1861 2498 121 35 which

375 2560 133 31 cannot
522 2555 83 35 well
618 2555 44 35 be
676 2555 210 35 considered
899 2556 41 34 in
953 2555 74 36 this
1041 2568 121 34 paper.
1205 2557 73 35 For
1290 2558 238 36 information
1541 2559 194 47 regarding
1747 2559 40 43 it,
1802 2557 179 45 however,

375 2613 63 35 the
455 2612 125 36 reader
595 2624 85 34 may
697 2613 45 34 be
758 2612 156 36 referred
939 2614 139 46 to(1)
1101 2626 21 23 a
1138 2626 113 35 paper
1275 2615 47 47 by
1343 2616 184 36 Professor
1552 2616 178 36 Czermak
1747 2615 235 47 (Gesammelte

375 2671 184 45 Schriften,
575 2671 23 35 i.
619 2674 31 42 2,
668 2683 33 34 p.
723 2672 93 46 598),
831 2671 40 35 in
885 2671 121 35 which
1019 2672 47 35 he
1080 2673 180 37 describes
1273 2686 21 24 a
1307 2686 89 24 case,
1410 2675 122 35 where
1546 2674 311 36 communication
1870 2673 39 36 of
1919 2672 63 36 the

377 2728 148 46 Laiynx
538 2727 89 35 with
641 2728 62 35 the
718 2728 172 46 Pharynx
903 2729 72 35 had
992 2729 91 36 been
1100 2731 133 47 totally
1247 2737 62 31 cut
1327 2735 50 33 oft'
1388 2733 50 35 by
1453 2733 136 35 disease
1606 2745 9 31 ;
1637 2732 54 47 (2)
1709 2744 21 23 a
1747 2743 77 23 case
1838 2730 39 36 of
1891 2730 91 35 total

376 2786 158 34 excision
560 2785 39 34 of
620 2785 62 35 the
704 2785 156 47 Larynx,
886 2787 172 36 recorded
1082 2788 51 47 by
1152 2790 52 34 Dr
1229 2791 105 34 Hans
1360 2791 154 35 Schmid
1535 2790 151 47 (Archiv
1705 2790 68 45 fiir
1798 2788 185 36 Klinische

377 2843 192 46 Chirurgie,
587 2844 163 43 xxxviii.,
771 2846 101 44 1889,
889 2857 37 35 p.
950 2846 92 46 132),
1060 2847 41 35 in
1117 2847 122 37 which
1260 2849 63 36 the
1339 2850 56 35 air
1410 2862 149 35 passage
1575 2861 75 24 was
1667 2847 158 37 entirely
1843 2851 62 31 cut
1922 2847 59 45 off,

374 2900 39 36 in
432 2913 138 33 process
591 2901 38 35 of
651 2901 254 47 cicatrization,
924 2903 93 35 from
1043 2904 62 36 the
1131 2907 122 46 cavity
1272 2908 39 34 of
1332 2908 64 36 the
1415 2909 175 46 Pharynx
1607 2922 8 29 ;
1645 2908 55 46 (3)
1724 2905 155 37 another
1903 2918 78 21 case

375 2958 39 35 of
437 2958 90 35 total
552 2959 158 35 excision
735 2960 38 35 of
798 2961 62 35 the
886 2961 157 46 Larynx,
1061 2965 169 45 reported
1256 2966 49 46 by
1322 2967 55 35 Dr
1394 2967 164 36 Greville
1585 2964 220 38 Macdonald
1830 2963 73 36 and
1922 2963 60 35 Mr

375 3014 168 37 Charters
569 3017 182 44 Symonds
775 3018 40 34 in
841 3017 61 37 the
928 3020 137 35 British
1090 3022 156 36 Medical
1262 3025 155 35 Journal
1434 3026 56 34 for
1512 3028 101 41 1889,
1631 3036 35 34 p.
1686 3026 79 32 99(5.
1819 3019 45 37 In
1892 3018 87 36 both

374 3074 100 34 these
491 3073 108 35 latter
616 3086 104 34 cases,
740 3077 143 35 curious
908 3080 37 32 to
963 3089 73 35 say,
1054 3091 21 23 a
1091 3080 85 45 real,
1195 3081 141 48 though
1361 3084 128 47 rough,
1508 3085 102 34 voice
1633 3093 73 24 was
1728 3077 184 51 produced
1938 3077 40 36 in

372 3131 62 35 the
450 3130 150 37 absence
618 3132 39 35 of
672 3133 61 36 the
755 3135 154 46 Larynx,
930 3137 47 45 by
995 3135 103 39 other
1115 3144 98 41 parts
1231 3145 36 31 at
1286 3141 62 37 the
1366 3143 92 36 back
1478 3143 39 36 of
1533 3143 61 35 the
1613 3144 131 33 throat.
