1933 3302
154 148 51 38 80
284 149 225 37 Blutstillung
526 149 90 31 ohne
630 150 280 44 Unterbindung,
927 153 175 33 Schweres
1116 155 131 33 Finden
1264 157 59 31 des
1339 158 187 33 blutenden
1540 160 170 35 Gefässes.

153 255 473 50 Unterbindungswunde
656 258 355 53 hospitalbrandig;
1058 262 98 38 nach
1195 265 47 37 10
1280 265 134 50 Tagen
1451 266 148 52 heftige
1637 270 131 38 Nach-

152 309 189 50 blutung;
373 309 308 54 Unterbindung
703 314 67 38 der
793 314 158 39 Arteria
971 316 124 38 iliaca.
1146 316 184 52 Gangrän
1352 320 67 37 des
1440 320 329 43 Unterschenkels

154 365 79 36 und
276 364 96 37 Tod.
432 363 114 39 Nach
582 366 133 38 diesen
754 368 278 51 Erfahrungen
1071 370 163 38 suchten
1273 372 149 50 König
1465 375 76 37 und
1584 376 70 37 mit
1690 377 78 38 ihm

152 417 214 50 Heiberg
397 418 131 39 solche
550 419 229 48 Blutungen
802 422 121 38 durch
946 424 182 49 Aetzung
1149 425 70 37 mit
1239 425 207 39 Chlorzink
1469 441 45 24 zu
1541 428 227 40 behandeln.

154 470 70 39 Ich
254 471 158 38 komme
443 473 71 37 auf
541 474 125 38 dieses
697 475 222 38 Verfahren
950 477 164 46 zurück,
1157 478 76 38 will
1264 480 92 37 aber
1387 481 187 38 zunächst
1604 483 60 37 die
1695 484 74 37 Er-

153 525 225 51 fahrungen
408 525 182 41 früherer
620 529 191 45 Autoren,
842 529 148 38 welche
1022 531 99 37 auch
1151 532 61 38 die
1241 532 225 51 Blutungen
1496 535 99 38 ohne
1623 535 147 39 Unter-

154 579 178 51 bindung
361 580 278 47 behandelten,
673 583 192 49 angeben.
924 583 72 38 Bei
1019 598 33 24 v.
1075 584 142 40 Pitha
1238 588 112 36 stand
1373 588 141 38 einmal
1536 589 84 38 eine
1641 590 129 39 solche

153 632 179 53 Blutung
363 635 99 38 nach
493 636 475 49 Eiswasserapplikation.
1028 637 45 39 In
1104 639 125 38 einem
1259 640 107 39 Falle
1398 642 223 38 vermochte
1644 644 127 38 weder

153 687 219 40 Eiswasser
394 689 99 38 noch
510 690 150 38 Aetzen
675 690 72 37 mit
764 690 118 50 Lapis
901 691 242 39 Hesselbach
1162 694 98 38 noch
1283 696 214 49 styptische
1521 696 249 39 Tamponade

154 742 62 38 die
246 742 254 52 Verblutung
530 743 264 39 aufzuhalten.
855 745 78 37 Für
964 746 60 37 die
1046 745 363 53 Schwierigkeiten,
1442 750 145 38 welche
1608 750 81 38 sich
1709 751 63 38 bei

154 796 70 39 der
245 797 263 52 Aufsuchung
539 799 67 36 des
639 798 212 38 blutenden
883 798 197 40 Gefässes,
1113 802 55 36 sei
1200 815 39 24 es
1270 816 67 24 zur
1368 802 314 53 Unterbindung,
1715 806 56 37 sei

155 864 41 25 es
227 865 48 24 zu
314 865 173 25 anderen
517 851 215 39 Methoden
773 853 67 37 der
870 853 259 50 Blutstillung
1167 855 37 37 in
1245 855 105 47 loco,
1393 858 171 49 ergeben
1602 859 167 47 können,

153 906 126 38 bietet
321 906 207 51 folgender
571 919 75 25 von
689 921 34 23 v.
755 906 160 38 Pitha
959 907 258 39 beobachtete
1263 909 85 38 Fall
1391 911 61 37 ein
1495 912 276 39 interessantes

154 959 188 51 Beispiel.

288 1035 274 31 Exarticulation
590 1034 60 31 der
674 1044 143 31 grossen
835 1035 90 31 Zehe
942 1045 120 31 wegen
1080 1037 212 40 Erfrierung.
1328 1037 93 31 Nach
1438 1038 20 32 8
1474 1039 114 41 Tagen
1603 1040 169 31 Hospital-

154 1078 293 32 brandinfection,
473 1078 122 31 diffuse
613 1078 213 41 Phlegmone
843 1079 59 30 des
920 1079 122 31 Fusses
1067 1080 69 30 und
1155 1080 297 34 Unterschenkels.
1491 1083 70 30 Aus
1579 1084 192 30 Incisionen

156 1132 43 21 an
235 1122 66 30 den
332 1121 182 31 Malleolen
548 1121 81 31 floss
659 1121 408 41 Hospitalbrandjauche.
1121 1123 95 31 Nach
1247 1124 20 32 3
1293 1125 149 30 Wochen
1476 1126 206 41 Besserung;
1717 1127 55 30 die

154 1166 208 31 Infiltration
389 1166 84 40 ging
499 1166 65 29 fast
588 1175 87 31 ganz
700 1166 136 30 zurück.
871 1167 21 31 4
910 1166 149 31 Wochen
1086 1169 114 38 später
1224 1176 65 22 von
1315 1168 128 30 Neuem
1461 1168 218 32 Schwellung
1703 1170 69 30 und

155 1209 186 41 plötzliche
366 1209 153 40 Blutung
543 1218 60 21 aus
627 1209 62 30 der
714 1209 105 31 schon
844 1210 164 30 vernarbt
1031 1219 202 31 gewesenen
1258 1210 294 32 Incisionswunde
1582 1213 84 30 über
1695 1212 77 31 dem

155 1255 145 29 inneren
326 1252 174 38 Knöchel,
529 1252 166 31 während
726 1253 73 30 sich
823 1253 156 40 zugleich
1004 1253 60 30 der
1087 1263 106 31 ganze
1218 1254 270 31 Unterschenkel
1514 1255 172 30 strotzend
1713 1259 61 27 mit

155 1296 82 31 Blut
261 1295 157 32 anfüllte.
455 1295 63 32 Als
535 1296 137 30 Patient
695 1296 73 30 sich
792 1297 216 38 aufrichtete,
1032 1297 146 30 erfolgte
1203 1306 60 21 aus
1281 1297 60 30 der
1358 1298 100 30 kaum
1477 1298 295 41 stecknadelkopf-

156 1349 143 32 grossen
325 1339 173 31 Oeffnung
521 1340 35 29 in
583 1339 61 30 der
668 1339 113 31 Narbe
814 1349 54 21 am
892 1341 143 29 inneren
1060 1339 154 31 Knöchel
1239 1341 75 29 eine
1339 1341 152 30 Blutung
1514 1350 66 21 von
1606 1342 19 32 3
1650 1342 123 31 Pfund.

155 1382 255 32 Compression.
466 1383 94 30 Nach
592 1383 20 32 3
643 1383 116 30 Tagen
800 1393 88 20 neue
921 1383 162 40 Blutung.
1140 1383 122 31 Weder
1300 1384 91 30 beim
1429 1383 249 32 Einschneiden
1717 1394 55 21 am

155 1429 144 28 inneren
326 1426 167 31 Knöchel,
519 1426 88 31 noch
632 1427 87 29 auch
744 1426 88 30 nach
857 1427 170 39 Spaltung
1051 1426 59 30 des
1130 1426 197 31 Blutsackes
1352 1427 60 30 der
1430 1428 105 30 Wade
1561 1428 127 30 konnte
1713 1428 60 31 das

156 1472 170 29 arrodirte
360 1469 120 32 Gefäss
515 1470 175 40 gefunden
724 1479 149 21 werden.
931 1468 93 32 Neue
1051 1470 213 40 Blutungen;
1308 1470 266 32 Unterbindung
1613 1471 60 30 der
1697 1470 75 32 Art.

156 1515 189 30 femoralis.
397 1513 76 31 Tod
506 1515 77 29 eine
613 1513 131 31 Stunde
775 1516 124 37 später.
959 1513 63 30 Die
1053 1513 135 30 Section
1223 1514 123 40 ergab,
1382 1515 77 29 dass
1493 1514 59 30 das
1586 1517 187 37 gesammte

157 1558 253 31 Bindegewebe
444 1557 169 30 zwischen
649 1557 65 30 den
740 1557 154 30 Muskeln
921 1557 60 30 der
1005 1556 206 31 Hinterseite
1245 1557 58 30 des
1328 1556 270 32 Oberschenkels
1630 1560 144 28 zerstört

157 1602 71 30 und
255 1602 55 30 die
328 1601 300 31 Zwischenräume
652 1604 64 27 mit
733 1600 204 31 Gerinnseln
956 1600 68 30 und
1043 1610 125 30 grauer
1183 1600 128 30 Jauche
1329 1601 122 40 gefüllt
1468 1610 123 21 waren.
1629 1601 143 30 Sämmt-

155 1646 92 30 liche
273 1645 162 31 Arterien
452 1644 144 31 wurden
621 1653 189 31 vergebens
837 1644 254 40 nachgesehen;
1116 1653 86 31 ganz
1227 1644 125 29 zuletzt
1376 1644 81 30 fand
1481 1644 72 30 sich
1578 1643 55 31 die
1652 1643 120 39 Quelle

156 1690 62 30 der
236 1689 154 30 Blutung
413 1690 35 28 in
474 1688 62 30 der
560 1688 165 30 höchsten
744 1687 114 41 Spitze
883 1696 93 22 eines
1001 1687 254 40 röhrenförmig
1279 1687 97 40 längs
1401 1687 60 31 der
1478 1687 154 30 hinteren
1648 1687 123 30 Fläche

156 1733 177 31 derTibia
358 1733 52 30 bis
435 1734 35 28 in
490 1731 54 31 die
563 1731 192 30 Kniekehle
775 1730 327 31 hinaufreichenden
1119 1730 283 31 Jaucheheerdes.
1439 1731 35 30 In
1493 1730 128 30 diesem
1646 1730 125 30 fanden

156 1776 74 32 sich
255 1776 101 31 beide
380 1776 265 30 Kranzarterien
669 1775 82 31 bald
781 1775 89 30 nach
894 1774 110 30 ihrem
1029 1774 168 40 Abgange
1231 1783 63 21 aus
1321 1773 60 31 der
1404 1774 155 30 Poplitea
1592 1774 181 30 innerhalb

158 1821 59 30 des
242 1819 211 31 zerfallenen
477 1818 166 31 Gewebes
669 1819 163 30 erweicht
856 1817 71 31 und
950 1817 176 31 mehrfach
1151 1826 170 31 perforirt.

289 1885 199 38 Fischer
519 1884 120 38 stillte
671 1884 85 38 eine
785 1883 178 38 Blutung
994 1896 68 24 aus
1094 1882 107 38 einer
1225 1881 336 50 hospitalbrandig
1582 1881 192 38 inficirten

156 1939 259 39 Scrotalfistel
446 1939 105 50 (Fall
583 1938 78 45 12),
692 1938 133 38 ferner
856 1951 69 24 aus
947 1950 107 25 einer
1077 1936 301 38 Glutealarterie
1400 1935 102 49 (Fall
1526 1935 81 48 18),
1643 1936 131 37 ferner

156 2009 70 24 aus
249 1995 108 37 einer
378 1993 290 39 Infraorbitalis
691 1992 103 50 (Fall
810 1992 68 37 23)
901 1991 122 38 durch
1039 1991 147 49 Liquor
1207 1991 113 44 ferri;
1343 1990 130 38 ferner
1495 2003 83 25 eine
1599 1989 175 50 Blutung

157 2049 107 38 dicht
294 2049 127 38 neben
452 2049 68 37 der
549 2047 265 51 freigelegten
843 2046 159 38 Arteria
1031 2046 76 37 und
1126 2044 111 39 Vena
1266 2045 171 49 poplitea
1459 2043 120 39 durch
1600 2043 170 50 Digital-

157 2103 267 39 compression
454 2103 79 38 und
564 2102 147 38 Liquor
751 2101 109 38 ferri.
920 2100 155 49 König
1111 2099 173 49 empfahl
1315 2112 79 24 also
1434 2097 119 38 durch
1591 2097 182 50 Aetzung

156 2158 169 38 mittelst
355 2157 245 50 eingelegter
630 2157 72 37 mit
730 2169 100 37 ganz
861 2156 281 37 concentrirter
1172 2152 351 49 Chlorzinklösung
1543 2154 230 48 getränkter

158 2213 314 38 Wattebäusche
503 2212 63 38 bei
605 2224 107 25 einer
747 2210 177 38 Blutung
961 2209 67 37 das
1063 2212 287 45 perivasculäre
1388 2205 169 39 Gewebe
1594 2206 77 37 und
1708 2206 66 36 das

158 2267 142 38 Gefäss
331 2267 59 38 bis
418 2267 42 37 in
491 2267 67 37 das
589 2265 180 39 Gesunde
800 2264 133 38 hinein
969 2277 47 23 zu
1051 2267 218 33 zerstören,
1306 2261 120 37 damit
1461 2260 182 38 letzteres
1688 2273 84 23 um-

158 2323 130 50 geben
320 2336 73 23 von
425 2334 215 38 gesundem
664 2319 172 39 Gewebe
871 2331 48 24 zu
948 2316 214 39 normalem
1184 2315 230 38 Verschluss
1434 2315 181 37 kommen
1633 2314 139 37 könne.

159 2376 153 39 Einmal
347 2389 133 24 wurde
512 2376 85 37 eine
629 2374 176 38 Blutung
826 2373 63 37 bei
912 2385 106 25 einer
1038 2370 339 50 hospitalbrandig
1397 2369 191 37 inficirten
1611 2367 162 38 Fractur

159 2432 69 38 der
259 2430 117 40 Ulna,
409 2428 325 40 wahrscheinlich
765 2441 69 24 aus
865 2427 67 37 der
963 2425 159 39 Ulnaris
1152 2424 226 46 kommend,
1411 2423 62 38 ein
1503 2435 160 25 anderes
1694 2420 80 38 Mal

157 2486 41 38 in
215 2486 109 37 einer
341 2484 157 39 Wunde
514 2498 49 24 an
584 2484 68 38 der
673 2481 255 41 Aussenseite
946 2481 67 37 der
1030 2479 214 38 Femoralis
1265 2491 114 25 unter
1394 2478 87 36 dem
1499 2476 274 50 Ligamentum

158 2540 185 51 pouparti
373 2539 100 38 nach
504 2537 381 39 Durchschneidung
915 2536 67 36 des
1012 2533 122 39 Muse,
1158 2533 186 38 sartorius
1367 2532 76 36 und
1464 2533 128 35 rectus
1613 2529 159 38 femoris

160 2595 124 38 durch
314 2594 105 39 diese
441 2592 263 50 Behandlung
725 2589 236 51 erfolgreich
984 2588 160 51 gestillt.
1205 2587 211 38 Heiberg
1437 2583 230 39 behandelte
1688 2582 89 38 fünf

160 2649 110 39 Fälle
301 2649 39 38 in
371 2648 128 38 dieser
531 2646 145 38 Weise.
738 2645 73 38 Die
843 2644 225 38 Blutungen
1100 2655 130 25 waren
1266 2642 107 36 nicht
1409 2637 251 39 unerheblich
1695 2636 76 38 und

159 2704 39 37 in
230 2704 96 37 zwei
357 2702 138 39 Fällen
525 2714 143 26 ebenso
699 2700 110 38 stark
840 2698 72 37 wie
943 2698 63 37 bei
1027 2697 74 37 den
1122 2696 152 45 beiden,
1305 2707 99 24 oben
1435 2694 236 42 erwähnten,
1704 2692 69 35 mit

159 2758 309 39 Unterbindimg
497 2755 262 39 behandelten
788 2753 148 38 Fällen.
996 2751 219 37 Heiberg
1253 2747 209 39 verflachte
1498 2747 185 37 zunächst
1712 2744 59 37 die

162 2813 158 38 Wunde
351 2815 72 35 mit
451 2811 237 39 Incisionen,
719 2808 113 38 füllte
863 2807 54 37 sie
949 2807 101 36 dann
1079 2805 72 37 mit
1171 2805 73 36 den
1266 2799 404 41 Chlorzinkbäuschen
1691 2810 79 33 aus,

163 2867 146 39 welche
349 2867 51 37 24
439 2865 176 39 Stunden
650 2861 193 40 hindurch
878 2863 72 35 mit
985 2859 292 38 Bindentouren
1312 2857 244 49 angedrückt
1589 2854 182 49 gehalten

164 2922 172 37 wurden.
396 2921 95 38 Dies
520 2920 133 38 führte
684 2918 37 37 in
753 2917 103 38 allen
887 2914 135 38 Fällen
1058 2927 88 23 zum
1186 2911 97 45 Ziel,
1324 2910 95 37 doch
1459 2922 80 24 war
1573 2907 37 37 in
1647 2918 124 26 einem

161 2975 110 39 Falle
294 2977 68 37 der
383 2973 239 40 Aetzschorf
639 2972 178 39 zolldick.
869 2968 149 39 Heine
1049 2967 147 50 spricht
1216 2965 81 38 sich
1318 2977 127 38 gegen
1467 2963 102 37 diese
1591 2960 181 49 Aetzung
