2113 3404
908 239 86 31 THE
1029 242 238 33 DISORDERS
1298 245 54 31 OF
1382 247 173 31 SPEECH.

457 3039 14 23 3
496 3038 42 37 St
558 3038 149 47 George's
723 3037 170 47 Hospital
912 3038 154 45 Eeports,
1086 3035 70 36 vol.
1178 3035 63 46 iii.,
1263 3038 102 43 1868,
1383 3047 34 35 p.
1440 3036 77 35 107.

420 220 81 40 3S8

1123 382 217 49 Toxaemia.

479 492 20 40 1
533 492 54 42 do
621 500 74 36 not
727 496 126 42 know
887 500 45 39 of
960 513 83 39 any
1078 502 145 53 poison
1266 504 139 42 which
1443 506 205 54 produces
1684 505 85 42 loss
1798 505 44 41 of
1867 505 166 42 speech,

422 562 183 42 without
656 565 86 42 loss
794 569 43 39 of
888 570 335 52 consciousness,
1273 588 46 28 as
1371 589 79 27 one
1502 577 43 39 of
1597 577 55 40 its
1699 581 200 36 constant
1948 576 83 40 and

419 631 319 46 characteristic
760 637 147 42 effects
926 654 9 36 ;
969 640 76 40 but
1070 641 117 42 there
1209 657 71 28 are
1303 658 128 41 many
1458 646 348 54 poisons—some
1829 645 95 41 that
1953 659 75 27 can

419 702 51 42 be
504 703 253 44 introduced
780 707 92 42 into
895 709 73 41 the
991 710 111 55 body
1128 712 106 41 from
1260 714 190 50 without,
1473 715 81 41 and
1573 715 143 42 others
1738 716 106 40 that,
1867 715 41 41 in
1933 728 98 28 con-

417 772 162 43 ditions
597 776 45 39 of
657 775 174 52 disease,
849 792 71 27 are
939 780 162 41 formed
1123 781 150 43 within
1292 783 72 42 the
1382 784 110 54 body
1509 785 315 41 itself—which
1847 785 184 53 produce

418 842 84 42 loss
525 845 46 39 of
589 846 152 53 speecli
776 848 286 56 occasionally
1095 865 47 26 or
1175 852 254 56 frequently.
1493 852 140 43 These
1666 869 70 26 are
1767 855 56 40 all
1859 855 169 53 poisons

420 913 140 41 which
597 922 70 33 act
704 918 257 55 powerfully
996 934 115 40 upon
1150 921 71 42 the
1265 922 133 51 brain,
1436 924 234 54 producing
1707 924 242 55 depression
1988 925 43 41 of

420 985 333 42 function—as
795 987 273 45 exemplified
1110 991 45 40 in
1190 992 160 41 mental
1382 998 149 49 stupor
1561 1007 46 27 or
1640 994 391 50 unconsciousness,

418 1053 83 41 and
535 1054 42 40 in
604 1060 139 37 motor
765 1058 163 53 paresis
951 1073 46 27 or
1020 1061 219 52 paralysis.

477 1126 172 55 Among
673 1127 170 53 poisons
867 1128 94 42 that
986 1144 97 40 may
1105 1130 51 42 be
1180 1132 129 41 taken
1334 1133 90 40 into
1449 1132 71 42 the
1551 1133 112 55 body
1695 1134 108 41 from
1838 1134 193 49 without,

417 1194 121 42 those
563 1196 229 56 belonging
815 1203 42 36 to
881 1199 72 41 the
977 1201 170 41 natural
1165 1202 123 42 order
1309 1202 253 55 Atropacese
1578 1203 107 42 have
1704 1204 72 42 the
1793 1204 234 42 occasional

416 1266 125 41 effect
579 1267 43 40 of
657 1268 237 55 producing
926 1270 188 54 aphasia,
1151 1272 184 54 perhaps
1372 1287 116 28 more
1524 1274 245 54 frequently
1805 1274 102 41 than
1946 1288 82 39 any

415 1336 152 42 others.
650 1338 130 50 Thus,
833 1341 216 41 excessive
1111 1342 411 43 Tobacco-smoking
1571 1344 77 41 has
1701 1344 119 41 often
1876 1345 153 41 caused

416 1411 243 51 temporary
690 1409 201 53 aphasia,1
925 1411 85 41 and
1048 1425 45 28 so
1127 1411 76 42 has
1238 1427 23 26 a
1300 1413 228 54 poisonous
1563 1413 101 41 dose
1691 1414 45 40 of
1766 1413 263 41 Belladonna

414 1490 45 28 or
492 1477 43 40 of
567 1478 305 43 Stramonium.
934 1480 173 55 Among
1130 1482 120 41 other
1272 1483 184 53 poisons,
1489 1483 73 41 the
1593 1488 114 36 roots
1739 1483 46 41 of
1813 1483 217 42 (Enanthe

414 1555 169 35 crocata
604 1548 161 55 (which
792 1550 174 55 belongs
1002 1557 42 35 to
1067 1551 72 42 the
1162 1552 198 42 hemlock
1383 1553 142 41 order)
1547 1553 108 41 have
1678 1553 105 41 been
1807 1553 155 41 known
1987 1559 43 36 to

413 1618 109 42 have
554 1619 73 41 the
661 1634 115 27 same
810 1621 151 52 effect;
993 1635 45 28 so
1070 1622 76 42 has
1179 1623 216 41 Cannabis
1429 1624 165 40 indica;
1625 1624 83 40 and
1745 1637 57 36 so,
1837 1630 79 44 too,
1954 1624 76 42 has

413 1689 173 54 Opium,
607 1690 152 50 which,
782 1690 87 41 like
893 1691 72 41 the
988 1697 97 46 rest,
1110 1707 96 40 may
1229 1693 186 54 produce
1438 1694 189 40 amnesia
1649 1693 141 41 verbal
1798 1694 45 50 is,
1866 1694 95 40 and,
1984 1695 43 39 in

413 1774 79 26 one
516 1760 198 42 recorded
739 1775 108 36 case,
876 1761 75 42 has
983 1762 105 41 been
1113 1763 157 40 known
1304 1769 43 35 to
1379 1763 185 54 produce
1598 1763 282 54 paraphasia.2
1940 1764 87 41 The

413 1829 277 41 well-known
716 1831 87 40 fact
827 1831 94 41 that
943 1831 183 42 Alcohol
1149 1846 146 28 causes
1319 1832 220 41 thickness
1561 1832 43 41 of
1625 1833 153 54 speech
1795 1833 234 54 (slurring),

413 1901 21 40 I
468 1900 109 41 have
600 1901 171 54 already
796 1901 174 42 alluded
993 1906 54 37 to.
1112 1903 42 40 It
1187 1903 88 41 also
1297 1917 147 27 causes
1467 1902 169 42 dulling
1657 1903 43 41 of
1724 1903 70 41 the
1827 1917 201 34 memory,

412 1971 84 41 and
520 1985 99 41 may
644 1972 185 54 produce
852 1973 192 41 amnesia
1065 1973 46 40 of
1131 1987 151 40 proper
1304 1987 159 28 names,
1485 1973 83 41 and
1591 1987 106 28 even
1720 1974 46 40 of
1789 1974 71 40 the
1886 1987 143 28 names

411 2042 47 40 of
478 2042 155 41 things.

471 2114 100 40 Two
594 2113 122 41 other
748 2114 174 53 poisons
954 2114 47 41 of
1031 2114 86 41 this
1149 2113 110 42 class
1291 2113 155 42 should
1478 2114 52 41 be
1566 2113 206 43 specially
1805 2113 137 42 noted.
2007 2114 20 40 I

413 2197 126 28 mean
562 2183 313 42 Snake-poison
902 2184 84 41 and
1009 2184 124 42 Lead.

472 2253 65 41 Dr
563 2251 196 43 William
785 2251 136 58 Ogle,3
944 2254 45 40 in
1015 2254 124 41 1868,
1175 2258 129 37 wrote
1335 2268 24 27 a
1391 2267 103 40 very
1526 2253 254 55 interesting
1810 2267 131 40 paper
1972 2268 53 25 on

413 2323 256 42 Snake-bite
691 2337 45 27 as
759 2338 24 26 a
805 2337 127 27 cause
954 2324 44 40 of
1018 2323 86 42 loss
1126 2325 45 39 of
1192 2324 72 41 the
1287 2338 140 40 power
1459 2323 42 41 of
1533 2322 164 42 speech.
1762 2323 20 40 I
1805 2322 112 41 shall
1949 2328 75 35 not

413 2394 165 42 discuss
603 2394 72 41 the
708 2394 150 41 theory
883 2394 52 41 he
970 2394 125 41 offers
1129 2395 46 39 in
1210 2394 277 41 explanation
1523 2394 42 40 of
1604 2393 71 40 the
1714 2406 311 40 phenomenon,

461 2504 10 22 1
491 2503 43 35 G.
549 2502 122 36 Ballet
684 2502 64 47 (Le
761 2502 167 46 Langage
941 2502 183 35 inte'rieur,
1142 2504 91 33 1886
1253 2514 8 30 ;
1287 2501 73 35 and
1374 2513 57 23 see
1445 2500 76 36 also
1535 2500 138 47 Se"glas,
1686 2512 52 34 op.
1755 2500 70 44 cit.,
1840 2512 33 35 p.
1889 2501 63 35 88)
1966 2500 64 35 has

411 2562 174 36 recorded
603 2561 63 36 the
685 2561 72 37 fact
776 2560 80 37 that
875 2562 45 34 he
937 2561 65 35 has
1021 2561 209 35 sometimes
1244 2560 183 48 produced
1443 2564 207 42 temporary
1664 2559 147 47 aphasia
1826 2560 39 33 in
1881 2560 151 35 himself

411 2622 50 47 by
480 2621 182 36 excessive
679 2620 349 36 tobacco-smoking.
1081 2620 58 35 He
1158 2620 118 35 forgot
1293 2620 62 34 the
1373 2631 126 23 names
1517 2631 91 23 even
1625 2619 41 35 of
1687 2630 168 24 common
1882 2619 148 36 objects,

412 2680 89 38 such
520 2693 39 23 as
576 2693 47 23 an
642 2680 183 36 umbrella
843 2694 8 30 ;
878 2680 85 36 and,
982 2692 91 23 even
1094 2679 107 36 when
1219 2679 46 36 he
1289 2678 107 36 could
1421 2679 110 35 recall
1548 2678 63 36 the
1634 2678 120 36 visual
1770 2679 119 35 image
1906 2679 40 35 of
1969 2679 61 35 the

411 2753 121 23 name,
550 2740 47 36 he
621 2740 109 35 could
756 2743 65 32 not
846 2751 211 35 pronounce
1083 2738 63 36 the
1171 2738 101 37 word
1298 2738 98 35 until
1422 2738 57 35 his
1502 2738 106 35 mind
1638 2738 72 35 had
1736 2738 112 36 dwelt
1865 2750 99 35 upon
1983 2738 47 35 its

412 2801 117 36 visual
548 2801 119 34 image
685 2799 57 35 for
758 2811 99 24 some
882 2799 101 35 time.

461 2860 13 22 2
500 2859 72 36 For
602 2860 200 35 references
832 2862 37 32 to
900 2870 96 24 cases
1030 2857 166 36 showing
1225 2857 63 35 the
1317 2857 120 35 action
1468 2857 38 36 of
1533 2857 102 36 these
1669 2857 145 36 various
1848 2856 110 48 drugs
1991 2855 38 36 in

412 2919 245 47 occasionally
676 2931 206 35 producing
899 2918 161 47 aphasia,
1079 2917 72 36 and
1170 2915 56 38 for
1242 2929 21 22 a
1280 2916 111 36 fuller
1407 2917 203 35 discussion
1628 2916 40 36 of
1682 2915 62 37 the
1761 2916 152 47 subject,
1928 2915 15 35 I
1962 2914 68 48 beg

412 2983 38 32 to
469 2979 94 36 refer
580 2978 63 36 the
661 2978 127 36 reader
806 2982 36 31 to
862 2977 59 35 Sir
939 2977 170 35 Frederic
1130 2975 204 36 Batenmn's
1351 2976 114 45 work,
1483 2987 34 36 p.
1539 2976 68 36 273
1625 2979 29 32 et
1672 2987 62 34 seq.
