1895 3217
578 289 90 30 THE
693 285 340 35 CYNOCEPHALI,

1403 275 90 41 153

130 427 46 39 to
198 419 117 45 their
337 422 170 40 utmost
532 421 169 40 extent.
769 414 57 45 In
849 428 27 30 a
899 412 109 46 wild
1032 418 131 47 state,
1187 418 112 54 they
1321 425 172 47 possess

129 511 59 30 an
231 493 213 47 intuitive
487 492 264 46 knowledge
795 489 51 47 of
881 490 125 45 what
1051 489 95 45 will
1184 488 130 45 harm
1347 488 145 54 them,

129 572 90 46 and
264 569 251 62 combining
559 574 114 40 with
717 567 38 46 it
798 573 125 55 great
967 566 210 61 cunning,
1218 572 113 55 they
1375 572 118 39 most

130 648 254 60 frequently
409 647 252 59 disappoint
684 645 119 45 their
826 643 208 47 enemies.
1104 644 130 60 They
1258 643 154 45 attack
1444 649 48 39 at

130 742 27 29 a
191 727 213 51 distance,
440 723 90 45 and
563 723 207 44 threaten
804 721 115 46 with
952 721 119 45 their
1103 720 123 54 cries,
1267 721 84 45 but
1385 720 107 60 only

128 818 79 30 use
226 802 116 44 their
354 798 215 62 powerful
584 798 215 61 strength,
820 798 89 45 and
923 797 261 46 formidable
1198 803 143 48 tusks,
1359 812 135 30 when

130 877 243 47 compelled
395 878 62 59 by
481 876 178 46 danger.
729 876 97 44 The
854 875 240 45 naturalist
1119 890 70 29 we
1216 874 117 45 have
1364 890 129 29 men-

129 954 153 46 tioned
305 969 154 38 above,
493 953 150 45 would
666 968 112 30 even
808 951 218 46 attribute
1055 957 46 40 to
1124 957 128 40 them
1286 967 27 30 a
1345 964 152 48 power

131 1030 50 46 of
194 1031 156 45 higher
366 1029 450 46 intelligence—that
832 1035 111 55 they
962 1028 95 47 will
1075 1029 180 60 destroy
1270 1044 27 29 a
1313 1043 181 45 planta-

130 1107 96 46 tion
259 1107 113 45 from
405 1122 203 46 revenge,
635 1107 225 61 watching
891 1107 119 45 their
1045 1113 291 55 opportunity
1353 1123 15 38 ,*
1405 1108 90 44 and

131 1185 58 44 he
211 1185 162 45 relates
397 1200 58 29 an
478 1184 212 45 anecdote
705 1182 50 46 of
769 1184 78 44 the
865 1183 244 47 Chacma,*
1129 1184 148 44 which
1292 1184 201 61 severely

133 1261 66 45 bit
234 1261 70 45 his
337 1262 162 43 keeper
529 1275 118 45 upon
686 1261 133 60 being
857 1260 269 45 threatened
1156 1266 47 40 to
1236 1261 56 44 be
1325 1261 166 53 struck,

131 1337 171 45 though
335 1343 78 38 the
444 1335 169 45 animal
645 1336 91 45 had
768 1351 137 30 never
935 1352 103 29 seen
1072 1352 27 29 a
1129 1336 128 54 stick,
1291 1337 90 45 and
1402 1337 92 45 had

130 1429 138 30 never
299 1415 112 44 been
442 1414 174 44 beaten.
685 1413 56 44 In
779 1413 91 45 like
908 1429 201 39 manner,
1150 1413 58 45 he
1247 1413 245 55 continues,

133 1505 74 30 are
229 1496 125 39 these
378 1489 191 45 animals
599 1504 45 30 so
675 1489 264 60 susceptible
963 1489 50 45 of
1040 1490 77 44 the
1147 1489 266 46 instruction
1449 1491 51 45 of

133 1582 340 30 circumstances
496 1566 47 45 in
566 1581 27 29 a
616 1565 109 46 wild
748 1572 132 47 state,
917 1568 182 43 capable
1129 1566 50 45 of
1205 1566 223 61 receiving
1456 1568 36 44 it

133 1642 253 62 artificially
417 1642 110 46 fi’om
565 1658 122 36 man,
724 1642 90 45 and
848 1648 113 55 they
988 1658 74 30 are
1095 1641 121 47 often
1254 1649 95 39 met
1380 1650 114 38 with

131 1718 267 62 performing
436 1718 176 46 various
655 1718 114 46 feats
808 1725 47 39 at
893 1725 80 39 the
1011 1720 237 45 command
1292 1719 51 46 of
1377 1721 119 44 their

132 1797 210 59 keepers;
367 1798 83 42 but
464 1796 57 44 he
539 1796 125 53 adds,
681 1795 37 45 it
741 1795 37 45 is
802 1811 108 45 only
925 1811 133 30 when
1081 1811 152 46 young
1254 1797 104 44 that
1380 1797 112 60 they

131 1877 108 39 thus
258 1872 181 45 submit.
510 1873 131 58 They
673 1878 146 38 retain
849 1887 28 30 a
905 1871 112 46 kind
1051 1872 50 45 of
1126 1873 185 60 docility
1344 1873 151 61 longer

133 1954 113 38 than
276 1954 78 38 the
377 1947 150 60 period
549 1946 50 46 of
623 1947 118 45 their
768 1948 159 59 youth,
952 1949 83 43 but
1057 1948 37 44 it
1117 1948 37 45 is
1178 1948 186 46 effected
1396 1949 47 45 in
1467 1966 27 28 a

135 2022 206 45 different
373 2038 138 45 way;
556 2023 119 45 their
712 2038 198 45 passions
944 2038 47 31 or
1023 2024 118 45 their
1175 2024 162 46 likings
1370 2033 123 38 must

133 2100 54 44 be
210 2099 320 45 administered
553 2106 59 38 to.
663 2099 118 47 Such
805 2115 93 30 was
921 2107 79 39 the
1015 2116 98 30 case
1131 2101 114 45 with
1259 2107 78 40 the
1353 2103 140 59 speci-

132 2191 105 29 men
252 2175 50 45 of
316 2176 78 44 the
413 2176 198 45 Mandril
626 2191 45 30 so
686 2176 104 61 long
803 2176 230 47 exhibited
1049 2176 48 46 in
1112 2178 168 45 Exeter
1294 2178 197 54 Change,

132 2252 142 44 imder
296 2259 77 38 the
396 2268 133 29 name
553 2251 50 46 of
670 2253 169 61 Happy
861 2253 177 62 Jerry.”
1106 2255 74 45 He
1204 2255 151 45 would
1376 2255 117 45 have

134 2326 112 47 done
264 2329 221 60 anything
508 2327 64 47 for
587 2328 75 61 gin
681 2330 89 44 and
785 2345 154 38 water,
965 2331 90 45 and
1076 2332 78 45 the
1175 2332 100 45 love
1293 2330 51 47 of
1361 2332 131 45 drink

132 2404 179 46 became
356 2421 46 29 so
446 2412 164 54 strong,
656 2406 102 45 that
796 2407 57 44 he
892 2408 150 45 would
1075 2408 116 46 have
1229 2424 132 31 made
1400 2424 92 46 any

555 2572 21 21 •
607 2571 69 37 See
696 2573 226 49 description,
939 2586 87 35 page
1050 2574 88 37 156.
