2107 3450
375 332 216 32 ANATOMY
622 332 94 31 AND
750 333 282 33 PHYSIOLOGY
1064 336 54 32 OF
1150 337 89 33 THE
1273 339 150 33 MOTOR
1455 342 176 34 TRACTS.
1744 334 86 43 419

183 453 161 57 though
388 457 75 39 cut
499 453 63 41 off
595 453 109 42 from
744 453 75 43 the
858 454 170 56 trophic
1066 455 241 46 influences
1349 461 45 40 of
1431 459 74 45 the
1539 462 103 43 cells
1677 464 43 41 of
1753 464 73 43 the

180 527 92 41 first
293 523 170 57 trophic
495 523 148 51 realm,
666 523 106 57 they
795 538 71 30 are
889 525 93 42 still
1009 525 44 42 in
1091 527 82 42 full
1205 529 245 43 connexion
1477 531 104 42 with
1616 532 74 42 the
1723 534 104 42 cells

180 597 46 42 of
252 596 74 42 the
362 594 159 44 second
554 594 149 52 realm,
735 595 86 42 and
854 596 209 44 continue
1098 601 44 38 to
1180 598 54 43 be
1276 600 204 55 supplied
1514 602 106 42 with
1660 605 169 41 trophic

181 682 141 43 power
343 667 111 42 from
494 666 132 43 them.
692 667 69 42 On
785 667 75 43 the
894 668 126 42 other
1041 669 131 53 hand,
1204 670 62 43 let
1288 671 75 43 the
1390 672 137 43 lesion
1552 673 53 43 be
1637 680 192 38 situated

179 740 45 42 in
258 740 74 42 the
374 738 105 44 cells
522 753 48 27 or
611 739 128 42 fibres
783 739 48 41 of
872 739 74 43 the
988 741 161 42 second
1192 742 173 55 trophic
1412 744 148 53 realm,
1593 745 87 42 and
1721 746 107 42 then

179 814 76 41 not
281 810 105 57 only
413 810 37 42 is
477 810 123 42 there
622 809 228 56 paralysis,
872 824 47 29 as
946 811 218 56 complete
1197 827 47 28 as
1276 813 47 42 in
1356 814 75 43 the
1459 815 124 43 other
1615 830 109 38 case,
1746 817 82 43 but

179 883 118 43 there
327 882 36 43 is
400 881 92 43 also
524 881 126 57 rapid
694 882 187 56 wasting
918 882 45 43 of
996 883 75 43 the
1110 884 232 56 paralyzed
1375 886 217 55 muscles;
1635 888 193 53 because,

182 955 101 41 with
319 954 72 43 the
423 954 298 56 interruption
744 954 45 43 of
821 959 143 38 motor
992 956 278 53 conduction,
1302 958 123 43 there
1458 959 49 42 is,
1528 960 45 41 in
1598 960 89 42 this
1720 975 108 38 case,

179 1041 87 28 also
299 1026 214 56 complete
537 1027 174 55 cutting
733 1026 64 43 off
814 1026 47 42 of
891 1026 74 43 the
987 1027 174 56 trophic
1194 1029 162 56 supply
1381 1030 96 43 that
1499 1030 85 44 had
1612 1032 217 43 streamed

178 1103 42 37 to
244 1098 72 42 the
338 1097 187 43 muscles
549 1098 111 42 from
683 1097 76 43 the
782 1097 107 43 cells
916 1098 48 42 of
982 1098 106 42 both
1113 1099 173 56 trophic
1315 1101 169 43 realms.

236 1171 21 42 I
280 1170 157 44 should
459 1171 111 43 have
602 1171 123 43 liked
757 1176 45 38 to
836 1172 218 56 complete
1088 1173 76 43 the
1199 1174 267 57 description
1491 1176 44 41 of
1556 1175 75 43 the
1662 1189 167 29 accom-

178 1247 244 53 paniments
444 1243 45 42 of
505 1243 105 43 each
629 1243 45 42 of
691 1243 123 43 these
832 1248 88 38 two
940 1244 133 43 forms
1089 1244 47 43 of
1151 1245 335 55 paralysis,—to
1508 1246 111 42 have
1638 1246 188 52 alluded,

176 1316 63 42 for
270 1315 211 56 example,
520 1320 44 38 to
602 1315 75 43 the
716 1316 310 56 exaggeration
1064 1316 48 42 of
1146 1317 195 43 reflexes,
1374 1318 86 42 and
1491 1318 76 42 the
1610 1318 218 55 tendency

177 1394 43 36 to
241 1388 228 56 spasticity
491 1388 46 42 in
571 1388 75 42 the
678 1388 202 52 muscles,
916 1388 228 43 exhibited
1181 1389 130 43 when
1345 1390 215 56 paralysis
1596 1390 36 42 is
1668 1390 84 42 due
1787 1395 41 36 to

176 1460 135 43 lesion
333 1460 46 42 in
402 1459 75 44 the
507 1460 96 43 first
625 1460 173 43 trophic
821 1460 137 43 realm
979 1475 10 39 ;
1020 1461 88 42 and
1147 1466 43 38 to
1226 1461 76 43 the
1336 1462 186 42 absence
1559 1462 44 42 of
1636 1461 193 51 reflexes,

177 1531 71 44 the
290 1532 222 57 flaccidity
558 1532 47 43 of
645 1532 76 43 the
765 1533 187 56 wasting
991 1533 203 43 muscles,
1229 1534 86 42 and
1352 1534 116 42 their
1501 1533 251 43 "reactions
1785 1533 44 41 of

176 1604 340 56 degeneration,"
540 1604 128 43 when
691 1604 76 43 the
790 1604 218 56 paralysis
1030 1605 37 42 is
1091 1605 86 43 due
1209 1609 45 39 to
1286 1605 167 43 disease
1488 1605 46 42 of
1563 1605 75 42 the
1670 1603 159 43 second

177 1675 167 42 trophic
366 1675 304 42 realm;—but
692 1675 123 43 these
840 1689 71 29 are
935 1680 183 38 matters
1142 1675 170 43 treated
1334 1676 45 42 of
1409 1675 88 43 and
1519 1674 234 44 explained
1785 1673 47 41 in

176 1760 124 42 every
323 1746 245 43 text-book,
591 1746 88 42 and
712 1746 23 42 I
769 1751 121 38 must
924 1751 79 38 not
1037 1747 130 42 make
1202 1747 90 42 this
1327 1746 157 43 sketch
1519 1750 72 38 too
1625 1745 113 55 long.
1803 1744 24 41 I

176 1823 175 38 content
373 1818 161 56 myself
555 1818 110 43 with
698 1818 157 57 asking
887 1819 76 43 the
999 1818 187 45 reader's
1221 1819 165 43 special
1421 1818 221 43 attention
1674 1821 44 37 to
1751 1815 76 42 the

174 1892 175 42 wasting
389 1891 48 42 of
471 1891 188 43 muscles
694 1891 98 42 that
828 1892 38 42 is
902 1891 327 44 characteristic
1264 1892 45 42 of
1346 1906 25 27 a
1408 1904 214 43 paralysis
1657 1888 85 42 due
1782 1892 44 37 to

174 1962 134 43 lesion
332 1964 46 41 in
401 1963 74 43 the
498 1963 162 43 second
682 1964 174 56 trophic
878 1964 137 43 realm
1033 1980 9 38 ;
1074 1965 88 41 and
1188 1968 108 38 with
1319 1963 251 43 reminding
1603 1961 92 42 him
1728 1964 99 37 that

174 2034 44 42 in
240 2034 176 43 chronic
438 2035 156 56 slowly
626 2035 249 58 advancing
907 2051 134 28 cases,
1077 2036 108 43 such
1220 2050 47 28 as
1304 2050 71 28 are
1410 2033 227 44 exhibited
1669 2032 48 43 in
1755 2031 75 42 the

175 2106 185 44 diseases
402 2108 272 56 progressive
718 2108 225 43 muscular
985 2108 191 57 atrophy
1222 2108 86 43 and
1353 2119 270 45 progressive
1675 2103 156 43 bulbar

175 2180 219 55 paralysis,
418 2180 88 43 this
530 2180 186 44 wasting
738 2181 38 43 is
800 2181 124 43 often
947 2181 212 43 attended
1184 2181 57 42 by
1256 2181 86 41 fine
1358 2179 182 43 fibrillar
1556 2189 273 31 movements

176 2252 44 41 in
242 2252 73 43 the
340 2252 184 57 wasting
546 2253 201 43 muscles.

233 2324 93 44 One
348 2325 125 43 other
494 2329 160 39 matter
677 2326 23 42 I
723 2325 163 44 should
919 2326 91 42 like
1044 2331 45 37 to
1122 2325 148 43 allude
1306 2329 44 38 to
1386 2324 144 43 before
1566 2320 262 55 concluding

176 2395 117 45 these
316 2397 111 43 brief
449 2402 124 39 notes
596 2413 120 41 upon
739 2399 75 43 the
838 2403 211 38 anatomy
1072 2398 88 42 and
1189 2397 263 57 physiology
1486 2396 44 42 of
1553 2395 75 43 the
1650 2391 178 58 speech-

175 2472 139 41 tracts.
378 2471 22 41 I
423 2470 113 44 have
558 2471 179 43 already
759 2471 226 43 indicated
1008 2471 110 53 that,
1141 2470 234 43 according
1407 2475 44 37 to
1486 2468 75 43 the
1592 2469 161 40 results
1786 2463 47 42 of

177 2542 310 55 experimental
513 2543 317 58 investigation
853 2543 59 57 by
935 2543 187 43 Krause,
1145 2543 88 42 and
1250 2543 59 42 by
1333 2542 161 43 Semon
1516 2539 87 44 and
1625 2536 203 50 Horsley,

177 2613 72 43 the
299 2621 139 37 motor
485 2617 350 56 representation
879 2616 48 43 of
966 2615 241 43 adduction
1251 2615 45 42 of
1339 2615 75 42 the
1458 2612 125 44 vocal
1626 2623 123 30 cords
1791 2608 38 42 is

177 2685 206 56 bilateral,
406 2703 46 28 so
476 2688 97 44 that
595 2689 279 43 stimulation
898 2689 48 42 of
976 2688 75 43 the
1085 2692 149 39 centre
1268 2687 66 43 for
1367 2686 89 44 this
1488 2686 252 41 movement
1772 2694 57 28 on

176 2770 79 31 one
277 2759 91 44 side
391 2761 44 43 of
458 2761 74 44 the
555 2762 126 43 brain
714 2775 153 30 causes
891 2760 131 44 equal
1045 2760 238 43 adduction
1327 2760 44 42 of
1397 2758 105 43 both
1540 2755 124 45 vocal
1696 2766 133 30 cords.

177 2828 22 43 I
242 2832 140 44 would
426 2848 97 29 now
561 2834 91 44 like
691 2840 44 37 to
772 2834 87 43 add
898 2833 99 44 that
1035 2833 161 43 Semon
1234 2833 87 42 and
1359 2832 192 43 Horsley
1588 2830 112 42 have
1738 2838 91 30 also

177 2902 221 57 subjected
431 2906 75 44 the
540 2911 141 39 motor
713 2911 110 39 tract
856 2906 65 43 for
953 2905 241 43 adduction
1227 2904 45 44 of
1309 2904 75 43 the
1419 2903 124 44 cords
1576 2905 46 39 to
1660 2895 168 59 experi-

177 2976 162 42 mental
362 2977 326 59 investigation,
710 2979 87 43 and
821 2978 114 43 have
960 2977 138 43 found
1122 2981 97 39 that
1242 2976 277 44 stimulation
1543 2973 47 44 of
1612 2985 86 42 any
1731 2971 99 54 part

178 3044 42 42 of
251 3046 73 45 the
357 3054 111 40 tract
498 3051 48 43 in
579 3051 59 43 its
670 3052 96 42 first
800 3050 174 43 trophic
1006 3049 136 43 realm
1175 3062 152 29 causes
1356 3046 215 58 precisely
1606 3044 73 42 the
1712 3053 118 31 same

178 3115 195 48 bilateral
396 3122 238 44 adduction
658 3124 44 42 of
725 3123 77 43 the
825 3123 127 43 cords
985 3135 48 30 as
1065 3121 38 43 is
1136 3119 218 58 produced
1388 3119 59 56 by
1479 3113 274 48 stimulation
1788 3111 48 42 of

180 3190 71 44 the
274 3195 175 44 cortical
475 3202 149 39 centre
650 3199 109 41 from
787 3196 144 43 which
954 3197 36 42 it
1013 3208 188 43 springs.
