2287 3957
1067 163 66 53 12

109 283 43 54 it
186 300 228 55 perforce
444 279 176 56 begins
666 277 124 56 with
831 284 146 48 those
1011 283 137 49 most
1184 277 232 56 complex
1457 278 253 55 instances
1755 278 166 56 which
1965 280 111 72 give

109 359 88 52 the
228 358 125 52 least
389 356 189 54 certain
618 355 359 66 information;
1030 354 149 53 while
1223 354 42 53 it
1308 373 170 53 passes
1521 355 302 72 completely
1850 355 64 72 by
1940 356 141 53 mind

109 433 54 53 in
190 432 67 53 its
282 432 153 52 lower
475 436 165 47 stages
677 430 55 52 of
761 429 371 71 development,
1161 448 54 33 so
1251 429 114 53 that
1396 429 42 52 it
1468 429 203 71 ignores
1703 436 146 47 those
1882 431 201 52 simpler

111 508 256 52 instances
399 505 167 53 which
602 505 113 70 give
748 504 89 53 the
874 503 113 54 best
1029 523 56 34 or
1126 508 224 48 securest
1388 504 351 53 information.
1820 504 65 53 In
1912 505 100 52 this
2042 505 42 53 it

110 580 270 55 resembles
413 586 88 47 the
541 580 328 71 philosopher
895 598 128 45 who,
1054 578 148 53 while
1229 578 64 53 he
1331 578 160 71 gazed
1528 598 142 52 upon
1703 584 90 48 the
1826 584 145 61 stars,
2000 579 85 53 fell

111 657 112 52 into
261 661 90 48 the
377 673 184 48 water;
614 654 80 52 for
734 654 55 64 if,
819 672 52 34 as
907 653 176 53 Bacon
1129 672 130 51 says,
1303 657 37 25 “
1359 654 60 52 he
1461 653 102 53 had
1604 653 186 54 looked
1834 654 146 52 down
2022 653 60 54 he

100 750 169 33 might
295 730 128 53 have
452 748 118 34 seen
599 734 88 48 the
724 747 128 34 stars
879 728 54 52 in
972 734 87 47 the
1093 733 169 60 water,
1291 727 93 54 but
1416 729 212 70 looking
1671 748 123 33 aloft
1833 728 63 52 he
1927 729 151 53 could

104 811 93 47 not
226 824 81 34 see
333 809 89 47 the
448 810 154 46 water
636 804 54 52 in
726 808 87 48 the
850 802 184 53 stars."
1113 801 190 55 Where
1336 803 89 52 has
1463 809 87 46 the
1584 802 190 53 animal
1806 822 98 51 any
1941 803 138 70 place

106 879 57 54 in
188 885 87 47 the
301 878 240 54 accepted
568 883 191 47 system
785 877 56 53 of
876 876 315 72 psychology
1215 878 23 51 ?
1280 897 56 33 or
1376 884 85 46 the
1489 877 134 53 child
1649 877 87 53 the
1763 877 243 53 direction
2033 878 54 52 of

110 954 170 53 whose
307 973 133 51 early
468 952 187 53 mental
684 952 353 53 development
1064 952 43 52 is
1145 952 291 72 commonly
1464 952 215 53 decisive
1719 953 55 52 of
1813 952 67 52 its
1918 952 166 53 future

115 1028 200 72 destiny
333 1028 22 53 ?
434 1028 74 52 To
537 1027 153 53 speak
712 1027 56 52 of
790 1026 272 53 induction
1090 1026 162 53 where
1279 1046 55 34 so
1362 1046 152 52 many
1533 1027 277 71 important
1835 1026 249 54 instances

119 1123 82 34 are
240 1121 280 53 neglected,
559 1101 102 53 and
699 1107 171 48 others
911 1120 81 34 are
1028 1100 217 54 selected
1285 1101 273 71 according
1591 1107 54 47 to
1689 1120 193 34 caprice
1917 1120 56 34 or
2002 1101 85 53 the

115 1197 111 34 ease
254 1178 56 52 of
347 1176 350 65 convenience,
725 1176 42 53 is
793 1182 54 46 to
875 1174 89 54 rob
994 1181 88 47 the
1108 1175 138 54 word
1275 1177 55 52 of
1367 1176 65 53 all
1468 1176 202 53 definite
1709 1195 251 52 meaning,
1989 1175 98 54 and

108 1258 134 48 most
269 1251 393 71 mischievously
689 1256 52 47 to
781 1250 188 53 misuse
1007 1251 57 53 it.
1143 1251 51 52 A
1231 1250 313 73 psychology
1571 1251 162 53 which
1759 1250 42 54 is
1841 1251 137 72 truly
2003 1250 75 53 in-

110 1327 204 53 ductive
356 1332 137 47 must
533 1325 169 53 follow
736 1330 88 48 the
869 1324 147 54 order
1062 1325 57 53 of
1154 1345 198 45 nature,
1402 1326 98 53 and
1540 1325 151 54 begin
1736 1325 164 54 where
1945 1324 138 54 mind

113 1401 177 54 begins
329 1401 53 52 in
417 1406 87 47 the
547 1399 188 54 animal
780 1398 98 54 and
919 1400 180 65 infant,
1127 1400 264 71 gradually
1419 1400 157 71 rising
1617 1406 183 47 thence
1840 1406 54 48 to
1936 1400 145 53 those

108 1475 183 55 higher
318 1474 99 55 and
445 1494 139 34 more
610 1474 231 53 complex
864 1473 190 54 mental
1081 1494 318 51 phenomena
1420 1475 165 52 which
1610 1475 87 53 the
1722 1475 358 71 introspective

110 1551 331 72 philosopher
484 1549 222 53 discerns
753 1568 55 34 or
851 1549 174 53 thinks
1069 1549 65 53 he
1177 1549 236 54 discerns.
1494 1550 260 71 Certainly
1786 1550 40 53 it
1874 1570 111 52 may
2024 1550 59 53 be

112 1627 128 64 said,
270 1625 101 54 and
396 1625 40 53 it
473 1624 91 53 has
604 1623 126 54 been
771 1624 126 65 said,
924 1623 114 53 that
1076 1623 275 54 inferences
1391 1644 53 33 as
1483 1629 55 48 to
1565 1629 87 47 the
1678 1624 190 53 mental
1896 1644 185 52 pheno-

114 1720 148 33 mena
289 1700 56 53 of
385 1705 87 48 the
500 1698 135 53 child
663 1717 94 35 can
783 1697 63 54 be
875 1698 243 71 correctly
1145 1698 195 53 formed
1378 1699 132 52 from
1549 1705 88 47 the
1675 1719 319 52 phenomena
2033 1699 53 53 of

112 1781 89 47 the
252 1774 146 54 adult
450 1773 159 53 mind.
687 1774 109 53 But
839 1773 41 53 it
923 1773 44 52 is
1019 1773 193 72 exactly
1255 1773 215 54 because
1521 1773 129 53 such
1700 1793 269 34 erroneous
2009 1774 74 53 in-

112 1851 222 52 ferences
373 1849 127 53 have
538 1847 128 54 been
707 1847 160 66 made,
907 1853 112 47 that
1057 1853 86 47 the
1174 1848 190 54 mental
1400 1848 314 70 phenomena
1749 1849 54 53 of
1826 1855 88 47 the
1950 1847 133 55 child

114 1925 128 53 have
268 1924 125 53 been
434 1922 431 65 misunderstood,
895 1922 101 53 and
1035 1922 422 72 misinterpreted,
1487 1923 100 53 and
1624 1929 112 48 that
1774 1923 309 72 psychology

113 2000 91 53 has
231 2006 92 46 not
349 1997 225 54 received
600 1998 88 52 the
715 1997 186 53 benefit
928 1998 55 51 of
1016 2002 89 48 the
1132 2004 275 46 correction
1434 1998 163 52 which
1623 2018 28 33 a
1689 1999 203 52 faithful
1919 1998 164 53 obser-

114 2079 176 48 vation
318 2073 54 54 of
413 2078 140 47 them
581 2071 171 53 would
779 2072 126 52 have
931 2072 282 54 furnished.
1294 2073 51 53 It
1373 2092 100 34 was
1499 2078 88 47 the
1614 2073 335 71 physiologist
1974 2092 107 34 who

114 2149 69 71 by
206 2168 28 33 a
261 2148 189 54 careful
471 2147 324 53 observation
823 2146 55 53 of
899 2146 89 53 the
1014 2146 151 53 lower
1186 2146 229 67 animals,
1447 2147 239 71 "having
1706 2148 201 53 entered
1923 2148 160 70 firmly

117 2243 66 34 on
223 2223 89 52 the
351 2227 114 48 true
509 2241 139 45 road,
693 2221 101 53 and
840 2220 306 72 submitting
1186 2222 79 52 his
1315 2222 406 71 understanding
1759 2228 54 47 to
1854 2220 226 68 things,"

117 2297 198 55 arrived
357 2302 53 48 at
455 2295 409 72 generalisations
925 2295 164 53 which
1130 2315 128 34 were
1298 2297 160 52 found
1503 2302 54 48 to
1605 2297 202 52 explain
1846 2317 149 51 many
2034 2296 53 54 of

115 2378 88 48 the
244 2371 188 54 mental
467 2371 316 71 phenomena
827 2370 55 53 of
921 2375 88 48 the
1051 2370 155 66 child,
1235 2371 100 53 and
1376 2371 165 53 which
1582 2372 126 53 have
1753 2372 330 53 furthermore

114 2453 202 47 thrown
345 2465 54 34 so
440 2446 155 51 much
632 2445 130 52 light
790 2464 140 33 upon
956 2452 87 45 the
1071 2447 185 51 mental
1282 2446 85 53 life
1394 2447 55 52 of
1470 2453 86 46 the
1582 2447 159 53 adult.
1820 2447 106 52 The
1953 2465 130 34 care-

115 2521 78 54 ful
221 2527 152 65 study
402 2520 54 52 of
477 2525 88 48 the
591 2539 197 52 genesis
817 2520 55 52 of
908 2519 141 53 mind
1075 2520 43 52 is
1147 2540 53 33 as
1227 2540 263 53 necessary
1516 2527 53 46 to
1598 2542 28 32 a
1650 2527 113 48 true
1789 2520 295 72 knowledge

119 2596 56 53 of
215 2595 189 53 mental
442 2595 316 71 phenomena
785 2614 52 33 as
864 2600 87 47 the
991 2600 152 65 study
1171 2595 55 53 of
1262 2595 66 53 its
1356 2616 120 51 plan
1503 2597 55 52 of
1590 2597 350 73 development
1967 2614 116 35 con-

117 2670 216 71 fessedly
362 2670 42 52 is
432 2677 54 45 to
516 2688 62 34 an
605 2669 245 53 adequate
877 2674 300 48 conception
1205 2669 55 53 of
1281 2671 87 52 the
1394 2670 172 72 bodily
1593 2672 103 53 life.

194 2745 184 71 Again,
402 2744 41 52 it
470 2763 166 33 might
662 2743 61 53 be
750 2744 225 52 thought
1001 2763 28 33 a
1049 2763 291 35 monstrous
1362 2746 214 52 mistake
1604 2748 55 51 of
1680 2753 178 48 nature
1881 2753 54 48 to
1962 2747 121 53 have

120 2819 260 72 produced
408 2839 55 33 so
491 2837 148 52 many
665 2818 153 53 idiots
853 2818 100 53 and
980 2818 235 66 lunatics,
1245 2820 173 71 seeing
1437 2826 111 47 that
1574 2821 86 53 the
1685 2822 256 54 inductive
1968 2841 111 53 psy-

120 2894 277 53 chologists
424 2898 118 48 take
568 2912 65 33 no
661 2898 169 48 notice
856 2893 247 53 whatever
1125 2894 55 53 of
1201 2894 88 52 the
1315 2894 137 71 large
1474 2895 266 54 collection
1758 2898 55 52 of
1835 2898 246 52 instances

120 2968 224 54 afforded
373 2967 65 72 by
466 2974 142 46 these
641 2967 306 53 unwelcome
986 2968 288 53 anomalies.
1354 2970 261 71 Certainly
1642 2971 41 53 it
1722 2991 115 52 may
1862 2971 61 54 be
1962 2970 118 64 said,

121 3043 102 54 and
264 3062 68 34 no
366 3041 162 54 doubt
563 3042 42 52 it
639 3042 89 52 has
761 3042 126 53 been
923 3042 122 63 said,
1074 3048 114 47 that
1222 3050 88 45 the
1344 3044 188 52 mental
1565 3064 314 51 phenomena
1910 3046 54 53 of
2000 3045 82 52 the

120 3117 129 53 idiot
280 3136 57 34 or
371 3117 191 52 lunatic
595 3135 80 34 are
710 3116 220 66 morbid,
959 3116 101 53 and
1097 3117 65 53 do
1200 3122 108 61 not,
1335 3118 264 65 therefore,
1629 3139 209 34 concern
1875 3138 206 54 psycho-

121 3192 135 71 logy.
337 3191 53 53 It
433 3191 44 53 is
519 3196 112 47 true
674 3190 112 53 that
828 3191 137 52 they,
996 3191 64 52 do
1101 3196 92 48 not
1234 3211 217 34 concern
1494 3213 30 33 a
1568 3195 311 71 psychology
1924 3192 157 54 which

121 3266 246 71 violently
407 3270 252 48 separates
691 3265 141 52 itself
872 3266 130 52 from
1045 3271 193 48 nature.
1317 3267 108 53 But
1468 3268 42 51 it
1555 3268 42 52 is
1639 3269 194 71 exactly
1874 3269 206 53 because

121 3359 314 52 psychology
460 3339 90 53 has
589 3344 120 47 thus
751 3340 407 71 unwarrantably
1187 3341 204 52 severed
1433 3341 138 53 itself
1607 3344 131 52 from
1782 3340 303 56 nature—of

122 3414 166 53 which
328 3420 88 47 the
456 3413 240 53 so-called
730 3413 200 53 morbid
966 3434 318 52 phenomena
1319 3435 82 33 are
1431 3435 66 35 no
1537 3417 95 53 less
1675 3418 197 52 natural
1908 3437 28 33 a
1974 3426 108 62 part

122 3494 127 48 than
278 3508 80 33 are
384 3494 87 47 the
498 3488 320 71 phenomena
845 3489 55 51 of
923 3488 361 54 health—that
1310 3490 40 52 it
1371 3490 88 52 has
1487 3497 91 47 not
1605 3511 112 34 sure
1735 3491 342 63 foundations;

122 3563 114 53 that
262 3563 41 52 it
329 3563 43 52 is
399 3567 91 48 not
515 3563 293 65 inductive;
861 3563 113 52 that
999 3564 41 51 it
1067 3563 89 53 has
1192 3569 91 48 not
1322 3565 224 54 received
1573 3566 88 52 the
1688 3566 182 53 benefit
1905 3566 54 52 of
1998 3564 81 52 the

124 3643 279 47 correction
433 3636 165 54 which
624 3658 28 32 a
679 3637 204 53 faithful
910 3637 321 54 observation
1268 3639 54 52 of
1363 3645 85 47 the
1487 3640 234 53 unsound
1750 3640 136 53 mind
1916 3636 158 56 would
