2107 3450
334 282 207 40 APHASIA,
576 282 101 39 ETC.,
711 282 48 30 IN
793 282 221 31 RELATION
1047 282 55 32 TO
1135 282 289 32 FUNCTIONAL
1456 284 262 33 DISORDERS.
1770 275 84 42 381

198 393 190 53 hilated;
419 392 157 57 speech
611 391 129 55 being
773 390 187 43 reduced
994 395 44 38 to
1062 391 74 43 the
1169 391 223 45 recurring
1426 396 226 39 utterance
1685 397 21 19 "
1722 394 133 43 Aye,"

199 465 142 42 which
365 465 76 42 she
464 463 182 44 emitted
670 477 55 27 on
750 477 131 42 every
905 467 190 51 attempt
1119 469 43 36 to
1186 464 146 55 speak.
1397 464 140 42 There
1563 478 86 28 was
1673 479 24 27 a
1720 467 137 41 slight

198 544 116 36 trace
336 538 48 42 of
403 537 199 42 haziness
624 536 45 41 in
695 535 74 42 the
792 534 165 43 middle
975 535 45 41 of
1043 535 75 42 the
1142 533 118 45 right
1282 549 167 29 cornea.

257 610 68 42 On
350 609 73 43 the
456 609 85 42 day
564 613 111 38 after
707 607 99 43 that
837 607 45 42 of
914 607 78 42 her
1021 608 257 52 admission,
1302 608 78 43 her
1412 608 112 43 head
1560 624 85 27 was
1679 612 179 48 shaved,

197 682 86 42 and
305 696 25 28 a
352 681 155 43 blister
528 681 44 42 of
595 680 299 43 considerable
917 680 87 43 size
1030 695 87 29 was
1139 685 83 52 put
1244 695 105 28 over
1372 681 74 42 the
1471 686 142 38 motor
1639 683 152 55 region
1813 684 49 42 of

197 754 73 42 the
292 754 83 42 left
396 753 288 43 hemisphere.
750 752 86 43 She
867 766 89 29 was
988 752 91 43 also
1113 753 180 43 ordered
1316 767 25 28 a
1374 754 195 43 mixture
1602 755 256 56 containing

196 826 143 41 iodide
362 825 87 42 and
472 824 195 43 bromide
691 824 47 42 of
759 824 253 56 potassium.

255 898 67 43 On
346 898 76 43 the
445 897 149 43 fourth
619 897 84 56 day
727 904 111 36 after
860 897 254 44 admission,
1137 899 75 42 the
1238 903 296 39 temperature
1561 899 78 43 fell
1669 901 191 52 rapidly,

193 971 86 42 and
298 971 177 42 became
491 970 179 43 normal.
718 969 285 44 Afterwards,
1019 972 36 41 it
1070 972 224 42 remained
1314 972 189 54 normal;
1520 977 158 52 except
1696 973 160 57 during

194 1049 86 37 two
304 1058 46 28 or
372 1044 125 42 three
519 1057 173 42 periods
716 1042 47 43 of
781 1057 25 29 a
828 1043 86 56 day
937 1058 47 28 or
1008 1050 98 37 two,
1130 1044 127 43 when
1281 1044 124 43 there
1427 1059 90 28 was
1540 1059 25 28 a
1587 1045 138 57 slight
1756 1047 98 43 rise.

192 1116 132 42 After
356 1116 74 42 the
465 1116 75 42 fall
574 1116 45 42 of
653 1120 308 52 temperature,
997 1116 124 56 rapid
1154 1117 310 55 inprovement
1487 1122 67 37 set
1586 1117 47 42 in
1669 1118 105 42 both
1807 1119 47 40 in

193 1194 162 37 motor-
378 1188 86 42 and
487 1189 44 41 in
566 1187 338 57 speech-power.
970 1188 69 43 On
1073 1188 76 43 the
1181 1189 121 42 sixth
1336 1189 86 55 day
1457 1189 111 43 after
1601 1190 256 52 admission,

194 1261 77 43 she
294 1276 88 28 was
405 1260 97 44 able
525 1265 44 38 to
592 1275 78 29 say
693 1264 21 19 "
729 1261 108 42 No,"
860 1260 86 42 and
971 1265 21 16 "
1006 1260 184 42 Nurse."
1253 1261 70 42 On
1347 1260 76 43 the
1446 1262 187 42 seventh
1656 1262 98 56 day,
1777 1263 78 43 she

194 1332 129 43 could
346 1346 127 28 move
496 1332 74 42 the
593 1331 229 56 paralysed
846 1346 94 28 arm
963 1332 88 42 and
1074 1331 116 43 hand
1215 1332 214 55 slightly;
1462 1332 87 42 and
1572 1332 91 43 also
1686 1333 76 44 the
1784 1334 71 57 leg

192 1404 197 55 slightly,
406 1410 47 35 at
470 1403 76 43 the
568 1403 77 55 hip
663 1403 86 42 and
767 1403 113 43 knee
899 1403 151 55 joints.
1103 1403 68 42 On
1191 1403 75 42 the
1285 1403 152 56 eighth
1457 1403 98 56 day,
1572 1405 128 42 when
1720 1407 136 42 asked

193 1476 128 43 when
346 1477 76 41 her
444 1475 178 42 brother
646 1489 86 28 was
757 1475 174 56 coining
954 1480 45 38 to
1022 1490 71 28 see
1116 1475 90 43 her,
1230 1475 78 43 she
1331 1476 95 42 said
1458 1479 22 19 "
1496 1491 56 28 on
1577 1477 281 55 Saturday;"

194 1563 124 28 when
342 1548 136 43 asked
501 1547 98 42 how
622 1548 78 42 she
723 1561 100 39 was,
846 1547 78 43 she
956 1548 96 42 said
1085 1552 21 17 "
1121 1548 87 43 fine
1223 1548 21 16 "
1277 1549 87 41 and
1398 1549 105 42 then
1538 1552 22 19 "
1575 1549 157 44 nice;"
1770 1552 88 41 and

192 1635 126 28 when
341 1620 136 43 asked
500 1624 120 38 what
636 1619 86 56 day
745 1621 48 41 of
811 1620 75 42 the
905 1620 123 42 week
1050 1620 36 42 it
1106 1634 100 29 was,
1223 1620 77 43 she
1323 1621 97 42 said
1441 1625 22 18 "
1478 1621 268 57 Thursday,"
1770 1623 87 42 and

192 1694 118 51 then,
332 1693 244 55 correcting
598 1691 175 44 herself,
795 1697 21 16 "
832 1691 321 57 Wednesday."
1217 1691 147 45 There
1392 1708 89 28 was
1513 1694 107 52 still,
1642 1695 216 54 however,

190 1765 300 43 considerable
513 1764 197 43 amnesia
732 1764 48 42 of
799 1778 155 29 nouns,
977 1778 47 29 so
1048 1764 110 43 that,
1180 1779 56 28 on
1271 1765 76 43 the
1382 1766 130 42 ninth
1547 1766 98 58 day,
1671 1768 126 43 when
1832 1784 25 27 a

192 1838 142 42 watch
357 1852 87 28 was
467 1837 152 43 shown
643 1836 78 44 her
743 1836 78 43 she
844 1836 130 43 could
997 1841 77 38 not
1096 1838 247 42 remember
1373 1838 75 43 the
1473 1839 118 42 word
1615 1843 22 19 "
1654 1840 200 54 Watch,"

191 1910 79 42 but
293 1910 93 43 said
409 1914 20 17 "
447 1914 45 38 to
515 1909 129 42 know
670 1908 74 44 the
766 1908 144 44 time."
964 1909 87 43 She
1074 1909 94 43 told
1192 1909 75 44 the
1290 1910 107 44 time
1420 1912 213 43 correctly
1654 1913 108 42 from
1779 1914 75 43 the

191 1983 152 43 watch.
408 1983 69 43 On
512 1982 76 43 the
623 1981 207 44 eleventh
865 1982 99 57 day,
987 1982 37 42 it
1060 1997 86 27 was
1182 1982 267 59 interesting
1482 1989 45 38 to
1560 1985 183 44 observe
1776 1985 80 44 her

190 2055 228 43 searching
439 2055 46 42 in
510 2055 77 43 her
618 2068 197 43 memory
838 2055 68 42 for
940 2054 74 43 the
1047 2055 119 42 word
1199 2058 21 20 "
1237 2055 200 44 Watch."
1502 2057 87 43 She
1621 2058 141 57 began
1796 2060 59 56 by

191 2128 166 56 saying,
380 2133 19 16 "
416 2127 101 53 Yes,
540 2141 67 42 pa,
631 2141 69 39 no,
718 2141 88 38 um,
829 2140 69 38 no,
915 2131 57 49 ta,
991 2141 56 28 no
1064 2126 44 54 ;"
1131 2127 99 53 and,
1254 2128 170 56 finally,
1443 2129 36 42 it
1503 2144 87 29 was
1614 2131 105 56 only
1743 2138 113 37 after

189 2214 57 28 an
278 2200 182 43 evident
491 2200 128 43 effort
651 2203 98 39 that
771 2198 77 44 she
879 2204 76 52 got
986 2203 78 39 out
1087 2200 75 43 the
1187 2201 117 42 word
1329 2206 20 17 "
1364 2201 202 44 Watch."
1629 2203 88 44 She
1749 2204 105 54 also,

189 2287 56 29 on
270 2273 89 42 this
382 2272 98 57 day,
502 2271 159 44 named
685 2271 215 57 correctly
921 2286 26 28 a
970 2272 147 43 bunch
1141 2273 48 42 of
1209 2273 108 43 keys
1340 2274 88 42 and
1451 2288 25 29 a
1498 2275 123 56 piece
1645 2276 46 43 of
1712 2277 143 44 india-

189 2346 171 42 rubber.

249 2416 230 57 Although
504 2415 74 44 the
601 2415 85 43 full
708 2419 126 40 notes
857 2416 45 43 of
924 2415 76 44 the
1023 2430 109 38 case,
1156 2416 147 44 which
1326 2417 112 44 have
1462 2419 110 44 been
1591 2420 136 44 taken
1746 2428 109 37 with

189 2494 122 52 great
333 2503 97 29 care
452 2488 58 57 by
531 2488 73 44 the
621 2488 404 56 house-physician,
1041 2489 66 42 Dr
1128 2489 53 43 A.
1202 2490 40 43 S.
1262 2490 204 55 Duncan,
1485 2506 71 29 are
1578 2492 267 60 interesting

191 2563 21 41 I
237 2567 158 37 cannot
419 2561 138 43 afford
582 2567 44 38 to
648 2562 99 57 give
770 2562 122 43 them
923 2561 103 43 here
1060 2562 44 42 in
1139 2562 148 44 detail.
1353 2564 22 41 I
1409 2564 115 43 shall
1557 2566 171 44 further
1750 2569 106 57 only

190 2635 127 43 make
340 2639 103 38 note
466 2635 44 42 of
543 2634 75 44 the
642 2634 89 44 fact
763 2634 99 43 that
893 2634 47 43 in
963 2634 76 43 the
1062 2635 207 56 patient's
1303 2637 291 56 expressions,
1618 2639 128 44 when
1777 2641 78 44 she

191 2722 87 28 was
302 2707 103 43 thus
428 2707 172 56 rapidly
625 2706 227 57 regaining
874 2706 78 43 her
975 2707 429 60 speech-memories,
1429 2710 125 44 there
1588 2726 114 30 were
1736 2727 120 31 some

190 2794 172 28 curious
378 2779 224 57 examples
619 2780 46 42 of
686 2779 72 43 old
777 2779 286 44 associations
1082 2781 47 42 of
1144 2781 460 59 word-sounds,old
1623 2787 235 43 memories

189 2852 48 42 of
268 2852 412 57 sound-sequences.
744 2852 133 53 Thus,
911 2866 65 29 we
1014 2867 110 28 were
1167 2854 185 56 puzzled
1386 2860 46 38 to
1474 2856 131 44 know
1645 2859 100 57 why
1780 2860 78 44 she

191 2924 139 43 called
353 2938 25 29 a
400 2938 201 29 common
624 2923 147 58 pencil
794 2939 25 28 a
841 2927 21 20 "
878 2924 299 57 hair-pencil,"
1201 2926 86 43 and
1311 2927 137 56 spoke
1471 2928 48 42 of
1546 2928 148 45 Nurse
1721 2931 136 57 Terry

191 3011 45 28 as
259 3002 20 16 "
299 2997 145 42 Nurse
467 2996 319 54 Terra-cotta;"
815 2997 80 42 but
912 2996 76 44 she
1006 2997 259 44 afterwards
1284 2999 238 56 explained
1540 3005 44 38 to
1607 3016 52 28 us
1683 3002 109 54 that,
1811 3005 44 41 in

190 3070 74 43 the
287 3084 109 42 shop
420 3069 144 43 where
588 3070 76 42 she
689 3069 84 42 had
797 3069 211 57 formerly
1030 3070 108 43 been
1165 3071 249 56 employed,
1437 3072 78 43 she
1545 3073 86 43 had
1666 3074 109 44 been
1811 3077 44 42 in

188 3140 75 48 the
287 3141 125 43 habit
434 3143 47 41 of
500 3140 161 63 selling
682 3140 288 61 hair-pencils
993 3142 87 44 and
1106 3147 257 41 terra-cotta
1385 3149 139 56 paint,
