2107 3450
92 336 240 39 OVERFLOW
356 337 54 32 OF
433 335 255 33 EDUCATION
715 334 104 31 INTO
842 331 89 35 THE
956 333 213 31 OPPOSITE
1194 331 301 36 HEMISPHERE.
1565 318 84 42 263

1 466 276 38 excitement,
320 459 124 43 oaths
488 473 48 27 or
584 458 125 42 other
752 455 311 43 conventional
1117 455 293 55 expressions,
1454 467 101 40 may
1602 454 51 41 be

1 532 178 41 emitted
213 545 108 28 even
359 529 126 42 when
520 530 35 40 it
588 529 35 41 is
657 531 123 52 quite
815 526 166 42 certain
1017 525 98 42 that
1151 525 74 41 the
1261 524 216 43 educated
1512 528 143 38 motor

0 607 146 37 centre
171 601 63 44 for
256 600 230 42 articulate
510 599 157 43 speech
691 599 78 41 has
790 598 93 42 been
906 597 149 55 totally
1077 596 225 55 destroyed,
1325 595 86 42 and
1439 595 36 43 is
1510 595 143 43 there-

1 671 85 41 fore
111 669 161 58 wholly
299 668 226 43 incapable
552 670 47 40 of
628 667 221 42 retaining
871 666 75 42 the
970 666 231 42 memories
1225 666 47 41 of
1303 679 111 28 even
1439 665 74 42 the
1540 671 115 36 most

1 742 152 56 deeply
187 741 238 43 imprinted
461 741 150 41 words.
687 740 139 41 These
860 753 119 28 cases
1013 737 163 57 clearly
1200 737 121 43 show
1355 737 110 51 that,
1499 737 46 41 in
1579 737 76 44 the

0 827 168 41 process
191 814 47 41 of
257 827 235 28 educating
517 812 72 42 the
613 811 172 42 Broca's
809 810 285 43 convolution
1129 815 43 37 to
1206 809 75 43 the
1316 809 260 56 production
1612 810 46 41 of

1 885 223 42 irticulate
268 884 172 56 speech,
478 884 121 42 there
643 888 130 37 must,
812 887 45 37 at
899 882 113 43 least
1055 883 46 41 in
1147 897 24 27 a
1213 889 124 49 great
1381 882 186 42 number
1610 882 44 41 of

1 956 277 42 individuals,
314 956 51 41 be
401 970 24 27 a
459 955 136 56 slight
630 953 244 45 Overflow1
910 955 46 41 of
988 954 247 42 Education
1272 953 94 42 into
1403 953 74 41 the
1514 967 140 28 corre-

1 1029 210 55 sponding
254 1027 284 43 convolution
577 1027 45 42 of
659 1026 76 44 the
773 1031 198 52 opposite
1010 1026 290 43 hemisphere.
1383 1025 104 42 This
1523 1025 133 42 latter

1 1098 278 43 3onvolution
303 1098 226 43 evidently
553 1099 190 42 receives
766 1099 120 41 what
912 1112 100 42 may
1036 1098 52 42 be
1111 1097 143 43 called
1288 1097 75 43 the
1397 1097 179 43 crumbs
1610 1098 45 41 of

1 1169 228 45 education
272 1171 98 42 that
407 1170 80 42 fall
524 1171 113 41 from
675 1171 73 42 the
784 1171 117 42 table
945 1172 47 41 of
1031 1170 75 42 the
1142 1169 174 43 Broca's
1353 1174 302 39 convolution.

1 1243 142 43 When
167 1243 74 43 the
264 1243 171 42 Broca's
469 1243 283 42 convolution
786 1243 37 42 is
856 1243 158 55 totally
1039 1242 244 56 destroyed,
1308 1242 123 42 these
1466 1242 188 51 crumbs,

1 1315 204 57 acquired
229 1316 57 41 by
310 1316 74 41 the
407 1315 339 56 corresponding
768 1315 288 42 convolution
1088 1315 45 42 of
1170 1315 75 41 the
1279 1314 201 56 opposite
1514 1314 139 42 hemi-

1 1387 163 55 sphere,
187 1402 73 28 are
282 1387 60 43 all
375 1388 98 42 that
504 1389 167 40 remain
706 1388 45 41 of
783 1387 74 42 the
892 1392 141 37 motor
1070 1387 232 42 memories
1341 1387 44 41 of
1421 1387 232 42 articulate

1 1458 167 55 speech,
193 1458 201 43 however
414 1464 122 50 great
562 1473 96 40 may
684 1459 110 42 have
819 1459 109 42 been
959 1459 74 41 the
1061 1458 125 42 stock
1220 1459 45 41 of
1297 1458 123 42 these
1449 1472 205 28 accumu-

1 1529 113 43 lated
137 1531 46 41 in
206 1530 74 43 the
304 1530 172 43 Broca's
499 1531 296 42 convolution.
862 1531 44 42 It
935 1545 86 28 was
1054 1530 479 57 Hughlings-Jackson
1559 1532 96 41 who

0 1601 89 43 first
126 1602 193 43 directed
357 1604 217 40 attention
615 1608 43 37 to
699 1603 74 42 the
811 1603 119 42 little
968 1617 115 28 store
1122 1603 48 42 of
1204 1602 143 43 words
1390 1603 102 43 thus
1533 1609 122 38 often

1 1674 188 42 retained
212 1675 47 41 in
285 1675 72 42 the
381 1674 276 43 uneducated
681 1679 148 38 centre
863 1675 45 42 of
941 1675 74 42 the
1051 1675 201 56 opposite
1287 1675 106 51 side,
1419 1675 127 43 when
1580 1676 76 43 the

1 1745 202 43 3ducated
231 1752 146 37 centre
399 1746 78 43 has
512 1747 109 42 been
655 1747 244 56 destroyed.
965 1748 71 42 He
1069 1747 128 43 holds
1231 1748 76 42 the
1342 1748 181 55 opinion
1559 1755 98 36 that

1 1818 67 43 the
92 1819 276 42 uneducated
392 1824 147 38 centre
562 1819 37 43 is
623 1819 45 42 in
693 1834 24 28 a
741 1820 164 56 special
930 1835 93 40 way
1049 1819 169 43 related
1252 1825 43 36 to
1329 1821 328 50 conventional,

1 1891 244 51 emotional,
278 1891 87 42 and
398 1891 126 43 other
556 1892 134 42 forms
724 1892 44 41 of
802 1892 119 42 what
954 1892 53 42 he
1041 1892 125 55 aptly
1189 1897 137 37 terms
1359 1895 21 19 "
1400 1892 217 56 degraded
1637 1893 21 16 "

1 1963 359 52 speech,—using
398 1964 89 42 this
524 1968 112 38 term
676 1965 48 41 in
761 1969 196 38 contrast
997 1971 43 36 to
1084 1964 277 43 intellectual
1401 1965 171 55 speech,
1611 1966 46 41 in

1 2035 140 42 which
167 2036 104 42 each
308 2037 116 40 word
457 2037 165 41 retains
657 2037 58 41 its
749 2051 158 41 proper
940 2037 217 55 meaning.
1223 2037 102 51 But,
1347 2037 171 56 though
1550 2038 37 42 it
1619 2037 38 44 is

1 2107 219 56 generally
255 2107 213 43 admitted
507 2108 96 42 that
639 2109 311 42 conventional
983 2110 86 41 and
1104 2109 239 42 emotional
1377 2110 279 43 expressions

1 2193 99 42 may
123 2180 51 42 be
198 2180 182 42 emitted
404 2180 55 56 by
485 2180 73 43 the
582 2180 278 43 uneducated
893 2188 148 36 centre
1074 2188 113 36 after
1220 2181 75 43 the
1328 2182 216 43 educated
1578 2183 80 44 has

1 2251 106 43 been
132 2251 244 56 destroyed,
399 2252 23 42 I
445 2252 54 42 do
523 2257 77 37 not
624 2252 130 42 think
779 2253 35 41 it
845 2253 36 42 is
915 2254 225 55 generally
1165 2254 199 44 believed
1400 2254 97 43 that
1532 2255 125 43 these

0 2323 275 56 expressions
319 2324 110 42 have
474 2325 107 42 been
622 2325 233 57 originally
899 2326 219 56 relegated
1163 2333 44 37 to
1251 2328 76 43 the
1376 2335 281 37 uneducated

44 2469 11 23 1
83 2468 79 37 The
182 2473 95 32 term
297 2469 239 47 "overflow,"
555 2470 144 49 though
720 2472 237 37 convenient,
971 2473 32 36 is
1018 2485 49 24 no
1081 2473 120 37 doubt
1220 2474 208 37 somewhat
1448 2476 210 36 figurative,

0 2528 72 38 like
91 2529 62 37 the
172 2534 96 32 term
287 2531 20 19 "
320 2531 263 48 imprintation
599 2531 17 17 "
635 2531 153 50 already
806 2533 102 37 used.
963 2534 51 36 Of
1029 2547 130 24 course
1178 2535 153 36 neither
1357 2540 98 33 term
1482 2542 104 32 must
1612 2539 47 37 he

1 2591 106 36 taken
134 2595 61 33 too
221 2591 176 49 literally.
453 2593 45 35 In
526 2606 69 23 our
622 2598 150 43 present
798 2599 94 33 state
919 2595 41 37 of
982 2596 235 50 knowledge,
1238 2597 188 47 however,
1446 2599 32 36 it
1504 2599 82 37 will
1613 2600 47 37 be

0 2652 111 36 Found
131 2665 90 36 very
240 2654 161 36 difficult
419 2659 37 31 to
471 2658 97 33 treat
586 2655 40 36 of
641 2655 121 37 either
775 2656 65 37 the
855 2669 70 25 one
939 2657 268 49 phenomenon
1226 2671 41 24 or
1281 2659 65 37 the
1361 2659 118 48 other,
1495 2666 165 33 without

0 2713 105 46 using
122 2713 181 49 language
323 2715 83 36 that
423 2716 32 36 is
472 2728 103 25 more
593 2729 41 24 or
651 2716 72 37 less
742 2717 208 49 figurative.
1006 2718 39 37 If
1067 2732 56 24 Ave
1143 2720 143 37 wished
1305 2725 39 33 to
1362 2721 168 38 describe
1556 2730 104 31 what

0 2771 28 37 is
45 2771 86 38 here
158 2774 119 36 called
305 2775 220 37 "Overflow
553 2776 39 36 of
617 2777 243 37 Education"
887 2779 41 36 in
954 2783 116 32 terms
1096 2779 84 37 that
1206 2793 62 23 are
1295 2785 67 32 not
1391 2782 210 48 figurative,
1628 2785 31 36 it

1 2833 119 36 would
139 2835 182 46 probably
339 2836 46 37 be
411 2842 140 32 correct
575 2842 40 32 to
641 2850 65 36 say
733 2838 83 37 that
845 2839 121 47 when,
986 2841 42 36 in
1054 2853 148 36 process
1229 2841 41 38 of
1293 2842 215 47 education,
1527 2848 132 46 strong

1 2894 233 48 impressions
250 2910 61 23 are
330 2898 113 49 being
460 2900 110 36 made
596 2912 102 37 upon
725 2900 66 38 the
819 2901 144 39 Broca's
990 2903 258 48 convolution,
1271 2905 119 37 feeble
1416 2907 243 36 impressions

1 2966 56 25 are
74 2961 38 30 at
130 2956 63 36 the
211 2970 99 24 same
328 2959 92 37 time
438 2959 113 50 being
577 2961 109 37 made
705 2974 103 37 upon
835 2962 64 38 the
927 2964 247 38 convolution
1200 2965 41 37 of
1264 2965 66 38 the
1356 2967 171 48 opposite
1554 2969 80 36 side
1651 2983 6 29 ;

1 3016 69 35 find
89 3016 81 37 that
188 3018 108 37 when
316 3020 103 37 these
437 3021 120 38 feeble
570 3023 243 48 impressions
827 3024 96 37 have
937 3024 96 38 been
1047 3027 174 48 repeated
1237 3040 21 24 a
1273 3040 92 36 very
1378 3033 104 43 great
1496 3029 164 37 number

0 3075 38 37 of
59 3078 119 47 times,
197 3079 88 48 they
304 3080 114 47 leave,
438 3088 38 30 at
503 3083 81 46 last,
611 3096 21 23 a
659 3084 155 37 distinct
841 3098 170 36 memory
1038 3099 41 24 or
1106 3088 122 48 image
1255 3089 38 35 in
1326 3088 64 37 the
1419 3095 239 32 uneducated

0 3143 130 30 centre
175 3139 91 36 This
286 3140 69 37 law
377 3143 135 46 would,
528 3143 40 37 of
583 3157 140 34 course,
737 3146 117 49 apply
873 3151 38 31 to
927 3147 64 37 the
1009 3146 177 40 auditory
1199 3161 40 25 as
1253 3149 88 38 well
1355 3162 39 25 as
1409 3153 38 33 to
1460 3149 65 38 the
1538 3155 122 35 motor

1 3202 132 34 centre.
