1478 2662
497 85 65 41 Dr
578 86 275 44 Abercrombie
869 106 48 26 on
935 96 58 40 the

77 81 31 37 8

80 183 175 41 Ischuna
273 184 168 51 Renahs,
462 190 123 39 which
605 205 31 25 is
655 194 145 53 usually
817 196 86 42 fatal
929 201 48 54 by
996 217 109 28 coma
1123 209 76 39 and
1226 211 156 44 effusion
1399 218 41 39 in

80 238 66 38 the
164 238 122 40 brain.
340 240 19 37 I
378 242 51 39 do
447 251 68 30 not
533 243 114 41 know
666 246 168 43 whether
855 253 271 44 inflammation
1148 275 86 38 may
1253 266 46 38 be
1317 272 123 38 seated

81 303 45 25 m
145 298 64 31 the
227 302 247 42 peritonaeum
494 296 122 54 lining
635 307 63 31 the
722 303 157 48 parietes
906 309 44 37 of
972 318 65 31 the
1063 312 203 53 abdomen,
1287 330 155 33 without

76 346 179 52 affecting
275 354 63 32 the
356 349 190 38 intestinal
566 352 120 38 canal.
739 355 18 37 I
785 356 94 41 have
905 375 88 25 seen
1021 377 105 27 some
1154 382 99 27 cases
1281 374 120 39 which
1420 377 18 36 I

77 400 189 78 s^posed
292 408 39 30 to
350 400 46 39 be
428 401 45 38 of
496 402 74 39 this
602 414 146 39 nature^
769 409 66 41 but
863 412 20 38 I
911 414 94 39 have
1038 427 67 30 not
1137 427 230 39 ascertained
1397 430 41 37 it.

88 455 80 35 Ihe
185 465 103 26 cases
307 461 40 32 to
366 455 123 38 which
508 456 21 38 I
549 459 96 38 refer
664 466 224 38 terminated
903 466 231 45 favourably.

162 583 116 38 Sect.
404 584 270 54 It^ctTHTncition
690 596 168 49 confined
882 602 38 33 to
938 598 61 39 the
1017 601 191 42 Muscular
1230 610 105 36 Coat,

125 673 131 76 piere
274 676 31 38 is
324 677 113 39 much
458 680 192 55 obscurity
668 683 40 39 in
736 693 65 31 the
819 688 207 56 pathology
1044 693 46 39 of
1102 710 151 36 muscle,
1273 702 165 47 particu-

71 729 96 50 larly
185 741 39 25 in
244 731 137 51 regard
401 739 39 31 to
460 741 64 31 the
542 735 108 39 effect
668 737 45 38 of
725 739 274 44 inflammation
1027 761 51 24 on
1111 752 189 40 muscular
1327 755 107 39 fibre.

71 783 173 50 Ferhaps
264 798 55 24 we
338 785 96 39 have
451 786 94 40 been
565 797 65 30 too
657 792 113 38 much
804 794 39 37 in
874 798 65 36 the
969 798 107 40 habit
1108 803 44 37 of
1177 818 151 35 passing
1346 822 90 26 over

69 838 67 69 ^e
163 845 267 45 investigation
456 839 50 52 by
526 855 47 24 an
601 843 299 43 indiscriminate
918 852 226 49 application
1174 857 46 38 of
1243 867 63 32 the
1338 871 96 30 term

70 890 279 40 Rheumatism.
408 892 78 39 We
505 904 142 30 cannot
664 897 121 39 doubt
813 908 81 31 that
921 906 188 39 muscular
1136 909 95 40 fibre
1263 913 33 38 is
1323 914 111 40 liable

66 947 42 31 to
140 956 209 38 gangrene,
382 944 69 40 but
484 949 245 39 rheumatism
763 966 116 25 never
910 959 217 40 terminates
1159 963 39 38 in
1228 980 193 31 gangrene

64 997 38 35 It
119 1007 30 25 IS
168 997 197 48 probable,
385 1006 107 40 then,
510 1009 82 31 that
610 1005 188 38 muscular
816 1007 95 39 fibre
938 1010 31 38 is
996 1011 110 41 liable
1133 1024 40 30 to
1205 1031 49 25 an
1284 1019 149 40 inflam-

62 1056 147 30 mation
236 1049 180 54 differing
447 1055 207 51 materially
683 1056 96 39 from
813 1058 256 45 rheumatism.
1126 1068 86 40 The
1243 1080 101 30 most
1373 1088 59 25 re-

62 1100 198 40 markable
278 1117 174 38 example
470 1106 46 38 of
526 1107 29 38 it
569 1107 38 38 in
631 1116 64 31 the
713 1114 229 39 extremities
958 1117 31 38 is
1013 1119 38 37 in
1080 1120 65 39 the
1172 1122 92 50 high
1284 1126 145 39 inflam-

60 1166 148 26 mation
241 1156 124 39 which
399 1158 141 39 follows
573 1165 218 48 compound
824 1165 192 51 fractures,
1057 1174 74 37 and
1169 1176 123 39 which
1323 1189 103 29 often

62 1213 221 34 terminates
302 1223 39 24 in
362 1219 194 32 extensive
573 1228 206 38 gangrene.
836 1221 77 38 Wo
932 1236 59 25 see
1009 1225 29 37 it
1065 1226 77 39 also
1169 1229 39 37 in
1234 1230 64 38 die
1326 1245 100 35 psoie

60 1272 175 35 muscles,
266 1262 124 41 where
417 1266 29 37 it
473 1268 193 52 generally
688 1271 214 40 terminates
931 1276 48 51 by
998 1289 245 39 suppuration
1261 1299 12 29 ;
1305 1298 122 26 some-

60 1319 112 33 times
190 1315 46 38 of
247 1316 93 38 such
361 1326 132 31 extent
513 1328 81 31 that
612 1334 112 40 every
743 1332 102 31 trace
863 1327 44 37 of
926 1331 186 39 muscular
1130 1333 95 40 fibre
1243 1336 68 39 has
1331 1337 95 40 been

56 1368 87 44 lost,
163 1368 166 54 nothing
347 1370 116 55 being
480 1373 66 39 left
565 1374 68 39 but
653 1384 64 30 the
735 1377 149 48 sheath,
903 1381 67 38 full
989 1384 46 37 of
1046 1397 177 37 purulent
1241 1398 149 32 matter.
1404 1395 22 19 *

65 1424 21 34 1
98 1424 132 49 hough
250 1430 66 31 the
333 1424 144 52 subject
496 1427 47 38 be
568 1436 206 46 extremely
792 1432 172 46 obscure,
986 1436 17 36 I
1023 1438 109 38 think
1160 1456 54 24 we
1241 1457 64 25 are
1332 1459 92 24 war-

55 1475 137 38 ranted
221 1488 38 25 in
290 1479 210 53 supposing
527 1487 82 32 that
637 1490 65 31 the
729 1487 187 37 muscular
943 1489 111 39 fibres
1079 1492 44 37 of
1144 1494 64 39 the
1234 1497 190 39 intestinal

55 1528 108 38 canal
183 1542 88 39 may
291 1530 46 39 be
353 1541 65 29 the
437 1541 79 31 seat
541 1534 45 38 of
607 1535 291 51 inflammation,
926 1543 76 37 and
1029 1544 80 39 that
1136 1547 30 38 it
1192 1562 86 28 may
1297 1552 126 38 termi-

54 1589 91 30 nate
163 1582 40 38 in
222 1596 208 39 gangrene.
484 1588 20 38 I
522 1586 97 40 have
637 1589 153 54 already
809 1595 218 39 mentioned
1047 1605 64 31 the
1135 1612 288 31 circumstances

54 1634 127 39 which
210 1637 142 39 induce
373 1651 61 26 me
454 1647 40 31 to
512 1642 217 50 conjecture
747 1645 83 38 that
848 1646 275 44 inflammation
1148 1653 39 39 in
1215 1655 64 39 the
1308 1657 114 39 intes-

53 1693 82 33 tine
161 1701 88 40 may
268 1691 48 38 be
335 1692 179 41 confined
544 1702 41 31 to
614 1703 65 31 the
706 1711 189 27 muscular
919 1711 99 38 coat,
1040 1705 83 38 that
1150 1707 30 38 it
1209 1711 213 38 sometimes

52 1749 117 30 exists
188 1751 108 31 there
312 1746 219 54 producing
548 1749 107 48 ileus,
676 1749 68 40 but
762 1760 69 30 not
848 1758 269 48 accompanied
1146 1758 48 53 by
1212 1771 207 28 symptoms

52 1794 47 37 of
111 1795 123 39 active
252 1797 289 42 inflammation.
598 1802 82 39 Did
700 1803 74 39 this
806 1813 86 31 take
909 1807 108 51 place
1035 1811 37 37 in
1094 1820 63 30 the
1185 1817 234 38 remarkable

51 1860 100 33 case,
172 1850 117 49 (Case
304 1851 49 37 3d
374 1852 45 37 of
439 1866 64 38 my
523 1854 142 38 former
688 1861 151 48 paper,)
856 1860 40 37 in
916 1861 121 40 which
1059 1872 106 32 there
1191 1881 72 25 was
1291 1878 131 31 exten-

50 1915 79 25 sive
147 1916 211 39 gangrene,
381 1904 146 55 though
548 1910 108 38 there
674 1910 77 39 had
770 1912 94 38 been
883 1927 52 25 no
953 1929 187 39 symptom
1159 1920 48 38 of
1217 1921 119 40 active
1362 1924 57 37 in-

50 1954 239 42 flammation
309 1957 54 37 till
381 1972 24 24 a
422 1959 69 38 few
521 1962 116 38 hours
663 1963 128 43 before
818 1966 111 39 death
945 1967 15 39 ?
1017 1968 35 40 It
1080 1972 30 37 is
1143 1987 101 26 mere
1271 1978 147 36 conjec-

51 2015 98 41 ture,
181 2010 68 40 but
279 2012 30 38 it
340 2011 33 38 is
392 2025 23 25 a
445 2014 110 50 point
586 2016 133 54 highly
748 2019 199 54 deserving
977 2022 47 38 of
1044 2026 145 39 minute
1218 2027 199 41 investiga-

48 2068 95 33 tion.

52 2182 116 44 Sect.
190 2185 393 54 W\..hnficivMnation
615 2191 168 54 afiecting
800 2195 61 38 the
888 2195 198 44 Muscular
1111 2201 74 37 and
1201 2201 217 40 Peritoneal

595 2244 114 41 Coats
722 2255 38 31 at
779 2261 96 26 once.

53 2377 10 9 ^
101 2325 21 38 I
141 2327 111 41 think
271 2345 57 25 we
345 2344 88 38 may
453 2332 176 38 consider
647 2334 30 38 it
694 2349 40 25 as
753 2336 90 53 fully
861 2341 248 49 ascertained,
1126 2351 81 31 that
1224 2343 188 39 extensive

50 2378 283 45 inflammation
353 2399 87 39 may
460 2386 96 38 exist
574 2386 38 38 in
634 2387 63 39 the
715 2389 177 41 intestine
919 2394 158 39 without
1105 2397 212 53 producing
1348 2396 64 38 ob-

345 2557 21 21 *
388 2558 58 35 See
462 2560 190 35 Thomion's
665 2561 146 36 Lectures
826 2575 40 22 on
881 2565 237 36 Inflammailon.
