1933 3302
207 160 51 38 38

630 165 271 44 Erkrankungen
927 171 60 31 der
1012 172 149 39 Geiasse,
1188 177 206 33 Blutungen.

206 266 119 48 Knie;
358 270 67 37 der
454 283 148 38 einzige
632 272 94 47 Fall,
759 275 38 38 in
828 277 87 38 dem
945 278 67 38 der
1041 279 158 40 Kranke
1228 286 105 37 starb
1365 289 76 36 und
1471 303 100 25 zwar
1599 296 111 36 unter
1739 309 72 25 un-

206 325 201 34 säglichen
420 325 243 39 Schmerzen.
686 328 121 39 Nicht
822 330 136 39 immer
969 332 66 38 hat
1046 334 60 38 die
1120 335 260 56 Verbreitung
1390 342 65 37 des
1467 342 344 40 Hospitalbrandes

205 389 39 23 in
262 376 59 38 die
335 376 169 40 Gelenke
523 392 41 25 so
581 380 171 40 schwere
764 382 159 51 Folgen,
940 386 98 37 auch
1051 387 51 37 ist
1118 388 66 38 das
1195 388 109 41 Glied
1318 393 167 40 dadurch
1502 398 106 38 nicht
1620 403 190 37 unwider-

203 430 141 36 ruflich
364 431 187 39 verloren.
593 434 112 38 Nach
724 436 238 52 Zerstörung
982 439 67 38 der
1069 440 238 51 Ligamente,
1331 447 66 38 der
1417 448 380 39 Synovialmenibran

205 486 68 34 der
296 486 172 48 Knorpel
499 487 106 38 steht
635 489 58 37 die
716 489 217 39 Krankheit
963 506 61 24 am
1044 493 188 41 Knochen
1262 499 90 47 still,
1385 515 58 24 wo
1473 503 53 37 sie
1547 518 72 24 nur
1638 506 173 40 Nekrose

202 535 257 42 hervorrufen
489 540 106 39 kann
626 572 7 7 .
668 575 6 7 .
709 573 6 6 .
759 542 151 52 Gelang
940 558 39 25 es
1009 560 90 34 nun,
1132 549 73 38 den
1235 550 234 42 Fortschritt
1498 557 67 37 der
1594 558 218 41 Krankheit

202 603 40 24 in
273 591 74 37 den
378 592 67 39 das
476 593 150 40 Gelenk
655 597 272 49 umgebenden
958 599 287 43 Weichtheilen
1275 619 44 25 zu
1349 607 195 48 hemmen,
1583 625 41 24 so
1654 615 158 38 wurden

202 644 58 38 oft
291 645 60 38 die
382 646 188 40 Kranken
599 652 179 48 gerettet,
811 651 145 39 welche
994 655 193 39 natürlich
1216 659 108 38 mehr
1353 662 92 37 oder
1475 664 166 51 weniger
1670 680 139 26 ausge-

202 697 143 40 dehnte
376 699 291 40 Exfoliationen
698 703 66 39 der
794 703 277 42 Gelenkenden
1100 711 78 37 und
1207 710 196 53 Ankylose
1433 716 275 53 davontrugen.
1759 722 50 38 So

199 751 222 41 behandeln
450 756 69 38 wir
548 758 270 50 gegenwärtig
847 759 100 38 noch
977 762 23 36 3
1031 761 193 49 Soldaten,
1264 766 62 38 bei
1362 769 121 38 denen
1513 771 67 38 der
1609 773 200 39 Hospital-

199 806 126 39 brand
345 822 40 24 in
405 809 68 38 das
493 809 244 51 Fussgelenk
757 812 134 51 drang.
940 814 73 38 Die
1030 816 225 51 anfänglich
1276 820 195 40 schweren
1490 824 320 42 Erscheinungen

199 859 129 40 haben
358 862 83 38 sich
470 864 219 50 gemildert,
719 866 188 38 nachdem
936 868 78 38 fast
1043 870 73 38 alle
1136 871 258 41 Weichtheile
1424 877 65 37 des
1510 877 189 41 Gelenkes
1725 895 83 24 zer-

199 919 101 35 stört
330 916 97 39 sind.
486 916 119 40 Auch'
629 918 41 38 in
700 920 74 37 den
804 922 270 49 umgebenden
1095 923 259 42 Geschwüren
1381 928 69 39 hat
1478 930 83 38 sich
1590 933 65 37 der
1680 934 130 39 Brand

197 969 200 51 begrenzt.
456 971 288 40 Beträchtliche
773 974 289 40 Exfoliationen
1097 978 67 38 der
1192 979 148 48 Fibula,
1372 983 66 37 des
1467 983 117 40 Talus
1613 987 78 37 und
1720 988 89 38 Cal-

201 1036 142 26 caneus
373 1024 129 40 haben
532 1026 83 38 sich
645 1027 253 51 abgestossen
918 1030 78 38 und
1025 1044 74 25 von
1130 1033 66 37 der
1226 1033 111 39 Tibia
1367 1036 84 38 sind
1481 1037 95 39 eben
1605 1040 128 39 solche
1763 1055 47 25 zu

199 1081 203 35 erwarten.
460 1080 73 38 Die
554 1079 129 40 Natur
712 1082 164 38 arbeitet
901 1084 99 48 jetzt
1029 1099 49 24 an
1108 1087 66 37 der
1193 1086 199 52 Ankylose
1422 1091 64 38 des
1507 1091 296 40 Fussgelenks."

197 1131 73 39 Bei
298 1132 184 39 Wenzel
510 1134 131 39 finden
670 1135 70 38 wir
770 1137 22 36 2
823 1136 122 48 Fälle,
984 1138 61 38 bei
1083 1140 124 38 denen
1245 1142 67 38 der
1339 1142 304 52 Hospitalbrand
1671 1148 40 38 in
1740 1149 68 38 das

197 1185 104 39 Knie
339 1187 207 52 eindrang;
586 1189 67 38 der
690 1190 85 37 eine
812 1190 108 39 hatte
958 1192 214 40 tödtlichen
1205 1195 172 48 Verlauf,
1417 1199 62 37 bei
1516 1200 85 38 dem
1641 1203 168 37 anderen

196 1240 102 38 fehlt
328 1241 60 38 die
419 1241 167 52 Angabe
616 1244 66 38 des
712 1243 208 39 Resultats.

326 1295 100 39 Eine
456 1309 99 37 ganz
585 1298 141 38 andere
755 1297 74 39 Art
857 1312 76 25 von
963 1299 379 42 Gelenkaflfectionen
1380 1305 94 38 wird
1503 1320 75 24 von
1605 1307 157 40 Moore
1777 1309 28 50 ^)

198 1349 188 38 erwähnt.
462 1350 55 38 Er
565 1352 70 37 sah
682 1352 40 37 in
768 1352 95 38 zwei
910 1353 135 39 Fällen
1093 1358 89 36 acut
1229 1358 266 38 entzündliche
1537 1360 169 52 Ergüsse
1755 1363 54 39 im

196 1403 281 51 Handgelenk,
524 1405 228 52 Ellbogen-,
791 1406 121 38 Knie-
943 1408 78 37 und
1051 1407 242 53 Fussgelenk
1331 1411 62 38 bei
1426 1413 381 41 hospitalbrandigen

195 1457 198 48 Wunden,
425 1459 145 39 welche
601 1461 104 37 diese
727 1459 168 40 Gelenke
925 1462 107 37 nicht
1053 1462 121 39 direct
1201 1464 220 48 berührten,
1453 1468 164 37 sondern
1641 1483 48 24 an
1708 1483 99 37 ganz

196 1512 171 38 anderen
396 1513 294 50 Körperstellen
720 1514 80 38 sich
831 1515 205 38 befanden.
1096 1515 59 40 Ob
1185 1531 40 24 es
1255 1518 82 38 sich
1365 1518 84 40 hier
1477 1534 65 25 um
1571 1521 236 41 Metastasen

195 1566 183 38 handelte
408 1568 79 37 und
518 1569 166 38 welcher
703 1567 75 40 Art
807 1569 54 38 sie
881 1583 141 33 waren,
1055 1571 151 49 ergiebt
1230 1571 82 39 sich
1341 1586 67 25 aus
1430 1574 65 38 der
1517 1574 289 54 Beschreibung

195 1621 109 38 nicht
334 1624 142 36 weiter.

217 1750 38 31 k.
282 1749 207 33 Yerhalteu
513 1749 68 33 der
607 1748 158 34 Gefässe
790 1751 217 39 gegenüber
1033 1751 81 32 dem
1137 1752 299 41 Hospitalbrand
1459 1755 75 32 und
1558 1756 215 40 Blutnngen

851 1805 62 32 bei
938 1805 227 34 demselben.

327 1892 73 38 Die
431 1891 275 40 Gefässwände
742 1893 138 38 leisten
916 1894 58 38 oft
1014 1895 66 37 der
1108 1894 328 52 Einschmelzung
1469 1896 119 38 durch
1618 1897 73 37 den
1719 1897 83 38 Ho-

192 1947 246 50 spitalbrand
467 1947 188 51 längeren
686 1947 262 39 Widerstand.
1006 1948 55 38 Es
1099 1949 156 37 können
1293 1949 145 38 sowohl
1467 1949 134 39 Venen
1639 1950 55 38 als
1724 1950 77 38 Ar-

195 2002 135 38 terien,
362 2001 70 38 auf
459 2002 83 37 eine
573 2001 199 39 ziemliche
794 2001 160 39 Strecke
983 2002 91 38 weit
1103 2003 137 37 mitten
1270 2003 39 37 in
1336 2004 123 37 einem
1479 2003 322 39 Hospitalbrand-

195 2056 205 51 geschwür
429 2056 210 46 verlaufen,
668 2056 43 50 ja
741 2055 122 39 selbst
882 2055 104 38 ihrer
1008 2055 161 39 Scheide
1199 2057 163 37 beraubt
1391 2058 164 37 werden,
1587 2057 98 38 ohne
1715 2059 86 37 dass

192 2111 86 37 ihre
294 2110 131 38 Wand
454 2109 122 39 selbst
604 2115 165 33 zerstört
797 2110 95 37 wird
921 2110 78 37 und
1019 2110 177 50 Blutung
1225 2111 92 37 oder
1337 2110 238 38 Thrombose
1599 2114 200 36 eintreten.

193 2164 95 39 Dies
318 2177 131 25 wurde
478 2164 238 38 namentlich
745 2163 62 39 bei
828 2164 73 38 den
922 2177 161 36 grossen
1104 2163 186 39 Gefässen
1311 2164 241 38 beobachtet.
1611 2165 191 38 Hennen

194 2219 72 39 sah
295 2219 39 37 in
366 2218 154 39 einigen
549 2218 174 38 seltenen
748 2218 146 38 Fällen,
927 2218 86 37 dass
1045 2217 59 39 die
1135 2218 339 38 augenscheinlich
1502 2218 107 38 nicht
1638 2219 162 38 afficirte

193 2273 216 39 Femoralis
430 2274 79 37 und
529 2272 187 39 Axillaris
746 2273 40 37 in
816 2271 280 39 unheimlicher
1115 2272 130 38 Weise
1275 2272 180 38 inmitten
1486 2272 102 38 eines
1609 2273 189 49 hospital-

192 2328 220 38 brandigen
432 2327 175 38 Heerdes
633 2327 203 50 pulsirten,
867 2326 182 38 während
1070 2326 73 38 alle
1163 2327 269 37 umgebenden
1460 2325 134 39 Theile
1622 2327 178 50 gänzlich

192 2385 168 35 zerstört
390 2395 141 24 waren.

326 2436 155 38 Moore
526 2435 69 38 sah
637 2435 103 38 2mal
780 2435 63 38 bei
886 2434 194 38 Schüssen
1124 2434 122 38 durch
1299 2434 60 38 die
1399 2433 309 51 Leistengegend
1739 2434 59 38 die

194 2490 261 38 Weichtheile
486 2490 120 37 durch
644 2490 74 37 den
752 2489 308 38 Hospitalbrand
1097 2490 163 36 zerstört
1295 2489 165 37 werden.
1531 2487 44 37 In
1607 2488 86 37 dem
1722 2487 76 39 Ge-

194 2545 155 38 schwür
376 2545 115 37 lagen
509 2544 127 37 Arter.
659 2544 80 37 und
768 2543 109 38 Vena
896 2542 198 38 femoralis
1115 2542 39 37 in
1182 2542 65 38 der
1267 2541 268 39 Ausdehnung
1557 2554 73 24 von
1652 2541 43 49 '^ji
1715 2541 84 38 Zoll

192 2600 92 38 frei,
316 2600 40 37 in
396 2598 272 39 Ausdehnung
698 2611 75 24 von
884 2597 85 38 Zoll
1007 2609 115 26 sogar
1151 2596 104 38 ihrer
1285 2595 162 39 Scheide
1476 2595 180 45 beraubt,
1697 2595 99 38 ohne

194 2654 89 38 dass
313 2653 83 39 ihre
436 2652 152 39 Wände
629 2656 165 33 zerstört
832 2651 170 38 wurden.
1072 2649 112 39 Auch
1222 2650 194 37 Demme
1459 2648 256 38 beobachtete
1757 2648 41 38 in

194 2709 23 36 2
248 2707 135 39 Fällen
413 2707 85 38 eine
528 2705 201 53 gänzliche
758 2705 194 38 Isolirung
982 2704 67 38 der
1069 2703 127 39 Arter.
1220 2702 208 46 femoralis,
1459 2701 100 38 ohne
1589 2702 86 38 dass
1693 2701 103 39 diese

193 2762 124 38 selbst
337 2761 242 52 angegriffen
599 2760 142 38 wurde.
781 2759 193 38 Fischer
995 2758 69 38 sah
1085 2759 38 36 in
1148 2758 103 37 einer
1269 2758 20 36 5
1306 2756 84 38 Zoll
1409 2756 141 50 langen
1573 2756 77 37 und
1670 2757 24 36 4
1714 2755 84 38 Zoll

194 2817 152 37 breiten
374 2813 423 41 Hospitalbrandhöhle
839 2827 62 23 am
930 2812 96 38 Hals
1062 2811 60 38 die
1152 2811 146 38 Carotis
1338 2810 210 38 communis
1586 2809 38 37 in
1667 2811 130 36 weiter

193 2869 272 40 Ausdehnung
495 2869 191 39 entblösst
714 2867 149 50 liegen,
905 2866 83 38 ihre
1018 2864 162 40 Scheide
1219 2864 160 39 eröffnet
1416 2864 79 38 und
1534 2863 171 38 daneben
1735 2862 60 38 die

333 2986 25 38 ')
385 2987 135 30 Moore
546 2987 20 30 1.
592 2996 25 21 c.
643 2985 31 31 S.
700 2984 72 32 451.
