1972 3202
665 295 91 32 THE
780 296 90 30 RED
893 296 58 31 OR
973 294 182 32 ASIATIC
1179 294 387 33 ORANG-OITTANG.

435 289 64 49 90

435 424 111 47 both
562 423 133 63 jaws,
719 429 79 38 the
820 428 124 56 gi’eat
966 421 157 45 length
1148 421 89 45 and
1260 421 203 45 strength
1482 420 49 46 of
1545 428 78 38 the
1647 434 157 32 canine

434 507 141 48 teeth,
601 500 96 46 will
713 499 127 61 point
864 505 78 39 out
965 504 78 38 the
1067 504 221 39 variation
1311 496 112 46 from
1446 504 78 39 the
1554 513 249 31 characters

434 577 151 46 which
615 592 74 30 are
719 575 229 62 generally
973 574 134 61 given
1130 581 46 39 to
1200 581 79 38 the
1302 590 139 45 genus
1464 573 112 46 from
1600 590 27 29 a
1651 590 152 46 young

435 654 189 53 animal,
651 653 137 45 while
811 659 113 53 they
948 652 92 45 also
1065 651 125 45 show
1212 657 80 39 the
1314 652 302 44 resemblance
1645 657 47 39 to
1716 667 81 30 our

433 736 172 48 sketch,
626 729 113 46 from
758 730 51 44 F.
830 729 180 53 Cuvier,
1027 726 50 48 of
1091 728 79 45 the
1194 727 222 46 dentition
1440 726 50 47 of
1505 728 77 44 the
1607 728 193 61 Pongo.*

556 808 97 43 The
676 806 145 61 palms
845 804 50 46 of
912 805 79 45 the
1013 805 146 45 hands
1184 820 74 30 are
1281 820 111 45 very
1415 804 117 61 long,
1558 804 90 45 and
1675 811 125 53 quite

431 883 151 45 naked
604 882 113 45 from
741 889 78 38 the
843 881 162 46 wrists.
1075 881 138 45 Their
1234 883 151 52 backs,
1404 887 46 39 to
1474 881 78 45 the
1576 881 87 44 last
1681 881 119 61 joint

431 959 51 45 of
496 960 79 44 the
597 958 176 61 fingers,
799 973 73 30 are
896 957 185 46 covered
1104 957 115 45 with
1251 958 113 53 hair,
1391 957 148 45 which
1563 957 186 45 inclines
1773 974 26 29 a

429 1037 121 45 little
572 1036 296 52 backwards;
894 1035 61 45 all
977 1035 78 45 the
1071 1034 161 46 fingers
1254 1035 116 45 have
1393 1035 131 53 nails,
1550 1035 150 44 which
1724 1050 74 30 are

430 1119 165 54 strong,
637 1127 186 39 convex,
859 1111 90 45 and
988 1109 50 47 of
1069 1126 27 30 a
1133 1111 132 45 black
1296 1111 177 53 colour;
1524 1117 79 39 the
1633 1113 165 43 thumb

427 1189 181 44 reaches
652 1194 46 39 to
743 1188 76 44 the
856 1187 98 46 first
992 1187 118 61 joint
1157 1186 51 46 of
1242 1187 80 45 the
1365 1186 242 46 forefinger.
1699 1188 98 44 The

428 1264 157 46 length
608 1264 111 45 from
743 1270 79 39 the
845 1263 88 46 end
955 1262 51 47 of
1019 1270 79 38 the
1120 1263 170 45 middle
1313 1263 139 45 finger
1481 1270 46 38 to
1551 1269 79 39 the
1654 1270 140 48 wrist,

428 1341 48 44 in
507 1356 28 30 a
556 1341 120 44 right
699 1341 107 53 line,
832 1355 94 30 was
960 1355 82 30 one
1072 1339 123 55 foot;
1231 1346 78 39 the
1333 1339 337 46 circumference
1695 1355 102 30 over

428 1417 79 45 the
530 1418 233 52 knuckles,
789 1431 155 31 eleven
966 1416 182 54 inches;
1183 1416 80 45 the
1293 1416 155 45 length
1467 1416 49 45 of
1530 1416 79 45 the
1632 1418 164 43 thumb

428 1509 121 29 upon
571 1499 79 39 the
672 1493 138 60 palm,
834 1499 93 40 two
960 1492 153 46 inches
1147 1493 91 45 and
1261 1508 27 30 a
1310 1493 108 45 half.
1484 1493 97 44 The
1610 1491 88 46 feet
1722 1508 70 30 are

430 1570 185 44 covered
638 1569 114 45 with
774 1569 104 61 long
893 1570 156 45 brown
1073 1570 101 45 hair
1196 1585 57 30 on
1275 1570 79 45 the
1377 1571 127 51 back,
1529 1575 47 39 to
1598 1569 79 44 the
1706 1570 88 44 last

423 1645 117 60 joint
566 1644 50 46 of
629 1651 79 39 the
731 1652 109 47 toes,
866 1646 90 45 and
978 1651 79 40 the
1079 1652 124 55 great
1225 1653 73 39 toe
1322 1646 38 45 is
1395 1652 67 39 set
1485 1661 57 29 on
1564 1661 159 45 nearly
1747 1653 47 38 at

427 1721 120 45 right
571 1721 164 45 angles.
805 1722 98 44 The
920 1722 157 60 length
1095 1721 52 46 of
1159 1723 79 44 the
1261 1721 105 54 foot,
1386 1720 112 46 from
1522 1721 79 45 the
1624 1722 100 44 heel
1747 1728 46 39 to

427 1804 79 38 the
530 1798 87 44 end
640 1796 50 47 of
716 1804 79 38 the
828 1797 169 45 middle
1019 1804 110 47 toes,
1155 1813 82 30 one
1267 1797 89 46 foot
1379 1804 91 39 two
1494 1797 182 54 inches;
1715 1798 79 45 the

428 1874 337 45 circumference
801 1874 144 45 round
981 1874 80 45 the
1099 1875 232 53 knuckles,
1372 1873 106 46 nine
1516 1874 153 45 inches
1703 1875 91 45 and

427 1955 127 39 three
591 1956 230 54 quarters;
873 1950 157 60 length
1060 1949 50 46 of
1134 1956 80 39 the
1241 1957 122 54 great
1396 1957 88 47 toe,
1509 1965 121 46 upon
1658 1951 137 45 lower

429 2025 185 55 surface,
638 2033 92 39 two
754 2026 152 45 inches
930 2026 90 45 and
1042 2033 127 39 three
1193 2026 249 60 quarters.t

563 2104 97 44 The
680 2103 100 45 skin
798 2102 129 46 itself
936 2118 92 30 was
1044 2102 50 46 of
1108 2119 27 29 a
1150 2104 111 44 dark
1283 2104 160 45 leaden
1466 2103 160 46 colour.
1697 2104 96 46 The

426 2178 102 45 hair
550 2178 50 45 of
626 2194 26 29 a
685 2178 227 45 brownish
945 2179 101 54 red;
1083 2181 82 43 but
1190 2195 133 29 when
1358 2180 212 45 observed
1600 2186 47 39 at
1671 2195 122 31 some

483 2282 22 20 •
537 2279 70 39 See
625 2293 88 34 page
734 2281 61 35 66.

536 2345 176 37 Reduced
731 2345 115 48 plates
865 2358 59 24 are
942 2358 108 34 given
1070 2347 40 35 of
1124 2347 62 35 the
1205 2347 114 36 hands
1344 2348 71 36 and
1440 2349 74 35 feet
1532 2349 49 47 hy
1600 2347 56 37 Dr
1675 2347 115 48 Ahel,

424 2411 41 38 in
481 2412 63 37 the
564 2410 138 37 Asiatic
722 2410 233 46 Researches,
975 2412 70 35 and
1065 2418 70 29 two
1148 2412 113 47 plates
1274 2414 40 34 of
1327 2413 64 36 the
1410 2414 71 35 full
1501 2415 68 35 size
1588 2414 94 37 have
1701 2416 93 35 been

427 2477 214 36 introduced
673 2477 77 35 into
779 2475 126 37 James
932 2475 180 38 Wilson’s
1141 2476 248 39 Illustrations
1417 2480 40 35 of
1481 2479 173 48 Zoology,
1683 2480 111 36 taken

427 2543 94 35 from
541 2554 89 25 casts
649 2543 39 36 in
708 2542 61 37 the
790 2540 174 39 Museum
986 2544 40 34 of
1041 2543 62 35 the
1123 2541 119 50 Royal
1263 2542 156 50 Society.
