<?xml version="1.0" encoding="UTF-8"?>
<alto xmlns="http://www.loc.gov/standards/alto/ns-v2#" xmlns:xsi="http://www.w3.org/2001/XMLSchema-instance" xsi:schemaLocation="http://www.loc.gov/standards/alto/ns-v2# http://www.loc.gov/standards/alto/alto.xsd">
  <Description>
    <MeasurementUnit>pixel</MeasurementUnit>
    <sourceImageInformation>
      <fileName>b21273911_abbyy.xml</fileName>
    </sourceImageInformation>
    <OCRProcessing ID="OCR_1">
      <preProcessingStep>
        <processingDateTime>2014-10-24T02:15:27</processingDateTime>
        <processingAgency>intranda GmbH, www.intranda.com</processingAgency>
        <processingSoftware>
          <softwareCreator>intranda GmbH, Germany</softwareCreator>
          <softwareName>intranda OCR Module for TaskManager</softwareName>
          <softwareVersion>1.0r42</softwareVersion>
        </processingSoftware>
      </preProcessingStep>
      <ocrProcessingStep>
        <processingSoftware>
          <softwareCreator>ABBYY (BIT Software), Russia</softwareCreator>
          <softwareName>FineReader Engine</softwareName>
          <softwareVersion>10</softwareVersion>
        </processingSoftware>
      </ocrProcessingStep>
    </OCRProcessing>
  </Description>
  <Layout>
    <Page PHYSICAL_IMG_NR="38" ID="PAGE_38" WIDTH="2125" HEIGHT="3524">
      <TopMargin ID="TopMargin_1" HPOS="355" VPOS="257" WIDTH="1136" HEIGHT="56">
        <TextBlock ID="TextBlock_147" HPOS="355" VPOS="257" WIDTH="1136" HEIGHT="56">
          <TextLine ID="TextLine_1077" HPOS="355" VPOS="257" WIDTH="55" HEIGHT="42">
            <String ID="Word_10329" HPOS="355" VPOS="257" WIDTH="55" HEIGHT="42" CONTENT="24" />
          </TextLine>
          <TextLine ID="TextLine_1078" HPOS="837" VPOS="274" WIDTH="654" HEIGHT="39">
            <String ID="Word_10330" HPOS="837" VPOS="274" WIDTH="88" HEIGHT="31" CONTENT="THE" />
            <SP ID="SP_9253" HPOS="925" VPOS="274" WIDTH="35" HEIGHT="0" />
            <String ID="Word_10331" HPOS="960" VPOS="275" WIDTH="239" HEIGHT="34" CONTENT="DISOI5DKI5S" />
            <SP ID="SP_9254" HPOS="1199" VPOS="275" WIDTH="32" HEIGHT="0" />
            <String ID="Word_10332" HPOS="1231" VPOS="278" WIDTH="54" HEIGHT="33" CONTENT="OF" />
            <SP ID="SP_9255" HPOS="1285" VPOS="278" WIDTH="32" HEIGHT="0" />
            <String ID="Word_10333" HPOS="1317" VPOS="280" WIDTH="174" HEIGHT="33" CONTENT="SPEECH." />
          </TextLine>
        </TextBlock>
      </TopMargin>
      <PrintSpace ID="PrintSpace_39" HPOS="319" VPOS="380" WIDTH="1657" HEIGHT="2737">
        <TextBlock ID="TextBlock_146" HPOS="319" VPOS="380" WIDTH="1657" HEIGHT="2737">
          <TextLine ID="TextLine_1079" HPOS="348" VPOS="385" WIDTH="1619" HEIGHT="66">
            <String ID="Word_10334" HPOS="348" VPOS="385" WIDTH="104" HEIGHT="56" CONTENT="him," />
            <SP ID="SP_9256" HPOS="452" VPOS="385" WIDTH="24" HEIGHT="0" />
            <String ID="Word_10335" HPOS="476" VPOS="388" WIDTH="179" HEIGHT="57" CONTENT="further," />
            <SP ID="SP_9257" HPOS="655" VPOS="388" WIDTH="23" HEIGHT="0" />
            <String ID="Word_10336" HPOS="678" VPOS="395" WIDTH="43" HEIGHT="40" CONTENT="to" />
            <SP ID="SP_9258" HPOS="721" VPOS="393" WIDTH="22" HEIGHT="0" />
            <String ID="Word_10337" HPOS="743" VPOS="393" WIDTH="208" HEIGHT="43" CONTENT="cultivate" />
            <SP ID="SP_9259" HPOS="951" VPOS="393" WIDTH="22" HEIGHT="0" />
            <String ID="Word_10338" HPOS="973" VPOS="393" WIDTH="67" HEIGHT="43" CONTENT="his" />
            <SP ID="SP_9260" HPOS="1040" VPOS="393" WIDTH="22" HEIGHT="0" />
            <String ID="Word_10339" HPOS="1062" VPOS="395" WIDTH="119" HEIGHT="42" CONTENT="voice" />
            <SP ID="SP_9261" HPOS="1181" VPOS="395" WIDTH="22" HEIGHT="0" />
            <String ID="Word_10340" HPOS="1203" VPOS="395" WIDTH="44" HEIGHT="45" CONTENT="in" />
            <SP ID="SP_9262" HPOS="1247" VPOS="395" WIDTH="24" HEIGHT="0" />
            <String ID="Word_10341" HPOS="1271" VPOS="411" WIDTH="116" HEIGHT="40" CONTENT="song," />
            <SP ID="SP_9263" HPOS="1387" VPOS="400" WIDTH="20" HEIGHT="0" />
            <String ID="Word_10342" HPOS="1407" VPOS="400" WIDTH="84" HEIGHT="42" CONTENT="and" />
            <SP ID="SP_9264" HPOS="1491" VPOS="400" WIDTH="20" HEIGHT="0" />
            <String ID="Word_10343" HPOS="1511" VPOS="400" WIDTH="117" HEIGHT="43" CONTENT="learn" />
            <SP ID="SP_9265" HPOS="1628" VPOS="400" WIDTH="25" HEIGHT="0" />
            <String ID="Word_10344" HPOS="1653" VPOS="406" WIDTH="43" HEIGHT="38" CONTENT="to" />
            <SP ID="SP_9266" HPOS="1696" VPOS="404" WIDTH="18" HEIGHT="0" />
            <String ID="Word_10345" HPOS="1714" VPOS="404" WIDTH="99" HEIGHT="42" CONTENT="read" />
            <SP ID="SP_9267" HPOS="1813" VPOS="404" WIDTH="20" HEIGHT="0" />
            <String ID="Word_10346" HPOS="1833" VPOS="406" WIDTH="134" HEIGHT="42" CONTENT="music" />
          </TextLine>
          <TextLine ID="TextLine_1080" HPOS="345" VPOS="460" WIDTH="1625" HEIGHT="66">
            <String ID="Word_10347" HPOS="345" VPOS="464" WIDTH="46" HEIGHT="36" CONTENT="at" />
            <SP ID="SP_9268" HPOS="391" VPOS="460" WIDTH="22" HEIGHT="0" />
            <String ID="Word_10348" HPOS="413" VPOS="460" WIDTH="126" HEIGHT="56" CONTENT="sight." />
            <SP ID="SP_9269" HPOS="539" VPOS="460" WIDTH="63" HEIGHT="0" />
            <String ID="Word_10349" HPOS="602" VPOS="462" WIDTH="271" HEIGHT="56" CONTENT="Everything" />
            <SP ID="SP_9270" HPOS="873" VPOS="462" WIDTH="23" HEIGHT="0" />
            <String ID="Word_10350" HPOS="896" VPOS="464" WIDTH="95" HEIGHT="42" CONTENT="that" />
            <SP ID="SP_9271" HPOS="991" VPOS="464" WIDTH="22" HEIGHT="0" />
            <String ID="Word_10351" HPOS="1013" VPOS="465" WIDTH="123" HEIGHT="55" CONTENT="helps" />
            <SP ID="SP_9272" HPOS="1136" VPOS="465" WIDTH="24" HEIGHT="0" />
            <String ID="Word_10352" HPOS="1160" VPOS="471" WIDTH="42" HEIGHT="37" CONTENT="to" />
            <SP ID="SP_9273" HPOS="1202" VPOS="468" WIDTH="21" HEIGHT="0" />
            <String ID="Word_10353" HPOS="1223" VPOS="468" WIDTH="97" HEIGHT="54" CONTENT="give" />
            <SP ID="SP_9274" HPOS="1320" VPOS="468" WIDTH="22" HEIGHT="0" />
            <String ID="Word_10354" HPOS="1342" VPOS="469" WIDTH="90" HEIGHT="41" CONTENT="him" />
            <SP ID="SP_9275" HPOS="1432" VPOS="469" WIDTH="32" HEIGHT="0" />
            <String ID="Word_10355" HPOS="1464" VPOS="484" WIDTH="24" HEIGHT="27" CONTENT="a" />
            <SP ID="SP_9276" HPOS="1488" VPOS="471" WIDTH="22" HEIGHT="0" />
            <String ID="Word_10356" HPOS="1510" VPOS="471" WIDTH="128" HEIGHT="55" CONTENT="ready" />
            <SP ID="SP_9277" HPOS="1638" VPOS="471" WIDTH="29" HEIGHT="0" />
            <String ID="Word_10357" HPOS="1667" VPOS="475" WIDTH="227" HEIGHT="42" CONTENT="command" />
            <SP ID="SP_9278" HPOS="1894" VPOS="475" WIDTH="30" HEIGHT="0" />
            <String ID="Word_10358" HPOS="1924" VPOS="478" WIDTH="46" HEIGHT="40" CONTENT="of" />
          </TextLine>
          <TextLine ID="TextLine_1081" HPOS="346" VPOS="531" WIDTH="1619" HEIGHT="65">
            <String ID="Word_10359" HPOS="346" VPOS="531" WIDTH="121" HEIGHT="43" CONTENT="voice" />
            <SP ID="SP_9279" HPOS="467" VPOS="531" WIDTH="24" HEIGHT="0" />
            <String ID="Word_10360" HPOS="491" VPOS="533" WIDTH="89" HEIGHT="41" CONTENT="will" />
            <SP ID="SP_9280" HPOS="580" VPOS="533" WIDTH="22" HEIGHT="0" />
            <String ID="Word_10361" HPOS="602" VPOS="533" WIDTH="101" HEIGHT="56" CONTENT="help" />
            <SP ID="SP_9281" HPOS="703" VPOS="533" WIDTH="24" HEIGHT="0" />
            <String ID="Word_10362" HPOS="727" VPOS="540" WIDTH="43" HEIGHT="35" CONTENT="to" />
            <SP ID="SP_9282" HPOS="770" VPOS="540" WIDTH="22" HEIGHT="0" />
            <String ID="Word_10363" HPOS="792" VPOS="541" WIDTH="72" HEIGHT="48" CONTENT="get" />
            <SP ID="SP_9283" HPOS="864" VPOS="535" WIDTH="23" HEIGHT="0" />
            <String ID="Word_10364" HPOS="887" VPOS="535" WIDTH="90" HEIGHT="42" CONTENT="him" />
            <SP ID="SP_9284" HPOS="977" VPOS="535" WIDTH="18" HEIGHT="0" />
            <String ID="Word_10365" HPOS="995" VPOS="541" WIDTH="77" HEIGHT="36" CONTENT="out" />
            <SP ID="SP_9285" HPOS="1072" VPOS="538" WIDTH="21" HEIGHT="0" />
            <String ID="Word_10366" HPOS="1093" VPOS="538" WIDTH="47" HEIGHT="39" CONTENT="of" />
            <SP ID="SP_9286" HPOS="1140" VPOS="536" WIDTH="17" HEIGHT="0" />
            <String ID="Word_10367" HPOS="1157" VPOS="536" WIDTH="68" HEIGHT="42" CONTENT="his" />
            <SP ID="SP_9287" HPOS="1225" VPOS="536" WIDTH="22" HEIGHT="0" />
            <String ID="Word_10368" HPOS="1247" VPOS="537" WIDTH="223" HEIGHT="57" CONTENT="difficulty." />
            <SP ID="SP_9288" HPOS="1470" VPOS="537" WIDTH="62" HEIGHT="0" />
            <String ID="Word_10369" HPOS="1532" VPOS="541" WIDTH="154" HEIGHT="55" CONTENT="Arago," />
            <SP ID="SP_9289" HPOS="1686" VPOS="541" WIDTH="22" HEIGHT="0" />
            <String ID="Word_10370" HPOS="1708" VPOS="544" WIDTH="257" HEIGHT="43" CONTENT="somewhere" />
          </TextLine>
          <TextLine ID="TextLine_1082" HPOS="344" VPOS="601" WIDTH="1620" HEIGHT="64">
            <String ID="Word_10371" HPOS="344" VPOS="601" WIDTH="47" HEIGHT="42" CONTENT="in" />
            <SP ID="SP_9290" HPOS="391" VPOS="601" WIDTH="32" HEIGHT="0" />
            <String ID="Word_10372" HPOS="423" VPOS="602" WIDTH="69" HEIGHT="43" CONTENT="his" />
            <SP ID="SP_9291" HPOS="492" VPOS="602" WIDTH="23" HEIGHT="0" />
            <String ID="Word_10373" HPOS="515" VPOS="604" WIDTH="208" HEIGHT="55" CONTENT="writings," />
            <SP ID="SP_9292" HPOS="723" VPOS="604" WIDTH="21" HEIGHT="0" />
            <String ID="Word_10374" HPOS="744" VPOS="604" WIDTH="112" HEIGHT="50" CONTENT="tells," />
            <SP ID="SP_9293" HPOS="856" VPOS="604" WIDTH="21" HEIGHT="0" />
            <String ID="Word_10375" HPOS="877" VPOS="619" WIDTH="47" HEIGHT="28" CONTENT="as" />
            <SP ID="SP_9294" HPOS="924" VPOS="610" WIDTH="23" HEIGHT="0" />
            <String ID="Word_10376" HPOS="947" VPOS="610" WIDTH="43" HEIGHT="37" CONTENT="to" />
            <SP ID="SP_9295" HPOS="990" VPOS="606" WIDTH="24" HEIGHT="0" />
            <String ID="Word_10377" HPOS="1014" VPOS="606" WIDTH="143" HEIGHT="49" CONTENT="Orfila," />
            <SP ID="SP_9296" HPOS="1157" VPOS="606" WIDTH="31" HEIGHT="0" />
            <String ID="Word_10378" HPOS="1188" VPOS="607" WIDTH="70" HEIGHT="42" CONTENT="the" />
            <SP ID="SP_9297" HPOS="1258" VPOS="607" WIDTH="22" HEIGHT="0" />
            <String ID="Word_10379" HPOS="1280" VPOS="614" WIDTH="120" HEIGHT="47" CONTENT="great" />
            <SP ID="SP_9298" HPOS="1400" VPOS="610" WIDTH="22" HEIGHT="0" />
            <String ID="Word_10380" HPOS="1422" VPOS="610" WIDTH="177" HEIGHT="41" CONTENT="medical" />
            <SP ID="SP_9299" HPOS="1599" VPOS="610" WIDTH="21" HEIGHT="0" />
            <String ID="Word_10381" HPOS="1620" VPOS="612" WIDTH="142" HEIGHT="53" CONTENT="jurist," />
            <SP ID="SP_9300" HPOS="1762" VPOS="612" WIDTH="23" HEIGHT="0" />
            <String ID="Word_10382" HPOS="1785" VPOS="613" WIDTH="95" HEIGHT="42" CONTENT="that" />
            <SP ID="SP_9301" HPOS="1880" VPOS="613" WIDTH="31" HEIGHT="0" />
            <String ID="Word_10383" HPOS="1911" VPOS="629" WIDTH="53" HEIGHT="27" CONTENT="on" />
          </TextLine>
          <TextLine ID="TextLine_1083" HPOS="344" VPOS="671" WIDTH="1617" HEIGHT="61">
            <String ID="Word_10384" HPOS="344" VPOS="671" WIDTH="129" HEIGHT="57" CONTENT="being" />
            <SP ID="SP_9302" HPOS="473" VPOS="671" WIDTH="28" HEIGHT="0" />
            <String ID="Word_10385" HPOS="501" VPOS="674" WIDTH="194" HEIGHT="55" CONTENT="severely" />
            <SP ID="SP_9303" HPOS="695" VPOS="674" WIDTH="26" HEIGHT="0" />
            <String ID="Word_10386" HPOS="721" VPOS="674" WIDTH="258" HEIGHT="55" CONTENT="frightened," />
            <SP ID="SP_9304" HPOS="979" VPOS="674" WIDTH="21" HEIGHT="0" />
            <String ID="Word_10387" HPOS="1000" VPOS="675" WIDTH="125" HEIGHT="42" CONTENT="when" />
            <SP ID="SP_9305" HPOS="1125" VPOS="675" WIDTH="30" HEIGHT="0" />
            <String ID="Word_10388" HPOS="1155" VPOS="690" WIDTH="24" HEIGHT="27" CONTENT="a" />
            <SP ID="SP_9306" HPOS="1179" VPOS="677" WIDTH="32" HEIGHT="0" />
            <String ID="Word_10389" HPOS="1211" VPOS="677" WIDTH="95" HEIGHT="55" CONTENT="boy," />
            <SP ID="SP_9307" HPOS="1306" VPOS="677" WIDTH="31" HEIGHT="0" />
            <String ID="Word_10390" HPOS="1337" VPOS="677" WIDTH="54" HEIGHT="43" CONTENT="he" />
            <SP ID="SP_9308" HPOS="1391" VPOS="677" WIDTH="33" HEIGHT="0" />
            <String ID="Word_10391" HPOS="1424" VPOS="693" WIDTH="85" HEIGHT="27" CONTENT="was" />
            <SP ID="SP_9309" HPOS="1509" VPOS="680" WIDTH="33" HEIGHT="0" />
            <String ID="Word_10392" HPOS="1542" VPOS="680" WIDTH="166" HEIGHT="42" CONTENT="thrown" />
            <SP ID="SP_9310" HPOS="1708" VPOS="680" WIDTH="32" HEIGHT="0" />
            <String ID="Word_10393" HPOS="1740" VPOS="683" WIDTH="90" HEIGHT="41" CONTENT="into" />
            <SP ID="SP_9311" HPOS="1830" VPOS="683" WIDTH="29" HEIGHT="0" />
            <String ID="Word_10394" HPOS="1859" VPOS="685" WIDTH="102" HEIGHT="39" CONTENT="such" />
          </TextLine>
          <TextLine ID="TextLine_1084" HPOS="341" VPOS="742" WIDTH="1624" HEIGHT="63">
            <String ID="Word_10395" HPOS="341" VPOS="742" WIDTH="166" HEIGHT="42" CONTENT="violent" />
            <SP ID="SP_9312" HPOS="507" VPOS="742" WIDTH="22" HEIGHT="0" />
            <String ID="Word_10396" HPOS="529" VPOS="744" WIDTH="191" HEIGHT="41" CONTENT="emotion" />
            <SP ID="SP_9313" HPOS="720" VPOS="744" WIDTH="22" HEIGHT="0" />
            <String ID="Word_10397" HPOS="742" VPOS="745" WIDTH="97" HEIGHT="40" CONTENT="that" />
            <SP ID="SP_9314" HPOS="839" VPOS="745" WIDTH="21" HEIGHT="0" />
            <String ID="Word_10398" HPOS="860" VPOS="745" WIDTH="296" HEIGHT="55" CONTENT="immediately" />
            <SP ID="SP_9315" HPOS="1156" VPOS="745" WIDTH="22" HEIGHT="0" />
            <String ID="Word_10399" HPOS="1178" VPOS="747" WIDTH="249" HEIGHT="42" CONTENT="afterwards" />
            <SP ID="SP_9316" HPOS="1427" VPOS="747" WIDTH="24" HEIGHT="0" />
            <String ID="Word_10400" HPOS="1451" VPOS="748" WIDTH="52" HEIGHT="42" CONTENT="he" />
            <SP ID="SP_9317" HPOS="1503" VPOS="748" WIDTH="22" HEIGHT="0" />
            <String ID="Word_10401" HPOS="1525" VPOS="749" WIDTH="135" HEIGHT="56" CONTENT="began" />
            <SP ID="SP_9318" HPOS="1660" VPOS="749" WIDTH="27" HEIGHT="0" />
            <String ID="Word_10402" HPOS="1687" VPOS="756" WIDTH="42" HEIGHT="36" CONTENT="to" />
            <SP ID="SP_9319" HPOS="1729" VPOS="756" WIDTH="33" HEIGHT="0" />
            <String ID="Word_10403" HPOS="1762" VPOS="758" WIDTH="203" HEIGHT="37" CONTENT="stammer" />
          </TextLine>
          <TextLine ID="TextLine_1085" HPOS="342" VPOS="812" WIDTH="1620" HEIGHT="61">
            <String ID="Word_10404" HPOS="342" VPOS="812" WIDTH="150" HEIGHT="56" CONTENT="badly;" />
            <SP ID="SP_9320" HPOS="492" VPOS="812" WIDTH="22" HEIGHT="0" />
            <String ID="Word_10405" HPOS="514" VPOS="814" WIDTH="84" HEIGHT="40" CONTENT="and" />
            <SP ID="SP_9321" HPOS="598" VPOS="814" WIDTH="20" HEIGHT="0" />
            <String ID="Word_10406" HPOS="618" VPOS="814" WIDTH="95" HEIGHT="41" CONTENT="that" />
            <SP ID="SP_9322" HPOS="713" VPOS="814" WIDTH="17" HEIGHT="0" />
            <String ID="Word_10407" HPOS="730" VPOS="814" WIDTH="54" HEIGHT="42" CONTENT="he" />
            <SP ID="SP_9323" HPOS="784" VPOS="814" WIDTH="18" HEIGHT="0" />
            <String ID="Word_10408" HPOS="802" VPOS="815" WIDTH="233" HEIGHT="42" CONTENT="continued" />
            <SP ID="SP_9324" HPOS="1035" VPOS="815" WIDTH="16" HEIGHT="0" />
            <String ID="Word_10409" HPOS="1051" VPOS="820" WIDTH="42" HEIGHT="36" CONTENT="to" />
            <SP ID="SP_9325" HPOS="1093" VPOS="816" WIDTH="18" HEIGHT="0" />
            <String ID="Word_10410" HPOS="1111" VPOS="816" WIDTH="53" HEIGHT="41" CONTENT="do" />
            <SP ID="SP_9326" HPOS="1164" VPOS="816" WIDTH="18" HEIGHT="0" />
            <String ID="Word_10411" HPOS="1182" VPOS="830" WIDTH="45" HEIGHT="28" CONTENT="so" />
            <SP ID="SP_9327" HPOS="1227" VPOS="818" WIDTH="17" HEIGHT="0" />
            <String ID="Word_10412" HPOS="1244" VPOS="818" WIDTH="63" HEIGHT="40" CONTENT="for" />
            <SP ID="SP_9328" HPOS="1307" VPOS="818" WIDTH="15" HEIGHT="0" />
            <String ID="Word_10413" HPOS="1322" VPOS="831" WIDTH="117" HEIGHT="29" CONTENT="some" />
            <SP ID="SP_9329" HPOS="1439" VPOS="831" WIDTH="18" HEIGHT="0" />
            <String ID="Word_10414" HPOS="1457" VPOS="833" WIDTH="135" HEIGHT="40" CONTENT="years." />
            <SP ID="SP_9330" HPOS="1592" VPOS="821" WIDTH="44" HEIGHT="0" />
            <String ID="Word_10415" HPOS="1636" VPOS="821" WIDTH="62" HEIGHT="41" CONTENT="At" />
            <SP ID="SP_9331" HPOS="1698" VPOS="821" WIDTH="17" HEIGHT="0" />
            <String ID="Word_10416" HPOS="1715" VPOS="821" WIDTH="73" HEIGHT="43" CONTENT="the" />
            <SP ID="SP_9332" HPOS="1788" VPOS="821" WIDTH="16" HEIGHT="0" />
            <String ID="Word_10417" HPOS="1804" VPOS="837" WIDTH="158" HEIGHT="27" CONTENT="recom-" />
          </TextLine>
          <TextLine ID="TextLine_1086" HPOS="342" VPOS="883" WIDTH="1622" HEIGHT="56">
            <String ID="Word_10418" HPOS="342" VPOS="883" WIDTH="251" HEIGHT="41" CONTENT="mendation" />
            <SP ID="SP_9333" HPOS="593" VPOS="883" WIDTH="22" HEIGHT="0" />
            <String ID="Word_10419" HPOS="615" VPOS="884" WIDTH="44" HEIGHT="40" CONTENT="of" />
            <SP ID="SP_9334" HPOS="659" VPOS="884" WIDTH="23" HEIGHT="0" />
            <String ID="Word_10420" HPOS="682" VPOS="884" WIDTH="73" HEIGHT="41" CONTENT="the" />
            <SP ID="SP_9335" HPOS="755" VPOS="884" WIDTH="24" HEIGHT="0" />
            <String ID="Word_10421" HPOS="779" VPOS="884" WIDTH="150" HEIGHT="55" CONTENT="family" />
            <SP ID="SP_9336" HPOS="929" VPOS="884" WIDTH="15" HEIGHT="0" />
            <String ID="Word_10422" HPOS="944" VPOS="885" WIDTH="145" HEIGHT="53" CONTENT="priest," />
            <SP ID="SP_9337" HPOS="1089" VPOS="885" WIDTH="18" HEIGHT="0" />
            <String ID="Word_10423" HPOS="1107" VPOS="885" WIDTH="53" HEIGHT="41" CONTENT="he" />
            <SP ID="SP_9338" HPOS="1160" VPOS="885" WIDTH="19" HEIGHT="0" />
            <String ID="Word_10424" HPOS="1179" VPOS="900" WIDTH="83" HEIGHT="28" CONTENT="was" />
            <SP ID="SP_9339" HPOS="1262" VPOS="887" WIDTH="18" HEIGHT="0" />
            <String ID="Word_10425" HPOS="1280" VPOS="887" WIDTH="185" HEIGHT="42" CONTENT="induced" />
            <SP ID="SP_9340" HPOS="1465" VPOS="887" WIDTH="19" HEIGHT="0" />
            <String ID="Word_10426" HPOS="1484" VPOS="894" WIDTH="42" HEIGHT="36" CONTENT="to" />
            <SP ID="SP_9341" HPOS="1526" VPOS="890" WIDTH="20" HEIGHT="0" />
            <String ID="Word_10427" HPOS="1546" VPOS="890" WIDTH="171" HEIGHT="41" CONTENT="become" />
            <SP ID="SP_9342" HPOS="1717" VPOS="890" WIDTH="17" HEIGHT="0" />
            <String ID="Word_10428" HPOS="1734" VPOS="905" WIDTH="24" HEIGHT="26" CONTENT="a" />
            <SP ID="SP_9343" HPOS="1758" VPOS="892" WIDTH="17" HEIGHT="0" />
            <String ID="Word_10429" HPOS="1775" VPOS="892" WIDTH="189" HEIGHT="42" CONTENT="member" />
          </TextLine>
          <TextLine ID="TextLine_1087" HPOS="340" VPOS="954" WIDTH="1618" HEIGHT="61">
            <String ID="Word_10430" HPOS="340" VPOS="955" WIDTH="46" HEIGHT="42" CONTENT="of" />
            <SP ID="SP_9344" HPOS="386" VPOS="954" WIDTH="32" HEIGHT="0" />
            <String ID="Word_10431" HPOS="418" VPOS="954" WIDTH="74" HEIGHT="43" CONTENT="the" />
            <SP ID="SP_9345" HPOS="492" VPOS="954" WIDTH="36" HEIGHT="0" />
            <String ID="Word_10432" HPOS="528" VPOS="955" WIDTH="173" HEIGHT="42" CONTENT="Church" />
            <SP ID="SP_9346" HPOS="701" VPOS="955" WIDTH="34" HEIGHT="0" />
            <String ID="Word_10433" HPOS="735" VPOS="955" WIDTH="142" HEIGHT="52" CONTENT="choir;" />
            <SP ID="SP_9347" HPOS="877" VPOS="956" WIDTH="36" HEIGHT="0" />
            <String ID="Word_10434" HPOS="913" VPOS="956" WIDTH="96" HEIGHT="50" CONTENT="and," />
            <SP ID="SP_9348" HPOS="1009" VPOS="956" WIDTH="35" HEIGHT="0" />
            <String ID="Word_10435" HPOS="1044" VPOS="956" WIDTH="144" HEIGHT="42" CONTENT="whilst" />
            <SP ID="SP_9349" HPOS="1188" VPOS="956" WIDTH="29" HEIGHT="0" />
            <String ID="Word_10436" HPOS="1217" VPOS="957" WIDTH="53" HEIGHT="42" CONTENT="he" />
            <SP ID="SP_9350" HPOS="1270" VPOS="957" WIDTH="28" HEIGHT="0" />
            <String ID="Word_10437" HPOS="1298" VPOS="972" WIDTH="83" HEIGHT="27" CONTENT="was" />
            <SP ID="SP_9351" HPOS="1381" VPOS="959" WIDTH="31" HEIGHT="0" />
            <String ID="Word_10438" HPOS="1412" VPOS="959" WIDTH="256" HEIGHT="56" CONTENT="developing" />
            <SP ID="SP_9352" HPOS="1668" VPOS="959" WIDTH="21" HEIGHT="0" />
            <String ID="Word_10439" HPOS="1689" VPOS="961" WIDTH="91" HEIGHT="41" CONTENT="into" />
            <SP ID="SP_9353" HPOS="1780" VPOS="961" WIDTH="28" HEIGHT="0" />
            <String ID="Word_10440" HPOS="1808" VPOS="975" WIDTH="26" HEIGHT="28" CONTENT="a" />
            <SP ID="SP_9354" HPOS="1834" VPOS="971" WIDTH="22" HEIGHT="0" />
            <String ID="Word_10441" HPOS="1856" VPOS="976" WIDTH="102" HEIGHT="39" CONTENT="very" />
          </TextLine>
          <TextLine ID="TextLine_1088" HPOS="340" VPOS="1025" WIDTH="1619" HEIGHT="60">
            <String ID="Word_10442" HPOS="340" VPOS="1025" WIDTH="215" HEIGHT="42" CONTENT="excellent" />
            <SP ID="SP_9355" HPOS="555" VPOS="1025" WIDTH="23" HEIGHT="0" />
            <String ID="Word_10443" HPOS="578" VPOS="1039" WIDTH="154" HEIGHT="41" CONTENT="singer," />
            <SP ID="SP_9356" HPOS="732" VPOS="1025" WIDTH="21" HEIGHT="0" />
            <String ID="Word_10444" HPOS="753" VPOS="1025" WIDTH="54" HEIGHT="42" CONTENT="he" />
            <SP ID="SP_9357" HPOS="807" VPOS="1025" WIDTH="22" HEIGHT="0" />
            <String ID="Word_10445" HPOS="829" VPOS="1025" WIDTH="224" HEIGHT="56" CONTENT="gradually" />
            <SP ID="SP_9358" HPOS="1053" VPOS="1025" WIDTH="21" HEIGHT="0" />
            <String ID="Word_10446" HPOS="1074" VPOS="1031" WIDTH="74" HEIGHT="49" CONTENT="got" />
            <SP ID="SP_9359" HPOS="1148" VPOS="1027" WIDTH="33" HEIGHT="0" />
            <String ID="Word_10447" HPOS="1181" VPOS="1027" WIDTH="96" HEIGHT="53" CONTENT="quit" />
            <SP ID="SP_9360" HPOS="1277" VPOS="1027" WIDTH="21" HEIGHT="0" />
            <String ID="Word_10448" HPOS="1298" VPOS="1028" WIDTH="46" HEIGHT="40" CONTENT="of" />
            <SP ID="SP_9361" HPOS="1344" VPOS="1028" WIDTH="19" HEIGHT="0" />
            <String ID="Word_10449" HPOS="1363" VPOS="1028" WIDTH="66" HEIGHT="42" CONTENT="his" />
            <SP ID="SP_9362" HPOS="1429" VPOS="1028" WIDTH="22" HEIGHT="0" />
            <String ID="Word_10450" HPOS="1451" VPOS="1029" WIDTH="140" HEIGHT="42" CONTENT="defect" />
            <SP ID="SP_9363" HPOS="1591" VPOS="1029" WIDTH="17" HEIGHT="0" />
            <String ID="Word_10451" HPOS="1608" VPOS="1031" WIDTH="43" HEIGHT="40" CONTENT="of" />
            <SP ID="SP_9364" HPOS="1651" VPOS="1031" WIDTH="22" HEIGHT="0" />
            <String ID="Word_10452" HPOS="1673" VPOS="1031" WIDTH="165" HEIGHT="54" CONTENT="speech." />
            <SP ID="SP_9365" HPOS="1838" VPOS="1031" WIDTH="62" HEIGHT="0" />
            <String ID="Word_10453" HPOS="1900" VPOS="1032" WIDTH="59" HEIGHT="42" CONTENT="To" />
          </TextLine>
          <TextLine ID="TextLine_1089" HPOS="339" VPOS="1094" WIDTH="1620" HEIGHT="60">
            <String ID="Word_10454" HPOS="339" VPOS="1094" WIDTH="178" HEIGHT="55" CONTENT="provide" />
            <SP ID="SP_9366" HPOS="517" VPOS="1094" WIDTH="16" HEIGHT="0" />
            <String ID="Word_10455" HPOS="533" VPOS="1095" WIDTH="64" HEIGHT="40" CONTENT="for" />
            <SP ID="SP_9367" HPOS="597" VPOS="1095" WIDTH="17" HEIGHT="0" />
            <String ID="Word_10456" HPOS="614" VPOS="1100" WIDTH="333" HEIGHT="36" CONTENT="circumstances" />
            <SP ID="SP_9368" HPOS="947" VPOS="1094" WIDTH="22" HEIGHT="0" />
            <String ID="Word_10457" HPOS="969" VPOS="1094" WIDTH="138" HEIGHT="42" CONTENT="which" />
            <SP ID="SP_9369" HPOS="1107" VPOS="1094" WIDTH="18" HEIGHT="0" />
            <String ID="Word_10458" HPOS="1125" VPOS="1096" WIDTH="124" HEIGHT="41" CONTENT="make" />
            <SP ID="SP_9370" HPOS="1249" VPOS="1096" WIDTH="19" HEIGHT="0" />
            <String ID="Word_10459" HPOS="1268" VPOS="1096" WIDTH="72" HEIGHT="41" CONTENT="the" />
            <SP ID="SP_9371" HPOS="1340" VPOS="1096" WIDTH="19" HEIGHT="0" />
            <String ID="Word_10460" HPOS="1359" VPOS="1098" WIDTH="166" HEIGHT="53" CONTENT="patient" />
            <SP ID="SP_9372" HPOS="1525" VPOS="1098" WIDTH="17" HEIGHT="0" />
            <String ID="Word_10461" HPOS="1542" VPOS="1099" WIDTH="203" HEIGHT="55" CONTENT="specially" />
            <SP ID="SP_9373" HPOS="1745" VPOS="1099" WIDTH="20" HEIGHT="0" />
            <String ID="Word_10462" HPOS="1765" VPOS="1114" WIDTH="194" HEIGHT="37" CONTENT="nervous," />
          </TextLine>
          <TextLine ID="TextLine_1090" HPOS="340" VPOS="1165" WIDTH="1620" HEIGHT="58">
            <String ID="Word_10463" HPOS="340" VPOS="1165" WIDTH="36" HEIGHT="41" CONTENT="it" />
            <SP ID="SP_9374" HPOS="376" VPOS="1165" WIDTH="20" HEIGHT="0" />
            <String ID="Word_10464" HPOS="396" VPOS="1165" WIDTH="37" HEIGHT="42" CONTENT="is" />
            <SP ID="SP_9375" HPOS="433" VPOS="1165" WIDTH="22" HEIGHT="0" />
            <String ID="Word_10465" HPOS="455" VPOS="1165" WIDTH="249" HEIGHT="42" CONTENT="sometimes" />
            <SP ID="SP_9376" HPOS="704" VPOS="1165" WIDTH="23" HEIGHT="0" />
            <String ID="Word_10466" HPOS="727" VPOS="1169" WIDTH="76" HEIGHT="37" CONTENT="not" />
            <SP ID="SP_9377" HPOS="803" VPOS="1165" WIDTH="22" HEIGHT="0" />
            <String ID="Word_10467" HPOS="825" VPOS="1165" WIDTH="130" HEIGHT="41" CONTENT="amiss" />
            <SP ID="SP_9378" HPOS="955" VPOS="1165" WIDTH="23" HEIGHT="0" />
            <String ID="Word_10468" HPOS="978" VPOS="1169" WIDTH="44" HEIGHT="37" CONTENT="to" />
            <SP ID="SP_9379" HPOS="1022" VPOS="1165" WIDTH="22" HEIGHT="0" />
            <String ID="Word_10469" HPOS="1044" VPOS="1165" WIDTH="272" HEIGHT="42" CONTENT="recommend" />
            <SP ID="SP_9380" HPOS="1316" VPOS="1165" WIDTH="18" HEIGHT="0" />
            <String ID="Word_10470" HPOS="1334" VPOS="1166" WIDTH="89" HEIGHT="42" CONTENT="him" />
            <SP ID="SP_9381" HPOS="1423" VPOS="1166" WIDTH="23" HEIGHT="0" />
            <String ID="Word_10471" HPOS="1446" VPOS="1167" WIDTH="277" HEIGHT="43" CONTENT="deliberately" />
            <SP ID="SP_9382" HPOS="1723" VPOS="1167" WIDTH="24" HEIGHT="0" />
            <String ID="Word_10472" HPOS="1747" VPOS="1174" WIDTH="43" HEIGHT="36" CONTENT="to" />
            <SP ID="SP_9383" HPOS="1790" VPOS="1170" WIDTH="22" HEIGHT="0" />
            <String ID="Word_10473" HPOS="1812" VPOS="1170" WIDTH="148" HEIGHT="42" CONTENT="intone" />
          </TextLine>
          <TextLine ID="TextLine_1091" HPOS="338" VPOS="1235" WIDTH="1621" HEIGHT="56">
            <String ID="Word_10474" HPOS="338" VPOS="1249" WIDTH="48" HEIGHT="28" CONTENT="or" />
            <SP ID="SP_9384" HPOS="386" VPOS="1235" WIDTH="16" HEIGHT="0" />
            <String ID="Word_10475" HPOS="402" VPOS="1235" WIDTH="107" HEIGHT="56" CONTENT="sing," />
            <SP ID="SP_9385" HPOS="509" VPOS="1235" WIDTH="16" HEIGHT="0" />
            <String ID="Word_10476" HPOS="525" VPOS="1240" WIDTH="45" HEIGHT="37" CONTENT="at" />
            <SP ID="SP_9386" HPOS="570" VPOS="1235" WIDTH="23" HEIGHT="0" />
            <String ID="Word_10477" HPOS="593" VPOS="1235" WIDTH="73" HEIGHT="43" CONTENT="the" />
            <SP ID="SP_9387" HPOS="666" VPOS="1235" WIDTH="21" HEIGHT="0" />
            <String ID="Word_10478" HPOS="687" VPOS="1235" WIDTH="201" HEIGHT="54" CONTENT="ordinary" />
            <SP ID="SP_9388" HPOS="888" VPOS="1235" WIDTH="18" HEIGHT="0" />
            <String ID="Word_10479" HPOS="906" VPOS="1235" WIDTH="343" HEIGHT="42" CONTENT="conversational" />
            <SP ID="SP_9389" HPOS="1249" VPOS="1235" WIDTH="17" HEIGHT="0" />
            <String ID="Word_10480" HPOS="1266" VPOS="1236" WIDTH="132" HEIGHT="54" CONTENT="pitch," />
            <SP ID="SP_9390" HPOS="1398" VPOS="1236" WIDTH="19" HEIGHT="0" />
            <String ID="Word_10481" HPOS="1417" VPOS="1237" WIDTH="73" HEIGHT="42" CONTENT="the" />
            <SP ID="SP_9391" HPOS="1490" VPOS="1237" WIDTH="20" HEIGHT="0" />
            <String ID="Word_10482" HPOS="1510" VPOS="1238" WIDTH="92" HEIGHT="41" CONTENT="first" />
            <SP ID="SP_9392" HPOS="1602" VPOS="1238" WIDTH="20" HEIGHT="0" />
            <String ID="Word_10483" HPOS="1622" VPOS="1239" WIDTH="112" HEIGHT="41" CONTENT="word" />
            <SP ID="SP_9393" HPOS="1734" VPOS="1239" WIDTH="22" HEIGHT="0" />
            <String ID="Word_10484" HPOS="1756" VPOS="1239" WIDTH="53" HEIGHT="42" CONTENT="he" />
            <SP ID="SP_9394" HPOS="1809" VPOS="1239" WIDTH="16" HEIGHT="0" />
            <String ID="Word_10485" HPOS="1825" VPOS="1246" WIDTH="134" HEIGHT="36" CONTENT="utters" />
          </TextLine>
          <TextLine ID="TextLine_1092" HPOS="338" VPOS="1304" WIDTH="1621" HEIGHT="60">
            <String ID="Word_10486" HPOS="338" VPOS="1305" WIDTH="46" HEIGHT="41" CONTENT="in" />
            <SP ID="SP_9395" HPOS="384" VPOS="1305" WIDTH="19" HEIGHT="0" />
            <String ID="Word_10487" HPOS="403" VPOS="1305" WIDTH="309" HEIGHT="42" CONTENT="conversation." />
            <SP ID="SP_9396" HPOS="712" VPOS="1304" WIDTH="53" HEIGHT="0" />
            <String ID="Word_10488" HPOS="765" VPOS="1304" WIDTH="174" HEIGHT="56" CONTENT="Among" />
            <SP ID="SP_9397" HPOS="939" VPOS="1304" WIDTH="16" HEIGHT="0" />
            <String ID="Word_10489" HPOS="955" VPOS="1319" WIDTH="72" HEIGHT="40" CONTENT="my" />
            <SP ID="SP_9398" HPOS="1027" VPOS="1305" WIDTH="15" HEIGHT="0" />
            <String ID="Word_10490" HPOS="1042" VPOS="1305" WIDTH="280" HEIGHT="56" CONTENT="stammering" />
            <SP ID="SP_9399" HPOS="1322" VPOS="1305" WIDTH="17" HEIGHT="0" />
            <String ID="Word_10491" HPOS="1339" VPOS="1307" WIDTH="200" HEIGHT="53" CONTENT="patients," />
            <SP ID="SP_9400" HPOS="1539" VPOS="1305" WIDTH="16" HEIGHT="0" />
            <String ID="Word_10492" HPOS="1555" VPOS="1305" WIDTH="22" HEIGHT="42" CONTENT="I" />
            <SP ID="SP_9401" HPOS="1577" VPOS="1305" WIDTH="18" HEIGHT="0" />
            <String ID="Word_10493" HPOS="1595" VPOS="1307" WIDTH="95" HEIGHT="50" CONTENT="had," />
            <SP ID="SP_9402" HPOS="1690" VPOS="1307" WIDTH="15" HEIGHT="0" />
            <String ID="Word_10494" HPOS="1705" VPOS="1321" WIDTH="115" HEIGHT="29" CONTENT="some" />
            <SP ID="SP_9403" HPOS="1820" VPOS="1320" WIDTH="17" HEIGHT="0" />
            <String ID="Word_10495" HPOS="1837" VPOS="1323" WIDTH="122" HEIGHT="41" CONTENT="years" />
          </TextLine>
          <TextLine ID="TextLine_1093" HPOS="338" VPOS="1374" WIDTH="1620" HEIGHT="57">
            <String ID="Word_10496" HPOS="338" VPOS="1389" WIDTH="90" HEIGHT="42" CONTENT="ago," />
            <SP ID="SP_9404" HPOS="428" VPOS="1389" WIDTH="34" HEIGHT="0" />
            <String ID="Word_10497" HPOS="462" VPOS="1389" WIDTH="25" HEIGHT="28" CONTENT="a" />
            <SP ID="SP_9405" HPOS="487" VPOS="1376" WIDTH="38" HEIGHT="0" />
            <String ID="Word_10498" HPOS="525" VPOS="1376" WIDTH="95" HEIGHT="53" CONTENT="boy," />
            <SP ID="SP_9406" HPOS="620" VPOS="1374" WIDTH="24" HEIGHT="0" />
            <String ID="Word_10499" HPOS="644" VPOS="1374" WIDTH="108" HEIGHT="42" CONTENT="who," />
            <SP ID="SP_9407" HPOS="752" VPOS="1374" WIDTH="22" HEIGHT="0" />
            <String ID="Word_10500" HPOS="774" VPOS="1374" WIDTH="125" HEIGHT="41" CONTENT="when" />
            <SP ID="SP_9408" HPOS="899" VPOS="1374" WIDTH="35" HEIGHT="0" />
            <String ID="Word_10501" HPOS="934" VPOS="1380" WIDTH="97" HEIGHT="36" CONTENT="sent" />
            <SP ID="SP_9409" HPOS="1031" VPOS="1375" WIDTH="35" HEIGHT="0" />
            <String ID="Word_10502" HPOS="1066" VPOS="1375" WIDTH="56" HEIGHT="41" CONTENT="by" />
            <SP ID="SP_9410" HPOS="1122" VPOS="1374" WIDTH="22" HEIGHT="0" />
            <String ID="Word_10503" HPOS="1144" VPOS="1374" WIDTH="66" HEIGHT="42" CONTENT="his" />
            <SP ID="SP_9411" HPOS="1210" VPOS="1374" WIDTH="22" HEIGHT="0" />
            <String ID="Word_10504" HPOS="1232" VPOS="1381" WIDTH="175" HEIGHT="48" CONTENT="parents" />
            <SP ID="SP_9412" HPOS="1407" VPOS="1381" WIDTH="25" HEIGHT="0" />
            <String ID="Word_10505" HPOS="1432" VPOS="1381" WIDTH="41" HEIGHT="34" CONTENT="to" />
            <SP ID="SP_9413" HPOS="1473" VPOS="1375" WIDTH="32" HEIGHT="0" />
            <String ID="Word_10506" HPOS="1505" VPOS="1375" WIDTH="126" HEIGHT="42" CONTENT="make" />
            <SP ID="SP_9414" HPOS="1631" VPOS="1375" WIDTH="22" HEIGHT="0" />
            <String ID="Word_10507" HPOS="1653" VPOS="1376" WIDTH="229" HEIGHT="54" CONTENT="purchases" />
            <SP ID="SP_9415" HPOS="1882" VPOS="1376" WIDTH="31" HEIGHT="0" />
            <String ID="Word_10508" HPOS="1913" VPOS="1377" WIDTH="45" HEIGHT="42" CONTENT="in" />
          </TextLine>
          <TextLine ID="TextLine_1094" HPOS="338" VPOS="1444" WIDTH="1620" HEIGHT="57">
            <String ID="Word_10509" HPOS="338" VPOS="1447" WIDTH="141" HEIGHT="54" CONTENT="shops," />
            <SP ID="SP_9416" HPOS="479" VPOS="1446" WIDTH="16" HEIGHT="0" />
            <String ID="Word_10510" HPOS="495" VPOS="1446" WIDTH="161" HEIGHT="41" CONTENT="always" />
            <SP ID="SP_9417" HPOS="656" VPOS="1445" WIDTH="19" HEIGHT="0" />
            <String ID="Word_10511" HPOS="675" VPOS="1445" WIDTH="102" HEIGHT="41" CONTENT="took" />
            <SP ID="SP_9418" HPOS="777" VPOS="1444" WIDTH="17" HEIGHT="0" />
            <String ID="Word_10512" HPOS="794" VPOS="1444" WIDTH="68" HEIGHT="43" CONTENT="his" />
            <SP ID="SP_9419" HPOS="862" VPOS="1444" WIDTH="18" HEIGHT="0" />
            <String ID="Word_10513" HPOS="880" VPOS="1444" WIDTH="116" HEIGHT="43" CONTENT="little" />
            <SP ID="SP_9420" HPOS="996" VPOS="1444" WIDTH="16" HEIGHT="0" />
            <String ID="Word_10514" HPOS="1012" VPOS="1445" WIDTH="128" HEIGHT="42" CONTENT="sister" />
            <SP ID="SP_9421" HPOS="1140" VPOS="1445" WIDTH="17" HEIGHT="0" />
            <String ID="Word_10515" HPOS="1157" VPOS="1445" WIDTH="103" HEIGHT="41" CONTENT="with" />
            <SP ID="SP_9422" HPOS="1260" VPOS="1445" WIDTH="20" HEIGHT="0" />
            <String ID="Word_10516" HPOS="1280" VPOS="1445" WIDTH="101" HEIGHT="52" CONTENT="him," />
            <SP ID="SP_9423" HPOS="1381" VPOS="1445" WIDTH="18" HEIGHT="0" />
            <String ID="Word_10517" HPOS="1399" VPOS="1451" WIDTH="43" HEIGHT="36" CONTENT="to" />
            <SP ID="SP_9424" HPOS="1442" VPOS="1451" WIDTH="22" HEIGHT="0" />
            <String ID="Word_10518" HPOS="1464" VPOS="1452" WIDTH="69" HEIGHT="35" CONTENT="act" />
            <SP ID="SP_9425" HPOS="1533" VPOS="1452" WIDTH="17" HEIGHT="0" />
            <String ID="Word_10519" HPOS="1550" VPOS="1460" WIDTH="45" HEIGHT="28" CONTENT="as" />
            <SP ID="SP_9426" HPOS="1595" VPOS="1446" WIDTH="16" HEIGHT="0" />
            <String ID="Word_10520" HPOS="1611" VPOS="1446" WIDTH="65" HEIGHT="42" CONTENT="his" />
            <SP ID="SP_9427" HPOS="1676" VPOS="1446" WIDTH="17" HEIGHT="0" />
            <String ID="Word_10521" HPOS="1693" VPOS="1447" WIDTH="265" HEIGHT="42" CONTENT="interpreter." />
          </TextLine>
          <TextLine ID="TextLine_1095" HPOS="336" VPOS="1515" WIDTH="1620" HEIGHT="56">
            <String ID="Word_10522" HPOS="336" VPOS="1518" WIDTH="64" HEIGHT="41" CONTENT="As" />
            <SP ID="SP_9428" HPOS="400" VPOS="1517" WIDTH="24" HEIGHT="0" />
            <String ID="Word_10523" HPOS="424" VPOS="1517" WIDTH="52" HEIGHT="41" CONTENT="he" />
            <SP ID="SP_9429" HPOS="476" VPOS="1516" WIDTH="20" HEIGHT="0" />
            <String ID="Word_10524" HPOS="496" VPOS="1516" WIDTH="82" HEIGHT="42" CONTENT="had" />
            <SP ID="SP_9430" HPOS="578" VPOS="1516" WIDTH="23" HEIGHT="0" />
            <String ID="Word_10525" HPOS="601" VPOS="1530" WIDTH="23" HEIGHT="28" CONTENT="a" />
            <SP ID="SP_9431" HPOS="624" VPOS="1515" WIDTH="22" HEIGHT="0" />
            <String ID="Word_10526" HPOS="646" VPOS="1515" WIDTH="109" HEIGHT="56" CONTENT="good" />
            <SP ID="SP_9432" HPOS="755" VPOS="1515" WIDTH="22" HEIGHT="0" />
            <String ID="Word_10527" HPOS="777" VPOS="1515" WIDTH="181" HEIGHT="42" CONTENT="musical" />
            <SP ID="SP_9433" HPOS="958" VPOS="1515" WIDTH="17" HEIGHT="0" />
            <String ID="Word_10528" HPOS="975" VPOS="1530" WIDTH="84" HEIGHT="27" CONTENT="ear," />
            <SP ID="SP_9434" HPOS="1059" VPOS="1515" WIDTH="16" HEIGHT="0" />
            <String ID="Word_10529" HPOS="1075" VPOS="1515" WIDTH="22" HEIGHT="41" CONTENT="I" />
            <SP ID="SP_9435" HPOS="1097" VPOS="1515" WIDTH="23" HEIGHT="0" />
            <String ID="Word_10530" HPOS="1120" VPOS="1516" WIDTH="153" HEIGHT="54" CONTENT="taught" />
            <SP ID="SP_9436" HPOS="1273" VPOS="1515" WIDTH="18" HEIGHT="0" />
            <String ID="Word_10531" HPOS="1291" VPOS="1515" WIDTH="91" HEIGHT="42" CONTENT="him" />
            <SP ID="SP_9437" HPOS="1382" VPOS="1515" WIDTH="19" HEIGHT="0" />
            <String ID="Word_10532" HPOS="1401" VPOS="1521" WIDTH="42" HEIGHT="36" CONTENT="to" />
            <SP ID="SP_9438" HPOS="1443" VPOS="1516" WIDTH="18" HEIGHT="0" />
            <String ID="Word_10533" HPOS="1461" VPOS="1516" WIDTH="149" HEIGHT="42" CONTENT="intone" />
            <SP ID="SP_9439" HPOS="1610" VPOS="1516" WIDTH="17" HEIGHT="0" />
            <String ID="Word_10534" HPOS="1627" VPOS="1517" WIDTH="67" HEIGHT="41" CONTENT="his" />
            <SP ID="SP_9440" HPOS="1694" VPOS="1517" WIDTH="19" HEIGHT="0" />
            <String ID="Word_10535" HPOS="1713" VPOS="1517" WIDTH="91" HEIGHT="41" CONTENT="first" />
            <SP ID="SP_9441" HPOS="1804" VPOS="1517" WIDTH="19" HEIGHT="0" />
            <String ID="Word_10536" HPOS="1823" VPOS="1517" WIDTH="133" HEIGHT="52" CONTENT="word;" />
          </TextLine>
          <TextLine ID="TextLine_1096" HPOS="337" VPOS="1585" WIDTH="1619" HEIGHT="56">
            <String ID="Word_10537" HPOS="337" VPOS="1587" WIDTH="97" HEIGHT="52" CONTENT="and," />
            <SP ID="SP_9442" HPOS="434" VPOS="1587" WIDTH="24" HEIGHT="0" />
            <String ID="Word_10538" HPOS="458" VPOS="1587" WIDTH="56" HEIGHT="54" CONTENT="by" />
            <SP ID="SP_9443" HPOS="514" VPOS="1587" WIDTH="23" HEIGHT="0" />
            <String ID="Word_10539" HPOS="537" VPOS="1601" WIDTH="94" HEIGHT="27" CONTENT="way" />
            <SP ID="SP_9444" HPOS="631" VPOS="1587" WIDTH="18" HEIGHT="0" />
            <String ID="Word_10540" HPOS="649" VPOS="1587" WIDTH="44" HEIGHT="40" CONTENT="of" />
            <SP ID="SP_9445" HPOS="693" VPOS="1586" WIDTH="21" HEIGHT="0" />
            <String ID="Word_10541" HPOS="714" VPOS="1586" WIDTH="281" HEIGHT="54" CONTENT="experiment," />
            <SP ID="SP_9446" HPOS="995" VPOS="1586" WIDTH="19" HEIGHT="0" />
            <String ID="Word_10542" HPOS="1014" VPOS="1590" WIDTH="96" HEIGHT="37" CONTENT="sent" />
            <SP ID="SP_9447" HPOS="1110" VPOS="1585" WIDTH="15" HEIGHT="0" />
            <String ID="Word_10543" HPOS="1125" VPOS="1585" WIDTH="89" HEIGHT="41" CONTENT="him" />
            <SP ID="SP_9448" HPOS="1214" VPOS="1585" WIDTH="17" HEIGHT="0" />
            <String ID="Word_10544" HPOS="1231" VPOS="1591" WIDTH="42" HEIGHT="35" CONTENT="to" />
            <SP ID="SP_9449" HPOS="1273" VPOS="1591" WIDTH="18" HEIGHT="0" />
            <String ID="Word_10545" HPOS="1291" VPOS="1599" WIDTH="24" HEIGHT="27" CONTENT="a" />
            <SP ID="SP_9450" HPOS="1315" VPOS="1585" WIDTH="16" HEIGHT="0" />
            <String ID="Word_10546" HPOS="1331" VPOS="1585" WIDTH="107" HEIGHT="42" CONTENT="shop" />
            <SP ID="SP_9451" HPOS="1438" VPOS="1585" WIDTH="18" HEIGHT="0" />
            <String ID="Word_10547" HPOS="1456" VPOS="1591" WIDTH="43" HEIGHT="36" CONTENT="to" />
            <SP ID="SP_9452" HPOS="1499" VPOS="1586" WIDTH="25" HEIGHT="0" />
            <String ID="Word_10548" HPOS="1524" VPOS="1586" WIDTH="85" HEIGHT="54" CONTENT="buy" />
            <SP ID="SP_9453" HPOS="1609" VPOS="1586" WIDTH="18" HEIGHT="0" />
            <String ID="Word_10549" HPOS="1627" VPOS="1599" WIDTH="116" HEIGHT="28" CONTENT="some" />
            <SP ID="SP_9454" HPOS="1743" VPOS="1599" WIDTH="22" HEIGHT="0" />
            <String ID="Word_10550" HPOS="1765" VPOS="1600" WIDTH="191" HEIGHT="28" CONTENT="oranges." />
          </TextLine>
          <TextLine ID="TextLine_1097" HPOS="337" VPOS="1655" WIDTH="1620" HEIGHT="56">
            <String ID="Word_10551" HPOS="337" VPOS="1657" WIDTH="71" HEIGHT="42" CONTENT="He" />
            <SP ID="SP_9455" HPOS="408" VPOS="1657" WIDTH="30" HEIGHT="0" />
            <String ID="Word_10552" HPOS="438" VPOS="1671" WIDTH="86" HEIGHT="28" CONTENT="was" />
            <SP ID="SP_9456" HPOS="524" VPOS="1656" WIDTH="32" HEIGHT="0" />
            <String ID="Word_10553" HPOS="556" VPOS="1656" WIDTH="182" HEIGHT="43" CONTENT="enabled" />
            <SP ID="SP_9457" HPOS="738" VPOS="1656" WIDTH="34" HEIGHT="0" />
            <String ID="Word_10554" HPOS="772" VPOS="1661" WIDTH="43" HEIGHT="36" CONTENT="to" />
            <SP ID="SP_9458" HPOS="815" VPOS="1656" WIDTH="32" HEIGHT="0" />
            <String ID="Word_10555" HPOS="847" VPOS="1656" WIDTH="125" HEIGHT="41" CONTENT="effect" />
            <SP ID="SP_9459" HPOS="972" VPOS="1655" WIDTH="31" HEIGHT="0" />
            <String ID="Word_10556" HPOS="1003" VPOS="1655" WIDTH="67" HEIGHT="42" CONTENT="his" />
            <SP ID="SP_9460" HPOS="1070" VPOS="1655" WIDTH="31" HEIGHT="0" />
            <String ID="Word_10557" HPOS="1101" VPOS="1655" WIDTH="209" HEIGHT="54" CONTENT="purchase" />
            <SP ID="SP_9461" HPOS="1310" VPOS="1655" WIDTH="33" HEIGHT="0" />
            <String ID="Word_10558" HPOS="1343" VPOS="1655" WIDTH="183" HEIGHT="41" CONTENT="without" />
            <SP ID="SP_9462" HPOS="1526" VPOS="1655" WIDTH="30" HEIGHT="0" />
            <String ID="Word_10559" HPOS="1556" VPOS="1669" WIDTH="85" HEIGHT="41" CONTENT="any" />
            <SP ID="SP_9463" HPOS="1641" VPOS="1661" WIDTH="22" HEIGHT="0" />
            <String ID="Word_10560" HPOS="1663" VPOS="1661" WIDTH="216" HEIGHT="46" CONTENT="stammer," />
            <SP ID="SP_9464" HPOS="1879" VPOS="1657" WIDTH="23" HEIGHT="0" />
            <String ID="Word_10561" HPOS="1902" VPOS="1657" WIDTH="55" HEIGHT="54" CONTENT="by" />
          </TextLine>
          <TextLine ID="TextLine_1098" HPOS="336" VPOS="1724" WIDTH="1622" HEIGHT="58">
            <String ID="Word_10562" HPOS="336" VPOS="1727" WIDTH="161" HEIGHT="55" CONTENT="simply" />
            <SP ID="SP_9465" HPOS="497" VPOS="1726" WIDTH="22" HEIGHT="0" />
            <String ID="Word_10563" HPOS="519" VPOS="1726" WIDTH="200" HEIGHT="42" CONTENT="intoning" />
            <SP ID="SP_9466" HPOS="719" VPOS="1726" WIDTH="22" HEIGHT="0" />
            <String ID="Word_10564" HPOS="741" VPOS="1726" WIDTH="73" HEIGHT="41" CONTENT="the" />
            <SP ID="SP_9467" HPOS="814" VPOS="1725" WIDTH="33" HEIGHT="0" />
            <String ID="Word_10565" HPOS="847" VPOS="1725" WIDTH="117" HEIGHT="42" CONTENT="word" />
            <SP ID="SP_9468" HPOS="964" VPOS="1725" WIDTH="32" HEIGHT="0" />
            <String ID="Word_10566" HPOS="996" VPOS="1725" WIDTH="113" HEIGHT="51" CONTENT="&quot;If,&quot;" />
            <SP ID="SP_9469" HPOS="1109" VPOS="1724" WIDTH="35" HEIGHT="0" />
            <String ID="Word_10567" HPOS="1144" VPOS="1724" WIDTH="125" HEIGHT="42" CONTENT="when" />
            <SP ID="SP_9470" HPOS="1269" VPOS="1724" WIDTH="31" HEIGHT="0" />
            <String ID="Word_10568" HPOS="1300" VPOS="1724" WIDTH="235" HEIGHT="56" CONTENT="beginning" />
            <SP ID="SP_9471" HPOS="1535" VPOS="1724" WIDTH="22" HEIGHT="0" />
            <String ID="Word_10569" HPOS="1557" VPOS="1725" WIDTH="66" HEIGHT="42" CONTENT="his" />
            <SP ID="SP_9472" HPOS="1623" VPOS="1725" WIDTH="22" HEIGHT="0" />
            <String ID="Word_10570" HPOS="1645" VPOS="1732" WIDTH="172" HEIGHT="49" CONTENT="request" />
            <SP ID="SP_9473" HPOS="1817" VPOS="1726" WIDTH="21" HEIGHT="0" />
            <String ID="Word_10571" HPOS="1838" VPOS="1731" WIDTH="120" HEIGHT="46" CONTENT="with," />
          </TextLine>
          <TextLine ID="TextLine_1099" HPOS="336" VPOS="1795" WIDTH="391" HEIGHT="57">
            <String ID="Word_10572" HPOS="336" VPOS="1800" WIDTH="21" HEIGHT="19" CONTENT="&quot;" />
            <SP ID="SP_9474" HPOS="357" VPOS="1797" WIDTH="17" HEIGHT="0" />
            <String ID="Word_10573" HPOS="374" VPOS="1797" WIDTH="45" HEIGHT="41" CONTENT="If" />
            <SP ID="SP_9475" HPOS="419" VPOS="1797" WIDTH="17" HEIGHT="0" />
            <String ID="Word_10574" HPOS="436" VPOS="1811" WIDTH="89" HEIGHT="41" CONTENT="you" />
            <SP ID="SP_9476" HPOS="525" VPOS="1795" WIDTH="22" HEIGHT="0" />
            <String ID="Word_10575" HPOS="547" VPOS="1795" WIDTH="180" HEIGHT="56" CONTENT="please.&quot;" />
          </TextLine>
          <TextLine ID="TextLine_1100" HPOS="395" VPOS="1863" WIDTH="1560" HEIGHT="57">
            <String ID="Word_10576" HPOS="395" VPOS="1868" WIDTH="37" HEIGHT="41" CONTENT="2." />
            <SP ID="SP_9477" HPOS="432" VPOS="1867" WIDTH="32" HEIGHT="0" />
            <String ID="Word_10577" HPOS="464" VPOS="1867" WIDTH="44" HEIGHT="42" CONTENT="A" />
            <SP ID="SP_9478" HPOS="508" VPOS="1867" WIDTH="20" HEIGHT="0" />
            <String ID="Word_10578" HPOS="528" VPOS="1880" WIDTH="253" HEIGHT="29" CONTENT="stammerer" />
            <SP ID="SP_9479" HPOS="781" VPOS="1864" WIDTH="20" HEIGHT="0" />
            <String ID="Word_10579" HPOS="801" VPOS="1864" WIDTH="156" HEIGHT="43" CONTENT="should" />
            <SP ID="SP_9480" HPOS="957" VPOS="1864" WIDTH="23" HEIGHT="0" />
            <String ID="Word_10580" HPOS="980" VPOS="1865" WIDTH="51" HEIGHT="41" CONTENT="be" />
            <SP ID="SP_9481" HPOS="1031" VPOS="1863" WIDTH="22" HEIGHT="0" />
            <String ID="Word_10581" HPOS="1053" VPOS="1863" WIDTH="154" HEIGHT="56" CONTENT="taught" />
            <SP ID="SP_9482" HPOS="1207" VPOS="1863" WIDTH="23" HEIGHT="0" />
            <String ID="Word_10582" HPOS="1230" VPOS="1864" WIDTH="72" HEIGHT="41" CONTENT="the" />
            <SP ID="SP_9483" HPOS="1302" VPOS="1863" WIDTH="16" HEIGHT="0" />
            <String ID="Word_10583" HPOS="1318" VPOS="1863" WIDTH="311" HEIGHT="56" CONTENT="physiological" />
            <SP ID="SP_9484" HPOS="1629" VPOS="1863" WIDTH="17" HEIGHT="0" />
            <String ID="Word_10584" HPOS="1646" VPOS="1864" WIDTH="203" HEIGHT="55" CONTENT="alphabet" />
            <SP ID="SP_9485" HPOS="1849" VPOS="1864" WIDTH="20" HEIGHT="0" />
            <String ID="Word_10585" HPOS="1869" VPOS="1865" WIDTH="86" HEIGHT="42" CONTENT="and" />
          </TextLine>
          <TextLine ID="TextLine_1101" HPOS="333" VPOS="1933" WIDTH="1621" HEIGHT="56">
            <String ID="Word_10586" HPOS="333" VPOS="1938" WIDTH="58" HEIGHT="42" CONTENT="its" />
            <SP ID="SP_9486" HPOS="391" VPOS="1938" WIDTH="32" HEIGHT="0" />
            <String ID="Word_10587" HPOS="423" VPOS="1946" WIDTH="234" HEIGHT="34" CONTENT="sentences." />
            <SP ID="SP_9487" HPOS="657" VPOS="1935" WIDTH="63" HEIGHT="0" />
            <String ID="Word_10588" HPOS="720" VPOS="1935" WIDTH="126" HEIGHT="42" CONTENT="With" />
            <SP ID="SP_9488" HPOS="846" VPOS="1935" WIDTH="32" HEIGHT="0" />
            <String ID="Word_10589" HPOS="878" VPOS="1935" WIDTH="75" HEIGHT="42" CONTENT="the" />
            <SP ID="SP_9489" HPOS="953" VPOS="1934" WIDTH="32" HEIGHT="0" />
            <String ID="Word_10590" HPOS="985" VPOS="1934" WIDTH="69" HEIGHT="42" CONTENT="aid" />
            <SP ID="SP_9490" HPOS="1054" VPOS="1934" WIDTH="33" HEIGHT="0" />
            <String ID="Word_10591" HPOS="1087" VPOS="1936" WIDTH="47" HEIGHT="39" CONTENT="of" />
            <SP ID="SP_9491" HPOS="1134" VPOS="1934" WIDTH="29" HEIGHT="0" />
            <String ID="Word_10592" HPOS="1163" VPOS="1934" WIDTH="73" HEIGHT="42" CONTENT="the" />
            <SP ID="SP_9492" HPOS="1236" VPOS="1934" WIDTH="31" HEIGHT="0" />
            <String ID="Word_10593" HPOS="1267" VPOS="1934" WIDTH="141" HEIGHT="52" CONTENT="latter," />
            <SP ID="SP_9493" HPOS="1408" VPOS="1933" WIDTH="23" HEIGHT="0" />
            <String ID="Word_10594" HPOS="1431" VPOS="1933" WIDTH="53" HEIGHT="43" CONTENT="he" />
            <SP ID="SP_9494" HPOS="1484" VPOS="1933" WIDTH="33" HEIGHT="0" />
            <String ID="Word_10595" HPOS="1517" VPOS="1934" WIDTH="89" HEIGHT="41" CONTENT="will" />
            <SP ID="SP_9495" HPOS="1606" VPOS="1934" WIDTH="31" HEIGHT="0" />
            <String ID="Word_10596" HPOS="1637" VPOS="1948" WIDTH="104" HEIGHT="28" CONTENT="very" />
            <SP ID="SP_9496" HPOS="1741" VPOS="1948" WIDTH="27" HEIGHT="0" />
            <String ID="Word_10597" HPOS="1768" VPOS="1949" WIDTH="102" HEIGHT="27" CONTENT="soon" />
            <SP ID="SP_9497" HPOS="1870" VPOS="1935" WIDTH="33" HEIGHT="0" />
            <String ID="Word_10598" HPOS="1903" VPOS="1935" WIDTH="51" HEIGHT="42" CONTENT="be" />
          </TextLine>
          <TextLine ID="TextLine_1102" HPOS="333" VPOS="2004" WIDTH="1620" HEIGHT="57">
            <String ID="Word_10599" HPOS="333" VPOS="2009" WIDTH="96" HEIGHT="42" CONTENT="able" />
            <SP ID="SP_9498" HPOS="429" VPOS="2009" WIDTH="37" HEIGHT="0" />
            <String ID="Word_10600" HPOS="466" VPOS="2014" WIDTH="44" HEIGHT="36" CONTENT="to" />
            <SP ID="SP_9499" HPOS="510" VPOS="2008" WIDTH="38" HEIGHT="0" />
            <String ID="Word_10601" HPOS="548" VPOS="2008" WIDTH="115" HEIGHT="41" CONTENT="draw" />
            <SP ID="SP_9500" HPOS="663" VPOS="2008" WIDTH="23" HEIGHT="0" />
            <String ID="Word_10602" HPOS="686" VPOS="2020" WIDTH="59" HEIGHT="28" CONTENT="up" />
            <SP ID="SP_9501" HPOS="745" VPOS="2006" WIDTH="23" HEIGHT="0" />
            <String ID="Word_10603" HPOS="768" VPOS="2006" WIDTH="73" HEIGHT="42" CONTENT="the" />
            <SP ID="SP_9502" HPOS="841" VPOS="2005" WIDTH="22" HEIGHT="0" />
            <String ID="Word_10604" HPOS="863" VPOS="2005" WIDTH="205" HEIGHT="42" CONTENT="alphabet" />
            <SP ID="SP_9503" HPOS="1068" VPOS="2005" WIDTH="22" HEIGHT="0" />
            <String ID="Word_10605" HPOS="1090" VPOS="2005" WIDTH="65" HEIGHT="41" CONTENT="for" />
            <SP ID="SP_9504" HPOS="1155" VPOS="2004" WIDTH="30" HEIGHT="0" />
            <String ID="Word_10606" HPOS="1185" VPOS="2004" WIDTH="187" HEIGHT="50" CONTENT="himself," />
            <SP ID="SP_9505" HPOS="1372" VPOS="2004" WIDTH="22" HEIGHT="0" />
            <String ID="Word_10607" HPOS="1394" VPOS="2005" WIDTH="84" HEIGHT="40" CONTENT="and" />
            <SP ID="SP_9506" HPOS="1478" VPOS="2005" WIDTH="23" HEIGHT="0" />
            <String ID="Word_10608" HPOS="1501" VPOS="2009" WIDTH="44" HEIGHT="36" CONTENT="to" />
            <SP ID="SP_9507" HPOS="1545" VPOS="2004" WIDTH="24" HEIGHT="0" />
            <String ID="Word_10609" HPOS="1569" VPOS="2004" WIDTH="264" HEIGHT="42" CONTENT="understand" />
            <SP ID="SP_9508" HPOS="1833" VPOS="2004" WIDTH="18" HEIGHT="0" />
            <String ID="Word_10610" HPOS="1851" VPOS="2006" WIDTH="36" HEIGHT="41" CONTENT="it" />
            <SP ID="SP_9509" HPOS="1887" VPOS="2006" WIDTH="21" HEIGHT="0" />
            <String ID="Word_10611" HPOS="1908" VPOS="2006" WIDTH="45" HEIGHT="40" CONTENT="in" />
          </TextLine>
          <TextLine ID="TextLine_1103" HPOS="334" VPOS="2085" WIDTH="259" HEIGHT="50">
            <String ID="Word_10612" HPOS="334" VPOS="2093" WIDTH="131" HEIGHT="42" CONTENT="every" />
            <SP ID="SP_9510" HPOS="465" VPOS="2085" WIDTH="22" HEIGHT="0" />
            <String ID="Word_10613" HPOS="487" VPOS="2085" WIDTH="106" HEIGHT="48" CONTENT="part." />
          </TextLine>
          <TextLine ID="TextLine_1104" HPOS="393" VPOS="2142" WIDTH="1556" HEIGHT="49">
            <String ID="Word_10614" HPOS="393" VPOS="2150" WIDTH="38" HEIGHT="41" CONTENT="3." />
            <SP ID="SP_9511" HPOS="431" VPOS="2148" WIDTH="33" HEIGHT="0" />
            <String ID="Word_10615" HPOS="464" VPOS="2148" WIDTH="69" HEIGHT="42" CONTENT="He" />
            <SP ID="SP_9512" HPOS="533" VPOS="2146" WIDTH="24" HEIGHT="0" />
            <String ID="Word_10616" HPOS="557" VPOS="2146" WIDTH="155" HEIGHT="43" CONTENT="should" />
            <SP ID="SP_9513" HPOS="712" VPOS="2145" WIDTH="22" HEIGHT="0" />
            <String ID="Word_10617" HPOS="734" VPOS="2145" WIDTH="89" HEIGHT="42" CONTENT="also" />
            <SP ID="SP_9514" HPOS="823" VPOS="2145" WIDTH="23" HEIGHT="0" />
            <String ID="Word_10618" HPOS="846" VPOS="2146" WIDTH="52" HEIGHT="41" CONTENT="be" />
            <SP ID="SP_9515" HPOS="898" VPOS="2142" WIDTH="22" HEIGHT="0" />
            <String ID="Word_10619" HPOS="920" VPOS="2142" WIDTH="123" HEIGHT="44" CONTENT="made" />
            <SP ID="SP_9516" HPOS="1043" VPOS="2142" WIDTH="23" HEIGHT="0" />
            <String ID="Word_10620" HPOS="1066" VPOS="2149" WIDTH="43" HEIGHT="37" CONTENT="to" />
            <SP ID="SP_9517" HPOS="1109" VPOS="2143" WIDTH="21" HEIGHT="0" />
            <String ID="Word_10621" HPOS="1130" VPOS="2143" WIDTH="102" HEIGHT="42" CONTENT="read" />
            <SP ID="SP_9518" HPOS="1232" VPOS="2143" WIDTH="22" HEIGHT="0" />
            <String ID="Word_10622" HPOS="1254" VPOS="2143" WIDTH="84" HEIGHT="42" CONTENT="and" />
            <SP ID="SP_9519" HPOS="1338" VPOS="2143" WIDTH="22" HEIGHT="0" />
            <String ID="Word_10623" HPOS="1360" VPOS="2143" WIDTH="117" HEIGHT="42" CONTENT="learn" />
            <SP ID="SP_9520" HPOS="1477" VPOS="2143" WIDTH="25" HEIGHT="0" />
            <String ID="Word_10624" HPOS="1502" VPOS="2143" WIDTH="72" HEIGHT="42" CONTENT="the" />
            <SP ID="SP_9521" HPOS="1574" VPOS="2143" WIDTH="22" HEIGHT="0" />
            <String ID="Word_10625" HPOS="1596" VPOS="2143" WIDTH="238" HEIGHT="43" CONTENT="additional" />
            <SP ID="SP_9522" HPOS="1834" VPOS="2143" WIDTH="21" HEIGHT="0" />
            <String ID="Word_10626" HPOS="1855" VPOS="2159" WIDTH="94" HEIGHT="27" CONTENT="sen-" />
          </TextLine>
          <TextLine ID="TextLine_1105" HPOS="333" VPOS="2213" WIDTH="1619" HEIGHT="60">
            <String ID="Word_10627" HPOS="333" VPOS="2225" WIDTH="147" HEIGHT="37" CONTENT="tences" />
            <SP ID="SP_9523" HPOS="480" VPOS="2218" WIDTH="17" HEIGHT="0" />
            <String ID="Word_10628" HPOS="497" VPOS="2232" WIDTH="128" HEIGHT="41" CONTENT="given" />
            <SP ID="SP_9524" HPOS="625" VPOS="2217" WIDTH="18" HEIGHT="0" />
            <String ID="Word_10629" HPOS="643" VPOS="2217" WIDTH="46" HEIGHT="41" CONTENT="in" />
            <SP ID="SP_9525" HPOS="689" VPOS="2216" WIDTH="19" HEIGHT="0" />
            <String ID="Word_10630" HPOS="708" VPOS="2216" WIDTH="73" HEIGHT="42" CONTENT="the" />
            <SP ID="SP_9526" HPOS="781" VPOS="2216" WIDTH="17" HEIGHT="0" />
            <String ID="Word_10631" HPOS="798" VPOS="2229" WIDTH="102" HEIGHT="28" CONTENT="note" />
            <SP ID="SP_9527" HPOS="900" VPOS="2219" WIDTH="16" HEIGHT="0" />
            <String ID="Word_10632" HPOS="916" VPOS="2219" WIDTH="46" HEIGHT="37" CONTENT="at" />
            <SP ID="SP_9528" HPOS="962" VPOS="2219" WIDTH="15" HEIGHT="0" />
            <String ID="Word_10633" HPOS="977" VPOS="2229" WIDTH="107" HEIGHT="41" CONTENT="page" />
            <SP ID="SP_9529" HPOS="1084" VPOS="2213" WIDTH="21" HEIGHT="0" />
            <String ID="Word_10634" HPOS="1105" VPOS="2213" WIDTH="72" HEIGHT="45" CONTENT="17;" />
            <SP ID="SP_9530" HPOS="1177" VPOS="2213" WIDTH="21" HEIGHT="0" />
            <String ID="Word_10635" HPOS="1198" VPOS="2213" WIDTH="85" HEIGHT="42" CONTENT="and" />
            <SP ID="SP_9531" HPOS="1283" VPOS="2213" WIDTH="18" HEIGHT="0" />
            <String ID="Word_10636" HPOS="1301" VPOS="2213" WIDTH="72" HEIGHT="42" CONTENT="the" />
            <SP ID="SP_9532" HPOS="1373" VPOS="2213" WIDTH="14" HEIGHT="0" />
            <String ID="Word_10637" HPOS="1387" VPOS="2213" WIDTH="148" HEIGHT="42" CONTENT="letters" />
            <SP ID="SP_9533" HPOS="1535" VPOS="2213" WIDTH="18" HEIGHT="0" />
            <String ID="Word_10638" HPOS="1553" VPOS="2213" WIDTH="94" HEIGHT="42" CONTENT="that" />
            <SP ID="SP_9534" HPOS="1647" VPOS="2213" WIDTH="12" HEIGHT="0" />
            <String ID="Word_10639" HPOS="1659" VPOS="2214" WIDTH="53" HEIGHT="42" CONTENT="he" />
            <SP ID="SP_9535" HPOS="1712" VPOS="2214" WIDTH="17" HEIGHT="0" />
            <String ID="Word_10640" HPOS="1729" VPOS="2221" WIDTH="223" HEIGHT="35" CONTENT="stammers" />
          </TextLine>
          <TextLine ID="TextLine_1106" HPOS="331" VPOS="2283" WIDTH="1620" HEIGHT="56">
            <String ID="Word_10641" HPOS="331" VPOS="2304" WIDTH="56" HEIGHT="28" CONTENT="on" />
            <SP ID="SP_9536" HPOS="387" VPOS="2289" WIDTH="22" HEIGHT="0" />
            <String ID="Word_10642" HPOS="409" VPOS="2289" WIDTH="46" HEIGHT="41" CONTENT="in" />
            <SP ID="SP_9537" HPOS="455" VPOS="2289" WIDTH="22" HEIGHT="0" />
            <String ID="Word_10643" HPOS="477" VPOS="2289" WIDTH="119" HEIGHT="41" CONTENT="them" />
            <SP ID="SP_9538" HPOS="596" VPOS="2289" WIDTH="22" HEIGHT="0" />
            <String ID="Word_10644" HPOS="618" VPOS="2292" WIDTH="120" HEIGHT="36" CONTENT="must" />
            <SP ID="SP_9539" HPOS="738" VPOS="2286" WIDTH="16" HEIGHT="0" />
            <String ID="Word_10645" HPOS="754" VPOS="2286" WIDTH="52" HEIGHT="42" CONTENT="be" />
            <SP ID="SP_9540" HPOS="806" VPOS="2285" WIDTH="17" HEIGHT="0" />
            <String ID="Word_10646" HPOS="823" VPOS="2285" WIDTH="209" HEIGHT="54" CONTENT="carefully" />
            <SP ID="SP_9541" HPOS="1032" VPOS="2284" WIDTH="18" HEIGHT="0" />
            <String ID="Word_10647" HPOS="1050" VPOS="2284" WIDTH="142" HEIGHT="42" CONTENT="noted," />
            <SP ID="SP_9542" HPOS="1192" VPOS="2284" WIDTH="17" HEIGHT="0" />
            <String ID="Word_10648" HPOS="1209" VPOS="2284" WIDTH="45" HEIGHT="40" CONTENT="in" />
            <SP ID="SP_9543" HPOS="1254" VPOS="2283" WIDTH="23" HEIGHT="0" />
            <String ID="Word_10649" HPOS="1277" VPOS="2283" WIDTH="123" HEIGHT="42" CONTENT="order" />
            <SP ID="SP_9544" HPOS="1400" VPOS="2283" WIDTH="18" HEIGHT="0" />
            <String ID="Word_10650" HPOS="1418" VPOS="2283" WIDTH="95" HEIGHT="42" CONTENT="that" />
            <SP ID="SP_9545" HPOS="1513" VPOS="2283" WIDTH="17" HEIGHT="0" />
            <String ID="Word_10651" HPOS="1530" VPOS="2283" WIDTH="112" HEIGHT="42" CONTENT="their" />
            <SP ID="SP_9546" HPOS="1642" VPOS="2283" WIDTH="16" HEIGHT="0" />
            <String ID="Word_10652" HPOS="1658" VPOS="2298" WIDTH="153" HEIGHT="40" CONTENT="proper" />
            <SP ID="SP_9547" HPOS="1811" VPOS="2285" WIDTH="16" HEIGHT="0" />
            <String ID="Word_10653" HPOS="1827" VPOS="2285" WIDTH="124" HEIGHT="41" CONTENT="mode" />
          </TextLine>
          <TextLine ID="TextLine_1107" HPOS="332" VPOS="2352" WIDTH="1621" HEIGHT="58">
            <String ID="Word_10654" HPOS="332" VPOS="2362" WIDTH="47" HEIGHT="41" CONTENT="of" />
            <SP ID="SP_9548" HPOS="379" VPOS="2358" WIDTH="10" HEIGHT="0" />
            <String ID="Word_10655" HPOS="389" VPOS="2358" WIDTH="279" HEIGHT="45" CONTENT="enunciation" />
            <SP ID="SP_9549" HPOS="668" VPOS="2358" WIDTH="15" HEIGHT="0" />
            <String ID="Word_10656" HPOS="683" VPOS="2370" WIDTH="98" HEIGHT="27" CONTENT="may" />
            <SP ID="SP_9550" HPOS="781" VPOS="2356" WIDTH="16" HEIGHT="0" />
            <String ID="Word_10657" HPOS="797" VPOS="2356" WIDTH="52" HEIGHT="41" CONTENT="be" />
            <SP ID="SP_9551" HPOS="849" VPOS="2354" WIDTH="15" HEIGHT="0" />
            <String ID="Word_10658" HPOS="864" VPOS="2354" WIDTH="262" HEIGHT="55" CONTENT="thoroughly" />
            <SP ID="SP_9552" HPOS="1126" VPOS="2352" WIDTH="14" HEIGHT="0" />
            <String ID="Word_10659" HPOS="1140" VPOS="2352" WIDTH="228" HEIGHT="43" CONTENT="explained" />
            <SP ID="SP_9553" HPOS="1368" VPOS="2352" WIDTH="16" HEIGHT="0" />
            <String ID="Word_10660" HPOS="1384" VPOS="2357" WIDTH="44" HEIGHT="36" CONTENT="to" />
            <SP ID="SP_9554" HPOS="1428" VPOS="2352" WIDTH="16" HEIGHT="0" />
            <String ID="Word_10661" HPOS="1444" VPOS="2352" WIDTH="103" HEIGHT="44" CONTENT="him." />
            <SP ID="SP_9555" HPOS="1547" VPOS="2352" WIDTH="47" HEIGHT="0" />
            <String ID="Word_10662" HPOS="1594" VPOS="2353" WIDTH="52" HEIGHT="41" CONTENT="In" />
            <SP ID="SP_9556" HPOS="1646" VPOS="2353" WIDTH="15" HEIGHT="0" />
            <String ID="Word_10663" HPOS="1661" VPOS="2353" WIDTH="87" HEIGHT="42" CONTENT="like" />
            <SP ID="SP_9557" HPOS="1748" VPOS="2353" WIDTH="15" HEIGHT="0" />
            <String ID="Word_10664" HPOS="1763" VPOS="2368" WIDTH="190" HEIGHT="36" CONTENT="manner," />
          </TextLine>
          <TextLine ID="TextLine_1108" HPOS="332" VPOS="2421" WIDTH="1619" HEIGHT="60">
            <String ID="Word_10665" HPOS="332" VPOS="2431" WIDTH="126" HEIGHT="42" CONTENT="when" />
            <SP ID="SP_9558" HPOS="458" VPOS="2431" WIDTH="33" HEIGHT="0" />
            <String ID="Word_10666" HPOS="491" VPOS="2433" WIDTH="46" HEIGHT="38" CONTENT="at" />
            <SP ID="SP_9559" HPOS="537" VPOS="2428" WIDTH="31" HEIGHT="0" />
            <String ID="Word_10667" HPOS="568" VPOS="2428" WIDTH="68" HEIGHT="41" CONTENT="his" />
            <SP ID="SP_9560" HPOS="636" VPOS="2426" WIDTH="22" HEIGHT="0" />
            <String ID="Word_10668" HPOS="658" VPOS="2426" WIDTH="118" HEIGHT="55" CONTENT="daily" />
            <SP ID="SP_9561" HPOS="776" VPOS="2424" WIDTH="22" HEIGHT="0" />
            <String ID="Word_10669" HPOS="798" VPOS="2424" WIDTH="267" HEIGHT="55" CONTENT="occupation," />
            <SP ID="SP_9562" HPOS="1065" VPOS="2423" WIDTH="23" HEIGHT="0" />
            <String ID="Word_10670" HPOS="1088" VPOS="2423" WIDTH="53" HEIGHT="42" CONTENT="he" />
            <SP ID="SP_9563" HPOS="1141" VPOS="2423" WIDTH="32" HEIGHT="0" />
            <String ID="Word_10671" HPOS="1173" VPOS="2426" WIDTH="118" HEIGHT="38" CONTENT="must" />
            <SP ID="SP_9564" HPOS="1291" VPOS="2421" WIDTH="31" HEIGHT="0" />
            <String ID="Word_10672" HPOS="1322" VPOS="2421" WIDTH="177" HEIGHT="42" CONTENT="himself" />
            <SP ID="SP_9565" HPOS="1499" VPOS="2421" WIDTH="26" HEIGHT="0" />
            <String ID="Word_10673" HPOS="1525" VPOS="2427" WIDTH="101" HEIGHT="37" CONTENT="note" />
            <SP ID="SP_9566" HPOS="1626" VPOS="2424" WIDTH="21" HEIGHT="0" />
            <String ID="Word_10674" HPOS="1647" VPOS="2424" WIDTH="208" HEIGHT="41" CONTENT="carefully" />
            <SP ID="SP_9567" HPOS="1855" VPOS="2424" WIDTH="23" HEIGHT="0" />
            <String ID="Word_10675" HPOS="1878" VPOS="2424" WIDTH="73" HEIGHT="41" CONTENT="the" />
          </TextLine>
          <TextLine ID="TextLine_1109" HPOS="331" VPOS="2492" WIDTH="1618" HEIGHT="61">
            <String ID="Word_10676" HPOS="331" VPOS="2515" WIDTH="138" HEIGHT="28" CONTENT="words" />
            <SP ID="SP_9568" HPOS="469" VPOS="2499" WIDTH="22" HEIGHT="0" />
            <String ID="Word_10677" HPOS="491" VPOS="2503" WIDTH="97" HEIGHT="37" CONTENT="that" />
            <SP ID="SP_9569" HPOS="588" VPOS="2497" WIDTH="20" HEIGHT="0" />
            <String ID="Word_10678" HPOS="608" VPOS="2510" WIDTH="98" HEIGHT="43" CONTENT="give" />
            <SP ID="SP_9570" HPOS="706" VPOS="2495" WIDTH="23" HEIGHT="0" />
            <String ID="Word_10679" HPOS="729" VPOS="2495" WIDTH="89" HEIGHT="41" CONTENT="him" />
            <SP ID="SP_9571" HPOS="818" VPOS="2493" WIDTH="22" HEIGHT="0" />
            <String ID="Word_10680" HPOS="840" VPOS="2493" WIDTH="214" HEIGHT="43" CONTENT="difficulty" />
            <SP ID="SP_9572" HPOS="1054" VPOS="2493" WIDTH="23" HEIGHT="0" />
            <String ID="Word_10681" HPOS="1077" VPOS="2493" WIDTH="45" HEIGHT="41" CONTENT="in" />
            <SP ID="SP_9573" HPOS="1122" VPOS="2492" WIDTH="23" HEIGHT="0" />
            <String ID="Word_10682" HPOS="1145" VPOS="2492" WIDTH="310" HEIGHT="50" CONTENT="conversation," />
            <SP ID="SP_9574" HPOS="1455" VPOS="2492" WIDTH="22" HEIGHT="0" />
            <String ID="Word_10683" HPOS="1477" VPOS="2506" WIDTH="45" HEIGHT="28" CONTENT="so" />
            <SP ID="SP_9575" HPOS="1522" VPOS="2492" WIDTH="21" HEIGHT="0" />
            <String ID="Word_10684" HPOS="1543" VPOS="2492" WIDTH="96" HEIGHT="42" CONTENT="that" />
            <SP ID="SP_9576" HPOS="1639" VPOS="2492" WIDTH="19" HEIGHT="0" />
            <String ID="Word_10685" HPOS="1658" VPOS="2492" WIDTH="47" HEIGHT="42" CONTENT="in" />
            <SP ID="SP_9577" HPOS="1705" VPOS="2492" WIDTH="21" HEIGHT="0" />
            <String ID="Word_10686" HPOS="1726" VPOS="2492" WIDTH="74" HEIGHT="43" CONTENT="the" />
            <SP ID="SP_9578" HPOS="1800" VPOS="2492" WIDTH="21" HEIGHT="0" />
            <String ID="Word_10687" HPOS="1821" VPOS="2507" WIDTH="128" HEIGHT="28" CONTENT="even-" />
          </TextLine>
          <TextLine ID="TextLine_1110" HPOS="329" VPOS="2561" WIDTH="1620" HEIGHT="66">
            <String ID="Word_10688" HPOS="329" VPOS="2572" WIDTH="76" HEIGHT="41" CONTENT="ing" />
            <SP ID="SP_9579" HPOS="405" VPOS="2570" WIDTH="21" HEIGHT="0" />
            <String ID="Word_10689" HPOS="426" VPOS="2570" WIDTH="54" HEIGHT="41" CONTENT="he" />
            <SP ID="SP_9580" HPOS="480" VPOS="2570" WIDTH="23" HEIGHT="0" />
            <String ID="Word_10690" HPOS="503" VPOS="2581" WIDTH="111" HEIGHT="41" CONTENT="may," />
            <SP ID="SP_9581" HPOS="614" VPOS="2567" WIDTH="17" HEIGHT="0" />
            <String ID="Word_10691" HPOS="631" VPOS="2567" WIDTH="57" HEIGHT="41" CONTENT="by" />
            <SP ID="SP_9582" HPOS="688" VPOS="2565" WIDTH="17" HEIGHT="0" />
            <String ID="Word_10692" HPOS="705" VPOS="2565" WIDTH="216" HEIGHT="41" CONTENT="reference" />
            <SP ID="SP_9583" HPOS="921" VPOS="2565" WIDTH="23" HEIGHT="0" />
            <String ID="Word_10693" HPOS="944" VPOS="2567" WIDTH="43" HEIGHT="37" CONTENT="to" />
            <SP ID="SP_9584" HPOS="987" VPOS="2562" WIDTH="23" HEIGHT="0" />
            <String ID="Word_10694" HPOS="1010" VPOS="2562" WIDTH="73" HEIGHT="42" CONTENT="the" />
            <SP ID="SP_9585" HPOS="1083" VPOS="2561" WIDTH="23" HEIGHT="0" />
            <String ID="Word_10695" HPOS="1106" VPOS="2561" WIDTH="216" HEIGHT="55" CONTENT="alphabet," />
            <SP ID="SP_9586" HPOS="1322" VPOS="2561" WIDTH="17" HEIGHT="0" />
            <String ID="Word_10696" HPOS="1339" VPOS="2561" WIDTH="90" HEIGHT="41" CONTENT="find" />
            <SP ID="SP_9587" HPOS="1429" VPOS="2561" WIDTH="22" HEIGHT="0" />
            <String ID="Word_10697" HPOS="1451" VPOS="2561" WIDTH="73" HEIGHT="42" CONTENT="the" />
            <SP ID="SP_9588" HPOS="1524" VPOS="2561" WIDTH="24" HEIGHT="0" />
            <String ID="Word_10698" HPOS="1548" VPOS="2561" WIDTH="84" HEIGHT="56" CONTENT="key" />
            <SP ID="SP_9589" HPOS="1632" VPOS="2561" WIDTH="23" HEIGHT="0" />
            <String ID="Word_10699" HPOS="1655" VPOS="2567" WIDTH="42" HEIGHT="37" CONTENT="to" />
            <SP ID="SP_9590" HPOS="1697" VPOS="2562" WIDTH="23" HEIGHT="0" />
            <String ID="Word_10700" HPOS="1720" VPOS="2562" WIDTH="113" HEIGHT="42" CONTENT="their" />
            <SP ID="SP_9591" HPOS="1833" VPOS="2562" WIDTH="20" HEIGHT="0" />
            <String ID="Word_10701" HPOS="1853" VPOS="2576" WIDTH="96" HEIGHT="41" CONTENT="pro-" />
          </TextLine>
          <TextLine ID="TextLine_1111" HPOS="329" VPOS="2631" WIDTH="1617" HEIGHT="57">
            <String ID="Word_10702" HPOS="329" VPOS="2639" WIDTH="253" HEIGHT="43" CONTENT="nunciation" />
            <SP ID="SP_9592" HPOS="582" VPOS="2636" WIDTH="18" HEIGHT="0" />
            <String ID="Word_10703" HPOS="600" VPOS="2636" WIDTH="84" HEIGHT="43" CONTENT="and" />
            <SP ID="SP_9593" HPOS="684" VPOS="2636" WIDTH="19" HEIGHT="0" />
            <String ID="Word_10704" HPOS="703" VPOS="2636" WIDTH="52" HEIGHT="41" CONTENT="be" />
            <SP ID="SP_9594" HPOS="755" VPOS="2634" WIDTH="14" HEIGHT="0" />
            <String ID="Word_10705" HPOS="769" VPOS="2634" WIDTH="95" HEIGHT="42" CONTENT="able" />
            <SP ID="SP_9595" HPOS="864" VPOS="2634" WIDTH="17" HEIGHT="0" />
            <String ID="Word_10706" HPOS="881" VPOS="2637" WIDTH="44" HEIGHT="37" CONTENT="to" />
            <SP ID="SP_9596" HPOS="925" VPOS="2633" WIDTH="18" HEIGHT="0" />
            <String ID="Word_10707" HPOS="943" VPOS="2633" WIDTH="181" HEIGHT="55" CONTENT="practise" />
            <SP ID="SP_9597" HPOS="1124" VPOS="2633" WIDTH="18" HEIGHT="0" />
            <String ID="Word_10708" HPOS="1142" VPOS="2645" WIDTH="114" HEIGHT="41" CONTENT="upon" />
            <SP ID="SP_9598" HPOS="1256" VPOS="2631" WIDTH="16" HEIGHT="0" />
            <String ID="Word_10709" HPOS="1272" VPOS="2631" WIDTH="117" HEIGHT="42" CONTENT="them" />
            <SP ID="SP_9599" HPOS="1389" VPOS="2631" WIDTH="17" HEIGHT="0" />
            <String ID="Word_10710" HPOS="1406" VPOS="2632" WIDTH="215" HEIGHT="55" CONTENT="specially." />
            <SP ID="SP_9600" HPOS="1621" VPOS="2632" WIDTH="56" HEIGHT="0" />
            <String ID="Word_10711" HPOS="1677" VPOS="2632" WIDTH="52" HEIGHT="42" CONTENT="In" />
            <SP ID="SP_9601" HPOS="1729" VPOS="2632" WIDTH="20" HEIGHT="0" />
            <String ID="Word_10712" HPOS="1749" VPOS="2632" WIDTH="71" HEIGHT="43" CONTENT="the" />
            <SP ID="SP_9602" HPOS="1820" VPOS="2632" WIDTH="15" HEIGHT="0" />
            <String ID="Word_10713" HPOS="1835" VPOS="2647" WIDTH="111" HEIGHT="27" CONTENT="com-" />
          </TextLine>
          <TextLine ID="TextLine_1112" HPOS="328" VPOS="2700" WIDTH="1617" HEIGHT="65">
            <String ID="Word_10714" HPOS="328" VPOS="2708" WIDTH="242" HEIGHT="57" CONTENT="paratively" />
            <SP ID="SP_9603" HPOS="570" VPOS="2708" WIDTH="17" HEIGHT="0" />
            <String ID="Word_10715" HPOS="587" VPOS="2720" WIDTH="90" HEIGHT="28" CONTENT="rare" />
            <SP ID="SP_9604" HPOS="677" VPOS="2717" WIDTH="23" HEIGHT="0" />
            <String ID="Word_10716" HPOS="700" VPOS="2717" WIDTH="116" HEIGHT="29" CONTENT="cases" />
            <SP ID="SP_9605" HPOS="816" VPOS="2703" WIDTH="21" HEIGHT="0" />
            <String ID="Word_10717" HPOS="837" VPOS="2703" WIDTH="46" HEIGHT="41" CONTENT="in" />
            <SP ID="SP_9606" HPOS="883" VPOS="2702" WIDTH="17" HEIGHT="0" />
            <String ID="Word_10718" HPOS="900" VPOS="2702" WIDTH="138" HEIGHT="41" CONTENT="which" />
            <SP ID="SP_9607" HPOS="1038" VPOS="2701" WIDTH="24" HEIGHT="0" />
            <String ID="Word_10719" HPOS="1062" VPOS="2701" WIDTH="73" HEIGHT="42" CONTENT="the" />
            <SP ID="SP_9608" HPOS="1135" VPOS="2700" WIDTH="22" HEIGHT="0" />
            <String ID="Word_10720" HPOS="1157" VPOS="2700" WIDTH="167" HEIGHT="56" CONTENT="patient" />
            <SP ID="SP_9609" HPOS="1324" VPOS="2700" WIDTH="23" HEIGHT="0" />
            <String ID="Word_10721" HPOS="1347" VPOS="2714" WIDTH="224" HEIGHT="30" CONTENT="stammers" />
            <SP ID="SP_9610" HPOS="1571" VPOS="2701" WIDTH="19" HEIGHT="0" />
            <String ID="Word_10722" HPOS="1590" VPOS="2701" WIDTH="223" HEIGHT="55" CONTENT="markedly" />
            <SP ID="SP_9611" HPOS="1813" VPOS="2701" WIDTH="18" HEIGHT="0" />
            <String ID="Word_10723" HPOS="1831" VPOS="2715" WIDTH="114" HEIGHT="41" CONTENT="upon" />
          </TextLine>
          <TextLine ID="TextLine_1113" HPOS="326" VPOS="2771" WIDTH="1620" HEIGHT="56">
            <String ID="Word_10724" HPOS="326" VPOS="2779" WIDTH="145" HEIGHT="44" CONTENT="initial" />
            <SP ID="SP_9612" HPOS="471" VPOS="2777" WIDTH="18" HEIGHT="0" />
            <String ID="Word_10725" HPOS="489" VPOS="2777" WIDTH="170" HEIGHT="43" CONTENT="vowels," />
            <SP ID="SP_9613" HPOS="659" VPOS="2776" WIDTH="16" HEIGHT="0" />
            <String ID="Word_10726" HPOS="675" VPOS="2776" WIDTH="36" HEIGHT="41" CONTENT="it" />
            <SP ID="SP_9614" HPOS="711" VPOS="2775" WIDTH="21" HEIGHT="0" />
            <String ID="Word_10727" HPOS="732" VPOS="2775" WIDTH="36" HEIGHT="41" CONTENT="is" />
            <SP ID="SP_9615" HPOS="768" VPOS="2773" WIDTH="19" HEIGHT="0" />
            <String ID="Word_10728" HPOS="787" VPOS="2773" WIDTH="95" HEIGHT="42" CONTENT="well" />
            <SP ID="SP_9616" HPOS="882" VPOS="2773" WIDTH="19" HEIGHT="0" />
            <String ID="Word_10729" HPOS="901" VPOS="2778" WIDTH="42" HEIGHT="36" CONTENT="to" />
            <SP ID="SP_9617" HPOS="943" VPOS="2772" WIDTH="18" HEIGHT="0" />
            <String ID="Word_10730" HPOS="961" VPOS="2772" WIDTH="166" HEIGHT="42" CONTENT="confine" />
            <SP ID="SP_9618" HPOS="1127" VPOS="2772" WIDTH="18" HEIGHT="0" />
            <String ID="Word_10731" HPOS="1145" VPOS="2772" WIDTH="73" HEIGHT="41" CONTENT="the" />
            <SP ID="SP_9619" HPOS="1218" VPOS="2771" WIDTH="22" HEIGHT="0" />
            <String ID="Word_10732" HPOS="1240" VPOS="2771" WIDTH="201" HEIGHT="55" CONTENT="patient's" />
            <SP ID="SP_9620" HPOS="1441" VPOS="2771" WIDTH="23" HEIGHT="0" />
            <String ID="Word_10733" HPOS="1464" VPOS="2773" WIDTH="213" HEIGHT="41" CONTENT="attention" />
            <SP ID="SP_9621" HPOS="1677" VPOS="2773" WIDTH="21" HEIGHT="0" />
            <String ID="Word_10734" HPOS="1698" VPOS="2773" WIDTH="63" HEIGHT="41" CONTENT="for" />
            <SP ID="SP_9622" HPOS="1761" VPOS="2773" WIDTH="16" HEIGHT="0" />
            <String ID="Word_10735" HPOS="1777" VPOS="2773" WIDTH="104" HEIGHT="54" CONTENT="days" />
            <SP ID="SP_9623" HPOS="1881" VPOS="2773" WIDTH="18" HEIGHT="0" />
            <String ID="Word_10736" HPOS="1899" VPOS="2786" WIDTH="47" HEIGHT="27" CONTENT="or" />
          </TextLine>
          <TextLine ID="TextLine_1114" HPOS="328" VPOS="2842" WIDTH="1615" HEIGHT="57">
            <String ID="Word_10737" HPOS="328" VPOS="2850" WIDTH="142" HEIGHT="41" CONTENT="weeks" />
            <SP ID="SP_9624" HPOS="470" VPOS="2850" WIDTH="22" HEIGHT="0" />
            <String ID="Word_10738" HPOS="492" VPOS="2853" WIDTH="44" HEIGHT="37" CONTENT="to" />
            <SP ID="SP_9625" HPOS="536" VPOS="2846" WIDTH="23" HEIGHT="0" />
            <String ID="Word_10739" HPOS="559" VPOS="2846" WIDTH="209" HEIGHT="44" CONTENT="exercises" />
            <SP ID="SP_9626" HPOS="768" VPOS="2846" WIDTH="24" HEIGHT="0" />
            <String ID="Word_10740" HPOS="792" VPOS="2858" WIDTH="115" HEIGHT="28" CONTENT="upon" />
            <SP ID="SP_9627" HPOS="907" VPOS="2842" WIDTH="24" HEIGHT="0" />
            <String ID="Word_10741" HPOS="931" VPOS="2842" WIDTH="157" HEIGHT="42" CONTENT="vowels" />
            <SP ID="SP_9628" HPOS="1088" VPOS="2842" WIDTH="26" HEIGHT="0" />
            <String ID="Word_10742" HPOS="1114" VPOS="2842" WIDTH="85" HEIGHT="41" CONTENT="and" />
            <SP ID="SP_9629" HPOS="1199" VPOS="2842" WIDTH="24" HEIGHT="0" />
            <String ID="Word_10743" HPOS="1223" VPOS="2843" WIDTH="136" HEIGHT="42" CONTENT="words" />
            <SP ID="SP_9630" HPOS="1359" VPOS="2843" WIDTH="33" HEIGHT="0" />
            <String ID="Word_10744" HPOS="1392" VPOS="2843" WIDTH="233" HEIGHT="55" CONTENT="beginning" />
            <SP ID="SP_9631" HPOS="1625" VPOS="2843" WIDTH="23" HEIGHT="0" />
            <String ID="Word_10745" HPOS="1648" VPOS="2852" WIDTH="104" HEIGHT="33" CONTENT="with" />
            <SP ID="SP_9632" HPOS="1752" VPOS="2843" WIDTH="23" HEIGHT="0" />
            <String ID="Word_10746" HPOS="1775" VPOS="2843" WIDTH="168" HEIGHT="42" CONTENT="vowels." />
          </TextLine>
          <TextLine ID="TextLine_1115" HPOS="328" VPOS="2912" WIDTH="1616" HEIGHT="61">
            <String ID="Word_10747" HPOS="328" VPOS="2920" WIDTH="145" HEIGHT="43" CONTENT="When" />
            <SP ID="SP_9633" HPOS="473" VPOS="2919" WIDTH="37" HEIGHT="0" />
            <String ID="Word_10748" HPOS="510" VPOS="2919" WIDTH="75" HEIGHT="41" CONTENT="the" />
            <SP ID="SP_9634" HPOS="585" VPOS="2919" WIDTH="35" HEIGHT="0" />
            <String ID="Word_10749" HPOS="620" VPOS="2930" WIDTH="144" HEIGHT="43" CONTENT="power" />
            <SP ID="SP_9635" HPOS="764" VPOS="2915" WIDTH="36" HEIGHT="0" />
            <String ID="Word_10750" HPOS="800" VPOS="2915" WIDTH="45" HEIGHT="41" CONTENT="of" />
            <SP ID="SP_9636" HPOS="845" VPOS="2912" WIDTH="33" HEIGHT="0" />
            <String ID="Word_10751" HPOS="878" VPOS="2912" WIDTH="279" HEIGHT="43" CONTENT="enunciating" />
            <SP ID="SP_9637" HPOS="1157" VPOS="2912" WIDTH="32" HEIGHT="0" />
            <String ID="Word_10752" HPOS="1189" VPOS="2912" WIDTH="158" HEIGHT="43" CONTENT="vowels" />
            <SP ID="SP_9638" HPOS="1347" VPOS="2912" WIDTH="32" HEIGHT="0" />
            <String ID="Word_10753" HPOS="1379" VPOS="2913" WIDTH="165" HEIGHT="42" CONTENT="readily" />
            <SP ID="SP_9639" HPOS="1544" VPOS="2913" WIDTH="28" HEIGHT="0" />
            <String ID="Word_10754" HPOS="1572" VPOS="2914" WIDTH="35" HEIGHT="41" CONTENT="is" />
            <SP ID="SP_9640" HPOS="1607" VPOS="2913" WIDTH="30" HEIGHT="0" />
            <String ID="Word_10755" HPOS="1637" VPOS="2913" WIDTH="212" HEIGHT="55" CONTENT="acquired," />
            <SP ID="SP_9641" HPOS="1849" VPOS="2913" WIDTH="22" HEIGHT="0" />
            <String ID="Word_10756" HPOS="1871" VPOS="2914" WIDTH="73" HEIGHT="42" CONTENT="the" />
          </TextLine>
          <TextLine ID="TextLine_1116" HPOS="327" VPOS="2983" WIDTH="1399" HEIGHT="66">
            <String ID="Word_10757" HPOS="327" VPOS="2992" WIDTH="170" HEIGHT="57" CONTENT="patient" />
            <SP ID="SP_9642" HPOS="497" VPOS="2992" WIDTH="20" HEIGHT="0" />
            <String ID="Word_10758" HPOS="517" VPOS="3003" WIDTH="81" HEIGHT="29" CONTENT="can" />
            <SP ID="SP_9643" HPOS="598" VPOS="2987" WIDTH="23" HEIGHT="0" />
            <String ID="Word_10759" HPOS="621" VPOS="2987" WIDTH="103" HEIGHT="43" CONTENT="then" />
            <SP ID="SP_9644" HPOS="724" VPOS="2984" WIDTH="22" HEIGHT="0" />
            <String ID="Word_10760" HPOS="746" VPOS="2984" WIDTH="183" HEIGHT="58" CONTENT="proceed" />
            <SP ID="SP_9645" HPOS="929" VPOS="2984" WIDTH="23" HEIGHT="0" />
            <String ID="Word_10761" HPOS="952" VPOS="2989" WIDTH="44" HEIGHT="36" CONTENT="to" />
            <SP ID="SP_9646" HPOS="996" VPOS="2983" WIDTH="23" HEIGHT="0" />
            <String ID="Word_10762" HPOS="1019" VPOS="2983" WIDTH="183" HEIGHT="55" CONTENT="practise" />
            <SP ID="SP_9647" HPOS="1202" VPOS="2983" WIDTH="23" HEIGHT="0" />
            <String ID="Word_10763" HPOS="1225" VPOS="2996" WIDTH="115" HEIGHT="41" CONTENT="upon" />
            <SP ID="SP_9648" HPOS="1340" VPOS="2983" WIDTH="24" HEIGHT="0" />
            <String ID="Word_10764" HPOS="1364" VPOS="2983" WIDTH="73" HEIGHT="43" CONTENT="the" />
            <SP ID="SP_9649" HPOS="1437" VPOS="2983" WIDTH="23" HEIGHT="0" />
            <String ID="Word_10765" HPOS="1460" VPOS="2987" WIDTH="266" HEIGHT="38" CONTENT="consonants." />
          </TextLine>
          <TextLine ID="TextLine_1117" HPOS="385" VPOS="3051" WIDTH="1556" HEIGHT="60">
            <String ID="Word_10766" HPOS="385" VPOS="3061" WIDTH="37" HEIGHT="42" CONTENT="4." />
            <SP ID="SP_9650" HPOS="422" VPOS="3061" WIDTH="36" HEIGHT="0" />
            <String ID="Word_10767" HPOS="458" VPOS="3061" WIDTH="52" HEIGHT="41" CONTENT="In" />
            <SP ID="SP_9651" HPOS="510" VPOS="3056" WIDTH="25" HEIGHT="0" />
            <String ID="Word_10768" HPOS="535" VPOS="3056" WIDTH="259" HEIGHT="45" CONTENT="concluding" />
            <SP ID="SP_9652" HPOS="794" VPOS="3054" WIDTH="18" HEIGHT="0" />
            <String ID="Word_10769" HPOS="812" VPOS="3054" WIDTH="71" HEIGHT="43" CONTENT="the" />
            <SP ID="SP_9653" HPOS="883" VPOS="3052" WIDTH="25" HEIGHT="0" />
            <String ID="Word_10770" HPOS="908" VPOS="3052" WIDTH="199" HEIGHT="44" CONTENT="teaching" />
            <SP ID="SP_9654" HPOS="1107" VPOS="3052" WIDTH="18" HEIGHT="0" />
            <String ID="Word_10771" HPOS="1125" VPOS="3052" WIDTH="46" HEIGHT="42" CONTENT="of" />
            <SP ID="SP_9655" HPOS="1171" VPOS="3051" WIDTH="19" HEIGHT="0" />
            <String ID="Word_10772" HPOS="1190" VPOS="3051" WIDTH="71" HEIGHT="43" CONTENT="the" />
            <SP ID="SP_9656" HPOS="1261" VPOS="3051" WIDTH="18" HEIGHT="0" />
            <String ID="Word_10773" HPOS="1279" VPOS="3051" WIDTH="216" HEIGHT="56" CONTENT="alphabet," />
            <SP ID="SP_9657" HPOS="1495" VPOS="3051" WIDTH="15" HEIGHT="0" />
            <String ID="Word_10774" HPOS="1510" VPOS="3052" WIDTH="72" HEIGHT="43" CONTENT="the" />
            <SP ID="SP_9658" HPOS="1582" VPOS="3051" WIDTH="19" HEIGHT="0" />
            <String ID="Word_10775" HPOS="1601" VPOS="3051" WIDTH="168" HEIGHT="43" CONTENT="teacher" />
            <SP ID="SP_9659" HPOS="1769" VPOS="3051" WIDTH="17" HEIGHT="0" />
            <String ID="Word_10776" HPOS="1786" VPOS="3051" WIDTH="84" HEIGHT="42" CONTENT="will" />
            <SP ID="SP_9660" HPOS="1870" VPOS="3051" WIDTH="19" HEIGHT="0" />
            <String ID="Word_10777" HPOS="1889" VPOS="3051" WIDTH="52" HEIGHT="42" CONTENT="do" />
          </TextLine>
        </TextBlock>
      </PrintSpace>
    </Page>
  </Layout>
</alto>
