1972 3202
612 289 92 31 THE
728 288 89 32 RED
841 288 58 33 OR
922 289 182 31 ASIATIC
1129 288 388 35 ORANG-OUTANG.

387 280 59 48 92

387 429 123 40 maiij
542 415 91 46 and
661 429 75 32 are
766 415 346 61 acknowledged
1141 421 46 40 to
1221 416 55 45 be
1309 422 163 40 correct
1505 424 251 39 represent-

387 491 160 47 ations.
616 493 98 45 The
732 492 170 45 animal
924 490 113 46 from
1056 492 149 45 which
1228 498 113 56 they
1359 508 116 31 were
1498 499 139 40 taken
1662 511 94 29 was

388 568 231 46 exhibited
648 568 49 45 in
728 568 264 45 Edinbm’gh
1016 569 63 60 by
1103 569 76 44 Mr
1202 568 130 61 Cops^
1365 568 48 46 in
1437 569 182 62 August
1652 571 104 54 last,

388 645 91 45 and
505 660 79 30 our
611 644 464 46 acknowledgements
1099 660 74 30 are
1197 645 86 45 due
1306 651 46 39 to
1376 646 102 45 that
1500 647 258 60 gentleman

387 720 67 46 for
482 720 263 62 permitting
772 721 79 45 the
881 721 222 45 drawings
1132 727 46 39 to
1207 722 54 45 be
1297 736 148 39 made,
1470 723 90 45 and
1590 721 65 47 for
1688 723 71 45 his

387 798 138 60 polite
549 797 226 46 attention
797 797 48 45 in
868 797 205 61 pointing
1096 803 79 39 out
1198 797 59 46 its
1280 798 315 60 peculiarities.

455 874 99 45 The
575 874 179 61 general
772 879 169 40 actions
959 872 50 47 of
1015 873 91 46 this
1125 889 223 45 specimen
1366 890 92 30 also
1476 876 284 60 correspond-

390 950 56 45 ed
461 950 114 45 with
592 956 128 39 those
743 951 140 44 above
907 950 256 53 described;
1197 950 71 45 his
1290 966 189 30 manner
1497 950 50 47 of
1561 967 200 46 progres-

391 1042 97 29 sion
527 1041 94 30 was
657 1025 174 46 always
870 1025 190 45 assisted
1097 1026 63 60 by
1195 1032 79 39 the
1313 1042 132 40 arms,
1486 1028 170 61 resting
1689 1028 71 45 his

390 1103 221 45 knuckles
651 1117 57 31 on
746 1102 79 45 the
860 1101 107 46 floor
1006 1100 51 47 of
1087 1107 79 40 the
1205 1108 271 55 apartment,
1519 1104 90 44 and
1653 1104 107 45 thus

391 1179 171 61 having
605 1194 28 29 a
675 1180 302 44 resemblance
1016 1184 47 40 to
1108 1193 27 30 a
1178 1193 159 46 person
1380 1195 120 29 upon
1545 1180 215 45 crutches.

393 1255 135 46 After
549 1255 134 61 being
703 1255 192 46 brought
929 1254 95 47 into
1052 1260 78 39 the
1159 1269 137 39 room,
1321 1254 58 46 he
1402 1256 151 44 would
1580 1271 110 38 seat,
1716 1271 47 30 or

392 1338 153 40 rather
568 1337 148 55 squat,
731 1329 190 47 himself
936 1346 58 31 on
1017 1346 28 30 a
1067 1346 107 39 sofa,
1195 1331 90 45 and
1308 1331 168 61 having
1486 1331 276 62 judiciously

392 1407 150 48 folded
580 1424 29 30 a
642 1408 187 46 blanket
868 1406 52 47 of
945 1407 169 46 flannel
1151 1407 147 46 round
1340 1408 113 54 him,
1491 1409 152 44 would
1683 1409 79 45 de-

392 1485 240 61 liberately
655 1499 166 46 survey
842 1490 80 39 the
951 1483 192 46 visiters.
1218 1483 45 46 A
1302 1484 193 45 checked
1525 1484 112 46 shirt
1669 1500 91 30 was

393 1560 259 62 frequently
690 1567 179 39 thrown
908 1575 104 31 over
1054 1559 112 55 him,
1209 1560 149 48 which
1395 1560 58 46 he
1492 1576 117 30 wore
1649 1567 111 39 with

393 1644 125 55 great
554 1652 325 46 complacency.
947 1636 98 46 One
1082 1636 91 61 day
1212 1652 28 29 a
1271 1643 259 55 gentleman
1567 1637 197 61 wearing

394 1715 125 45 linen
542 1714 51 46 of
607 1729 28 30 a
657 1712 170 46 similar
859 1717 180 56 pattern
1063 1713 220 60 appeared
1312 1713 47 44 in
1392 1719 79 39 the
1505 1728 136 39 room,
1673 1715 90 43 and

398 1806 94 30 was
536 1788 313 61 immediately
895 1788 171 46 singled
1105 1803 93 39 out,
1233 1804 81 29 nor
1347 1804 94 30 was
1474 1795 78 39 the
1592 1789 172 45 animal

399 1866 199 46 satisfied
630 1865 119 46 until
781 1865 58 45 he
863 1880 93 30 was
990 1864 191 45 allowed
1213 1870 46 40 to
1294 1864 208 46 examine
1530 1871 80 39 the
1633 1864 129 55 shirt,

399 1943 174 62 pulling
587 1942 37 46 it
647 1948 79 41 out
748 1940 114 47 from
879 1941 79 45 the
980 1942 164 53 breast,
1161 1941 90 45 and
1264 1941 184 61 holding
1462 1941 36 45 it
1513 1941 48 45 in
1585 1957 181 45 compa-

399 2020 121 45 rison
556 2018 115 47 with
701 2018 103 45 that
844 2017 148 45 which
1022 2017 184 46 covered
1239 2016 196 56 himself,
1461 2018 306 61 expressively

399 2096 180 61 looking
600 2111 62 44 up
684 2095 48 45 in
760 2100 80 39 the
874 2094 295 61 gentleman’s
1202 2093 109 55 face,
1337 2109 48 30 as
1419 2093 42 46 if
1487 2094 205 45 doubtful
1726 2094 51 46 of

399 2172 72 45 his
509 2171 120 45 right
667 2176 46 40 to
747 2185 27 31 a
806 2172 107 59 garb
936 2170 148 44 which
1119 2170 159 60 agreed
1300 2185 46 31 so
1369 2185 157 46 nearly
1550 2170 113 45 with
1697 2170 71 46 his

404 2263 116 30 own.

469 2324 88 45 His
592 2327 192 41 motions
815 2337 117 30 were
970 2337 116 29 calm
1119 2322 90 44 and
1244 2321 166 54 sedate,
1444 2321 114 46 with
1592 2337 28 30 a
1651 2339 118 29 sem-

404 2402 157 44 blance
585 2398 49 48 of
649 2398 219 61 timidity,
894 2398 90 45 and
1005 2398 57 45 he
1086 2398 77 45 did
1191 2404 79 40 not
1293 2398 175 46 exhibit
1490 2404 103 40 that
1611 2400 160 59 quick-

406 2491 102 31 ness
547 2475 89 46 and
669 2474 191 61 activity
898 2489 70 31 we
1006 2489 74 31 are
1115 2475 110 44 used
1260 2480 46 40 to
1346 2474 218 46 attribute
1602 2481 46 40 to
1692 2477 79 45 the

410 2552 363 62 quadrumanous
806 2550 205 47 animals.
1079 2551 111 46 Two
1223 2566 152 47 young
1407 2552 105 45 boas
1547 2567 116 31 were
1692 2567 81 31 ex-
