2107 3450
496 295 140 33 NOTES
670 294 53 33 AS
755 294 56 31 TO
844 294 88 30 THE
965 293 406 33 SPEECH-CENTRES.
1679 282 84 42 281

105 419 115 42 tions
247 418 46 42 of
320 417 43 43 A
395 416 84 43 and
514 416 36 42 B
580 420 107 38 with
721 414 33 44 C
787 414 87 43 and
907 414 55 51 D,
995 413 37 43 it
1065 428 114 42 may,
1213 414 23 42 I
1269 413 145 53 think,
1447 414 54 42 be
1535 413 95 43 said
1662 412 100 43 that

106 490 59 42 all
197 490 75 43 the
304 502 267 31 connexions
603 486 223 44 indicated
850 487 59 56 by
931 486 75 42 the
1029 485 113 43 lines
1166 486 47 42 of
1232 486 75 42 the
1331 486 194 56 diagram
1549 486 215 55 probably

105 562 113 43 exist
250 563 198 41 between
491 560 146 43 them;
675 559 86 43 and
804 558 99 43 that
945 557 131 58 along
1108 557 124 43 these
1265 557 114 43 lines
1413 558 75 42 the
1522 557 242 42 influences

105 649 101 41 may
230 633 151 44 travel,
414 647 47 29 as
483 631 223 44 indicated
728 632 59 42 by
810 631 75 43 the
908 644 172 29 arrows,
1103 630 143 42 either
1272 630 46 41 in
1344 630 75 43 the
1443 644 82 29 one
1549 629 215 43 direction

103 718 47 28 or
172 703 46 44 in
252 703 73 43 the
349 703 134 43 other.
546 703 139 42 What
708 701 240 58 particular
969 702 166 42 images
1168 715 72 28 are
1273 700 181 44 revived
1488 701 59 56 by
1569 700 77 42 the
1670 704 93 38 acts

103 775 44 42 of
170 775 141 43 Silent
333 775 237 56 Thinking,
587 774 235 57 Speaking,
840 773 214 57 Eeading,
1074 773 86 43 and
1182 773 209 58 Writing,
1410 774 23 42 I
1456 773 112 43 have
1587 786 177 42 already

102 847 221 43 indicated
346 848 47 42 in
417 848 75 42 the
514 847 88 43 last
624 852 193 51 chapter.

160 919 129 43 With
321 920 108 42 such
462 934 25 28 a
520 920 196 42 diagram
749 934 46 28 as
828 920 90 42 Fig.
949 920 25 42 3
1004 918 147 44 before
1175 933 63 29 us,
1270 919 38 42 it
1340 919 38 42 is
1412 933 56 28 an
1500 917 265 56 interesting

102 992 189 43 exercise
325 997 44 38 to
402 992 199 43 consider
634 992 98 43 how
768 992 74 43 the
874 992 196 42 diagram
1094 991 146 43 would
1264 992 112 42 have
1400 995 44 38 to
1467 991 54 43 be
1545 989 221 51 modified,

100 1065 39 42 if
159 1079 64 29 we
248 1065 163 43 wished
435 1070 43 38 to
501 1069 226 39 represent
751 1065 74 43 the
849 1063 497 58 speech-centres—(1),
1378 1063 47 41 in
1459 1077 56 27 an
1548 1075 217 29 educated

103 1137 135 43 Blind
270 1152 169 41 person,
474 1138 95 42 who
603 1152 81 28 can
715 1137 103 43 read
851 1137 59 43 by
942 1136 158 43 touch;
1138 1136 86 42 and
1257 1136 80 57 (2),
1369 1136 48 42 in
1453 1149 58 28 an
1549 1148 215 29 educated

101 1209 279 43 Deaf-Mute,
404 1210 97 42 who
523 1209 79 43 has
625 1210 111 42 been
758 1208 174 44 trained
961 1209 59 42 by
1045 1208 74 43 the
1153 1213 20 16 "
1190 1208 268 56 lip-reading
1479 1206 182 44 method
1676 1206 20 16 "
1720 1210 45 38 to

102 1295 220 30 converse,
345 1282 87 42 and
455 1282 96 42 who
575 1296 81 28 can
677 1281 104 43 read
803 1281 86 42 and
914 1286 134 37 write.

161 1353 85 41 For
287 1353 349 55 representation
679 1353 45 42 of
771 1352 75 42 the
889 1357 171 37 centres
1103 1352 46 41 in
1194 1352 75 42 the
1313 1350 136 43 Blind
1491 1364 170 42 person,
1700 1363 65 28 we

102 1424 158 42 should
298 1425 112 41 have
451 1429 45 37 to
538 1425 124 42 leave
705 1428 77 38 out
820 1424 75 42 the
933 1427 147 39 centre
1120 1423 46 43 C,
1202 1423 87 42 and
1333 1422 242 43 substitute
1619 1422 67 41 for
1729 1421 38 42 it

102 1497 182 42 another
321 1502 149 37 centre
506 1497 47 41 in
587 1496 143 42 which
763 1510 73 28 are
868 1495 145 43 stored
1052 1496 75 42 the
1165 1495 168 43 Tactile
1373 1495 308 55 word-images
1719 1508 48 28 or

99 1568 231 42 memories
363 1568 179 43 revived
573 1568 58 56 by
665 1568 75 42 the
772 1567 125 43 blind
932 1568 45 41 in
1011 1567 208 43 reading.1
1298 1569 84 40 For
1414 1566 353 57 representation

100 1640 45 43 of
171 1640 74 43 the
269 1649 170 34 centres
462 1641 48 41 in
533 1640 75 43 the
631 1640 214 43 educated
865 1640 281 43 Deaf-Mute,
1171 1655 63 27 we
1258 1640 161 42 should
1442 1640 112 42 have
1579 1644 44 38 to
1640 1639 126 42 leave

100 1714 77 38 out
204 1710 74 42 the
305 1714 149 38 centre
476 1709 55 53 A,
558 1710 87 42 and
677 1709 125 57 place
835 1709 225 43 alongside
1090 1711 45 41 of
1169 1710 47 43 C,
1245 1709 49 43 in
1327 1710 75 42 the
1427 1709 144 43 visual
1601 1723 100 28 area
1724 1708 45 43 of

99 1779 75 42 the
198 1784 161 47 cortex,
382 1778 185 44 another
589 1784 148 38 centre
761 1780 66 41 for
848 1780 75 41 the
948 1779 143 42 visual
1114 1780 232 42 memories
1370 1779 45 42 of
1435 1779 278 42 lip-reading.

158 1848 42 42 A
233 1849 89 42 fact
356 1849 44 41 of
431 1853 121 52 great
583 1849 211 55 practical
826 1849 272 56 importance
1131 1850 47 41 in
1205 1849 189 42 relation
1424 1853 46 38 to
1501 1848 76 43 the
1607 1848 161 57 speech

101 1923 169 38 centres
312 1918 51 43 is,
404 1918 99 43 that
544 1919 48 41 in
630 1919 76 42 the
744 1919 127 42 brain
909 1919 106 43 they
1053 1933 71 28 are
1162 1919 59 42 all
1260 1919 194 42 situated
1493 1919 161 42 within
1692 1919 76 43 the

103 1988 203 55 territory
344 1988 206 56 supplied
587 1988 58 56 by
680 1988 76 43 the
793 1988 167 43 middle
998 1988 194 43 cerebral
1235 2002 157 29 artery.
1457 1988 105 43 This
1601 1987 91 44 fact
1729 1989 39 42 is

106 2058 123 42 made
277 2057 179 43 evident
505 2058 60 55 by
606 2058 180 42 Duret's
830 2057 283 43 well-known
1160 2058 208 55 diagram,
1412 2057 145 43 which
1600 2058 23 42 I
1667 2073 97 27 now

101 2127 237 56 reproduce
356 2127 109 56 (Fig.
484 2127 59 56 4).
598 2127 57 42 In
672 2126 89 44 this
780 2127 208 56 diagram,
1007 2127 75 43 the
1105 2128 155 42 fissure
1283 2127 45 43 of
1350 2127 182 43 Sylvius
1554 2128 37 42 is
1615 2127 152 43 shown

102 2196 168 56 opened
290 2210 71 42 up,
379 2210 47 28 so
443 2210 48 29 as
509 2200 44 38 to
572 2195 174 57 display
764 2196 76 43 the
856 2196 174 43 Middle
1051 2196 204 43 Cerebral
1273 2206 48 33 Or
1338 2196 186 57 Sylvian
1538 2197 163 43 Artery
1720 2198 47 42 in

103 2269 60 43 all
180 2270 58 42 its
256 2269 165 56 length,
439 2268 87 43 and
544 2273 44 38 to
606 2268 121 43 show
745 2268 98 43 how
864 2269 74 43 the
957 2269 174 42 various
1146 2269 311 43 convolutions
1473 2271 297 56 surrounding

87 2381 3 3 .
105 2341 73 43 the
205 2340 185 44 Sylvian
413 2341 155 42 fissure
590 2354 71 30 are
684 2340 207 57 supplied
914 2341 58 56 by
998 2340 213 44 branches
1235 2341 44 43 of
1301 2341 91 43 this
1415 2346 156 39 artery.

163 2413 45 43 It
230 2413 92 42 will
346 2413 52 43 be
421 2413 212 43 observed
655 2413 99 43 that
776 2427 82 29 one
881 2413 166 43 branch
1069 2414 37 43 is
1130 2413 206 58 supplied
1369 2418 45 39 to
1450 2414 74 44 the
1556 2416 216 55 posterior

102 2485 239 44 extremity
358 2485 46 43 of
424 2485 76 44 the
523 2485 120 44 third
666 2485 164 43 frontal
853 2485 299 44 convolution,
1184 2485 186 44 another
1391 2490 45 39 to
1460 2486 75 44 the
1558 2488 215 55 posterior

103 2558 239 57 extremity
373 2559 45 42 of
451 2558 75 44 the
560 2559 161 43 second
754 2558 178 51 frontal,
964 2559 186 43 another
1181 2563 45 39 to
1259 2559 76 43 the
1361 2559 215 57 posterior
1608 2560 98 43 half
1729 2562 47 42 of

101 2631 73 43 the
207 2631 95 43 first
334 2631 214 57 temporal
582 2631 299 44 convolution,
914 2632 86 43 and
1025 2633 146 43 others
1204 2637 45 39 to
1288 2633 76 43 the
1397 2634 374 57 supra-marginal

103 2703 86 43 and
207 2704 182 57 angular
406 2704 318 44 convolutions.
788 2705 79 43 All
889 2705 97 44 four
1010 2705 354 57 speech-centres
1387 2720 71 29 are
1482 2707 104 43 thus
1611 2712 160 39 within

105 2775 73 44 the
201 2790 99 29 area
322 2777 205 56 supplied
549 2778 59 43 by
631 2778 89 43 this
744 2791 155 44 artery.

162 2847 46 43 It
238 2849 37 42 is
309 2862 55 28 no
396 2854 99 51 part
527 2850 45 41 of
603 2864 75 42 my
712 2850 223 43 intention
969 2854 45 39 to
1047 2850 195 44 describe
1269 2851 75 44 the
1370 2853 174 43 various
1568 2853 137 43 forms
1728 2853 48 43 of

151 2976 12 24 1
189 2976 213 49 According
420 2981 37 33 to
476 2976 64 38 the
567 2978 135 37 results
725 2978 41 37 of
788 2984 128 32 recent
939 2980 282 49 investigation,
1240 2981 130 37 tactile
1389 2982 189 36 sensation
1597 2993 118 25 seems
1734 2985 37 33 to

102 3034 96 37 have
223 3047 22 24 a
271 3034 139 37 double
435 3037 295 47 representation
757 3038 41 36 in
825 3038 65 37 the
915 3036 121 51 brain,
1065 3039 126 49 partly
1211 3039 39 36 in
1271 3039 65 37 the
1354 3043 124 33 motor
1495 3045 276 41 convolutions,

103 3093 75 36 and
208 3093 126 48 partly
368 3094 38 35 in
439 3093 64 37 the
539 3094 131 37 limine
698 3095 88 38 lobe
812 3096 130 49 (gyrus
971 3097 232 37 i'ornicatus).
1263 3098 71 36 See
1362 3098 48 36 V.
1442 3098 175 47 Horsley,
1637 3098 40 35 in
1708 3097 64 36 the

105 3154 217 37 Nineteenth
341 3155 165 49 Century,
526 3156 102 36 June
651 3159 105 35 1801.

1510 3209 25 41 2
1560 3219 28 30 N
