2113 3404
416 286 86 41 490

1154 307 42 29 IN
1204 307 96 30 DFX.

417 409 269 49 Interjections,
705 414 118 47 origin
842 415 47 46 of,
912 420 78 34 157.

419 466 168 37 Internal
605 469 141 47 speech,
765 475 131 33 nature
915 473 46 45 of,
981 474 78 36 235.

419 522 212 48 Invention,
649 527 120 36 words
786 527 40 36 of
840 540 21 24 a
878 528 132 38 child's
1027 543 95 33 own,
1143 531 67 37 103
1231 533 73 36 and
1334 537 64 34 160
1416 548 7 30 ;
1449 536 117 35 words
1593 536 39 35 of
1653 548 46 24 an
1720 536 196 36 imbecile's
1939 548 92 33 own,

516 581 70 34 124
603 581 74 35 and
698 585 77 33 126.

422 634 162 47 Ireland,
603 637 95 37 Wm.
719 639 71 45 W.,
813 643 77 43 120,
914 645 78 42 121,
1014 646 78 34 126,
1110 644 73 36 and
1205 648 77 33 129.

422 690 128 37 Island
570 692 40 36 of
624 693 96 47 Reil,
737 696 81 36 329.

422 798 172 47 Jackson,
615 800 225 51 Hughlings,
863 807 78 43 194,
961 807 81 43 242,
1062 809 81 43 252,
1163 810 79 41 263,
1260 809 74 35 and
1353 811 78 33 265.

421 854 173 46 Jackson,
615 856 188 49 Scoresby,
823 860 81 35 392.

421 910 150 48 Jeffrey,
589 912 106 46 Lord,
717 917 79 32 200.

424 967 98 36 Joan
540 968 39 36 of
592 969 87 45 Arc,
701 971 76 34 193.

1702 1048 5 8 »

428 1074 195 48 Kingsley,
642 1076 163 47 Charles,
825 1079 33 35 3.

427 1131 193 47 Kingsley,
639 1133 168 37 Norman
825 1135 74 36 W.,
919 1138 20 32 5
957 1135 74 36 and
1051 1136 79 36 136.

428 1187 152 46 Krause,
600 1189 70 35 302
688 1190 74 35 and
779 1193 80 34 419.

427 1243 129 47 Kuhn,
576 1245 56 44 R.,
651 1246 81 36 390.

430 1301 214 45 Kussmaul,
665 1303 32 45 3,
719 1306 55 43 19,
794 1307 55 41 21,
870 1307 56 42 26,
945 1305 57 43 30,
1022 1305 56 44 31,
1098 1305 56 45 32,
1174 1308 56 42 44,
1254 1305 76 45 130,
1354 1307 77 44 134,
1454 1309 77 41 144,
1553 1309 77 40 169,
1652 1309 77 42 190,
1753 1308 79 43 209,
1859 1307 79 42 255,
1964 1306 79 42 274,

526 1358 80 44 398,
625 1359 82 45 399,
727 1362 82 43 410,
827 1361 74 35 and
920 1364 82 33 427.

431 1464 171 47 Ladame,
622 1466 81 37 397.

432 1520 159 49 Lalling,
623 1522 40 35 of
688 1522 180 47 children,
902 1525 93 42 117;
1024 1536 102 24 upon
1155 1537 21 23 a
1206 1524 118 48 single
1354 1529 211 40 consonant,
1598 1525 92 35 134;
1724 1523 203 36 contrasted
1955 1527 91 31 with

528 1580 250 47 stammering,
800 1581 65 35 137
885 1580 74 36 and
976 1583 70 33 258
1065 1594 9 30 ;
1101 1581 38 34 in
1159 1580 200 44 imbeciles,
1380 1581 78 45 123,
1480 1583 78 33 124,
1576 1581 73 35 and
1670 1583 66 33 126
1754 1593 8 30 ;
1788 1580 40 35 in
1853 1580 194 42 dementia,

527 1634 70 37 207
614 1648 8 30 ;
645 1636 41 35 in
704 1640 119 32 motor
840 1636 159 48 aphasia,
1019 1638 79 35 315.

432 1688 160 38 Landois
612 1692 73 35 and
704 1693 169 47 Stirling,
891 1694 59 35 34.

432 1745 223 50 Languages,
671 1748 255 37 classification
941 1749 46 45 of,
1004 1752 64 34 161
1090 1763 7 29 ;
1123 1749 148 36 radical,
1289 1752 67 33 162
1373 1763 8 30 ;
1407 1749 277 47 agglutinative,
1700 1751 66 34 162
1785 1761 7 30 ;
1813 1746 235 44 inflectional,

533 1805 77 35 163.

433 1859 158 46 Larynx,
610 1860 115 36 thesis
743 1874 48 23 on
808 1861 63 36 the
889 1861 222 48 physiology
1128 1862 39 35 of
1181 1861 75 45 the,
1275 1864 80 34 463.

433 1915 204 48 Laughing,
655 1917 42 36 in
714 1917 179 46 children,
913 1921 55 33 91.

433 1971 208 47 Leichardt,
653 1974 87 40 .157.

435 2028 121 46 Leith,
575 2030 81 36 347.

436 2084 327 38 Lennox-Browne
781 2087 73 35 and
873 2086 165 36 Behnke,
1058 2087 44 35 62
1121 2087 72 35 and
1214 2089 76 33 169.

437 2141 152 48 L'Epee,
608 2142 110 36 Abbe
736 2143 57 35 de,
813 2143 80 35 143.

434 2197 130 45 Lewis,
584 2198 51 36 M.
655 2198 48 46 J.,
723 2199 55 45 78,
799 2199 55 44 79,
874 2199 56 36 82,
949 2199 74 36 and
1041 2202 55 32 85.

438 2253 224 47 Lichtheim,
682 2255 81 45 253,
784 2255 81 45 268,
884 2256 83 44 275,
986 2256 82 44 276,
1088 2255 81 45 286,
1189 2255 81 44 294,
1290 2254 81 45 312,
1391 2253 80 45 320,
1491 2254 79 44 357,
1590 2253 80 44 3G3,
1689 2252 80 44 364,
1788 2251 80 44 366,
1886 2250 72 36 and
1976 2249 79 36 370.

437 2310 177 47 Lindner,
634 2310 154 36 Gustav,
810 2314 76 32 109.

437 2367 236 48 Logagnosia,
693 2369 80 35 374.

438 2423 250 48 Logamnesia,
707 2425 83 36 375.

438 2479 232 48 Logorrhcca,
692 2481 65 34 139
777 2480 74 35 and
869 2480 82 35 210.

439 2535 269 48 Logospasmus
726 2535 264 47 choreiformis,
1009 2539 57 42 56,
1085 2536 80 35 208,
1184 2535 73 36 and
1276 2535 80 35 403.

438 2592 178 47 Longuet,
635 2592 34 36 J.
690 2592 56 36 R.,
767 2592 80 35 390.

438 2648 148 36 Lordat,
605 2648 70 36 253
693 2648 73 35 and
784 2651 81 32 406.

438 2704 192 36 Lubbock,
650 2704 60 35 Sir
726 2704 113 36 John,
859 2703 58 36 92.

438 2761 144 36 Lucas's
600 2765 88 43 type
706 2760 56 35 for
779 2759 63 36 the
859 2758 117 37 blind,
1000 2759 75 35 177.

437 2818 122 45 Lunn,
579 2817 162 37 Charles,
762 2817 56 36 62.

437 2933 176 45 M'Bride,
637 2933 52 45 P.,
708 2935 47 35 64
772 2931 73 37 and
864 2934 79 33 441.

438 2989 259 37 M'Kendrick,
717 2989 57 36 34.

439 3045 224 37 Mackenzie,
683 3045 60 35 Sir
762 3043 144 45 Morell,
927 3043 57 44 38,
1005 3042 56 45 39,
1080 3043 58 43 40,
1157 3043 58 42 41,
1235 3040 57 46 67,
1311 3039 57 45 72,
1389 3039 55 46 74,
1463 3038 79 45 431,
1563 3037 71 35 and
1654 3037 79 35 433.

438 3103 203 37 Mackness,
661 3102 55 37 75.
