2113 3404
938 241 87 31 THE
1058 242 241 32 DISORDERS
1331 243 53 32 OF
1415 245 174 33 SPEECH.

438 225 84 42 396

500 354 154 45 Before
685 357 174 58 leaving
889 359 74 43 the
997 360 168 55 subject
1196 362 44 41 of
1271 362 204 56 insanity,
1497 364 210 52 however,
1731 365 61 43 let
1822 379 51 29 us
1903 370 100 38 note
2034 381 23 27 a

443 426 165 56 variety
632 429 46 41 of
706 429 162 43 seizure
890 430 99 42 that
1012 445 63 28 we
1099 431 111 42 shall
1245 436 76 38 not
1353 435 125 54 again
1509 435 109 42 have
1650 436 192 41 occasion
1877 442 41 35 to
1949 436 111 42 refer

443 497 128 41 to—I
605 512 123 29 mean
760 500 74 42 the
865 501 282 55 "congestive
1181 503 203 42 attacks"
1416 505 43 41 of
1492 506 169 54 general
1694 506 218 55 paralysis.
1972 506 83 42 We

445 580 99 42 may
561 581 75 41 say
654 569 132 42 about
809 569 46 51 it,
871 569 46 42 in
934 583 24 29 a
976 571 128 49 word,
1121 571 109 51 that,
1246 572 46 41 in
1315 573 188 54 patients
1521 575 104 41 with
1647 575 167 55 general
1840 576 218 54 paralysis,

444 642 244 51 temporary
711 639 176 55 aphasia
908 640 50 51 is,
975 640 109 41 after
1105 654 25 27 a
1157 644 22 19 "
1194 643 245 53 congestive
1462 643 180 43 attack,"
1668 646 46 39 of
1737 658 103 28 very
1861 658 194 28 common

443 721 263 30 occurrence.
778 710 90 41 The
901 723 183 29 nervous
1116 710 256 43 exhaustion
1410 714 211 54 resulting
1657 715 108 40 from
1803 715 71 41 the
1911 714 145 42 attack

444 791 139 30 seems
605 783 43 37 to
670 779 53 42 be
746 779 73 42 the
842 793 126 28 cause
990 780 46 41 of
1055 780 45 42 it.

998 948 197 55 Aphasia
1226 950 49 40 in
1310 950 207 41 Hysteria.

503 1066 54 41 In
596 1066 72 42 the
706 1066 157 42 second
899 1065 189 56 chapter,
1121 1066 74 42 the
1227 1067 297 42 disturbances
1561 1068 43 41 of
1641 1069 154 54 speech
1828 1069 95 42 that
1958 1084 97 40 may

445 1136 192 54 possibly
674 1136 52 42 be
763 1136 229 54 presented
1032 1136 46 41 in
1120 1136 190 55 hysteria
1353 1137 108 42 have
1504 1137 106 42 been
1652 1137 110 56 fully
1799 1138 259 42 considered.

445 1207 44 41 It
529 1207 87 41 will
654 1208 51 40 be
742 1206 292 42 remembered
1066 1206 96 42 that
1193 1207 57 55 by
1281 1207 65 41 far
1384 1207 72 42 the
1493 1213 263 36 commonest
1792 1209 45 40 of
1871 1208 120 42 these
2022 1209 36 41 is

445 1276 234 55 hysterical
710 1276 228 55 Aphonia;
975 1276 96 41 that
1100 1276 235 55 hysterical
1367 1277 185 41 Mutism
1583 1279 36 39 is
1652 1278 284 42 occasionally
1969 1284 88 35 met

444 1347 132 42 with;
617 1348 86 41 and
739 1347 97 42 that
875 1347 187 55 hysteria
1102 1347 77 42 has
1221 1348 236 54 important
1498 1349 202 41 relations
1742 1354 43 36 to
1827 1349 229 42 Stammer-

443 1419 429 54 ing,—stammering
904 1418 127 42 being
1062 1418 43 40 in
1140 1432 115 28 some
1287 1419 82 40 few
1402 1432 115 28 cases
1550 1419 222 55 distinctly
1796 1419 81 41 due
1909 1424 43 36 to
1985 1419 72 41 the

446 1503 183 28 nervous
659 1489 277 42 disturbance
967 1488 216 55 produced
1212 1489 56 41 by
1296 1503 54 26 an
1380 1488 230 55 hysterical
1640 1488 78 42 fit,1
1747 1489 84 41 and
1860 1489 128 42 being
2014 1489 44 40 in

446 1563 114 39 most
597 1574 119 27 cases
754 1573 24 27 a
816 1558 345 43 developmental
1198 1558 140 42 defect
1369 1559 45 41 of
1449 1559 155 54 speech
1635 1559 95 42 that
1765 1573 146 28 occurs
1953 1566 104 33 with

443 1631 160 55 special
624 1631 235 55 frequency
881 1629 45 42 in
950 1629 193 42 children
1167 1629 46 41 of
1230 1643 183 27 nervous
1436 1643 46 27 or
1508 1630 228 54 hysterical
1764 1634 291 37 constitution.

502 1702 83 41 We
606 1701 110 42 have
739 1714 99 28 seen
861 1700 96 42 how
979 1699 158 55 closely
1155 1699 233 55 hysterical
1409 1700 176 41 mutism
1609 1700 194 42 trenches
1825 1714 116 27 upon
1965 1704 92 37 true

444 1786 140 28 motor
630 1771 205 56 aphasia;
884 1770 74 42 the
1001 1770 117 41 chief
1160 1774 144 50 points
1346 1769 46 41 of
1438 1770 226 42 difference
1708 1770 128 42 being
1877 1775 95 37 that
2013 1769 43 42 in

444 1842 233 56 hysterical
701 1842 176 41 mutism
901 1841 73 41 the
997 1841 118 41 voice
1136 1840 49 50 is,
1206 1839 47 42 in
1275 1839 73 42 the
1379 1845 119 50 great
1518 1841 201 54 majority
1741 1841 43 41 of
1815 1855 127 35 cases,
1962 1840 96 50 lost,

443 1913 85 42 and
551 1912 73 42 the
646 1926 144 41 power
811 1911 45 42 of
882 1915 173 50 writing
1077 1909 258 55 completely
1358 1910 202 51 retained,
1585 1911 185 41 whereas
1791 1909 46 43 in
1859 1910 198 54 ordinary

443 1988 140 37 motor
604 1997 177 27 aphasia
802 1982 73 41 the
898 1981 120 42 voice
1040 1981 36 41 is
1098 1980 205 42 retained,
1325 1981 83 40 and
1441 1981 72 41 the
1545 1995 143 40 power
1708 1981 44 42 of
1785 1987 170 35 writing
1975 1980 84 41 lost

445 2069 46 28 or
511 2054 168 56 greatly
701 2052 222 56 impaired.

505 2126 113 41 True
650 2123 177 43 aphasia
849 2123 36 41 is
907 2136 92 28 rare
1022 2122 46 41 in
1091 2121 216 56 hysteria;
1338 2121 78 42 but
1438 2121 95 42 that
1554 2121 36 42 it
1611 2121 282 42 occasionally
1916 2135 145 28 occurs

444 2197 38 41 is
511 2210 97 28 now
641 2195 170 42 coming
842 2198 44 37 to
920 2193 52 41 be
1001 2192 73 42 the
1107 2191 203 43 accepted
1344 2192 109 41 view
1476 2191 46 42 of
1550 2192 121 41 those
1695 2191 94 42 who
1817 2191 109 42 have
1959 2191 101 55 paid

448 2272 113 37 most
592 2266 216 42 attention
841 2269 44 36 to
917 2263 74 42 the
1024 2263 177 42 subject.
1278 2262 136 42 There
1450 2276 71 28 are
1557 2276 107 37 now,
1700 2262 165 49 indeed,
1901 2261 161 42 several

448 2352 118 28 cases
589 2351 55 28 on
666 2335 147 42 record
836 2335 44 40 in
900 2333 141 41 which
1061 2347 24 26 a
1107 2336 95 38 true
1221 2337 137 37 motor
1379 2331 188 55 aphasia,
1589 2331 44 42 of
1653 2332 151 54 purely
1823 2331 237 41 functional

448 2407 150 56 origin,
619 2406 78 41 has
720 2405 108 41 been
861 2402 136 43 found
1031 2406 41 37 to
1104 2402 52 41 be
1189 2402 83 41 due
1304 2406 43 37 to
1380 2401 399 55 hysteria,—being,
1801 2414 45 28 as
1869 2415 23 27 a
1913 2401 103 49 rule,
2038 2415 24 26 a

448 2482 246 50 temporary
729 2478 136 38 result
902 2473 43 41 of
978 2486 117 28 some
1129 2472 232 55 hysterical
1395 2471 171 42 seizure.
1630 2471 51 40 In
1716 2484 116 28 some
1865 2471 46 41 of
1940 2470 120 42 those

449 2561 131 29 cases,
602 2560 46 28 as
670 2546 43 40 in
737 2544 74 42 the
835 2557 94 28 case
951 2541 228 56 originally
1201 2540 200 42 recorded
1422 2540 55 54 by
1503 2540 194 51 Charcot,
1718 2539 84 42 and
1824 2539 157 55 quoted
2005 2540 56 54 by

447 2616 184 45 Natier2
652 2617 46 40 in
720 2615 68 41 his
818 2612 225 43 collection
1067 2612 46 40 of
1132 2624 116 28 cases
1270 2610 44 41 of
1344 2609 232 56 hysterical
1596 2609 177 41 mutism
1796 2609 87 53 (see
1906 2609 154 41 second

446 2687 210 57 chapter),
679 2684 203 56 agraphia
903 2696 87 28 was
1011 2684 173 52 present
1205 2693 46 29 as
1273 2693 79 28 one
1375 2679 46 42 of
1450 2678 73 43 the
1545 2683 249 51 symptoms.
1856 2679 89 44 The
1968 2679 93 42 best

496 2808 13 22 1
536 2807 68 35 See
634 2804 63 36 the
726 2801 127 38 article
883 2799 157 38 entitled
1070 2798 94 36 "Du
1193 2797 243 48 begayement
1466 2796 245 48 hysterique,"
1741 2808 65 36 par
1839 2796 50 35 M.
1921 2795 144 36 Gilbert

449 2867 134 37 Ballet,
597 2865 97 36 Bull,
711 2867 28 32 et
758 2863 109 35 M4m.
888 2861 39 35 de
946 2860 36 36 la
1001 2859 72 36 Soc.
1089 2857 97 36 M4d.
1202 2857 56 35 des
1275 2857 185 46 H6pitaux
1477 2869 40 23 ile
1534 2856 119 45 Paris,
1669 2856 88 36 23rd
1776 2854 155 37 October
1950 2857 90 33 1889
2058 2866 7 30 ;

449 2939 77 25 also
555 2925 63 37 the
648 2922 138 38 article,
815 2922 21 19 "
849 2921 34 35 A
911 2929 133 37 propos
1061 2917 52 35 du
1132 2916 242 48 begayement
1391 2915 244 48 hysterique,"
1651 2927 66 36 par
1736 2915 34 35 le
1797 2915 55 35 Dr
1879 2914 189 45 Chervius,

449 2987 108 37 Arch,
576 2986 40 36 de
633 2981 222 47 Neurologic,
876 2981 103 43 1891,
997 2990 34 35 p.
1052 2979 81 34 365.

493 3047 14 23 '
534 3043 246 40 Contribution
796 3053 24 24 a
838 3039 121 37 Mude
976 3038 48 36 du
1042 3036 174 36 Mutismc
1234 3035 219 47 Hyste'rique,
1475 3037 101 42 1888,
1595 3046 35 36 p.
1650 3036 55 34 47.
