2107 3450
282 308 88 32 THE
406 308 161 30 ACTION
603 307 53 31 OF
688 306 89 32 THIS
810 305 168 32 SPEECH
1012 305 198 32 CENTRES
1245 306 46 30 IN
1327 305 223 33 INSANITY.
1661 295 85 43 203

657 3176 11 23 1
699 3176 142 48 Sdglas,
861 3189 53 35 op.
934 3177 71 47 cit.,
1025 3190 34 36 p.
1081 3180 81 35 247.

150 428 44 42 It
237 428 91 42 will
365 432 77 38 not
479 428 51 42 be
569 440 228 30 necessary
833 432 42 36 to
914 425 177 43 explain
1132 424 73 43 the
1244 424 261 56 physiology
1539 426 44 41 of
1622 425 123 44 these

86 500 181 56 graphic
291 498 352 44 hallucinations,
665 498 119 42 since
814 501 160 39 almost
1003 495 263 57 everything
1290 495 96 43 that
1409 495 78 43 has
1512 496 108 43 been
1649 496 95 44 said

87 572 231 55 regarding
341 571 72 43 the
436 585 260 42 physiology
721 569 46 44 of
797 569 74 43 the
894 568 346 43 hallucinations
1270 568 243 42 connected
1536 568 108 42 with
1667 569 77 43 the

89 648 139 37 motor
249 648 146 37 centre
421 643 63 42 for
506 643 214 56 speaking
752 641 168 56 applies
943 640 180 57 equally
1156 644 43 38 to
1230 639 135 43 them.
1430 640 92 42 The
1547 646 195 51 writing-

87 720 158 38 centre,
267 715 89 43 like
392 715 72 43 the
497 720 149 37 centre
682 716 62 41 for
775 713 225 57 speaking,
1029 713 37 42 is
1100 727 24 28 a
1157 717 149 38 centre
1332 712 157 52 which,
1512 712 233 57 according

87 790 43 37 to
154 785 73 42 the
251 790 113 38 most
393 791 149 37 recent
564 786 147 42 views,
739 786 37 42 is
810 791 77 37 not
920 784 105 43 only
1048 789 143 38 motor
1222 785 47 41 in
1303 784 215 51 function,
1543 784 79 42 but
1652 797 92 29 also

86 871 191 41 sensory,
294 857 227 43 inasmuch
548 872 46 28 as
621 858 37 42 it
681 858 37 42 is
742 858 73 43 the
838 862 150 38 centre
1012 857 66 43 for
1100 857 76 43 the
1199 856 332 57 psycho-motor
1552 861 196 51 pictures

86 929 45 42 of
155 929 73 43 the
258 930 236 57 delicately
519 930 284 43 coordinated
836 934 277 39 movements
1141 930 45 43 of
1209 930 188 42 writing.
1462 929 92 43 The
1575 934 173 52 picture

86 1001 37 43 is
147 1003 92 41 first
269 1003 178 42 formed,
471 1003 86 42 and
590 1003 105 42 then
725 1003 38 42 it
791 1003 37 43 is
859 1003 300 52 exteriorized,
1181 1003 60 56 by
1265 1002 130 57 being
1424 1002 254 56 imprinted,
1701 1015 47 30 as

85 1073 36 41 it
152 1088 123 39 were,
297 1089 55 27 on
378 1074 73 43 the
486 1076 229 42 executive
748 1079 141 38 motor
922 1075 116 42 cells.
1103 1075 210 42 Forming
1346 1075 74 42 the
1455 1074 182 57 picture,
1660 1074 88 43 and

85 1152 75 49 yet
192 1147 240 56 refraining
465 1147 111 43 from
617 1148 307 56 exteriorizing
956 1148 48 52 it,
1035 1162 64 29 we
1131 1162 81 28 can
1247 1152 124 38 write
1406 1147 228 57 mentally,
1652 1148 96 56 just

85 1231 46 29 as
166 1233 63 28 we
262 1234 79 28 can
381 1219 136 56 speak
552 1220 240 56 mentally;
826 1220 177 56 though,
1032 1220 144 42 owing
1209 1225 43 37 to
1286 1219 75 43 the
1394 1225 71 37 act
1497 1220 132 42 being
1660 1220 87 42 less

86 1290 199 44 habitual
327 1297 43 37 to
409 1307 63 27 us,
506 1293 36 41 it
578 1293 37 41 is
659 1296 79 38 not
775 1307 46 28 so
860 1292 138 55 easily
1030 1291 335 43 accomplished.
1431 1292 91 42 The
1561 1292 186 55 psycho-

86 1368 141 36 motor
249 1364 170 55 picture
448 1364 48 42 of
517 1364 176 56 writing
726 1379 112 41 may,
860 1364 46 42 in
940 1364 166 42 certain
1140 1363 225 42 abnormal
1395 1378 354 37 circumstances,

85 1434 51 43 be
176 1450 46 27 so
261 1435 183 43 distinct
488 1436 96 42 that
623 1436 75 42 the
736 1440 172 51 patient
945 1435 78 43 has
1071 1435 71 43 the
1186 1434 323 44 hallucination
1552 1435 98 43 that
1693 1435 55 43 he

84 1506 38 44 is
146 1508 176 41 writing
353 1508 128 41 when
514 1508 54 42 he
602 1508 36 42 is
671 1514 78 36 not
783 1508 194 56 actually
1001 1507 133 57 doing
1166 1522 57 28 so.
1291 1508 54 41 In
1368 1507 126 43 other
1516 1522 133 28 cases,
1673 1508 75 42 the

84 1579 168 55 picture
283 1594 100 41 may
409 1580 176 42 become
618 1594 46 28 so
695 1594 106 28 very
824 1580 185 42 distinct
1041 1579 87 42 and
1161 1579 224 43 obtrusive
1419 1594 47 28 as
1500 1585 44 37 to
1577 1579 173 44 compel

82 1651 59 43 its
164 1666 96 27 own
291 1652 364 42 exteriorization.
724 1651 41 43 It
793 1653 36 41 is
860 1653 106 41 then
998 1667 54 27 an
1077 1652 324 55 "Impulsion"
1427 1652 145 43 which
1595 1667 152 29 causes

83 1722 74 44 the
179 1723 173 56 patient
380 1728 44 38 to
458 1724 102 42 take
593 1738 61 40 up
688 1724 75 43 the
795 1738 85 41 pen
916 1723 87 43 and
1028 1724 124 42 write
1183 1729 45 37 at
1251 1723 76 44 the
1351 1723 216 44 dictation
1594 1725 47 42 of
1674 1725 76 43 the

80 1794 202 56 "spirit"
308 1795 54 56 by
394 1796 143 43 which
561 1795 55 43 he
639 1810 212 42 supposes
875 1796 179 43 himself
1078 1801 44 37 to
1145 1797 53 42 be
1222 1797 303 42 "possessed."

143 1866 152 57 Se'glas
329 1868 173 43 records
535 1882 119 29 cases
687 1870 47 41 of
770 1868 106 43 both
914 1868 124 44 these
1073 1876 215 36 varieties.
1355 1868 96 45 One
1484 1870 47 42 of
1566 1870 68 44 his
1673 1886 74 28 ex-

84 1939 166 54 amples
293 1940 44 42 of
381 1940 74 43 the
497 1940 332 56 psycho-motor
876 1940 322 43 hallucination
1248 1942 45 42 of
1338 1942 176 57 writing
1558 1949 190 36 without

85 2009 145 42 actual
253 2010 240 56 impulsion
516 2011 37 42 is
578 2011 97 42 that
698 2012 45 42 of
775 2026 25 28 a
827 2012 160 43 female
1015 2013 173 55 patient
1224 2014 107 56 aged
1358 2015 125 55 forty.
1549 2015 87 43 She
1661 2030 86 28 was

86 2081 74 42 the
193 2082 171 56 subject
401 2083 45 42 of
483 2083 128 43 other
643 2084 87 42 and
767 2098 120 29 more
925 2099 201 28 common
1166 2086 135 42 forms
1334 2087 44 41 of
1410 2087 338 54 hallucination,

85 2159 20 15 "
123 2154 80 43 but
225 2169 55 27 on
304 2170 81 28 one
415 2156 198 42 occasion
648 2156 77 43 she
759 2157 240 43 exhibited,
1022 2157 128 43 when
1184 2158 140 42 under
1353 2174 79 27 our
1454 2174 295 39 observation,

83 2241 26 26 a
134 2232 133 37 motor
293 2228 140 42 verbal
455 2228 319 43 hallucination
806 2229 50 57 of
879 2229 188 56 writing.
1133 2229 87 44 She
1243 2230 86 43 had
1353 2246 122 29 come
1499 2247 46 29 as
1569 2248 54 27 an
1649 2239 96 38 out-

87 2299 171 55 patient
280 2304 44 38 to
354 2299 74 43 the
452 2300 277 56 Salpetriere,
746 2301 88 43 and
858 2301 132 43 while
1015 2316 63 29 we
1103 2316 111 29 were
1237 2303 226 55 speaking,
1482 2319 65 29 we
1570 2307 176 42 noticed

87 2371 77 42 her
191 2386 125 41 carry
340 2371 78 43 her
440 2372 120 57 right
589 2373 117 43 hand
742 2378 42 38 to
815 2373 75 43 the
920 2374 149 56 region
1100 2374 48 43 of
1176 2374 79 43 her
1276 2375 138 54 heart,
1438 2377 177 44 become
1638 2393 108 42 very

85 2443 88 51 red,
191 2443 85 43 and
302 2444 193 43 tremble.
560 2445 138 43 These
721 2449 248 53 symptoms
995 2461 111 28 were
1140 2446 74 44 the
1239 2448 206 58 ordinary
1470 2452 275 42 accompani-

84 2521 143 37 ments
250 2517 44 41 of
324 2516 75 43 her
420 2516 355 45 hallucinations.
839 2519 63 41 At
934 2533 80 28 our
1045 2525 178 51 request
1255 2520 77 44 she
1366 2522 235 56 explained
1626 2530 43 38 to
1694 2540 51 28 us

86 2588 95 42 that
203 2589 148 42 whilst
381 2604 63 28 we
469 2604 109 28 were
602 2590 214 57 speaking
839 2595 45 39 to
907 2591 90 53 her,
1019 2592 77 43 she
1127 2592 84 43 had
1243 2593 86 43 had
1359 2595 60 42 all
1449 2596 46 42 of
1526 2611 25 28 a
1574 2599 171 43 sudden

87 2659 72 44 the
182 2660 98 44 idea
307 2662 45 42 of
384 2662 154 58 taking
572 2678 58 42 up
664 2678 25 28 a
721 2663 242 58 penholder
996 2664 98 43 that
1126 2665 72 57 lay
1224 2681 117 41 upon
1374 2667 74 44 the
1473 2669 118 43 desk.
1658 2671 87 43 She

87 2730 84 43 had
209 2737 77 37 not
319 2733 111 42 done
469 2748 60 37 so,
562 2735 79 42 but
680 2735 300 44 nevertheless
1018 2737 68 42 she
1124 2737 88 43 had
1237 2739 89 56 felt
1362 2753 48 29 as
1442 2741 48 55 if
1519 2741 74 42 her
1625 2742 121 43 hand

86 2803 151 51 moved,
259 2805 86 42 and
374 2810 124 39 wrote
525 2807 65 42 the
619 2808 119 56 reply
761 2809 92 42 that
876 2809 67 42 she
967 2809 89 42 had
1076 2810 158 43 wished
1259 2815 40 38 to
1321 2812 122 42 make
1466 2818 39 38 to
1528 2828 59 29 us.
1653 2815 92 43 The

88 2874 171 55 patient
280 2876 37 43 is
338 2878 215 54 perfectly
584 2880 227 43 conscious
835 2881 47 42 of
911 2881 58 42 all
1002 2882 74 42 the
1101 2882 150 44 varied
1279 2882 345 47 hallucinations
1649 2891 98 39 that

88 2945 77 42 she
183 2948 289 54 experiences,
490 2951 85 42 and
606 2951 98 43 that
727 2953 192 52 provoke
942 2953 44 41 in
1013 2954 78 43 her
1113 2954 223 43 incessant
1359 2958 243 43 sufferings.
1659 2959 87 43 She

90 3018 78 41 has
192 3032 55 28 no
271 3019 244 45 delusional
543 3022 184 44 ideas."1
