2107 3450
126 348 86 33 THE
247 349 178 31 NATURE
459 350 54 31 OF
545 347 88 35 THE
667 348 175 32 SOUNDS
874 349 119 30 THAT
1027 348 276 31 CONSTITUTE
1337 347 182 33 SPEECH.
1566 337 84 41 259

1 457 188 42 disorder
219 459 43 40 in
290 458 72 43 the
398 458 309 43 Coordination
740 458 52 55 of
816 456 215 57 Sequence,
1056 456 254 56 displaying
1343 456 123 42 itself
1496 456 45 40 in
1576 456 76 42 the

1 530 233 43 Dccasional
258 531 175 55 placing
466 531 44 41 of
543 537 134 36 units,
700 529 86 43 and
809 543 111 29 even
943 529 47 42 of
1021 543 142 27 whole
1187 528 223 55 syllables,
1434 527 45 41 in
1507 541 147 42 wrong-

0 615 148 41 places.

52 673 89 43 The
164 677 87 39 two
278 674 321 42 coordinations
626 673 207 43 involved
861 674 45 40 in
942 673 73 41 the
1051 671 261 57 production
1346 672 47 41 of
1422 670 76 43 the
1530 674 123 39 units

1 758 39 28 Dr
62 744 325 43 letter-sounds,
407 745 87 42 and
519 745 74 43 the
617 759 81 29 one
722 744 243 43 concerned
993 743 109 43 with
1135 743 117 43 their
1284 746 369 53 arrangement—

1 815 135 43 A-hich
170 816 85 42 last
291 816 21 42 I
347 817 111 42 have
494 817 140 42 called
670 817 73 42 the
788 816 340 43 "coordination
1170 816 45 42 of
1257 813 394 53 sequence,"—are

1 884 106 46 uike
142 888 211 42 rendered
387 888 192 56 possible
617 889 58 56 by
710 888 76 43 the
820 888 236 42 formation
1092 887 48 43 of
1170 902 181 28 sensory
1385 887 88 42 and
1510 900 143 28 motor

6 959 228 54 nemories,
270 959 240 55 imprinted
547 960 155 42 within
739 960 75 43 the
848 965 173 38 centres
1056 960 46 42 in
1139 959 74 43 the
1249 972 173 43 process
1458 958 43 42 of
1537 957 115 42 their

1 1029 233 45 iducation.
298 1031 45 42 It
365 1032 37 43 is
427 1033 121 43 these
571 1033 231 42 memories
825 1032 45 43 of
901 1035 22 20 "
937 1036 244 39 associated
1205 1031 163 43 sounds
1392 1031 86 42 and
1504 1044 146 29 move-

1 1101 168 42 ments"
192 1102 96 42 that
310 1117 53 42 go
386 1108 45 38 to
456 1104 110 42 form
594 1105 74 42 the
701 1104 305 42 word-images
1040 1118 48 28 or
1119 1109 194 51 pictures
1347 1102 44 42 of
1427 1101 142 42 which
1603 1115 47 29 so

6 1173 117 42 nuch
146 1173 77 44 has
246 1174 179 58 already
447 1176 111 43 been
581 1177 104 42 said.

51 1245 123 51 Now,
201 1247 181 55 aphasia
419 1249 185 41 cousists
641 1249 46 41 in
727 1249 74 42 the
840 1249 282 42 obliteration
1162 1249 44 40 of
1239 1248 125 41 these
1403 1246 245 42 memories.

1 1315 249 46 Sometimes
285 1319 73 43 the
395 1321 280 42 obliteration
710 1322 37 41 is
782 1321 226 55 complete,
1044 1321 253 41 sometimes
1333 1319 106 55 only
1476 1318 173 55 partial,

0 1387 43 43 [n
68 1389 73 42 the
171 1390 183 57 slighter
386 1406 131 38 cases,
550 1393 105 55 only
689 1393 140 42 words
862 1393 47 41 of
937 1392 167 42 certain
1139 1391 240 56 particular
1410 1390 134 42 kinds
1577 1404 73 28 are

1 1460 217 57 brgotten,
256 1464 106 41 such
399 1478 47 28 as
483 1479 157 41 proper
677 1479 162 28 names,
877 1464 87 42 and
1008 1464 74 42 the
1128 1478 149 27 names
1322 1464 44 41 of
1410 1461 241 58 particular

1 1533 162 55 )hjects.
230 1535 136 43 Other
401 1537 138 41 words
573 1551 72 28 are
678 1536 310 43 remembered,
1022 1537 85 41 and
1141 1550 103 41 may
1276 1536 53 42 be
1364 1534 284 56 pronounced

0 1598 96 50 Bath
130 1608 166 53 perfect
328 1608 292 43 articulation.
685 1609 245 42 Therefore,
959 1609 46 40 in
1035 1609 123 41 these
1186 1608 185 56 slighter
1398 1621 133 29 cases,
1553 1607 37 41 it
1611 1607 39 43 is

1 1677 90 56 mly
134 1678 74 42 the
252 1680 299 43 coordination
590 1681 46 42 of
675 1695 216 28 sequence
936 1680 98 43 that
1077 1681 37 41 is
1158 1679 250 43 materially
1452 1679 196 43 affected.

1 1750 163 42 Jertain
188 1752 242 55 particular
452 1767 239 42 sequences
714 1767 47 28 or
784 1752 153 43 words,
960 1757 77 37 not
1066 1767 106 42 very
1199 1752 159 56 deeply
1393 1751 257 53 imprinted,

1 1836 95 29 lave
132 1823 107 43 been
277 1825 143 55 wiped
455 1831 78 36 out
567 1826 111 42 from
716 1825 74 43 the
827 1840 197 28 memory
1052 1825 44 42 of
1126 1825 75 43 the
1229 1825 231 43 enfeebled
1489 1830 158 38 centre,

1 1907 38 30 m
80 1910 131 42 many
256 1911 148 29 severe
447 1912 132 29 cases,
623 1913 54 27 on
722 1898 74 42 the
840 1898 126 42 other
1008 1898 132 52 hand,
1184 1898 124 43 there
1350 1898 37 43 is
1430 1904 220 37 complete

1 1967 266 43 mliteration
307 1970 46 40 of
392 1970 59 41 all
495 1970 335 56 word-pictures
869 1970 252 56 (memories
1157 1970 47 42 of
1243 1969 263 56 sequence);
1548 1969 101 50 and,

1 2039 115 56 ilong
140 2041 103 40 with
270 2041 99 50 this,
394 2042 121 42 there
538 2056 102 28 may
663 2042 53 42 be
740 2056 55 28 an
819 2042 295 52 obliteration,
1138 2042 179 56 equally
1341 2041 230 57 complete,
1604 2043 45 41 of

1 2110 60 43 -he
93 2112 228 43 memories
349 2113 44 41 of
424 2112 98 43 how
556 2118 43 38 to
633 2114 190 55 produce
856 2114 75 42 the
965 2114 121 42 units
1120 2129 46 26 or
1198 2113 328 43 letter-sounds.
1593 2114 55 41 In

1 2183 92 42 inch
119 2197 147 29 severe
289 2198 131 38 cases,
450 2185 75 43 the
550 2186 171 55 patient
743 2186 37 43 is
803 2190 78 38 not
903 2185 106 43 only
1031 2186 163 42 unable
1229 2193 44 35 to
1306 2186 233 42 articulate
1573 2186 75 43 the

1 2255 186 56 simplest
210 2257 152 50 words,
387 2257 107 43 such
527 2272 47 28 as
611 2259 122 41 Papa
755 2273 49 27 or
835 2258 166 52 Mama,
1025 2258 127 43 when
1182 2258 136 43 asked
1340 2263 45 38 to
1409 2258 55 43 do
1488 2272 72 40 so;
1592 2259 56 43 he

5 2341 20 29 s
48 2341 110 29 even
192 2329 159 42 unable
386 2335 43 36 to
462 2343 252 43 pronounce
749 2330 206 56 properly
980 2331 73 42 the
1087 2330 320 44 letter-sounds
1430 2331 48 42 of
1507 2330 141 44 single

1 2400 147 43 rowels
171 2415 47 28 or
241 2407 273 38 consonants.
579 2403 91 42 The
694 2403 230 42 memories
948 2404 47 41 of
1025 2403 74 43 the
1133 2403 136 43 Units
1303 2403 123 43 have,
1461 2403 46 42 in
1538 2403 109 43 such

1 2486 116 38 :ases,
173 2474 104 42 been
334 2474 141 56 wiped
529 2479 88 48 out,
671 2475 130 57 along
856 2475 108 43 with
1017 2475 75 43 the
1147 2476 233 43 memories
1435 2476 47 42 of
1531 2476 118 42 their

0 2545 245 55 Sequences.

45 2616 44 42 It
123 2617 36 42 is
195 2617 241 42 wonderful
472 2625 43 36 to
551 2619 128 42 think
715 2619 119 42 what
871 2634 24 27 a
935 2619 160 43 wealth
1135 2621 47 41 of
1216 2621 234 42 memories
1490 2622 48 41 of
1572 2620 75 44 the

1 2702 221 42 sequences
246 2690 46 41 of
320 2690 123 43 these
466 2691 285 43 sound-units
787 2697 119 37 must
938 2692 53 43 be
1025 2693 145 43 stored
1206 2707 58 28 up
1297 2694 45 41 in
1368 2693 75 43 the
1467 2693 179 43 speech-

1 2765 154 38 ientres
178 2762 44 41 of
244 2776 130 43 every
398 2763 213 44 educated
635 2779 99 28 man
753 2781 9 37 ;
795 2779 57 28 or,
876 2770 44 37 to
945 2770 80 51 put
1048 2766 35 42 it
1105 2765 47 43 in
1176 2766 185 43 another
1392 2781 109 42 way,
1526 2781 120 28 what

1 2844 12 29 i
49 2832 156 43 wealth
241 2836 43 39 of
322 2836 139 42 words
494 2836 87 42 and
615 2837 180 56 phrases
827 2837 60 44 lie
919 2837 143 43 latent
1093 2839 47 41 in
1173 2837 70 45 his
1276 2844 369 38 speech-centres,

1 2905 115 54 •eady
138 2909 43 39 to
205 2906 51 43 be
280 2908 176 43 revived
480 2924 117 41 upon
621 2910 223 43 occasions
867 2910 163 43 calling
1048 2911 65 42 for
1136 2911 133 43 them.
1325 2912 87 42 His
1433 2912 211 56 thoughts

1 2975 129 43 ;lothe
153 2977 262 46 themselves
439 2981 43 42 in
508 2982 122 43 these
654 2982 142 43 words
827 2983 86 42 and
947 2983 207 56 phrases;
1186 2984 86 42 and
1308 2985 74 42 the
1416 2984 228 43 wardrobe

5 3061 19 28 s
46 3061 45 28 so
116 3049 95 41 well
237 3050 226 45 furnished
486 3053 99 44 that
608 3054 74 43 the
706 3068 119 29 same
848 3055 192 56 thought
1063 3055 114 42 finds
1206 3056 45 41 in
1287 3056 36 42 it
1356 3072 24 26 a
1414 3071 150 28 choice
1599 3056 48 42 of

1 3127 216 47 jarments,
240 3122 84 42 and
348 3123 37 43 is
408 3125 183 43 enabled
616 3131 44 37 to
683 3126 135 43 select
842 3127 98 42 that
966 3127 145 43 which
1145 3142 183 42 appears
1362 3133 45 37 to
1442 3129 51 42 be
1527 3134 115 37 most

1 3193 259 54 ippropriate
284 3195 63 41 for
370 3195 74 43 the
461 3198 265 55 expression,
745 3203 77 37 not
840 3198 105 56 only
964 3199 44 42 of
1033 3199 74 44 the
1126 3200 278 43 intellectual
1423 3201 218 51 meaning,
