1933 3302
669 162 304 44 Uebertragungen
1000 167 87 32 beim
1111 169 190 35 Menschen.

182 157 53 38 94

312 264 332 42 Absichtliche
694 268 430 56 Uebertragungen
1173 277 81 37 auf
1296 279 246 43 Menschen
1590 287 190 41 berichtet

181 320 298 48 Dussaussoy
497 319 43 49 1).
599 321 76 39 Ein
706 323 228 52 50jähriger
964 326 120 40 Mann
1121 327 106 40 hatte
1259 332 61 38 ein
1350 334 201 41 ulcerirtes
1580 338 198 43 Carcinom

181 373 68 37 der
279 371 183 39 Mamma.
521 373 56 39 Er
615 377 259 50 verweigerte
913 380 60 38 die
1004 380 241 54 Zerstörung
1282 386 201 40 desselben
1518 392 162 40 mittelst
1713 397 65 38 des

181 425 247 39 Glüheisens.
477 426 298 55 Dussaussoy
806 432 196 39 beschloss
1027 449 78 24 nun
1137 436 66 38 das
1224 437 198 42 Carcinom
1452 443 121 39 durch
1602 447 72 37 den
1695 448 82 38 Ho-

178 480 242 49 spitalbrand
453 495 47 23 zu
530 488 208 34 zerstören.
796 484 110 39 Alles
934 486 204 53 Auflegen
1172 504 75 24 von
1276 492 177 52 Charpie,
1489 498 71 38 mit
1579 499 199 40 Hospital-

178 533 267 51 brandjauche
488 538 205 48 getränkt,
739 538 178 39 mehrere
950 540 109 52 Tage
1096 543 190 40 hindurch
1325 549 221 40 vermochte
1584 553 106 39 nicht
1719 556 59 38 die

178 586 194 40 Infection
402 602 48 24 zu
481 588 144 40 Stande
656 605 47 23 zu
733 592 177 50 bringen.
961 594 142 50 Später
1133 597 143 51 gelang
1297 601 115 47 diese,
1443 604 188 40 nachdem
1661 608 119 39 durch

179 641 182 51 Kneipen
390 643 71 37 mit
489 643 206 39 Pincetten
725 646 78 38 und
834 647 120 38 durch
984 648 185 52 Blutegel
1197 652 128 40 kleine
1346 655 256 41 Extravasate
1632 666 149 44 gesetzt

178 709 143 25 waren.
382 697 23 37 3
442 697 111 51 Tage
593 699 173 38 nachher
807 701 175 38 erschien
1027 704 68 37 der
1137 705 325 52 Hospitalbrand,
1503 713 167 39 welcher
1707 717 72 37 den

180 749 149 39 Tumor
368 751 218 47 dissecirte,
626 766 41 24 so
706 754 87 37 dass
825 768 41 24 er
901 769 62 24 am
998 757 59 37 14.
1090 758 108 51 Tage
1228 761 125 39 abfiel.
1411 764 53 38 Es
1494 766 144 50 gelang
1676 769 101 46 bald,

179 804 75 38 den
284 804 312 51 Hospitalbrand
626 820 48 24 zu
702 807 141 51 tilgen;
882 809 98 38 doch
1009 811 118 38 schon
1156 814 98 37 nach
1284 816 124 38 einem
1438 818 135 40 Monat
1602 824 175 37 entstand

178 859 63 37 ein
272 859 185 39 örtliches
487 859 163 39 ßecidiv
681 862 67 37 des
769 861 235 41 Carcinoms.
1055 865 176 40 Födere
1261 868 192 41 berichtet
1481 874 97 38 nach
1598 875 178 53 Dupuy,

177 913 88 38 dass
298 914 101 37 1811
434 914 61 37 ein
526 913 99 39 Arzt
652 915 55 37 im
737 915 184 51 Hospital
950 932 48 24 zu
1026 919 125 39 Xeres
1190 922 59 37 die
1279 921 91 40 Idee
1405 925 136 48 fasste,
1581 929 62 37 bei
1673 931 105 38 einer

177 966 289 39 Schusswunde
504 982 63 23 am
604 968 161 39 Becken
803 971 67 37 das
909 970 213 49 Geschoss,
1168 975 167 39 welches
1372 978 38 38 in
1450 980 67 38 der
1556 981 111 39 Tiefe
1712 985 66 37 der

175 1021 163 38 rechten
368 1021 321 51 Lendengegend
719 1024 170 47 steckte,
930 1027 122 37 durch
1089 1029 72 37 den
1191 1029 305 51 Hospitalbrand
1526 1034 250 42 freizulegen.

175 1074 215 40 Innerhalb
424 1077 48 37 10
505 1076 138 50 Tagen
677 1078 166 39 richtete
883 1080 127 38 dieser
1049 1095 156 26 enorme
1236 1083 287 53 Zerstörungen
1554 1103 49 24 an
1631 1092 76 36 und
1738 1105 40 25 es

178 1130 149 50 gelang
365 1130 39 37 in
445 1131 69 37 der
543 1130 115 39 Mitte
698 1132 68 38 der
795 1132 120 39 Fossa
951 1134 113 39 iliaca
1102 1139 75 35 ext.
1218 1138 66 38 das
1322 1138 191 42 Geschoss
1553 1157 47 23 zu
1636 1144 140 39 finden.

176 1184 113 38 Doch
328 1185 107 37 starb
475 1185 69 37 der
573 1185 164 39 Kranke
775 1187 93 38 bald
904 1189 149 38 darauf.
1112 1190 142 39 Clerc
1290 1196 185 36 zerstörte
1510 1197 267 49 syphilitische

178 1238 240 39 Geschwüre
450 1239 122 38 durch
603 1240 74 38 den
707 1240 322 51 Hospitalbrand.
1082 1243 202 41 Ollivier
1312 1247 91 38 Hess
1434 1249 82 37 sich
1544 1250 39 37 in
1610 1250 168 39 Spanien

175 1306 78 25 von
285 1293 68 38 der
374 1293 145 38 Leiche
551 1294 106 38 eines
687 1308 49 24 an
758 1295 310 51 Hospitalbrand
1088 1300 279 38 verstorbenen
1388 1300 184 41 Soldaten
1600 1305 71 37 mit
1692 1306 86 38 dem

178 1347 269 39 Wundsecret
486 1349 23 36 3
540 1347 232 51 Impfstiche
811 1364 62 23 am
906 1350 192 39 Oberarm
1136 1353 175 39 machen.
1370 1355 76 38 Am
1476 1357 35 37 3.
1544 1357 109 51 Tage
1692 1363 82 34 ent-

178 1403 166 37 standen
375 1402 370 39 charakteristische
777 1403 540 54 Hospitalbrandgeschwüre
1349 1409 68 37 der
1448 1411 186 48 palpösen
1660 1412 117 38 Form

174 1459 73 35 mit
286 1456 323 50 aufgeworfenen
639 1457 184 38 Rändern
864 1462 72 35 etc.
994 1460 95 38 Erst
1129 1462 250 38 wiederholte
1409 1463 260 53 Behandlung
1707 1470 71 34 mit

176 1511 89 38 dem
296 1510 215 39 Glüheisen
546 1511 152 39 machte
729 1526 63 24 am
823 1514 34 36 8.
891 1513 109 52 Tage
1032 1515 68 38 der
1129 1515 222 39 Krankheit
1381 1517 61 38 ein
1471 1518 123 39 Ende.
1650 1519 125 48 Rust,

175 1565 185 51 Boyer,
402 1564 430 53 Siedmogrodsky
862 1568 243 51 übertrugen
1136 1571 255 48 experimenti
1429 1585 115 25 causa
1573 1573 202 39 Hospital-

181 1619 265 51 brandjauche
478 1620 70 38 auf
564 1621 279 50 granulirende
875 1622 174 38 eiternde
1073 1623 183 39 Wunden
1276 1625 78 37 und
1376 1629 209 47 erzeugten
1606 1628 171 38 dadurch

174 1675 122 37 milde
337 1674 172 38 Formen
558 1676 68 37 der
670 1675 233 38 Krankheit.
974 1677 194 51 Dagegen
1215 1678 205 39 versuchte
1462 1679 312 53 Willaume^)

177 1729 245 49 (Chirurgien
452 1742 48 25 en
530 1729 92 38 chef
648 1730 67 37 des
746 1743 149 25 armees
918 1730 178 51 l'empire
1128 1745 47 24 en
1201 1732 201 50 Espagne)
1436 1735 188 38 excorirte
1646 1735 128 38 Haut-

177 1783 141 39 stellen
339 1784 79 37 und
448 1785 278 48 granulirende
749 1783 184 39 Wunden
959 1785 121 38 durch
1102 1786 202 51 Auflegen
1325 1800 75 25 von
1421 1787 177 51 Charpie,
1630 1790 145 37 welche

175 1841 73 35 mit
277 1837 453 51 Hospitalbrandjauche
760 1839 189 49 getränkt
978 1853 97 33 war,
1115 1841 78 37 und
1223 1854 75 24 von
1336 1842 224 38 trockener,
1598 1843 63 37 bei
1690 1843 85 38 Ho-

177 1895 427 48 spitalbrandkranken
644 1892 264 50 gebrauchter
939 1893 166 50 Charpie
1136 1908 47 24 zu
1212 1895 193 47 inficiren,
1445 1896 98 38 doch
1572 1896 97 38 ohne
1699 1897 76 37 Er-

175 1947 97 51 folg.
316 1946 302 51 AuchPercy,
650 1946 280 48 Richerand,
962 1947 297 51 Dupuytren,
1292 1948 245 52 Thomas^)
1568 1951 207 37 erwähnen

176 2001 351 50 Beobachtungen,
560 2002 88 37 dass
669 1999 293 40 Inoculationen
994 2016 76 24 von
1092 2002 435 50 Hospitalbrandsecret
1556 2005 128 37 weder
1713 2005 62 37 bei

177 2055 218 39 Menschen
424 2056 98 37 noch
545 2056 63 37 bei
632 2055 172 38 Thieren
830 2055 178 50 gehaftet
1036 2056 112 38 habe.
1198 2056 113 38 Auch
1331 2057 287 38 Puhlmann's
1647 2058 40 37 in
1708 2059 66 37 der

178 2110 158 39 Charite
376 2110 153 50 (Berlin
561 2108 121 49 1833)
725 2109 283 51 ausgeführten
1046 2110 517 51 Uebertragungsversuche
1601 2112 70 37 auf
1703 2126 70 37 ge-

177 2166 122 37 sunde
331 2165 187 38 Wunden
548 2165 78 37 und
658 2163 238 39 Geschwüre
927 2164 114 38 fielen
1071 2165 160 49 negativ
1261 2179 79 24 aus.
1391 2164 105 39 Prof.
1528 2165 127 38 Fritz
1686 2179 88 24 ver-

176 2223 137 35 suchte
345 2219 71 39 auf
442 2220 73 37 den
537 2219 103 38 Rath
662 2219 158 37 Kern's
852 2218 73 38 den
946 2218 310 38 Hospitalbrand
1286 2219 70 37 auf
1381 2219 62 38 ein
1462 2219 314 39 Brustcarcinom

176 2289 69 24 zur
268 2275 84 38 Kur
374 2274 217 38 desselben,
615 2273 99 38 doch
735 2272 239 51 vergeblich,
1003 2287 47 23 zu
1070 2273 257 49 überimpfen.
1376 2272 46 39 0.
1447 2273 170 38 Weber
1645 2274 129 37 führte

176 2329 64 38 bei
270 2329 127 38 einem
428 2328 191 38 Kranken
654 2330 71 35 mit
762 2327 306 51 granulirenden
1097 2326 571 40 Unterschenkelgeschwüren
1698 2328 77 37 und

176 2384 127 38 einem
345 2384 172 37 anderen
548 2385 72 35 mit
655 2381 305 51 granulirenden
990 2381 300 38 Brandwunden
1323 2382 52 37 im
1407 2381 157 38 Ganzen
1594 2382 24 36 4
1647 2380 127 39 Infec-

173 2437 296 39 tionsversuche
500 2451 81 24 aus.
627 2436 113 38 Beim
771 2438 129 36 ersten
920 2435 206 39 Patienten
1158 2436 131 37 wurde
1320 2436 67 38 der
1413 2435 124 39 Belag
1566 2449 74 24 von
1670 2435 105 38 einer

174 2493 151 39 schwer
355 2491 393 51 hospitalbrandigen
769 2489 159 39 Wunde
969 2490 50 37 24
1050 2489 174 39 Stunden
1262 2490 71 37 mit
1370 2490 67 37 der
1475 2489 300 51 granulirenden

174 2547 146 39 Fläche
351 2547 39 37 in
421 2545 240 50 Berührung
692 2545 193 50 gelassen.
944 2544 55 38 Es
1031 2544 168 38 erfolgte
1231 2544 60 37 ein
1323 2544 165 46 dünner,
1526 2556 143 36 grauer
1697 2543 77 37 Be-

172 2602 80 51 lag,
287 2601 170 39 welcher
496 2599 100 39 nach
626 2601 23 36 3
683 2599 137 50 Tagen
859 2601 166 35 spontan
1066 2598 264 38 verschwand.
1389 2597 58 37 Im
1485 2610 168 24 anderen
1691 2596 84 38 Fall

173 2670 134 24 wurde
340 2656 62 38 ein
434 2658 72 35 mit
535 2652 453 51 Hospitalbrandjauche
1027 2653 219 37 imbibirter
1277 2651 284 49 Charpiefaden
1590 2651 95 37 über
1716 2650 58 38 die

174 2711 157 39 Wunde
362 2710 137 51 gelegt
528 2733 52 5 —
610 2707 100 39 ohne
741 2706 152 50 Erfolg,
935 2707 101 37 dann
1067 2707 132 37 wurde
1229 2705 54 38 sie
1313 2707 72 35 mit
1414 2704 361 50 Charpiebäuschen

171 2765 243 39 verbunden,
445 2763 149 39 welche
623 2765 73 35 mit
716 2760 453 51 Hospitalbrandjauche
1199 2759 186 51 getränkt
1415 2773 141 24 waren.
1600 2758 75 38 Am
1705 2771 69 24 an-

307 2904 27 40 0
357 2905 22 31 1.
405 2915 26 21 c.
457 2905 31 31 S.
516 2905 38 32 15
580 2903 238 40 Anmerkung.

358 2950 163 29 Memoire
545 2949 42 30 de
610 2947 59 31 Mr.
695 2945 209 32 Guillon,
927 2945 143 31 Journal
1095 2942 138 44 general
1258 2942 40 31 de
1322 2941 97 40 Med.,
1442 2942 30 30 4.
1496 2940 74 31 Vol.

305 2990 28 36 ^)
357 2992 110 31 Thfese
491 2992 42 31 de
557 2993 95 29 Paris
678 2991 93 31 1815.
