2113 3404
340 217 82 40 332

839 230 87 30 THE
953 229 241 32 DISORDERS
1227 231 52 30 OF
1311 231 178 31 SPEECH.

958 780 274 42 CHAPTER
1264 781 104 41 XII.

380 913 205 42 Aphasia
616 925 46 29 in
695 925 219 31 kelation
947 926 53 30 to
1035 915 203 42 Organic
1272 916 220 40 Diseases
1525 927 52 29 of
1608 927 85 29 the
1725 916 203 40 Brain—

1044 985 241 42 Continued.

939 1138 175 41 Visual
1149 1137 235 42 Aphasia.1

410 1238 21 41 I
456 1249 102 30 now
580 1252 120 28 come
721 1239 264 42 t.OL_consider
1007 1240 74 41 the
1113 1240 147 41 effects
1286 1240 46 40 of
1360 1239 136 41 lesion
1517 1239 46 40 in
1588 1239 71 41 the
1688 1244 143 36 centre
1855 1238 44 42 C,
1921 1239 44 41 in

354 1309 138 41 which
516 1323 70 28 are
608 1309 143 42 stored
774 1311 73 40 the
871 1310 139 41 visual
1034 1311 224 41 memories
1279 1311 46 40 of
1344 1310 148 42 letters
1516 1309 83 41 and
1625 1309 145 49 words,
1796 1316 169 35 written

350 1379 86 41 and
458 1385 183 49 printed.

411 1450 89 42 The
523 1454 145 38 centre
693 1451 31 41 C
750 1451 108 55 (Fig.
885 1451 44 44 7)
951 1450 195 42 includes
1170 1451 72 41 the
1274 1451 196 55 Angular
1504 1449 301 43 Convolution,
1828 1451 140 40 which

1372 1574 21 29 2

1116 2567 69 25 Fig.
1203 2567 26 24 7.

360 2670 153 28 curves
564 2669 101 28 over
716 2655 74 41 the
839 2654 209 55 posterior
1099 2652 232 42 extremity
1374 2653 43 39 of
1469 2651 72 42 the
1583 2652 113 41 First
1746 2651 227 55 Temporo-

361 2725 266 56 Sphenoidal
655 2725 183 41 Fissure,
861 2723 84 42 and
984 2722 73 42 the
1090 2719 376 57 Supra-Marginal
1499 2720 301 43 Convolution,
1833 2719 138 43 which

359 2811 152 29 curves
533 2810 101 28 over
656 2796 73 41 the
748 2794 207 56 posterior
971 2792 233 43 extremity
1223 2792 44 41 of
1290 2791 71 42 the
1380 2791 178 55 Sylvian
1581 2791 181 43 Fissure.
1825 2791 55 43 Of
1903 2790 70 40 the

407 2906 13 23 1
447 2905 18 35 I
484 2916 64 24 use
566 2903 64 36 the
655 2907 95 32 term
767 2901 133 37 Visual
925 2901 165 35 Aphasia
1115 2901 40 34 in
1176 2899 208 48 preference
1401 2903 38 32 to
1457 2897 338 47 Word-Blindness,
1816 2897 159 46 because;

357 2978 39 24 as
417 2977 51 23 we
494 2963 97 37 shall
617 2975 68 25 see,
705 2962 225 37 destruction
957 2961 39 35 of
1019 2960 63 36 the
1108 2964 123 32 centre
1252 2959 29 37 C
1308 2971 123 25 causes
1457 2964 65 30 not
1547 2970 86 25 only
1652 2956 326 37 Word-Blindness

356 3026 69 35 but
442 3024 76 36 also
537 3023 200 36 Agraphia.
