1478 2662
74 90 25 35 9

499 94 60 38 Dr
579 96 267 37 Abercrombie
864 110 46 24 on
930 97 56 37 the

81 194 155 41 disease.

293 198 17 38 I
331 199 177 38 conceive
525 200 29 37 it
573 200 29 38 is
621 207 39 30 to
679 200 46 38 be
744 199 135 40 viewed
899 217 40 23 as
956 203 63 37 the
1047 202 144 38 disease
1217 204 43 37 of
1284 218 22 24 a
1335 219 104 26 mus-

84 261 105 26 cular
206 265 134 38 organ,
364 253 234 52 originating
619 255 38 35 in
686 267 22 23 a
735 263 83 39 part
836 254 42 38 of
900 264 81 29 that
999 268 119 24 organ
1139 256 114 52 being
1270 258 170 39 distend-

86 302 48 37 ed
163 304 150 52 beyond
343 307 45 36 its
416 319 126 36 power
570 306 43 37 of
636 309 244 36 contraction.
936 310 35 36 A
1001 321 186 24 muscular
1211 323 118 38 organ
1357 312 87 39 thus

86 355 201 40 distended
305 372 124 36 passes
448 356 81 40 into
542 358 287 48 inflammation,
846 375 39 23 as
905 375 53 23 we
976 361 155 37 observe
1151 362 37 36 in
1209 371 63 29 the
1291 363 155 53 urinary

86 408 169 40 bladder.
310 411 85 38 One
415 411 45 38 of
472 421 63 29 the
552 427 148 24 soui’ces
718 413 43 38 of
776 414 73 37 this
867 414 204 37 distention
1095 413 16 37 1
1132 414 93 38 have
1253 418 188 48 supposed

87 470 41 30 to
148 464 58 41 be,
227 463 91 37 such
338 478 23 23 a
379 465 216 38 debilitated
615 475 92 29 state
722 467 44 37 of
779 476 62 28 the
862 466 187 37 muscular
1074 466 111 39 fibres
1203 476 39 29 at
1272 483 21 22 a
1326 470 118 49 parti-

88 529 105 24 cular
209 524 85 41 part
312 517 45 37 of
369 526 64 30 the
452 520 120 43 canal,
591 528 80 29 that
699 529 87 41 they
806 533 62 23 are
888 519 198 37 distended
1106 519 127 39 before
1260 522 81 37 that
1373 523 71 36 im-

89 569 106 50 pulse
215 568 96 39 from
331 571 64 37 the
412 571 149 52 healthy
581 586 102 36 parts
702 573 130 44 above,
849 572 121 36 which
991 572 39 37 in
1050 571 97 38 their
1174 574 147 37 natural
1352 584 97 29 state

90 622 125 38 would
261 623 95 39 have
387 624 145 38 excited
563 626 102 37 them
691 634 39 29 to
762 625 247 37 contraction.
1080 624 110 48 Now,
1220 626 173 52 nothing,
1428 628 20 37 I

90 675 182 52 imagine,
294 677 30 37 is
344 691 104 24 more
475 677 111 52 likely
606 680 86 36 thus
711 686 39 30 to
770 678 151 51 destroy
940 685 64 30 the
1036 687 125 29 action
1194 678 42 38 of
1263 681 187 37 muscular

92 728 97 38 fibre
221 731 91 37 than
345 731 286 38 inflammation.
688 732 19 36 I
742 732 50 36 do
813 739 66 29 not
910 744 110 24 mean
1050 738 40 30 to
1117 745 106 24 enter
1254 745 101 37 upon
1387 733 65 38 the

93 792 189 41 question,
321 784 166 38 whether
513 785 74 37 this
614 785 47 37 be
688 798 19 23 a
737 785 167 50 primary
920 797 57 23 .or
1006 798 21 24 a
1055 797 207 38 secondary
1282 784 107 39 effect
1415 787 45 37 of

93 834 291 49 inflammation,
423 838 67 37 but
525 852 55 24 we
618 838 107 45 have,
762 838 39 36 in
835 837 147 37 various
1017 850 103 37 parts
1152 837 45 38 of
1237 836 64 39 the
1338 838 115 49 body,

95 903 124 24 ample
237 891 179 37 evidence
447 891 45 37 of
518 892 65 37 the
612 891 87 45 fact,
720 899 82 29 that
822 903 155 24 muscles
995 889 120 38 which
1146 891 93 37 have
1271 890 94 38 been
1398 892 57 37 in-

93 943 152 44 flamed,
266 957 64 23 are
349 944 112 37 much
482 944 183 37 impaired
684 944 40 37 in
744 943 98 38 their
860 956 187 24 muscular
1074 950 139 38 action,
1243 943 75 38 and
1350 953 103 30 often

94 996 224 51 completely
338 997 211 50 paralyzed.
606 997 40 37 If
668 1011 53 23 we
748 1010 175 35 suppose,
951 1004 105 37 then,
1086 1009 22 24 a
1139 1005 151 41 portion
1321 996 44 38 of
1391 997 64 39 the

94 1063 189 24 muscular
303 1059 85 29 coat
407 1051 44 37 of
458 1050 65 38 the
544 1049 189 38 intestinal
752 1050 107 36 canal
879 1057 38 29 to
936 1049 46 37 be
1001 1057 86 29 thus
1106 1049 200 38 weakened
1326 1064 43 23 or
1387 1064 66 37 pa-

88 1102 161 38 ralyzed
271 1103 48 51 by
338 1103 289 45 inflammation,
657 1103 75 37 and
762 1102 82 38 that
875 1102 64 38 the
967 1101 150 52 healthy
1135 1115 103 37 parts
1256 1102 118 38 above
1393 1117 63 24 are

92 1155 160 52 forcibly
271 1157 213 51 propelling
500 1156 92 37 fluid
614 1164 151 29 matters
784 1156 73 37 and
886 1155 109 37 flatus
1023 1156 81 36 into
1123 1156 73 36 this
1215 1165 164 40 portion,
1399 1170 55 24 we

94 1209 144 51 readily
256 1210 178 38 conceive
452 1209 84 38 how
565 1209 29 37 it
626 1210 30 36 is
688 1208 196 38 distended
913 1208 126 37 before
1066 1207 73 37 this
1160 1207 114 46 force,
1295 1209 74 36 and
1389 1209 65 38 the

96 1276 85 24 case
214 1272 91 29 then
335 1277 164 24 assumes
530 1271 66 29 the
629 1261 105 38 usual
766 1274 252 38 appearances
1041 1260 43 37 of
1103 1260 102 38 ileus.
1260 1259 215 42 Enteritis,,

98 1325 106 37 then,
234 1330 45 24 or
305 1318 167 59 primary
493 1316 275 38 inflammation
791 1315 45 37 of
861 1314 63 38 the
952 1314 190 37 intestinal
1167 1327 119 31 canal,
1306 1327 84 38 may
1411 1314 65 38 be:

96 1370 83 37 said
196 1378 39 29 to
255 1369 47 39 be
322 1384 73 24 one
414 1370 39 38 of
472 1379 63 29 the
560 1383 128 24 causes
707 1368 46 38 of
770 1369 102 45 ileus,
893 1381 58 32 or,
973 1367 38 37 in
1037 1374 109 30 other
1171 1367 135 45 words,
1329 1378 37 27 to
1387 1376 91 29 ter->

98 1424 145 37 minate
260 1425 38 36 in
319 1424 91 38 ileus
427 1440 10 29 ;
469 1424 122 44 while,
612 1436 49 24 on
684 1431 63 29 the
765 1421 109 38 other
902 1421 115 43 hand,
1037 1420 91 37 ileus
1156 1420 232 51 originating
1418 1420 58 37 ini

97 1486 112 29 other
227 1491 142 31 causes,
392 1477 146 51 usually
558 1484 217 30 terminates
795 1475 47 50 by
864 1474 273 37 inflammation
1158 1473 44 37 of
1215 1474 62 36 the
1296 1472 182 38 distend-

97 1530 47 38 ed
164 1544 110 38 part;
305 1531 78 39 and
410 1540 85 28 thus
524 1529 64 39 the
617 1539 73 28 two
719 1542 116 30 cases,
854 1526 122 38 which
1006 1526 109 38 differ
1145 1526 132 50 widely
1296 1534 38 29 at
1366 1526 112 37 theirr

96 1598 344 33 commencement,
479 1597 78 33 are,
590 1591 38 30 at
665 1582 98 38 their
799 1581 257 43 termination,
1093 1579 236 52 remarkably
1361 1578 117 38 simi-

96 1637 67 38 lar.

155 1690 42 39 If
221 1700 105 30 these
354 1690 203 53 principles
587 1691 46 38 be
665 1694 157 40 correct,
844 1690 29 35 it
897 1686 72 38 will
998 1685 134 46 follow,
1154 1693 82 30 that
1255 1693 63 30 the
1337 1697 141 25 symp-

99 1751 100 30 toms
218 1746 76 37 and
316 1754 64 29 the
411 1745 150 37 morbid
582 1755 252 39 appearances
861 1740 44 38 of
932 1742 90 35 ileus
1052 1739 69 37 will
1150 1751 231 37 accompany
1401 1750 77 25 en-

99 1798 121 37 teritis
246 1811 92 39 only
356 1798 109 37 when
494 1798 65 38 the
590 1795 274 39 inflammation
893 1794 29 36 is
953 1792 125 38 seated
1107 1792 40 37 in
1180 1800 64 29 the
1276 1803 202 25 muscularr

96 1865 116 30 coat;
241 1853 74 35 and
342 1852 74 37 this
445 1852 103 37 leads
577 1864 43 24 us
647 1859 40 28 to
714 1864 22 22 a
755 1855 98 31 most
878 1847 210 37 important
1105 1844 218 38 distinction
1341 1843 37 38 in
1400 1843 74 38 thei

97 1905 283 50 inflammatory
399 1902 194 40 affections
626 1903 45 37 of
694 1903 64 37 the
787 1899 187 39 intestinal
995 1898 119 46 canal,
1134 1897 91 38 both
1254 1897 39 37 in
1323 1894 151 51 regardl

99 1970 41 29 to
169 1968 64 29 the
260 1967 78 29 seat
365 1956 45 38 of
432 1957 63 38 the
513 1958 288 41 inflammation,
829 1953 74 38 and
931 1961 65 29 the
1020 1960 206 43 symptoms
1255 1950 119 37 which
1404 1961 57 25 ac-

98 2026 190 38 company
310 2012 39 36 it.
408 2010 43 38 In
483 2010 134 38 regard
638 2019 39 28 to
704 2008 63 39 the
793 2006 154 45 former,
969 2019 55 24 we
1055 2002 93 40 shall
1177 2017 60 24 see
1263 2015 131 25 reason
1424 2007 46 31 to-

98 2067 159 45 believe,
278 2059 82 43 that
378 2063 64 38 the
460 2063 276 37 inflammation
757 2073 84 38 may
862 2060 47 37 be
921 2058 199 62 primarily
1136 2056 123 38 seated
1280 2065 118 28 either
1424 2053 45 37 in:

102 2132 66 29 the
187 2127 234 45 peritonaeal,
445 2128 63 27 the
528 2129 200 33 muscular,
749 2128 44 25 or
812 2124 64 27 the
895 2113 131 36 villous
1056 2124 98 31 coat,
1175 2121 131 41 giving
1325 2109 69 36 rise
1424 2112 46 30 to.

99 2178 213 36 important
331 2169 207 40 diversities
559 2170 36 36 in
626 2178 64 29 the
723 2174 220 45 symptoms,
965 2164 76 38 and
1074 2163 82 38 that
1184 2165 29 35 it
1233 2175 84 37 may
1334 2155 135 56 spread,

101 2229 99 38 from
220 2240 74 26 one
313 2237 187 26 structure
526 2222 81 38 into
626 2230 174 35 another,
818 2218 214 52 producing
1050 2215 235 40 remarkable
1302 2226 167 36 changes’

100 2283 46 37 of
170 2290 64 29 the
261 2287 222 45 symptoms,
504 2283 38 29 at
561 2275 175 38 different
753 2274 151 50 periods
924 2271 44 39 of
986 2279 65 29 the
1069 2283 101 24 same
1192 2281 92 25 case.
1341 2265 127 41 Thus,-

103 2335 113 37 while
235 2334 64 38 the
318 2328 276 43 inflammation
614 2328 30 37 is
663 2326 179 39 confined
863 2335 38 28 to
930 2335 63 27 the
1019 2321 215 53 peritona^al
1255 2326 97 36 coat,
1372 2317 28 37 it
1428 2314 29 37 is

103 2387 185 51 probable
307 2381 81 43 that
408 2383 64 39 the
498 2378 143 42 disease
668 2394 87 37 may
773 2393 51 37 go
851 2392 51 24 on
931 2376 161 39 without
1119 2372 252 49 interrupting
1400 2366 74 64 thej

106 2452 191 26 muscular
315 2447 126 29 action
461 2434 45 41 of
518 2443 64 29 the
599 2446 123 33 canal,
749 2445 44 25 or
812 2430 82 38 that
913 2430 63 39 the
994 2428 211 49 irritability
1225 2424 45 38 of
1289 2431 63 29 the
1370 2430 104 26 mus->

104 2492 106 40 cular
229 2492 112 38 fibres
360 2505 86 38 may
466 2501 91 27 even
577 2486 47 39 be
643 2487 208 42 increased,
874 2498 41 23 so
935 2498 39 23 as
994 2490 39 31 to
1061 2492 171 28 occasion
1261 2473 211 40 diarrhoea.^

105 2546 136 40 When
261 2544 65 40 the
344 2544 292 42 inflammation,
656 2552 128 40 again,
810 2538 31 37 is
860 2537 40 38 in
919 2545 64 30 the
1000 2535 133 38 villous
1160 2535 98 41 coat,
1277 2535 64 31 the
1360 2534 109 29 mus—

742 2597 44 33 J2
