1895 3217
317 271 58 40 14

752 282 186 32 MEMOIR
972 283 54 31 OF
1061 281 198 33 BUFFON.

313 411 214 41 Btruction
554 405 49 47 of
618 406 78 46 the
719 407 159 45 lenses.
943 408 146 45 These
1113 407 341 61 accomplished^
1480 409 56 45 he
1560 424 120 31 com-

310 483 188 46 menced
519 489 46 40 to
589 483 128 46 build
749 484 71 46 his
853 490 125 55 great
1012 483 171 46 mirror.
1252 484 46 46 It
1329 500 93 30 was
1446 488 233 44 composed

311 560 50 46 of
374 566 86 41 168
480 560 144 62 pieces
640 560 51 47 of
704 561 124 61 plain
847 561 192 45 silvered
1059 576 133 47 glass,
1213 560 70 46 six
1306 560 152 47 inches
1475 563 63 60 by
1556 577 121 47 eight

308 638 47 44 in
379 638 109 54 size,
513 638 91 46 and
625 638 58 46 he
705 637 207 46 required
936 643 45 41 to
1013 653 211 31 examine
1253 640 140 45 above
1417 644 91 41 500
1531 639 145 61 pieces

306 716 147 44 before
483 721 80 39 the
585 721 119 40 most
727 713 166 63 perfect
917 715 130 45 could
1070 716 55 45 be
1149 715 225 47 obtained.
1459 716 218 46 Between

306 792 108 45 each
449 807 94 30 was
577 807 60 30 an
670 791 195 46 interval
896 791 51 46 of
977 791 99 47 four
1110 792 129 56 lines,
1277 799 47 40 to
1359 793 134 46 allow
1527 808 28 30 a
1588 792 89 46 free

303 875 187 48 motion,
516 870 91 45 and
629 875 47 40 to
698 869 166 61 permit
898 875 79 40 the
1008 871 205 45 observer
1242 877 46 39 to
1319 885 72 31 see
1419 876 80 40 the
1533 885 141 46 place,

303 951 45 39 to
395 946 150 45 which
595 947 80 45 the
725 946 170 46 images
941 962 117 30 were
1109 953 47 40 to
1200 948 56 45 be
1300 947 194 46 thrown.
1577 947 99 45 The

302 1023 147 45 whole
488 1038 119 30 were
651 1024 220 44 mounted
909 1023 48 45 in
1002 1039 59 29 an
1106 1023 96 47 iron
1241 1022 154 53 frame,
1451 1039 47 30 so
1542 1022 133 47 fitted

303 1099 116 45 with
456 1115 160 30 screws
657 1099 91 46 and
784 1099 188 61 springs,
1012 1100 104 45 that
1156 1116 27 30 a
1221 1107 173 39 motion
1439 1101 131 45 could
1617 1102 56 43 be

298 1176 134 60 given
477 1182 46 40 to
568 1176 128 45 them
740 1175 49 45 in
833 1191 94 47 any
972 1175 230 56 direction,
1250 1177 91 45 and
1378 1176 80 46 the
1502 1176 170 62 images

296 1252 212 46 reflected
552 1251 115 47 from
712 1252 63 46 all
813 1258 79 40 the
931 1267 179 31 mirrors
1154 1253 143 61 easily
1329 1259 181 40 thrown
1549 1268 122 46 upon

296 1336 79 38 the
410 1344 124 31 same
579 1335 112 54 spot.
783 1329 57 46 In
880 1328 122 46 eight
1042 1329 317 61 experiments,
1400 1330 58 46 he
1492 1329 178 47 obtain-

298 1407 54 46 ed
394 1406 80 45 the
517 1404 229 62 following
788 1406 178 54 results,
1014 1406 149 45 which
1209 1406 166 61 clearly
1419 1406 127 46 show
1588 1406 81 46 the

293 1483 255 61 possibility
571 1481 51 47 of
652 1481 168 62 setting
858 1482 80 45 fire
975 1488 47 40 to
1061 1483 79 45 the
1175 1483 176 45 Roman
1390 1482 274 47 fleet:—On

294 1560 161 45 March
477 1565 109 47 23d,
611 1573 28 31 a
660 1559 141 61 plank
824 1558 51 46 of
895 1559 151 45 taiTed
1066 1559 137 46 beech
1227 1575 94 30 was
1345 1565 67 40 set
1436 1575 56 30 on
1514 1559 81 46 fire
1618 1566 48 39 at

293 1635 224 47 sixty-six
539 1635 105 56 feet,
681 1635 115 47 with
831 1636 108 61 only
972 1634 120 63 forty
1125 1651 197 39 mirrors,
1348 1637 90 45 and
1468 1643 197 39 without

292 1721 79 38 the
399 1713 158 46 mirror
584 1715 134 59 being
747 1719 84 55 put
862 1728 120 45 upon
1011 1712 59 45 its
1102 1713 148 45 stand.
1324 1713 72 46 On
1425 1719 81 39 the
1540 1728 124 30 same

295 1791 105 61 day,
437 1806 27 30 a
497 1790 141 62 plank
671 1790 151 45 tan*ed
855 1789 90 46 and
979 1789 260 61 sulphured,
1275 1790 91 45 and
1392 1790 170 60 having
1583 1789 80 46 the

291 1867 159 46 mirror
481 1882 123 31 more
637 1866 456 62 disadvantageously
1126 1866 171 61 placed,
1331 1882 95 30 was
1455 1866 125 54 fired,
1614 1872 48 39 at

287 1947 80 45 the
391 1946 200 46 distance
610 1944 50 47 of
679 1942 89 48 126
792 1944 104 54 feet,
916 1943 114 46 with
1056 1949 58 48 98
1140 1943 193 47 mirrors.
1402 1943 73 47 On
1498 1944 79 45 the
1601 1943 62 46 Sd

288 2022 51 46 of
360 2023 150 61 April,
542 2029 48 39 at
621 2021 98 47 fom-
752 2022 165 46 o’clock
947 2020 48 47 in
1025 2027 79 39 the
1134 2036 206 47 evening,
1371 2036 27 31 a
1421 2020 135 47 slight
1590 2019 72 46 in-

287 2100 285 44 flammation
590 2113 94 30 was
707 2113 134 29 made
863 2113 121 29 upon
1008 2113 27 29 a
1056 2098 140 59 plank
1211 2098 184 45 covered
1415 2097 112 45 with
1548 2097 112 45 wool

289 2182 76 39 cut
379 2175 96 46 into
490 2174 133 46 small
637 2174 159 61 pieces,
814 2174 171 44 distant
1005 2178 86 40 138
1109 2172 104 55 feet,
1226 2173 114 47 with
1360 2179 87 39 112
1463 2173 194 45 mirrors.

292 2254 97 44 The
411 2257 113 40 next
547 2252 106 60 day,
679 2256 48 40 at
751 2250 156 46 eleven
931 2250 162 46 o’clock
1109 2248 222 55 forenoon,
1353 2254 89 40 154
1460 2264 195 37 miiTors,

288 2336 48 39 at
358 2329 79 45 the
461 2328 201 46 distance
681 2326 49 47 of
750 2333 89 39 150
862 2325 104 56 feet,
990 2341 133 31 made
1139 2341 27 30 a
1182 2326 150 46 tarred
1346 2326 140 61 plank
1502 2326 155 45 smoke

287 2414 46 38 to
358 2406 109 46 such
490 2421 28 30 a
541 2405 155 46 degi’ee
719 2404 48 46 in
790 2410 92 40 two
904 2403 214 55 minutes,
1154 2409 102 39 that
1287 2402 37 46 it
1356 2403 151 45 would
1537 2403 119 46 have

286 2486 113 43 been
422 2483 215 46 inflamed
662 2482 92 46 had
788 2488 79 39 not
893 2488 79 39 the
996 2497 85 29 sun
1105 2480 304 61 disappeared.
1478 2479 72 47 On
1573 2480 81 46 the

286 2562 81 44 5th
393 2561 145 61 April,
564 2575 27 31 a
614 2560 97 47 dull
735 2560 105 60 day,
873 2564 46 40 at
950 2564 127 39 three
1101 2558 162 46 o’clock
1287 2555 245 57 afternoon,
1561 2563 90 41 154
