1895 3217
744 263 88 48 149

492 785 109 37 THE
632 783 267 39 BARBARY
931 783 123 38 APE.

498 890 128 37 Tnuus
643 888 427 39 sylvarms,—Cuvier.

666 994 135 39 Plate
830 994 93 39 XV.

111 1101 114 39 Simia
256 1102 119 45 inuus,
674 1100 144 49 Magot,
854 1099 153 49 Buffon
1022 1114 15 30 ;
1088 1099 189 37 Frederic
1310 1099 162 46 Cuvier,

160 1167 182 37 Histoire
357 1166 216 37 Naturelle
592 1167 66 37 des
671 1165 531 48 Mammiferes—Macaque
1223 1171 132 41 magot,
1377 1165 99 37 De&-

162 1234 180 35 marest's
384 1232 297 48 Mammalogie,
720 1245 34 35 p.
794 1229 121 39 67.—
927 1231 160 48 Barbaiy
1123 1243 76 35 ape,
1249 1231 228 36 PennanVs

166 1298 264 44 Quadrupeds
443 1311 16 31 ;
491 1297 186 38 Gardens
693 1296 51 47 of
768 1296 223 38 Zoological
1005 1295 353 47 Society—Magot
1376 1295 102 37 Afri-

162 1365 92 43 cain,
282 1363 117 36 Inuus
431 1369 183 39 ecudatus,
642 1362 199 48 Geoffroy,
868 1361 183 38 Annales
1078 1361 54 37 du
1155 1362 206 45 Museum,
1392 1362 78 36 six.

161 1441 33 35 p.
217 1427 85 37 100.

183 1546 118 44 This
332 1546 196 60 monkey
552 1546 37 44 is
612 1547 293 53 remarkable^
931 1546 108 44 both
1063 1559 57 32 on
1142 1551 186 40 account
1353 1543 49 47 of
1416 1544 59 46 its

113 1621 199 61 peculiar
346 1620 128 55 form,
505 1623 88 45 and
630 1638 47 29 as
712 1623 134 61 being
867 1628 79 40 the
979 1637 106 46 only
1110 1622 365 60 quadrumanous

114 1698 169 45 animal
313 1697 138 47 found
481 1714 56 30 on
565 1699 79 45 the
674 1699 237 45 European
947 1698 243 46 continent.
1266 1699 71 60 By
1368 1699 109 44 Fre-

115 1774 115 46 deric
255 1774 165 46 Cuvier
452 1774 36 46 it
521 1774 37 46 is
591 1776 193 45 thought
820 1782 46 39 to
905 1776 55 44 be
993 1774 176 46 limited
1201 1774 48 45 in
1283 1775 58 44 its
1374 1790 102 46 geo-

114 1851 226 60 graphical
380 1851 283 45 distribution
706 1858 46 39 to
791 1853 201 59 Barbary
1044 1852 89 44 and
1178 1852 166 60 Egypt,
1386 1851 90 45 and

114 1934 79 38 the
235 1927 211 45 southern
486 1928 194 44 districts
711 1928 51 45 of
794 1928 153 60 Spain,
986 1928 89 44 and
1112 1933 78 39 not
1223 1933 46 39 to
1308 1927 170 45 extend

118 2018 103 30 over
251 2003 155 45 Africa
434 2009 46 39 to
512 2003 146 45 China
687 2004 89 44 and
807 2004 146 52 India,
988 2019 48 29 as
1068 2018 119 30 some
1214 2003 261 45 naturalists

118 2080 154 46 allege.
337 2080 91 45 But
452 2085 78 39 the
552 2086 118 39 most
694 2080 248 45 celebrated
965 2080 138 45 abode
1127 2079 50 45 of
1198 2080 90 44 this
1313 2079 163 61 species

117 2156 37 46 is
177 2162 79 40 the
279 2156 267 61 precipitous
571 2156 115 45 sides
711 2156 50 45 of
775 2162 78 39 the
875 2157 102 45 rock
996 2155 49 46 of
1060 2156 241 53 Gibraltar,
1328 2155 148 45 which

116 2232 38 47 is
179 2233 95 45 said
296 2234 62 59 by
383 2247 26 30 a
430 2231 218 47 historian
673 2232 50 46 of
747 2232 58 46 its
839 2233 248 45 celebrated
1121 2232 114 46 siege
1260 2239 44 39 to
1329 2233 53 45 be
1406 2248 70 29 re-

117 2310 231 44 markable
383 2308 64 46 for
483 2315 77 39 the
590 2310 190 44 number
815 2308 50 46 of
893 2325 102 29 apes
1024 2316 136 39 about
1183 2309 59 45 its
1272 2315 202 46 summit,

117 2385 209 61 breeding
352 2385 47 45 in
429 2385 282 45 inaccessible
734 2386 159 60 places,
919 2387 89 43 and
1030 2385 238 61 appearing
1290 2386 47 44 in
1360 2386 119 60 large

122 2461 154 45 droves
302 2460 113 46 with
439 2461 118 45 their
588 2477 151 46 young
763 2477 56 32 on
842 2462 117 46 their
985 2463 151 55 backs,
1162 2478 56 30 on
1240 2469 78 39 the
1342 2467 138 40 west-

118 2553 78 31 ern
221 2536 91 47 face
337 2536 49 47 of
400 2538 78 45 the
508 2537 96 46 hill.
