1895 3217
322 296 62 46 46

897 311 236 33 MONKEYS.

321 453 224 38 removedj
571 453 47 32 or
639 439 192 46 reduced
853 444 46 41 to
923 455 27 29 a
973 439 89 45 size
1087 439 89 45 and
1198 437 112 48 form
1335 439 166 68 simply
1529 455 161 32 neces-

322 531 103 47 sary
440 516 65 46 for
527 515 171 46 animal
720 531 242 46 purposes;
993 523 79 38 the
1095 531 105 31 nose
1218 515 38 47 is
1274 516 277 48 confounded
1570 526 116 39 with

320 599 79 40 the
432 608 141 46 upper
599 593 96 61 jaw
719 593 90 45 and
836 593 79 60 lip,
952 608 60 39 or,
1038 593 42 46 if
1103 608 122 31 more
1249 593 256 62 developed,
1530 593 37 46 is
1591 595 100 45 still

322 670 179 61 applied
522 676 46 39 to
592 669 146 46 offices
762 669 243 46 connected
1028 669 114 46 with
1172 669 235 63 procuring
1428 670 143 46 food.”
1632 669 56 45 In

321 753 79 39 the
423 746 146 46 whole
593 761 69 31 we
683 746 118 46 have
823 753 79 39 the
924 747 193 55 muzzle,
1136 761 49 32 or
1207 753 132 40 snout
1357 747 52 47 of
1423 763 58 30 an
1498 761 185 39 animal,

321 829 77 40 not
421 830 79 39 the
524 839 302 31 countenance
850 822 50 48 of
914 839 27 31 a
962 824 173 45 human
1157 823 147 48 being.

388 902 98 45 The
509 900 285 48 articulation
818 900 52 48 of
892 901 78 46 the
993 901 118 46 head
1133 900 114 47 with
1269 908 79 39 the
1371 900 142 63 spine,
1537 901 148 46 which

323 978 269 45 determines
614 978 60 45 its
698 984 198 55 support,
920 978 53 55 is,
997 977 49 47 in
1067 978 80 46 the
1168 978 174 46 human
1365 980 186 60 subject,
1576 994 111 46 very

322 1055 158 60 nearly
513 1054 48 46 in
593 1061 80 39 the
712 1070 181 39 centre;
934 1055 90 46 and
1061 1062 81 38 the
1180 1055 186 46 vertical
1402 1056 93 45 line
1528 1054 51 48 of
1608 1056 80 45 the

323 1132 113 44 neck
470 1131 91 45 and
593 1131 140 45 trunk
766 1130 38 46 is
837 1146 158 47 nearly
1032 1132 353 61 perpendicular,
1420 1132 89 46 and
1536 1133 149 46 would

324 1224 102 45 pass
460 1208 193 46 through
686 1214 79 41 the
791 1214 78 56 top
900 1207 52 48 of
974 1208 80 46 the
1079 1208 151 54 head;
1267 1215 320 55 consequently
1609 1209 80 46 the

326 1285 145 46 whole
505 1284 169 46 weight
707 1284 37 46 is
779 1285 232 46 sustained
1043 1286 62 61 by
1135 1291 79 39 the
1247 1285 222 46 vertebral
1497 1285 191 46 column.

328 1361 54 45 In
416 1367 119 40 most
573 1361 207 55 animals,
821 1368 80 40 the
938 1368 124 55 great
1096 1361 204 47 occipital
1332 1362 116 54 hole,
1486 1362 90 45 and
1611 1362 76 45 the

328 1438 212 46 articular
573 1439 226 61 condyles,
837 1454 74 30 are
946 1438 157 62 placed
1141 1439 163 45 almost
1338 1445 48 38 at
1419 1444 81 40 the
1529 1439 88 44 end
1647 1437 50 46 of

328 1522 78 38 the
430 1515 133 54 skull,
588 1515 226 61 throwing
834 1521 80 40 the
938 1515 146 46 whole
1107 1514 167 47 weight
1297 1514 51 47 of
1362 1516 78 44 the
1463 1515 117 45 head
1603 1514 88 46 for-

329 1607 162 39 wards,
521 1592 91 45 and
641 1591 38 46 it
701 1590 38 47 is
761 1590 233 63 incapable
1023 1590 50 47 of
1097 1593 134 60 being
1260 1591 240 62 supported
1527 1592 63 60 by
1613 1591 79 46 the

329 1668 223 46 vertebral
574 1684 193 38 column,
793 1668 196 46 without
1012 1683 121 31 some
1156 1684 111 46 very
1288 1667 217 63 powerful
1536 1675 156 38 assist-

330 1746 76 61 ing
427 1745 276 46 machinery.
760 1745 173 54 Hence,
958 1760 70 31 we
1049 1744 96 47 find
1167 1752 79 38 the
1269 1745 181 61 spinous
1472 1760 220 46 processes

331 1821 50 46 of
421 1828 80 39 the
545 1821 188 46 cervical
776 1822 218 45 vertebrae
1036 1821 118 62 long,
1201 1822 91 45 and
1336 1821 189 45 assisted
1569 1822 61 60 by
1667 1837 27 29 a

331 1914 111 46 very
466 1914 150 46 strong
647 1899 232 61 ligament,
904 1898 144 46 called
1075 1899 80 45 the
1186 1899 299 45 ligamentum
1517 1899 176 53 nuchae,

332 1992 48 29 or
413 1990 332 31 suspensorium
779 1974 114 47 colli.
960 1975 57 47 In
1055 1981 80 40 the
1179 1990 151 46 orang,
1375 1980 80 40 the
1494 1975 203 61 occipital

331 2053 102 45 hole
465 2052 39 46 is
536 2052 158 62 placed
726 2059 133 39 twice
892 2067 50 31 as
974 2050 68 47 far
1073 2051 112 47 from
1223 2052 80 45 the
1331 2052 118 61 jaws
1494 2067 48 30 as
1586 2051 112 46 from

333 2130 78 44 the
433 2130 114 44 back
571 2128 51 46 of
634 2129 79 45 the
735 2129 132 53 head,
892 2129 150 45 which
1063 2135 169 39 throws
1256 2145 27 29 a
1304 2135 123 54 great
1450 2129 247 45 additional

335 2221 168 30 weight
527 2204 227 55 forwards,
771 2205 90 45 and
879 2211 322 54 consequently
1215 2220 195 30 requires
1427 2220 122 30 more
1568 2220 128 30 exer-

334 2283 96 48 tion
453 2289 47 40 to
522 2279 224 48 maintain
768 2287 80 40 the
871 2287 117 40 erect
1010 2281 205 61 position.
1273 2282 92 45 But
1388 2281 216 46 although
1628 2297 71 31 we

335 2362 110 54 find,
471 2359 232 61 according
724 2365 47 39 to
795 2358 207 62 Camper,
1032 2364 104 39 that
1165 2364 79 39 the
1269 2357 179 62 spinous
1477 2373 222 46 processes

336 2438 51 46 of
413 2445 80 39 the
530 2435 189 48 cervical
748 2441 218 41 vertebrae
1001 2450 75 31 are
1104 2435 118 61 long,
1254 2435 90 45 and
1375 2450 72 30 see
1470 2449 28 30 a
1526 2441 175 54 greater

338 2517 341 45 developement
702 2511 51 48 of
766 2512 126 46 them
914 2511 48 46 in
984 2512 80 46 the
1087 2513 223 45 Batavian
1332 2526 156 47 pongo,
1513 2511 127 46 there
1663 2511 38 46 is

339 2609 57 30 no
419 2591 204 47 mention
646 2589 48 49 in
724 2605 92 47 any
840 2595 162 41 author
1024 2588 50 48 of
1098 2596 80 40 the
1199 2603 206 48 presence
1435 2588 51 48 of
1499 2594 79 40 the
1602 2604 100 30 sus-
