<?xml version="1.0" encoding="UTF-8"?>
<alto xmlns="http://www.loc.gov/standards/alto/ns-v2#" xmlns:xsi="http://www.w3.org/2001/XMLSchema-instance" xsi:schemaLocation="http://www.loc.gov/standards/alto/ns-v2# http://www.loc.gov/standards/alto/alto.xsd">
  <Description>
    <MeasurementUnit>pixel</MeasurementUnit>
    <sourceImageInformation>
      <fileName>b21273911_abbyy.xml</fileName>
    </sourceImageInformation>
    <OCRProcessing ID="OCR_1">
      <preProcessingStep>
        <processingDateTime>2014-10-24T02:15:27</processingDateTime>
        <processingAgency>intranda GmbH, www.intranda.com</processingAgency>
        <processingSoftware>
          <softwareCreator>intranda GmbH, Germany</softwareCreator>
          <softwareName>intranda OCR Module for TaskManager</softwareName>
          <softwareVersion>1.0r42</softwareVersion>
        </processingSoftware>
      </preProcessingStep>
      <ocrProcessingStep>
        <processingSoftware>
          <softwareCreator>ABBYY (BIT Software), Russia</softwareCreator>
          <softwareName>FineReader Engine</softwareName>
          <softwareVersion>10</softwareVersion>
        </processingSoftware>
      </ocrProcessingStep>
    </OCRProcessing>
  </Description>
  <Layout>
    <Page PHYSICAL_IMG_NR="246" ID="PAGE_246" WIDTH="2113" HEIGHT="3404">
      <TopMargin ID="TopMargin_1" HPOS="443" VPOS="263" WIDTH="1149" HEIGHT="50">
        <TextBlock ID="TextBlock_761" HPOS="443" VPOS="263" WIDTH="1149" HEIGHT="50">
          <TextLine ID="TextLine_9193" HPOS="943" VPOS="277" WIDTH="649" HEIGHT="36">
            <String ID="Word_93206" HPOS="943" VPOS="278" WIDTH="86" HEIGHT="30" CONTENT="THE" />
            <SP ID="SP_84018" HPOS="1029" VPOS="277" WIDTH="33" HEIGHT="0" />
            <String ID="Word_93207" HPOS="1062" VPOS="277" WIDTH="240" HEIGHT="36" CONTENT="DISOHDBEB" />
            <SP ID="SP_84019" HPOS="1302" VPOS="277" WIDTH="33" HEIGHT="0" />
            <String ID="Word_93208" HPOS="1335" VPOS="281" WIDTH="52" HEIGHT="30" CONTENT="OF" />
            <SP ID="SP_84020" HPOS="1387" VPOS="281" WIDTH="32" HEIGHT="0" />
            <String ID="Word_93209" HPOS="1419" VPOS="281" WIDTH="173" HEIGHT="32" CONTENT="SPEECH." />
          </TextLine>
          <TextLine ID="TextLine_9192" HPOS="443" VPOS="263" WIDTH="84" HEIGHT="42">
            <String ID="Word_93205" HPOS="443" VPOS="263" WIDTH="84" HEIGHT="42" CONTENT="230" />
          </TextLine>
        </TextBlock>
      </TopMargin>
      <PrintSpace ID="PrintSpace_247" HPOS="683" VPOS="3059" WIDTH="1141" HEIGHT="60">
        <TextBlock ID="TextBlock_759" HPOS="437" VPOS="387" WIDTH="1631" HEIGHT="2592">
          <TextLine ID="TextLine_9194" HPOS="445" VPOS="394" WIDTH="1613" HEIGHT="63">
            <String ID="Word_93210" HPOS="445" VPOS="406" WIDTH="131" HEIGHT="43" CONTENT="organ" />
            <SP ID="SP_84021" HPOS="576" VPOS="394" WIDTH="22" HEIGHT="0" />
            <String ID="Word_93211" HPOS="598" VPOS="394" WIDTH="44" HEIGHT="42" CONTENT="of" />
            <SP ID="SP_84022" HPOS="642" VPOS="394" WIDTH="21" HEIGHT="0" />
            <String ID="Word_93212" HPOS="663" VPOS="407" WIDTH="123" HEIGHT="31" CONTENT="sense" />
            <SP ID="SP_84023" HPOS="786" VPOS="407" WIDTH="22" HEIGHT="0" />
            <String ID="Word_93213" HPOS="808" VPOS="409" WIDTH="215" HEIGHT="42" CONTENT="possesses" />
            <SP ID="SP_84024" HPOS="1023" VPOS="397" WIDTH="24" HEIGHT="0" />
            <String ID="Word_93214" HPOS="1047" VPOS="397" WIDTH="185" HEIGHT="43" CONTENT="muscles" />
            <SP ID="SP_84025" HPOS="1232" VPOS="397" WIDTH="23" HEIGHT="0" />
            <String ID="Word_93215" HPOS="1255" VPOS="397" WIDTH="124" HEIGHT="56" CONTENT="(such" />
            <SP ID="SP_84026" HPOS="1379" VPOS="397" WIDTH="23" HEIGHT="0" />
            <String ID="Word_93216" HPOS="1402" VPOS="411" WIDTH="45" HEIGHT="29" CONTENT="as" />
            <SP ID="SP_84027" HPOS="1447" VPOS="397" WIDTH="24" HEIGHT="0" />
            <String ID="Word_93217" HPOS="1471" VPOS="397" WIDTH="120" HEIGHT="44" CONTENT="those" />
            <SP ID="SP_84028" HPOS="1591" VPOS="397" WIDTH="22" HEIGHT="0" />
            <String ID="Word_93218" HPOS="1613" VPOS="400" WIDTH="46" HEIGHT="41" CONTENT="of" />
            <SP ID="SP_84029" HPOS="1659" VPOS="400" WIDTH="27" HEIGHT="0" />
            <String ID="Word_93219" HPOS="1686" VPOS="400" WIDTH="73" HEIGHT="43" CONTENT="the" />
            <SP ID="SP_84030" HPOS="1759" VPOS="400" WIDTH="29" HEIGHT="0" />
            <String ID="Word_93220" HPOS="1788" VPOS="402" WIDTH="176" HEIGHT="55" CONTENT="eyeball," />
            <SP ID="SP_84031" HPOS="1964" VPOS="402" WIDTH="22" HEIGHT="0" />
            <String ID="Word_93221" HPOS="1986" VPOS="403" WIDTH="72" HEIGHT="43" CONTENT="the" />
          </TextLine>
          <TextLine ID="TextLine_9195" HPOS="445" VPOS="464" WIDTH="1612" HEIGHT="63">
            <String ID="Word_93222" HPOS="445" VPOS="477" WIDTH="115" HEIGHT="39" CONTENT="nose," />
            <SP ID="SP_84032" HPOS="560" VPOS="464" WIDTH="23" HEIGHT="0" />
            <String ID="Word_93223" HPOS="583" VPOS="464" WIDTH="73" HEIGHT="44" CONTENT="the" />
            <SP ID="SP_84033" HPOS="656" VPOS="464" WIDTH="22" HEIGHT="0" />
            <String ID="Word_93224" HPOS="678" VPOS="465" WIDTH="162" HEIGHT="43" CONTENT="middle" />
            <SP ID="SP_84034" HPOS="840" VPOS="465" WIDTH="22" HEIGHT="0" />
            <String ID="Word_93225" HPOS="862" VPOS="480" WIDTH="82" HEIGHT="38" CONTENT="ear," />
            <SP ID="SP_84035" HPOS="944" VPOS="467" WIDTH="23" HEIGHT="0" />
            <String ID="Word_93226" HPOS="967" VPOS="467" WIDTH="110" HEIGHT="56" CONTENT="etc.)," />
            <SP ID="SP_84036" HPOS="1077" VPOS="467" WIDTH="22" HEIGHT="0" />
            <String ID="Word_93227" HPOS="1099" VPOS="467" WIDTH="85" HEIGHT="43" CONTENT="and" />
            <SP ID="SP_84037" HPOS="1184" VPOS="467" WIDTH="22" HEIGHT="0" />
            <String ID="Word_93228" HPOS="1206" VPOS="467" WIDTH="120" HEIGHT="43" CONTENT="these" />
            <SP ID="SP_84038" HPOS="1326" VPOS="467" WIDTH="22" HEIGHT="0" />
            <String ID="Word_93229" HPOS="1348" VPOS="482" WIDTH="70" HEIGHT="29" CONTENT="are" />
            <SP ID="SP_84039" HPOS="1418" VPOS="469" WIDTH="23" HEIGHT="0" />
            <String ID="Word_93230" HPOS="1441" VPOS="469" WIDTH="138" HEIGHT="42" CONTENT="called" />
            <SP ID="SP_84040" HPOS="1579" VPOS="469" WIDTH="31" HEIGHT="0" />
            <String ID="Word_93231" HPOS="1610" VPOS="470" WIDTH="93" HEIGHT="42" CONTENT="into" />
            <SP ID="SP_84041" HPOS="1703" VPOS="470" WIDTH="28" HEIGHT="0" />
            <String ID="Word_93232" HPOS="1731" VPOS="472" WIDTH="179" HEIGHT="55" CONTENT="activity" />
            <SP ID="SP_84042" HPOS="1910" VPOS="472" WIDTH="24" HEIGHT="0" />
            <String ID="Word_93233" HPOS="1934" VPOS="472" WIDTH="123" HEIGHT="43" CONTENT="when" />
          </TextLine>
          <TextLine ID="TextLine_9196" HPOS="444" VPOS="535" WIDTH="1612" HEIGHT="59">
            <String ID="Word_93234" HPOS="444" VPOS="535" WIDTH="74" HEIGHT="43" CONTENT="the" />
            <SP ID="SP_84043" HPOS="518" VPOS="535" WIDTH="22" HEIGHT="0" />
            <String ID="Word_93235" HPOS="540" VPOS="549" WIDTH="130" HEIGHT="43" CONTENT="organ" />
            <SP ID="SP_84044" HPOS="670" VPOS="536" WIDTH="31" HEIGHT="0" />
            <String ID="Word_93236" HPOS="701" VPOS="536" WIDTH="38" HEIGHT="43" CONTENT="is" />
            <SP ID="SP_84045" HPOS="739" VPOS="536" WIDTH="31" HEIGHT="0" />
            <String ID="Word_93237" HPOS="770" VPOS="537" WIDTH="188" HEIGHT="57" CONTENT="actively" />
            <SP ID="SP_84046" HPOS="958" VPOS="537" WIDTH="32" HEIGHT="0" />
            <String ID="Word_93238" HPOS="990" VPOS="538" WIDTH="216" HEIGHT="56" CONTENT="receiving" />
            <SP ID="SP_84047" HPOS="1206" VPOS="538" WIDTH="31" HEIGHT="0" />
            <String ID="Word_93239" HPOS="1237" VPOS="538" WIDTH="285" HEIGHT="55" CONTENT="impressions." />
            <SP ID="SP_84048" HPOS="1522" VPOS="538" WIDTH="63" HEIGHT="0" />
            <String ID="Word_93240" HPOS="1585" VPOS="539" WIDTH="44" HEIGHT="43" CONTENT="It" />
            <SP ID="SP_84049" HPOS="1629" VPOS="539" WIDTH="29" HEIGHT="0" />
            <String ID="Word_93241" HPOS="1658" VPOS="540" WIDTH="37" HEIGHT="43" CONTENT="is" />
            <SP ID="SP_84050" HPOS="1695" VPOS="540" WIDTH="33" HEIGHT="0" />
            <String ID="Word_93242" HPOS="1728" VPOS="540" WIDTH="99" HEIGHT="43" CONTENT="held" />
            <SP ID="SP_84051" HPOS="1827" VPOS="540" WIDTH="31" HEIGHT="0" />
            <String ID="Word_93243" HPOS="1858" VPOS="541" WIDTH="95" HEIGHT="43" CONTENT="that" />
            <SP ID="SP_84052" HPOS="1953" VPOS="541" WIDTH="30" HEIGHT="0" />
            <String ID="Word_93244" HPOS="1983" VPOS="543" WIDTH="73" HEIGHT="42" CONTENT="the" />
          </TextLine>
          <TextLine ID="TextLine_9197" HPOS="445" VPOS="606" WIDTH="1614" HEIGHT="57">
            <String ID="Word_93245" HPOS="445" VPOS="606" WIDTH="219" HEIGHT="43" CONTENT="muscular" />
            <SP ID="SP_84053" HPOS="664" VPOS="606" WIDTH="21" HEIGHT="0" />
            <String ID="Word_93246" HPOS="685" VPOS="608" WIDTH="217" HEIGHT="42" CONTENT="activities" />
            <SP ID="SP_84054" HPOS="902" VPOS="608" WIDTH="31" HEIGHT="0" />
            <String ID="Word_93247" HPOS="933" VPOS="608" WIDTH="147" HEIGHT="42" CONTENT="record" />
            <SP ID="SP_84055" HPOS="1080" VPOS="608" WIDTH="32" HEIGHT="0" />
            <String ID="Word_93248" HPOS="1112" VPOS="608" WIDTH="114" HEIGHT="42" CONTENT="their" />
            <SP ID="SP_84056" HPOS="1226" VPOS="608" WIDTH="31" HEIGHT="0" />
            <String ID="Word_93249" HPOS="1257" VPOS="609" WIDTH="223" HEIGHT="42" CONTENT="memories" />
            <SP ID="SP_84057" HPOS="1480" VPOS="609" WIDTH="31" HEIGHT="0" />
            <String ID="Word_93250" HPOS="1511" VPOS="610" WIDTH="46" HEIGHT="41" CONTENT="in" />
            <SP ID="SP_84058" HPOS="1557" VPOS="610" WIDTH="32" HEIGHT="0" />
            <String ID="Word_93251" HPOS="1589" VPOS="610" WIDTH="73" HEIGHT="42" CONTENT="the" />
            <SP ID="SP_84059" HPOS="1662" VPOS="610" WIDTH="33" HEIGHT="0" />
            <String ID="Word_93252" HPOS="1695" VPOS="611" WIDTH="131" HEIGHT="52" CONTENT="brain," />
            <SP ID="SP_84060" HPOS="1826" VPOS="611" WIDTH="22" HEIGHT="0" />
            <String ID="Word_93253" HPOS="1848" VPOS="613" WIDTH="83" HEIGHT="41" CONTENT="and" />
            <SP ID="SP_84061" HPOS="1931" VPOS="613" WIDTH="33" HEIGHT="0" />
            <String ID="Word_93254" HPOS="1964" VPOS="613" WIDTH="95" HEIGHT="42" CONTENT="that" />
          </TextLine>
          <TextLine ID="TextLine_9198" HPOS="443" VPOS="676" WIDTH="1618" HEIGHT="61">
            <String ID="Word_93255" HPOS="443" VPOS="676" WIDTH="122" HEIGHT="42" CONTENT="these" />
            <SP ID="SP_84062" HPOS="565" VPOS="676" WIDTH="24" HEIGHT="0" />
            <String ID="Word_93256" HPOS="589" VPOS="681" WIDTH="137" HEIGHT="37" CONTENT="motor" />
            <SP ID="SP_84063" HPOS="726" VPOS="677" WIDTH="32" HEIGHT="0" />
            <String ID="Word_93257" HPOS="758" VPOS="677" WIDTH="223" HEIGHT="42" CONTENT="memories" />
            <SP ID="SP_84064" HPOS="981" VPOS="677" WIDTH="33" HEIGHT="0" />
            <String ID="Word_93258" HPOS="1014" VPOS="677" WIDTH="131" HEIGHT="42" CONTENT="blend" />
            <SP ID="SP_84065" HPOS="1145" VPOS="677" WIDTH="22" HEIGHT="0" />
            <String ID="Word_93259" HPOS="1167" VPOS="678" WIDTH="106" HEIGHT="41" CONTENT="with" />
            <SP ID="SP_84066" HPOS="1273" VPOS="678" WIDTH="32" HEIGHT="0" />
            <String ID="Word_93260" HPOS="1305" VPOS="678" WIDTH="73" HEIGHT="42" CONTENT="the" />
            <SP ID="SP_84067" HPOS="1378" VPOS="678" WIDTH="32" HEIGHT="0" />
            <String ID="Word_93261" HPOS="1410" VPOS="693" WIDTH="174" HEIGHT="41" CONTENT="sensory" />
            <SP ID="SP_84068" HPOS="1584" VPOS="679" WIDTH="22" HEIGHT="0" />
            <String ID="Word_93262" HPOS="1606" VPOS="679" WIDTH="47" HEIGHT="43" CONTENT="in" />
            <SP ID="SP_84069" HPOS="1653" VPOS="679" WIDTH="31" HEIGHT="0" />
            <String ID="Word_93263" HPOS="1684" VPOS="694" WIDTH="77" HEIGHT="28" CONTENT="our" />
            <SP ID="SP_84070" HPOS="1761" VPOS="687" WIDTH="30" HEIGHT="0" />
            <String ID="Word_93264" HPOS="1791" VPOS="687" WIDTH="194" HEIGHT="49" CONTENT="percepts" />
            <SP ID="SP_84071" HPOS="1985" VPOS="683" WIDTH="30" HEIGHT="0" />
            <String ID="Word_93265" HPOS="2015" VPOS="683" WIDTH="46" HEIGHT="41" CONTENT="of" />
          </TextLine>
          <TextLine ID="TextLine_9199" HPOS="444" VPOS="747" WIDTH="1613" HEIGHT="59">
            <String ID="Word_93266" HPOS="444" VPOS="747" WIDTH="157" HEIGHT="54" CONTENT="things." />
            <SP ID="SP_84072" HPOS="601" VPOS="747" WIDTH="63" HEIGHT="0" />
            <String ID="Word_93267" HPOS="664" VPOS="747" WIDTH="64" HEIGHT="40" CONTENT="Dr" />
            <SP ID="SP_84073" HPOS="728" VPOS="747" WIDTH="22" HEIGHT="0" />
            <String ID="Word_93268" HPOS="750" VPOS="747" WIDTH="166" HEIGHT="42" CONTENT="Ferrier" />
            <SP ID="SP_84074" HPOS="916" VPOS="747" WIDTH="21" HEIGHT="0" />
            <String ID="Word_93269" HPOS="937" VPOS="747" WIDTH="102" HEIGHT="42" CONTENT="thus" />
            <SP ID="SP_84075" HPOS="1039" VPOS="747" WIDTH="21" HEIGHT="0" />
            <String ID="Word_93270" HPOS="1060" VPOS="748" WIDTH="241" HEIGHT="42" CONTENT="illustrates" />
            <SP ID="SP_84076" HPOS="1301" VPOS="748" WIDTH="19" HEIGHT="0" />
            <String ID="Word_93271" HPOS="1320" VPOS="748" WIDTH="72" HEIGHT="42" CONTENT="the" />
            <SP ID="SP_84077" HPOS="1392" VPOS="748" WIDTH="19" HEIGHT="0" />
            <String ID="Word_93272" HPOS="1411" VPOS="749" WIDTH="129" HEIGHT="42" CONTENT="views" />
            <SP ID="SP_84078" HPOS="1540" VPOS="749" WIDTH="15" HEIGHT="0" />
            <String ID="Word_93273" HPOS="1555" VPOS="764" WIDTH="55" HEIGHT="27" CONTENT="on" />
            <SP ID="SP_84079" HPOS="1610" VPOS="750" WIDTH="22" HEIGHT="0" />
            <String ID="Word_93274" HPOS="1632" VPOS="750" WIDTH="86" HEIGHT="42" CONTENT="this" />
            <SP ID="SP_84080" HPOS="1718" VPOS="750" WIDTH="17" HEIGHT="0" />
            <String ID="Word_93275" HPOS="1735" VPOS="751" WIDTH="166" HEIGHT="55" CONTENT="subject" />
            <SP ID="SP_84081" HPOS="1901" VPOS="751" WIDTH="16" HEIGHT="0" />
            <String ID="Word_93276" HPOS="1917" VPOS="753" WIDTH="140" HEIGHT="41" CONTENT="which" />
          </TextLine>
          <TextLine ID="TextLine_9200" HPOS="442" VPOS="817" WIDTH="1614" HEIGHT="51">
            <String ID="Word_93277" HPOS="442" VPOS="818" WIDTH="56" HEIGHT="42" CONTENT="he" />
            <SP ID="SP_84082" HPOS="498" VPOS="817" WIDTH="22" HEIGHT="0" />
            <String ID="Word_93278" HPOS="520" VPOS="817" WIDTH="145" HEIGHT="43" CONTENT="shares" />
            <SP ID="SP_84083" HPOS="665" VPOS="817" WIDTH="23" HEIGHT="0" />
            <String ID="Word_93279" HPOS="688" VPOS="817" WIDTH="106" HEIGHT="42" CONTENT="with" />
            <SP ID="SP_84084" HPOS="794" VPOS="817" WIDTH="24" HEIGHT="0" />
            <String ID="Word_93280" HPOS="818" VPOS="817" WIDTH="218" HEIGHT="42" CONTENT="Professor" />
            <SP ID="SP_84085" HPOS="1036" VPOS="817" WIDTH="22" HEIGHT="0" />
            <String ID="Word_93281" HPOS="1058" VPOS="818" WIDTH="311" HEIGHT="50" CONTENT="Bain,—&quot;Our" />
            <SP ID="SP_84086" HPOS="1369" VPOS="818" WIDTH="21" HEIGHT="0" />
            <String ID="Word_93282" HPOS="1390" VPOS="819" WIDTH="116" HEIGHT="42" CONTENT="ideas" />
            <SP ID="SP_84087" HPOS="1506" VPOS="819" WIDTH="23" HEIGHT="0" />
            <String ID="Word_93283" HPOS="1529" VPOS="820" WIDTH="45" HEIGHT="41" CONTENT="of" />
            <SP ID="SP_84088" HPOS="1574" VPOS="820" WIDTH="23" HEIGHT="0" />
            <String ID="Word_93284" HPOS="1597" VPOS="820" WIDTH="109" HEIGHT="41" CONTENT="form" />
            <SP ID="SP_84089" HPOS="1706" VPOS="820" WIDTH="32" HEIGHT="0" />
            <String ID="Word_93285" HPOS="1738" VPOS="835" WIDTH="69" HEIGHT="28" CONTENT="are" />
            <SP ID="SP_84090" HPOS="1807" VPOS="826" WIDTH="30" HEIGHT="0" />
            <String ID="Word_93286" HPOS="1837" VPOS="826" WIDTH="78" HEIGHT="38" CONTENT="not" />
            <SP ID="SP_84091" HPOS="1915" VPOS="826" WIDTH="28" HEIGHT="0" />
            <String ID="Word_93287" HPOS="1943" VPOS="836" WIDTH="113" HEIGHT="29" CONTENT="mere" />
          </TextLine>
          <TextLine ID="TextLine_9201" HPOS="444" VPOS="886" WIDTH="1611" HEIGHT="58">
            <String ID="Word_93288" HPOS="444" VPOS="887" WIDTH="176" HEIGHT="42" CONTENT="revived" />
            <SP ID="SP_84092" HPOS="620" VPOS="886" WIDTH="32" HEIGHT="0" />
            <String ID="Word_93289" HPOS="652" VPOS="886" WIDTH="158" HEIGHT="55" CONTENT="optical" />
            <SP ID="SP_84093" HPOS="810" VPOS="886" WIDTH="35" HEIGHT="0" />
            <String ID="Word_93290" HPOS="845" VPOS="886" WIDTH="290" HEIGHT="55" CONTENT="impressions," />
            <SP ID="SP_84094" HPOS="1135" VPOS="886" WIDTH="61" HEIGHT="0" />
            <String ID="Word_93291" HPOS="1196" VPOS="920" WIDTH="224" HEIGHT="10" CONTENT="...." />
            <SP ID="SP_84095" HPOS="1420" VPOS="888" WIDTH="62" HEIGHT="0" />
            <String ID="Word_93292" HPOS="1482" VPOS="888" WIDTH="78" HEIGHT="42" CONTENT="but" />
            <SP ID="SP_84096" HPOS="1560" VPOS="888" WIDTH="31" HEIGHT="0" />
            <String ID="Word_93293" HPOS="1591" VPOS="889" WIDTH="159" HEIGHT="55" CONTENT="optical" />
            <SP ID="SP_84097" HPOS="1750" VPOS="889" WIDTH="31" HEIGHT="0" />
            <String ID="Word_93294" HPOS="1781" VPOS="890" WIDTH="274" HEIGHT="43" CONTENT="impressions" />
          </TextLine>
          <TextLine ID="TextLine_9202" HPOS="445" VPOS="957" WIDTH="1611" HEIGHT="46">
            <String ID="Word_93295" HPOS="445" VPOS="957" WIDTH="227" HEIGHT="44" CONTENT="combined" />
            <SP ID="SP_84098" HPOS="672" VPOS="957" WIDTH="23" HEIGHT="0" />
            <String ID="Word_93296" HPOS="695" VPOS="957" WIDTH="105" HEIGHT="41" CONTENT="with" />
            <SP ID="SP_84099" HPOS="800" VPOS="957" WIDTH="23" HEIGHT="0" />
            <String ID="Word_93297" HPOS="823" VPOS="957" WIDTH="112" HEIGHT="41" CONTENT="ideal" />
            <SP ID="SP_84100" HPOS="935" VPOS="957" WIDTH="23" HEIGHT="0" />
            <String ID="Word_93298" HPOS="958" VPOS="957" WIDTH="144" HEIGHT="42" CONTENT="ocular" />
            <SP ID="SP_84101" HPOS="1102" VPOS="957" WIDTH="24" HEIGHT="0" />
            <String ID="Word_93299" HPOS="1126" VPOS="963" WIDTH="275" HEIGHT="37" CONTENT="movements." />
            <SP ID="SP_84102" HPOS="1401" VPOS="958" WIDTH="64" HEIGHT="0" />
            <String ID="Word_93300" HPOS="1465" VPOS="958" WIDTH="89" HEIGHT="42" CONTENT="Our" />
            <SP ID="SP_84103" HPOS="1554" VPOS="958" WIDTH="22" HEIGHT="0" />
            <String ID="Word_93301" HPOS="1576" VPOS="959" WIDTH="95" HEIGHT="42" CONTENT="idea" />
            <SP ID="SP_84104" HPOS="1671" VPOS="959" WIDTH="28" HEIGHT="0" />
            <String ID="Word_93302" HPOS="1699" VPOS="961" WIDTH="43" HEIGHT="40" CONTENT="of" />
            <SP ID="SP_84105" HPOS="1742" VPOS="961" WIDTH="30" HEIGHT="0" />
            <String ID="Word_93303" HPOS="1772" VPOS="974" WIDTH="23" HEIGHT="27" CONTENT="a" />
            <SP ID="SP_84106" HPOS="1795" VPOS="961" WIDTH="33" HEIGHT="0" />
            <String ID="Word_93304" HPOS="1828" VPOS="961" WIDTH="124" HEIGHT="41" CONTENT="circle" />
            <SP ID="SP_84107" HPOS="1952" VPOS="961" WIDTH="23" HEIGHT="0" />
            <String ID="Word_93305" HPOS="1975" VPOS="962" WIDTH="35" HEIGHT="41" CONTENT="is" />
            <SP ID="SP_84108" HPOS="2010" VPOS="962" WIDTH="23" HEIGHT="0" />
            <String ID="Word_93306" HPOS="2033" VPOS="976" WIDTH="23" HEIGHT="27" CONTENT="a" />
          </TextLine>
          <TextLine ID="TextLine_9203" HPOS="445" VPOS="1026" WIDTH="1612" HEIGHT="52">
            <String ID="Word_93307" HPOS="445" VPOS="1027" WIDTH="293" HEIGHT="44" CONTENT="combination" />
            <SP ID="SP_84109" HPOS="738" VPOS="1027" WIDTH="32" HEIGHT="0" />
            <String ID="Word_93308" HPOS="770" VPOS="1027" WIDTH="45" HEIGHT="41" CONTENT="of" />
            <SP ID="SP_84110" HPOS="815" VPOS="1027" WIDTH="28" HEIGHT="0" />
            <String ID="Word_93309" HPOS="843" VPOS="1040" WIDTH="56" HEIGHT="28" CONTENT="an" />
            <SP ID="SP_84111" HPOS="899" VPOS="1026" WIDTH="30" HEIGHT="0" />
            <String ID="Word_93310" HPOS="929" VPOS="1026" WIDTH="114" HEIGHT="42" CONTENT="ideal" />
            <SP ID="SP_84112" HPOS="1043" VPOS="1026" WIDTH="33" HEIGHT="0" />
            <String ID="Word_93311" HPOS="1076" VPOS="1027" WIDTH="199" HEIGHT="42" CONTENT="coloured" />
            <SP ID="SP_84113" HPOS="1275" VPOS="1027" WIDTH="32" HEIGHT="0" />
            <String ID="Word_93312" HPOS="1307" VPOS="1027" WIDTH="177" HEIGHT="51" CONTENT="outline," />
            <SP ID="SP_84114" HPOS="1484" VPOS="1027" WIDTH="27" HEIGHT="0" />
            <String ID="Word_93313" HPOS="1511" VPOS="1027" WIDTH="104" HEIGHT="42" CONTENT="with" />
            <SP ID="SP_84115" HPOS="1615" VPOS="1027" WIDTH="32" HEIGHT="0" />
            <String ID="Word_93314" HPOS="1647" VPOS="1042" WIDTH="55" HEIGHT="28" CONTENT="an" />
            <SP ID="SP_84116" HPOS="1702" VPOS="1028" WIDTH="31" HEIGHT="0" />
            <String ID="Word_93315" HPOS="1733" VPOS="1028" WIDTH="112" HEIGHT="43" CONTENT="ideal" />
            <SP ID="SP_84117" HPOS="1845" VPOS="1028" WIDTH="32" HEIGHT="0" />
            <String ID="Word_93316" HPOS="1877" VPOS="1030" WIDTH="180" HEIGHT="41" CONTENT="circular" />
          </TextLine>
          <TextLine ID="TextLine_9204" HPOS="443" VPOS="1097" WIDTH="1613" HEIGHT="58">
            <String ID="Word_93317" HPOS="443" VPOS="1112" WIDTH="142" HEIGHT="29" CONTENT="sweep" />
            <SP ID="SP_84118" HPOS="585" VPOS="1098" WIDTH="23" HEIGHT="0" />
            <String ID="Word_93318" HPOS="608" VPOS="1098" WIDTH="46" HEIGHT="41" CONTENT="of" />
            <SP ID="SP_84119" HPOS="654" VPOS="1097" WIDTH="19" HEIGHT="0" />
            <String ID="Word_93319" HPOS="673" VPOS="1097" WIDTH="73" HEIGHT="42" CONTENT="the" />
            <SP ID="SP_84120" HPOS="746" VPOS="1097" WIDTH="22" HEIGHT="0" />
            <String ID="Word_93320" HPOS="768" VPOS="1098" WIDTH="202" HEIGHT="55" CONTENT="eyeballs," />
            <SP ID="SP_84121" HPOS="970" VPOS="1098" WIDTH="23" HEIGHT="0" />
            <String ID="Word_93321" HPOS="993" VPOS="1111" WIDTH="46" HEIGHT="28" CONTENT="or" />
            <SP ID="SP_84122" HPOS="1039" VPOS="1098" WIDTH="22" HEIGHT="0" />
            <String ID="Word_93322" HPOS="1061" VPOS="1098" WIDTH="35" HEIGHT="41" CONTENT="it" />
            <SP ID="SP_84123" HPOS="1096" VPOS="1098" WIDTH="24" HEIGHT="0" />
            <String ID="Word_93323" HPOS="1120" VPOS="1112" WIDTH="96" HEIGHT="41" CONTENT="may" />
            <SP ID="SP_84124" HPOS="1216" VPOS="1098" WIDTH="24" HEIGHT="0" />
            <String ID="Word_93324" HPOS="1240" VPOS="1098" WIDTH="52" HEIGHT="42" CONTENT="be" />
            <SP ID="SP_84125" HPOS="1292" VPOS="1098" WIDTH="22" HEIGHT="0" />
            <String ID="Word_93325" HPOS="1314" VPOS="1099" WIDTH="46" HEIGHT="41" CONTENT="of" />
            <SP ID="SP_84126" HPOS="1360" VPOS="1099" WIDTH="23" HEIGHT="0" />
            <String ID="Word_93326" HPOS="1383" VPOS="1099" WIDTH="73" HEIGHT="41" CONTENT="the" />
            <SP ID="SP_84127" HPOS="1456" VPOS="1099" WIDTH="22" HEIGHT="0" />
            <String ID="Word_93327" HPOS="1478" VPOS="1099" WIDTH="145" HEIGHT="42" CONTENT="tactile" />
            <SP ID="SP_84128" HPOS="1623" VPOS="1099" WIDTH="23" HEIGHT="0" />
            <String ID="Word_93328" HPOS="1646" VPOS="1100" WIDTH="274" HEIGHT="55" CONTENT="impressions" />
            <SP ID="SP_84129" HPOS="1920" VPOS="1100" WIDTH="21" HEIGHT="0" />
            <String ID="Word_93329" HPOS="1941" VPOS="1102" WIDTH="115" HEIGHT="41" CONTENT="coin-" />
          </TextLine>
          <TextLine ID="TextLine_9205" HPOS="444" VPOS="1168" WIDTH="1612" HEIGHT="59">
            <String ID="Word_93330" HPOS="444" VPOS="1169" WIDTH="144" HEIGHT="43" CONTENT="ciding" />
            <SP ID="SP_84130" HPOS="588" VPOS="1168" WIDTH="22" HEIGHT="0" />
            <String ID="Word_93331" HPOS="610" VPOS="1168" WIDTH="107" HEIGHT="41" CONTENT="with" />
            <SP ID="SP_84131" HPOS="717" VPOS="1168" WIDTH="23" HEIGHT="0" />
            <String ID="Word_93332" HPOS="740" VPOS="1182" WIDTH="55" HEIGHT="28" CONTENT="an" />
            <SP ID="SP_84132" HPOS="795" VPOS="1168" WIDTH="21" HEIGHT="0" />
            <String ID="Word_93333" HPOS="816" VPOS="1168" WIDTH="114" HEIGHT="42" CONTENT="ideal" />
            <SP ID="SP_84133" HPOS="930" VPOS="1168" WIDTH="25" HEIGHT="0" />
            <String ID="Word_93334" HPOS="955" VPOS="1169" WIDTH="342" HEIGHT="41" CONTENT="circumduction" />
            <SP ID="SP_84134" HPOS="1297" VPOS="1169" WIDTH="23" HEIGHT="0" />
            <String ID="Word_93335" HPOS="1320" VPOS="1169" WIDTH="43" HEIGHT="41" CONTENT="of" />
            <SP ID="SP_84135" HPOS="1363" VPOS="1169" WIDTH="22" HEIGHT="0" />
            <String ID="Word_93336" HPOS="1385" VPOS="1169" WIDTH="72" HEIGHT="42" CONTENT="the" />
            <SP ID="SP_84136" HPOS="1457" VPOS="1169" WIDTH="23" HEIGHT="0" />
            <String ID="Word_93337" HPOS="1480" VPOS="1183" WIDTH="89" HEIGHT="28" CONTENT="arm" />
            <SP ID="SP_84137" HPOS="1569" VPOS="1183" WIDTH="23" HEIGHT="0" />
            <String ID="Word_93338" HPOS="1592" VPOS="1184" WIDTH="45" HEIGHT="27" CONTENT="or" />
            <SP ID="SP_84138" HPOS="1637" VPOS="1170" WIDTH="21" HEIGHT="0" />
            <String ID="Word_93339" HPOS="1658" VPOS="1170" WIDTH="125" HEIGHT="50" CONTENT="hand," />
            <SP ID="SP_84139" HPOS="1783" VPOS="1170" WIDTH="24" HEIGHT="0" />
            <String ID="Word_93340" HPOS="1807" VPOS="1185" WIDTH="44" HEIGHT="27" CONTENT="or" />
            <SP ID="SP_84140" HPOS="1851" VPOS="1172" WIDTH="23" HEIGHT="0" />
            <String ID="Word_93341" HPOS="1874" VPOS="1172" WIDTH="182" HEIGHT="55" CONTENT="perhaps" />
          </TextLine>
          <TextLine ID="TextLine_9206" HPOS="445" VPOS="1239" WIDTH="1616" HEIGHT="57">
            <String ID="Word_93342" HPOS="445" VPOS="1241" WIDTH="104" HEIGHT="41" CONTENT="both" />
            <SP ID="SP_84141" HPOS="549" VPOS="1239" WIDTH="50" HEIGHT="0" />
            <String ID="Word_93343" HPOS="599" VPOS="1239" WIDTH="121" HEIGHT="42" CONTENT="these" />
            <SP ID="SP_84142" HPOS="720" VPOS="1239" WIDTH="45" HEIGHT="0" />
            <String ID="Word_93344" HPOS="765" VPOS="1239" WIDTH="157" HEIGHT="42" CONTENT="factors" />
            <SP ID="SP_84143" HPOS="922" VPOS="1239" WIDTH="26" HEIGHT="0" />
            <String ID="Word_93345" HPOS="975" VPOS="1239" WIDTH="223" HEIGHT="43" CONTENT="combined" />
            <SP ID="SP_84144" HPOS="1204" VPOS="1272" WIDTH="327" HEIGHT="0" />
            <String ID="Word_93346" HPOS="1605" VPOS="1241" WIDTH="58" HEIGHT="40" CONTENT="To" />
            <SP ID="SP_84145" HPOS="1663" VPOS="1241" WIDTH="46" HEIGHT="0" />
            <String ID="Word_93347" HPOS="1709" VPOS="1241" WIDTH="144" HEIGHT="42" CONTENT="revive" />
            <SP ID="SP_84146" HPOS="1853" VPOS="1241" WIDTH="42" HEIGHT="0" />
            <String ID="Word_93348" HPOS="1895" VPOS="1256" WIDTH="84" HEIGHT="40" CONTENT="any" />
            <SP ID="SP_84147" HPOS="1979" VPOS="1244" WIDTH="36" HEIGHT="0" />
            <String ID="Word_93349" HPOS="2015" VPOS="1244" WIDTH="46" HEIGHT="39" CONTENT="of" />
          </TextLine>
          <TextLine ID="TextLine_9207" HPOS="444" VPOS="1308" WIDTH="1614" HEIGHT="56">
            <String ID="Word_93350" HPOS="444" VPOS="1311" WIDTH="121" HEIGHT="41" CONTENT="these" />
            <SP ID="SP_84148" HPOS="565" VPOS="1309" WIDTH="22" HEIGHT="0" />
            <String ID="Word_93351" HPOS="587" VPOS="1309" WIDTH="117" HEIGHT="42" CONTENT="ideas" />
            <SP ID="SP_84149" HPOS="704" VPOS="1308" WIDTH="33" HEIGHT="0" />
            <String ID="Word_93352" HPOS="737" VPOS="1308" WIDTH="36" HEIGHT="42" CONTENT="is" />
            <SP ID="SP_84150" HPOS="773" VPOS="1308" WIDTH="33" HEIGHT="0" />
            <String ID="Word_93353" HPOS="806" VPOS="1313" WIDTH="43" HEIGHT="37" CONTENT="to" />
            <SP ID="SP_84151" HPOS="849" VPOS="1308" WIDTH="30" HEIGHT="0" />
            <String ID="Word_93354" HPOS="879" VPOS="1308" WIDTH="144" HEIGHT="42" CONTENT="revive" />
            <SP ID="SP_84152" HPOS="1023" VPOS="1308" WIDTH="32" HEIGHT="0" />
            <String ID="Word_93355" HPOS="1055" VPOS="1308" WIDTH="103" HEIGHT="41" CONTENT="both" />
            <SP ID="SP_84153" HPOS="1158" VPOS="1308" WIDTH="33" HEIGHT="0" />
            <String ID="Word_93356" HPOS="1191" VPOS="1309" WIDTH="72" HEIGHT="41" CONTENT="the" />
            <SP ID="SP_84154" HPOS="1263" VPOS="1309" WIDTH="33" HEIGHT="0" />
            <String ID="Word_93357" HPOS="1296" VPOS="1323" WIDTH="175" HEIGHT="28" CONTENT="sensory" />
            <SP ID="SP_84155" HPOS="1471" VPOS="1310" WIDTH="22" HEIGHT="0" />
            <String ID="Word_93358" HPOS="1493" VPOS="1310" WIDTH="83" HEIGHT="40" CONTENT="and" />
            <SP ID="SP_84156" HPOS="1576" VPOS="1310" WIDTH="33" HEIGHT="0" />
            <String ID="Word_93359" HPOS="1609" VPOS="1314" WIDTH="137" HEIGHT="37" CONTENT="motor" />
            <SP ID="SP_84157" HPOS="1746" VPOS="1310" WIDTH="31" HEIGHT="0" />
            <String ID="Word_93360" HPOS="1777" VPOS="1310" WIDTH="206" HEIGHT="42" CONTENT="elements" />
            <SP ID="SP_84158" HPOS="1983" VPOS="1310" WIDTH="32" HEIGHT="0" />
            <String ID="Word_93361" HPOS="2015" VPOS="1312" WIDTH="43" HEIGHT="40" CONTENT="of" />
          </TextLine>
          <TextLine ID="TextLine_9208" HPOS="445" VPOS="1379" WIDTH="1614" HEIGHT="56">
            <String ID="Word_93362" HPOS="445" VPOS="1382" WIDTH="112" HEIGHT="41" CONTENT="their" />
            <SP ID="SP_84159" HPOS="557" VPOS="1379" WIDTH="33" HEIGHT="0" />
            <String ID="Word_93363" HPOS="590" VPOS="1379" WIDTH="294" HEIGHT="56" CONTENT="composition," />
            <SP ID="SP_84160" HPOS="884" VPOS="1379" WIDTH="33" HEIGHT="0" />
            <String ID="Word_93364" HPOS="917" VPOS="1379" WIDTH="85" HEIGHT="41" CONTENT="and" />
            <SP ID="SP_84161" HPOS="1002" VPOS="1379" WIDTH="32" HEIGHT="0" />
            <String ID="Word_93365" HPOS="1034" VPOS="1393" WIDTH="64" HEIGHT="27" CONTENT="we" />
            <SP ID="SP_84162" HPOS="1098" VPOS="1379" WIDTH="32" HEIGHT="0" />
            <String ID="Word_93366" HPOS="1130" VPOS="1379" WIDTH="103" HEIGHT="41" CONTENT="tend" />
            <SP ID="SP_84163" HPOS="1233" VPOS="1379" WIDTH="32" HEIGHT="0" />
            <String ID="Word_93367" HPOS="1265" VPOS="1380" WIDTH="46" HEIGHT="40" CONTENT="in" />
            <SP ID="SP_84164" HPOS="1311" VPOS="1380" WIDTH="31" HEIGHT="0" />
            <String ID="Word_93368" HPOS="1342" VPOS="1380" WIDTH="189" HEIGHT="41" CONTENT="ideation" />
            <SP ID="SP_84165" HPOS="1531" VPOS="1380" WIDTH="33" HEIGHT="0" />
            <String ID="Word_93369" HPOS="1564" VPOS="1383" WIDTH="42" HEIGHT="38" CONTENT="to" />
            <SP ID="SP_84166" HPOS="1606" VPOS="1383" WIDTH="31" HEIGHT="0" />
            <String ID="Word_93370" HPOS="1637" VPOS="1385" WIDTH="149" HEIGHT="49" CONTENT="repeat" />
            <SP ID="SP_84167" HPOS="1786" VPOS="1381" WIDTH="31" HEIGHT="0" />
            <String ID="Word_93371" HPOS="1817" VPOS="1381" WIDTH="69" HEIGHT="41" CONTENT="the" />
            <SP ID="SP_84168" HPOS="1886" VPOS="1381" WIDTH="31" HEIGHT="0" />
            <String ID="Word_93372" HPOS="1917" VPOS="1382" WIDTH="142" HEIGHT="41" CONTENT="actual" />
          </TextLine>
          <TextLine ID="TextLine_9209" HPOS="443" VPOS="1449" WIDTH="1615" HEIGHT="58">
            <String ID="Word_93373" HPOS="443" VPOS="1454" WIDTH="269" HEIGHT="39" CONTENT="movements" />
            <SP ID="SP_84169" HPOS="712" VPOS="1450" WIDTH="39" HEIGHT="0" />
            <String ID="Word_93374" HPOS="751" VPOS="1450" WIDTH="140" HEIGHT="41" CONTENT="which" />
            <SP ID="SP_84170" HPOS="891" VPOS="1450" WIDTH="34" HEIGHT="0" />
            <String ID="Word_93375" HPOS="925" VPOS="1464" WIDTH="108" HEIGHT="28" CONTENT="were" />
            <SP ID="SP_84171" HPOS="1033" VPOS="1450" WIDTH="31" HEIGHT="0" />
            <String ID="Word_93376" HPOS="1064" VPOS="1450" WIDTH="237" HEIGHT="41" CONTENT="concerned" />
            <SP ID="SP_84172" HPOS="1301" VPOS="1449" WIDTH="35" HEIGHT="0" />
            <String ID="Word_93377" HPOS="1336" VPOS="1449" WIDTH="44" HEIGHT="42" CONTENT="in" />
            <SP ID="SP_84173" HPOS="1380" VPOS="1449" WIDTH="35" HEIGHT="0" />
            <String ID="Word_93378" HPOS="1415" VPOS="1450" WIDTH="72" HEIGHT="41" CONTENT="the" />
            <SP ID="SP_84174" HPOS="1487" VPOS="1450" WIDTH="32" HEIGHT="0" />
            <String ID="Word_93379" HPOS="1519" VPOS="1450" WIDTH="189" HEIGHT="54" CONTENT="primary" />
            <SP ID="SP_84175" HPOS="1708" VPOS="1450" WIDTH="31" HEIGHT="0" />
            <String ID="Word_93380" HPOS="1739" VPOS="1456" WIDTH="68" HEIGHT="36" CONTENT="act" />
            <SP ID="SP_84176" HPOS="1807" VPOS="1451" WIDTH="31" HEIGHT="0" />
            <String ID="Word_93381" HPOS="1838" VPOS="1451" WIDTH="46" HEIGHT="41" CONTENT="of" />
            <SP ID="SP_84177" HPOS="1884" VPOS="1451" WIDTH="32" HEIGHT="0" />
            <String ID="Word_93382" HPOS="1916" VPOS="1452" WIDTH="142" HEIGHT="55" CONTENT="cogni-" />
          </TextLine>
          <TextLine ID="TextLine_9210" HPOS="444" VPOS="1520" WIDTH="1613" HEIGHT="56">
            <String ID="Word_93383" HPOS="444" VPOS="1521" WIDTH="149" HEIGHT="43" CONTENT="tion.&quot;1" />
            <SP ID="SP_84178" HPOS="593" VPOS="1521" WIDTH="63" HEIGHT="0" />
            <String ID="Word_93384" HPOS="656" VPOS="1521" WIDTH="22" HEIGHT="41" CONTENT="I" />
            <SP ID="SP_84179" HPOS="678" VPOS="1521" WIDTH="33" HEIGHT="0" />
            <String ID="Word_93385" HPOS="711" VPOS="1534" WIDTH="99" HEIGHT="41" CONTENT="may" />
            <SP ID="SP_84180" HPOS="810" VPOS="1520" WIDTH="30" HEIGHT="0" />
            <String ID="Word_93386" HPOS="840" VPOS="1520" WIDTH="100" HEIGHT="41" CONTENT="here" />
            <SP ID="SP_84181" HPOS="940" VPOS="1520" WIDTH="35" HEIGHT="0" />
            <String ID="Word_93387" HPOS="975" VPOS="1525" WIDTH="111" HEIGHT="45" CONTENT="note," />
            <SP ID="SP_84182" HPOS="1086" VPOS="1525" WIDTH="32" HEIGHT="0" />
            <String ID="Word_93388" HPOS="1118" VPOS="1534" WIDTH="45" HEIGHT="28" CONTENT="as" />
            <SP ID="SP_84183" HPOS="1163" VPOS="1520" WIDTH="33" HEIGHT="0" />
            <String ID="Word_93389" HPOS="1196" VPOS="1520" WIDTH="166" HEIGHT="42" CONTENT="further" />
            <SP ID="SP_84184" HPOS="1362" VPOS="1520" WIDTH="31" HEIGHT="0" />
            <String ID="Word_93390" HPOS="1393" VPOS="1520" WIDTH="256" HEIGHT="42" CONTENT="interesting" />
            <SP ID="SP_84185" HPOS="1649" VPOS="1520" WIDTH="27" HEIGHT="0" />
            <String ID="Word_93391" HPOS="1676" VPOS="1521" WIDTH="45" HEIGHT="40" CONTENT="in" />
            <SP ID="SP_84186" HPOS="1721" VPOS="1521" WIDTH="28" HEIGHT="0" />
            <String ID="Word_93392" HPOS="1749" VPOS="1521" WIDTH="85" HEIGHT="41" CONTENT="this" />
            <SP ID="SP_84187" HPOS="1834" VPOS="1521" WIDTH="33" HEIGHT="0" />
            <String ID="Word_93393" HPOS="1867" VPOS="1521" WIDTH="190" HEIGHT="43" CONTENT="doctrine" />
          </TextLine>
          <TextLine ID="TextLine_9211" HPOS="444" VPOS="1589" WIDTH="1616" HEIGHT="55">
            <String ID="Word_93394" HPOS="444" VPOS="1592" WIDTH="44" HEIGHT="42" CONTENT="of" />
            <SP ID="SP_84188" HPOS="488" VPOS="1592" WIDTH="17" HEIGHT="0" />
            <String ID="Word_93395" HPOS="505" VPOS="1606" WIDTH="55" HEIGHT="27" CONTENT="an" />
            <SP ID="SP_84189" HPOS="560" VPOS="1591" WIDTH="17" HEIGHT="0" />
            <String ID="Word_93396" HPOS="577" VPOS="1605" WIDTH="188" HEIGHT="28" CONTENT="element" />
            <SP ID="SP_84190" HPOS="765" VPOS="1590" WIDTH="17" HEIGHT="0" />
            <String ID="Word_93397" HPOS="782" VPOS="1590" WIDTH="46" HEIGHT="41" CONTENT="of" />
            <SP ID="SP_84191" HPOS="828" VPOS="1590" WIDTH="15" HEIGHT="0" />
            <String ID="Word_93398" HPOS="843" VPOS="1594" WIDTH="137" HEIGHT="37" CONTENT="motor" />
            <SP ID="SP_84192" HPOS="980" VPOS="1594" WIDTH="16" HEIGHT="0" />
            <String ID="Word_93399" HPOS="996" VPOS="1603" WIDTH="191" HEIGHT="28" CONTENT="memory" />
            <SP ID="SP_84193" HPOS="1187" VPOS="1590" WIDTH="19" HEIGHT="0" />
            <String ID="Word_93400" HPOS="1206" VPOS="1590" WIDTH="44" HEIGHT="40" CONTENT="in" />
            <SP ID="SP_84194" HPOS="1250" VPOS="1590" WIDTH="19" HEIGHT="0" />
            <String ID="Word_93401" HPOS="1269" VPOS="1603" WIDTH="76" HEIGHT="28" CONTENT="our" />
            <SP ID="SP_84195" HPOS="1345" VPOS="1589" WIDTH="16" HEIGHT="0" />
            <String ID="Word_93402" HPOS="1361" VPOS="1589" WIDTH="190" HEIGHT="55" CONTENT="primary" />
            <SP ID="SP_84196" HPOS="1551" VPOS="1589" WIDTH="18" HEIGHT="0" />
            <String ID="Word_93403" HPOS="1569" VPOS="1589" WIDTH="114" HEIGHT="42" CONTENT="ideas" />
            <SP ID="SP_84197" HPOS="1683" VPOS="1589" WIDTH="19" HEIGHT="0" />
            <String ID="Word_93404" HPOS="1702" VPOS="1590" WIDTH="42" HEIGHT="41" CONTENT="of" />
            <SP ID="SP_84198" HPOS="1744" VPOS="1590" WIDTH="18" HEIGHT="0" />
            <String ID="Word_93405" HPOS="1762" VPOS="1590" WIDTH="185" HEIGHT="54" CONTENT="Objects," />
            <SP ID="SP_84199" HPOS="1947" VPOS="1590" WIDTH="18" HEIGHT="0" />
            <String ID="Word_93406" HPOS="1965" VPOS="1591" WIDTH="95" HEIGHT="41" CONTENT="that" />
          </TextLine>
          <TextLine ID="TextLine_9212" HPOS="444" VPOS="1661" WIDTH="1614" HEIGHT="51">
            <String ID="Word_93407" HPOS="444" VPOS="1665" WIDTH="36" HEIGHT="40" CONTENT="it" />
            <SP ID="SP_84200" HPOS="480" VPOS="1663" WIDTH="30" HEIGHT="0" />
            <String ID="Word_93408" HPOS="510" VPOS="1663" WIDTH="152" HEIGHT="42" CONTENT="recalls" />
            <SP ID="SP_84201" HPOS="662" VPOS="1663" WIDTH="34" HEIGHT="0" />
            <String ID="Word_93409" HPOS="696" VPOS="1666" WIDTH="42" HEIGHT="38" CONTENT="to" />
            <SP ID="SP_84202" HPOS="738" VPOS="1666" WIDTH="23" HEIGHT="0" />
            <String ID="Word_93410" HPOS="761" VPOS="1675" WIDTH="77" HEIGHT="28" CONTENT="our" />
            <SP ID="SP_84203" HPOS="838" VPOS="1661" WIDTH="23" HEIGHT="0" />
            <String ID="Word_93411" HPOS="861" VPOS="1661" WIDTH="142" HEIGHT="42" CONTENT="minds" />
            <SP ID="SP_84204" HPOS="1003" VPOS="1661" WIDTH="24" HEIGHT="0" />
            <String ID="Word_93412" HPOS="1027" VPOS="1662" WIDTH="72" HEIGHT="41" CONTENT="the" />
            <SP ID="SP_84205" HPOS="1099" VPOS="1662" WIDTH="22" HEIGHT="0" />
            <String ID="Word_93413" HPOS="1121" VPOS="1666" WIDTH="139" HEIGHT="37" CONTENT="motor" />
            <SP ID="SP_84206" HPOS="1260" VPOS="1662" WIDTH="30" HEIGHT="0" />
            <String ID="Word_93414" HPOS="1290" VPOS="1662" WIDTH="226" HEIGHT="41" CONTENT="memories" />
            <SP ID="SP_84207" HPOS="1516" VPOS="1661" WIDTH="23" HEIGHT="0" />
            <String ID="Word_93415" HPOS="1539" VPOS="1661" WIDTH="95" HEIGHT="42" CONTENT="that" />
            <SP ID="SP_84208" HPOS="1634" VPOS="1661" WIDTH="22" HEIGHT="0" />
            <String ID="Word_93416" HPOS="1656" VPOS="1662" WIDTH="120" HEIGHT="50" CONTENT="form," />
            <SP ID="SP_84209" HPOS="1776" VPOS="1661" WIDTH="21" HEIGHT="0" />
            <String ID="Word_93417" HPOS="1797" VPOS="1661" WIDTH="45" HEIGHT="43" CONTENT="in" />
            <SP ID="SP_84210" HPOS="1842" VPOS="1661" WIDTH="24" HEIGHT="0" />
            <String ID="Word_93418" HPOS="1866" VPOS="1663" WIDTH="192" HEIGHT="42" CONTENT="addition" />
          </TextLine>
          <TextLine ID="TextLine_9213" HPOS="444" VPOS="1731" WIDTH="1614" HEIGHT="55">
            <String ID="Word_93419" HPOS="444" VPOS="1739" WIDTH="45" HEIGHT="36" CONTENT="to" />
            <SP ID="SP_84211" HPOS="489" VPOS="1733" WIDTH="32" HEIGHT="0" />
            <String ID="Word_93420" HPOS="521" VPOS="1733" WIDTH="74" HEIGHT="42" CONTENT="the" />
            <SP ID="SP_84212" HPOS="595" VPOS="1733" WIDTH="32" HEIGHT="0" />
            <String ID="Word_93421" HPOS="627" VPOS="1746" WIDTH="176" HEIGHT="40" CONTENT="sensory" />
            <SP ID="SP_84213" HPOS="803" VPOS="1731" WIDTH="33" HEIGHT="0" />
            <String ID="Word_93422" HPOS="836" VPOS="1731" WIDTH="236" HEIGHT="42" CONTENT="memories," />
            <SP ID="SP_84214" HPOS="1072" VPOS="1731" WIDTH="33" HEIGHT="0" />
            <String ID="Word_93423" HPOS="1105" VPOS="1745" WIDTH="45" HEIGHT="27" CONTENT="so" />
            <SP ID="SP_84215" HPOS="1150" VPOS="1731" WIDTH="41" HEIGHT="0" />
            <String ID="Word_93424" HPOS="1191" VPOS="1731" WIDTH="237" HEIGHT="54" CONTENT="important" />
            <SP ID="SP_84216" HPOS="1428" VPOS="1731" WIDTH="41" HEIGHT="0" />
            <String ID="Word_93425" HPOS="1469" VPOS="1745" WIDTH="25" HEIGHT="27" CONTENT="a" />
            <SP ID="SP_84217" HPOS="1494" VPOS="1736" WIDTH="35" HEIGHT="0" />
            <String ID="Word_93426" HPOS="1529" VPOS="1736" WIDTH="96" HEIGHT="49" CONTENT="part" />
            <SP ID="SP_84218" HPOS="1625" VPOS="1731" WIDTH="36" HEIGHT="0" />
            <String ID="Word_93427" HPOS="1661" VPOS="1731" WIDTH="45" HEIGHT="42" CONTENT="in" />
            <SP ID="SP_84219" HPOS="1706" VPOS="1731" WIDTH="38" HEIGHT="0" />
            <String ID="Word_93428" HPOS="1744" VPOS="1746" WIDTH="76" HEIGHT="26" CONTENT="our" />
            <SP ID="SP_84220" HPOS="1820" VPOS="1732" WIDTH="36" HEIGHT="0" />
            <String ID="Word_93429" HPOS="1856" VPOS="1732" WIDTH="117" HEIGHT="42" CONTENT="ideas" />
            <SP ID="SP_84221" HPOS="1973" VPOS="1732" WIDTH="42" HEIGHT="0" />
            <String ID="Word_93430" HPOS="2015" VPOS="1734" WIDTH="43" HEIGHT="40" CONTENT="of" />
          </TextLine>
          <TextLine ID="TextLine_9214" HPOS="444" VPOS="1801" WIDTH="1099" HEIGHT="55">
            <String ID="Word_93431" HPOS="444" VPOS="1805" WIDTH="184" HEIGHT="41" CONTENT="Words;" />
            <SP ID="SP_84222" HPOS="628" VPOS="1816" WIDTH="31" HEIGHT="0" />
            <String ID="Word_93432" HPOS="659" VPOS="1817" WIDTH="24" HEIGHT="26" CONTENT="a" />
            <SP ID="SP_84223" HPOS="683" VPOS="1803" WIDTH="22" HEIGHT="0" />
            <String ID="Word_93433" HPOS="705" VPOS="1803" WIDTH="168" HEIGHT="41" CONTENT="subject" />
            <SP ID="SP_84224" HPOS="873" VPOS="1802" WIDTH="21" HEIGHT="0" />
            <String ID="Word_93434" HPOS="894" VPOS="1802" WIDTH="23" HEIGHT="41" CONTENT="I" />
            <SP ID="SP_84225" HPOS="917" VPOS="1801" WIDTH="23" HEIGHT="0" />
            <String ID="Word_93435" HPOS="940" VPOS="1801" WIDTH="110" HEIGHT="42" CONTENT="shall" />
            <SP ID="SP_84226" HPOS="1050" VPOS="1801" WIDTH="23" HEIGHT="0" />
            <String ID="Word_93436" HPOS="1073" VPOS="1806" WIDTH="151" HEIGHT="37" CONTENT="return" />
            <SP ID="SP_84227" HPOS="1224" VPOS="1805" WIDTH="22" HEIGHT="0" />
            <String ID="Word_93437" HPOS="1246" VPOS="1805" WIDTH="43" HEIGHT="37" CONTENT="to" />
            <SP ID="SP_84228" HPOS="1289" VPOS="1801" WIDTH="22" HEIGHT="0" />
            <String ID="Word_93438" HPOS="1311" VPOS="1801" WIDTH="232" HEIGHT="55" CONTENT="presently." />
          </TextLine>
          <TextLine ID="TextLine_9215" HPOS="502" VPOS="1872" WIDTH="1558" HEIGHT="54">
            <String ID="Word_93439" HPOS="502" VPOS="1875" WIDTH="84" HEIGHT="41" CONTENT="We" />
            <SP ID="SP_84229" HPOS="586" VPOS="1875" WIDTH="24" HEIGHT="0" />
            <String ID="Word_93440" HPOS="610" VPOS="1887" WIDTH="118" HEIGHT="28" CONTENT="come" />
            <SP ID="SP_84230" HPOS="728" VPOS="1886" WIDTH="23" HEIGHT="0" />
            <String ID="Word_93441" HPOS="751" VPOS="1887" WIDTH="96" HEIGHT="27" CONTENT="now" />
            <SP ID="SP_84231" HPOS="847" VPOS="1878" WIDTH="23" HEIGHT="0" />
            <String ID="Word_93442" HPOS="870" VPOS="1878" WIDTH="44" HEIGHT="35" CONTENT="to" />
            <SP ID="SP_84232" HPOS="914" VPOS="1878" WIDTH="23" HEIGHT="0" />
            <String ID="Word_93443" HPOS="937" VPOS="1886" WIDTH="23" HEIGHT="26" CONTENT="a" />
            <SP ID="SP_84233" HPOS="960" VPOS="1885" WIDTH="22" HEIGHT="0" />
            <String ID="Word_93444" HPOS="982" VPOS="1885" WIDTH="104" HEIGHT="41" CONTENT="very" />
            <SP ID="SP_84234" HPOS="1086" VPOS="1872" WIDTH="23" HEIGHT="0" />
            <String ID="Word_93445" HPOS="1109" VPOS="1872" WIDTH="237" HEIGHT="53" CONTENT="important" />
            <SP ID="SP_84235" HPOS="1346" VPOS="1872" WIDTH="21" HEIGHT="0" />
            <String ID="Word_93446" HPOS="1367" VPOS="1872" WIDTH="208" HEIGHT="53" CONTENT="question." />
            <SP ID="SP_84236" HPOS="1575" VPOS="1872" WIDTH="63" HEIGHT="0" />
            <String ID="Word_93447" HPOS="1638" VPOS="1872" WIDTH="144" HEIGHT="40" CONTENT="When" />
            <SP ID="SP_84237" HPOS="1782" VPOS="1872" WIDTH="23" HEIGHT="0" />
            <String ID="Word_93448" HPOS="1805" VPOS="1872" WIDTH="72" HEIGHT="41" CONTENT="the" />
            <SP ID="SP_84238" HPOS="1877" VPOS="1872" WIDTH="24" HEIGHT="0" />
            <String ID="Word_93449" HPOS="1901" VPOS="1872" WIDTH="93" HEIGHT="41" CONTENT="idea" />
            <SP ID="SP_84239" HPOS="1994" VPOS="1872" WIDTH="22" HEIGHT="0" />
            <String ID="Word_93450" HPOS="2016" VPOS="1873" WIDTH="44" HEIGHT="40" CONTENT="of" />
          </TextLine>
          <TextLine ID="TextLine_9216" HPOS="445" VPOS="1942" WIDTH="1614" HEIGHT="59">
            <String ID="Word_93451" HPOS="445" VPOS="1960" WIDTH="53" HEIGHT="28" CONTENT="an" />
            <SP ID="SP_84240" HPOS="498" VPOS="1944" WIDTH="26" HEIGHT="0" />
            <String ID="Word_93452" HPOS="524" VPOS="1944" WIDTH="126" HEIGHT="57" CONTENT="apple" />
            <SP ID="SP_84241" HPOS="650" VPOS="1944" WIDTH="21" HEIGHT="0" />
            <String ID="Word_93453" HPOS="671" VPOS="1945" WIDTH="37" HEIGHT="40" CONTENT="is" />
            <SP ID="SP_84242" HPOS="708" VPOS="1943" WIDTH="21" HEIGHT="0" />
            <String ID="Word_93454" HPOS="729" VPOS="1943" WIDTH="103" HEIGHT="42" CONTENT="thus" />
            <SP ID="SP_84243" HPOS="832" VPOS="1943" WIDTH="25" HEIGHT="0" />
            <String ID="Word_93455" HPOS="857" VPOS="1943" WIDTH="163" HEIGHT="41" CONTENT="formed" />
            <SP ID="SP_84244" HPOS="1020" VPOS="1943" WIDTH="22" HEIGHT="0" />
            <String ID="Word_93456" HPOS="1042" VPOS="1943" WIDTH="46" HEIGHT="40" CONTENT="in" />
            <SP ID="SP_84245" HPOS="1088" VPOS="1942" WIDTH="22" HEIGHT="0" />
            <String ID="Word_93457" HPOS="1110" VPOS="1942" WIDTH="73" HEIGHT="41" CONTENT="the" />
            <SP ID="SP_84246" HPOS="1183" VPOS="1942" WIDTH="24" HEIGHT="0" />
            <String ID="Word_93458" HPOS="1207" VPOS="1942" WIDTH="121" HEIGHT="40" CONTENT="mind" />
            <SP ID="SP_84247" HPOS="1328" VPOS="1942" WIDTH="24" HEIGHT="0" />
            <String ID="Word_93459" HPOS="1352" VPOS="1942" WIDTH="54" HEIGHT="54" CONTENT="by" />
            <SP ID="SP_84248" HPOS="1406" VPOS="1942" WIDTH="18" HEIGHT="0" />
            <String ID="Word_93460" HPOS="1424" VPOS="1942" WIDTH="72" HEIGHT="41" CONTENT="the" />
            <SP ID="SP_84249" HPOS="1496" VPOS="1942" WIDTH="20" HEIGHT="0" />
            <String ID="Word_93461" HPOS="1516" VPOS="1942" WIDTH="204" HEIGHT="54" CONTENT="blending" />
            <SP ID="SP_84250" HPOS="1720" VPOS="1942" WIDTH="16" HEIGHT="0" />
            <String ID="Word_93462" HPOS="1736" VPOS="1943" WIDTH="45" HEIGHT="40" CONTENT="of" />
            <SP ID="SP_84251" HPOS="1781" VPOS="1943" WIDTH="19" HEIGHT="0" />
            <String ID="Word_93463" HPOS="1800" VPOS="1943" WIDTH="71" HEIGHT="41" CONTENT="the" />
            <SP ID="SP_84252" HPOS="1871" VPOS="1943" WIDTH="21" HEIGHT="0" />
            <String ID="Word_93464" HPOS="1892" VPOS="1944" WIDTH="167" HEIGHT="40" CONTENT="various" />
          </TextLine>
          <TextLine ID="TextLine_9217" HPOS="446" VPOS="2012" WIDTH="1615" HEIGHT="56">
            <String ID="Word_93465" HPOS="446" VPOS="2016" WIDTH="239" HEIGHT="50" CONTENT="memories," />
            <SP ID="SP_84253" HPOS="685" VPOS="2016" WIDTH="37" HEIGHT="0" />
            <String ID="Word_93466" HPOS="722" VPOS="2028" WIDTH="176" HEIGHT="28" CONTENT="sensory" />
            <SP ID="SP_84254" HPOS="898" VPOS="2013" WIDTH="33" HEIGHT="0" />
            <String ID="Word_93467" HPOS="931" VPOS="2013" WIDTH="85" HEIGHT="41" CONTENT="and" />
            <SP ID="SP_84255" HPOS="1016" VPOS="2013" WIDTH="38" HEIGHT="0" />
            <String ID="Word_93468" HPOS="1054" VPOS="2026" WIDTH="149" HEIGHT="28" CONTENT="motor," />
            <SP ID="SP_84256" HPOS="1203" VPOS="2012" WIDTH="34" HEIGHT="0" />
            <String ID="Word_93469" HPOS="1237" VPOS="2012" WIDTH="95" HEIGHT="41" CONTENT="that" />
            <SP ID="SP_84257" HPOS="1332" VPOS="2012" WIDTH="39" HEIGHT="0" />
            <String ID="Word_93470" HPOS="1371" VPOS="2012" WIDTH="108" HEIGHT="41" CONTENT="have" />
            <SP ID="SP_84258" HPOS="1479" VPOS="2012" WIDTH="39" HEIGHT="0" />
            <String ID="Word_93471" HPOS="1518" VPOS="2012" WIDTH="105" HEIGHT="41" CONTENT="been" />
            <SP ID="SP_84259" HPOS="1623" VPOS="2012" WIDTH="37" HEIGHT="0" />
            <String ID="Word_93472" HPOS="1660" VPOS="2013" WIDTH="174" HEIGHT="40" CONTENT="revived" />
            <SP ID="SP_84260" HPOS="1834" VPOS="2013" WIDTH="38" HEIGHT="0" />
            <String ID="Word_93473" HPOS="1872" VPOS="2018" WIDTH="44" HEIGHT="35" CONTENT="at" />
            <SP ID="SP_84261" HPOS="1916" VPOS="2013" WIDTH="33" HEIGHT="0" />
            <String ID="Word_93474" HPOS="1949" VPOS="2014" WIDTH="112" HEIGHT="40" CONTENT="their" />
          </TextLine>
          <TextLine ID="TextLine_9218" HPOS="446" VPOS="2081" WIDTH="1613" HEIGHT="60">
            <String ID="Word_93475" HPOS="446" VPOS="2085" WIDTH="238" HEIGHT="56" CONTENT="respective" />
            <SP ID="SP_84262" HPOS="684" VPOS="2085" WIDTH="24" HEIGHT="0" />
            <String ID="Word_93476" HPOS="708" VPOS="2097" WIDTH="179" HEIGHT="29" CONTENT="centres," />
            <SP ID="SP_84263" HPOS="887" VPOS="2083" WIDTH="17" HEIGHT="0" />
            <String ID="Word_93477" HPOS="904" VPOS="2083" WIDTH="96" HEIGHT="41" CONTENT="how" />
            <SP ID="SP_84264" HPOS="1000" VPOS="2083" WIDTH="19" HEIGHT="0" />
            <String ID="Word_93478" HPOS="1019" VPOS="2083" WIDTH="36" HEIGHT="40" CONTENT="is" />
            <SP ID="SP_84265" HPOS="1055" VPOS="2082" WIDTH="23" HEIGHT="0" />
            <String ID="Word_93479" HPOS="1078" VPOS="2082" WIDTH="86" HEIGHT="41" CONTENT="this" />
            <SP ID="SP_84266" HPOS="1164" VPOS="2082" WIDTH="24" HEIGHT="0" />
            <String ID="Word_93480" HPOS="1188" VPOS="2082" WIDTH="206" HEIGHT="41" CONTENT="blending" />
            <SP ID="SP_84267" HPOS="1394" VPOS="2081" WIDTH="21" HEIGHT="0" />
            <String ID="Word_93481" HPOS="1415" VPOS="2081" WIDTH="178" HEIGHT="42" CONTENT="effected" />
            <SP ID="SP_84268" HPOS="1593" VPOS="2081" WIDTH="17" HEIGHT="0" />
            <String ID="Word_93482" HPOS="1610" VPOS="2083" WIDTH="14" HEIGHT="40" CONTENT="?" />
            <SP ID="SP_84269" HPOS="1624" VPOS="2082" WIDTH="61" HEIGHT="0" />
            <String ID="Word_93483" HPOS="1685" VPOS="2082" WIDTH="87" HEIGHT="41" CONTENT="Are" />
            <SP ID="SP_84270" HPOS="1772" VPOS="2082" WIDTH="23" HEIGHT="0" />
            <String ID="Word_93484" HPOS="1795" VPOS="2082" WIDTH="72" HEIGHT="41" CONTENT="the" />
            <SP ID="SP_84271" HPOS="1867" VPOS="2082" WIDTH="18" HEIGHT="0" />
            <String ID="Word_93485" HPOS="1885" VPOS="2083" WIDTH="174" HEIGHT="41" CONTENT="revived" />
          </TextLine>
          <TextLine ID="TextLine_9219" HPOS="446" VPOS="2151" WIDTH="1613" HEIGHT="61">
            <String ID="Word_93486" HPOS="446" VPOS="2159" WIDTH="161" HEIGHT="53" CONTENT="images" />
            <SP ID="SP_84272" HPOS="607" VPOS="2154" WIDTH="22" HEIGHT="0" />
            <String ID="Word_93487" HPOS="629" VPOS="2154" WIDTH="205" HEIGHT="56" CONTENT="gathered" />
            <SP ID="SP_84273" HPOS="834" VPOS="2153" WIDTH="23" HEIGHT="0" />
            <String ID="Word_93488" HPOS="857" VPOS="2153" WIDTH="193" HEIGHT="42" CONTENT="together" />
            <SP ID="SP_84274" HPOS="1050" VPOS="2153" WIDTH="21" HEIGHT="0" />
            <String ID="Word_93489" HPOS="1071" VPOS="2153" WIDTH="92" HEIGHT="41" CONTENT="into" />
            <SP ID="SP_84275" HPOS="1163" VPOS="2153" WIDTH="23" HEIGHT="0" />
            <String ID="Word_93490" HPOS="1186" VPOS="2167" WIDTH="24" HEIGHT="27" CONTENT="a" />
            <SP ID="SP_84276" HPOS="1210" VPOS="2151" WIDTH="26" HEIGHT="0" />
            <String ID="Word_93491" HPOS="1236" VPOS="2151" WIDTH="157" HEIGHT="56" CONTENT="special" />
            <SP ID="SP_84277" HPOS="1393" VPOS="2151" WIDTH="34" HEIGHT="0" />
            <String ID="Word_93492" HPOS="1427" VPOS="2151" WIDTH="234" HEIGHT="42" CONTENT="Ideational" />
            <SP ID="SP_84278" HPOS="1661" VPOS="2151" WIDTH="28" HEIGHT="0" />
            <String ID="Word_93493" HPOS="1689" VPOS="2152" WIDTH="167" HEIGHT="49" CONTENT="Centre," />
            <SP ID="SP_84279" HPOS="1856" VPOS="2152" WIDTH="23" HEIGHT="0" />
            <String ID="Word_93494" HPOS="1879" VPOS="2152" WIDTH="43" HEIGHT="41" CONTENT="in" />
            <SP ID="SP_84280" HPOS="1922" VPOS="2152" WIDTH="23" HEIGHT="0" />
            <String ID="Word_93495" HPOS="1945" VPOS="2166" WIDTH="114" HEIGHT="28" CONTENT="some" />
          </TextLine>
          <TextLine ID="TextLine_9220" HPOS="448" VPOS="2221" WIDTH="1612" HEIGHT="62">
            <String ID="Word_93496" HPOS="448" VPOS="2226" WIDTH="234" HEIGHT="57" CONTENT="particular" />
            <SP ID="SP_84281" HPOS="682" VPOS="2226" WIDTH="21" HEIGHT="0" />
            <String ID="Word_93497" HPOS="703" VPOS="2229" WIDTH="97" HEIGHT="51" CONTENT="part" />
            <SP ID="SP_84282" HPOS="800" VPOS="2224" WIDTH="21" HEIGHT="0" />
            <String ID="Word_93498" HPOS="821" VPOS="2224" WIDTH="44" HEIGHT="41" CONTENT="of" />
            <SP ID="SP_84283" HPOS="865" VPOS="2224" WIDTH="21" HEIGHT="0" />
            <String ID="Word_93499" HPOS="886" VPOS="2224" WIDTH="74" HEIGHT="41" CONTENT="the" />
            <SP ID="SP_84284" HPOS="960" VPOS="2223" WIDTH="21" HEIGHT="0" />
            <String ID="Word_93500" HPOS="981" VPOS="2223" WIDTH="136" HEIGHT="41" CONTENT="brain," />
            <SP ID="SP_84285" HPOS="1117" VPOS="2223" WIDTH="23" HEIGHT="0" />
            <String ID="Word_93501" HPOS="1140" VPOS="2223" WIDTH="83" HEIGHT="40" CONTENT="and" />
            <SP ID="SP_84286" HPOS="1223" VPOS="2222" WIDTH="34" HEIGHT="0" />
            <String ID="Word_93502" HPOS="1257" VPOS="2222" WIDTH="118" HEIGHT="41" CONTENT="there" />
            <SP ID="SP_84287" HPOS="1375" VPOS="2221" WIDTH="32" HEIGHT="0" />
            <String ID="Word_93503" HPOS="1407" VPOS="2221" WIDTH="181" HEIGHT="42" CONTENT="blended" />
            <SP ID="SP_84288" HPOS="1588" VPOS="2221" WIDTH="21" HEIGHT="0" />
            <String ID="Word_93504" HPOS="1609" VPOS="2237" WIDTH="8" HEIGHT="36" CONTENT=";" />
            <SP ID="SP_84289" HPOS="1617" VPOS="2236" WIDTH="32" HEIGHT="0" />
            <String ID="Word_93505" HPOS="1649" VPOS="2236" WIDTH="46" HEIGHT="27" CONTENT="or" />
            <SP ID="SP_84290" HPOS="1695" VPOS="2236" WIDTH="22" HEIGHT="0" />
            <String ID="Word_93506" HPOS="1717" VPOS="2236" WIDTH="68" HEIGHT="26" CONTENT="are" />
            <SP ID="SP_84291" HPOS="1785" VPOS="2222" WIDTH="23" HEIGHT="0" />
            <String ID="Word_93507" HPOS="1808" VPOS="2222" WIDTH="70" HEIGHT="41" CONTENT="the" />
            <SP ID="SP_84292" HPOS="1878" VPOS="2222" WIDTH="24" HEIGHT="0" />
            <String ID="Word_93508" HPOS="1902" VPOS="2223" WIDTH="158" HEIGHT="41" CONTENT="images" />
          </TextLine>
          <TextLine ID="TextLine_9221" HPOS="447" VPOS="2292" WIDTH="1611" HEIGHT="54">
            <String ID="Word_93509" HPOS="447" VPOS="2297" WIDTH="181" HEIGHT="44" CONTENT="allowed" />
            <SP ID="SP_84293" HPOS="628" VPOS="2297" WIDTH="22" HEIGHT="0" />
            <String ID="Word_93510" HPOS="650" VPOS="2301" WIDTH="44" HEIGHT="37" CONTENT="to" />
            <SP ID="SP_84294" HPOS="694" VPOS="2295" WIDTH="22" HEIGHT="0" />
            <String ID="Word_93511" HPOS="716" VPOS="2295" WIDTH="163" HEIGHT="41" CONTENT="remain" />
            <SP ID="SP_84295" HPOS="879" VPOS="2294" WIDTH="24" HEIGHT="0" />
            <String ID="Word_93512" HPOS="903" VPOS="2294" WIDTH="101" HEIGHT="42" CONTENT="eacli" />
            <SP ID="SP_84296" HPOS="1004" VPOS="2293" WIDTH="35" HEIGHT="0" />
            <String ID="Word_93513" HPOS="1039" VPOS="2293" WIDTH="43" HEIGHT="42" CONTENT="in" />
            <SP ID="SP_84297" HPOS="1082" VPOS="2293" WIDTH="34" HEIGHT="0" />
            <String ID="Word_93514" HPOS="1116" VPOS="2294" WIDTH="54" HEIGHT="40" CONTENT="its" />
            <SP ID="SP_84298" HPOS="1170" VPOS="2294" WIDTH="34" HEIGHT="0" />
            <String ID="Word_93515" HPOS="1204" VPOS="2306" WIDTH="95" HEIGHT="28" CONTENT="own" />
            <SP ID="SP_84299" HPOS="1299" VPOS="2292" WIDTH="32" HEIGHT="0" />
            <String ID="Word_93516" HPOS="1331" VPOS="2292" WIDTH="184" HEIGHT="54" CONTENT="original" />
            <SP ID="SP_84300" HPOS="1515" VPOS="2292" WIDTH="29" HEIGHT="0" />
            <String ID="Word_93517" HPOS="1544" VPOS="2292" WIDTH="217" HEIGHT="50" CONTENT="situation," />
            <SP ID="SP_84301" HPOS="1761" VPOS="2292" WIDTH="22" HEIGHT="0" />
            <String ID="Word_93518" HPOS="1783" VPOS="2292" WIDTH="84" HEIGHT="40" CONTENT="and" />
            <SP ID="SP_84302" HPOS="1867" VPOS="2292" WIDTH="33" HEIGHT="0" />
            <String ID="Word_93519" HPOS="1900" VPOS="2292" WIDTH="158" HEIGHT="54" CONTENT="merely" />
          </TextLine>
          <TextLine ID="TextLine_9222" HPOS="448" VPOS="2361" WIDTH="1613" HEIGHT="61">
            <String ID="Word_93520" HPOS="448" VPOS="2369" WIDTH="128" HEIGHT="42" CONTENT="taken" />
            <SP ID="SP_84303" HPOS="576" VPOS="2366" WIDTH="41" HEIGHT="0" />
            <String ID="Word_93521" HPOS="617" VPOS="2380" WIDTH="255" HEIGHT="28" CONTENT="cognizance" />
            <SP ID="SP_84304" HPOS="872" VPOS="2364" WIDTH="34" HEIGHT="0" />
            <String ID="Word_93522" HPOS="906" VPOS="2364" WIDTH="46" HEIGHT="40" CONTENT="of" />
            <SP ID="SP_84305" HPOS="952" VPOS="2364" WIDTH="43" HEIGHT="0" />
            <String ID="Word_93523" HPOS="995" VPOS="2364" WIDTH="57" HEIGHT="40" CONTENT="by" />
            <SP ID="SP_84306" HPOS="1052" VPOS="2363" WIDTH="33" HEIGHT="0" />
            <String ID="Word_93524" HPOS="1085" VPOS="2363" WIDTH="75" HEIGHT="41" CONTENT="the" />
            <SP ID="SP_84307" HPOS="1160" VPOS="2362" WIDTH="40" HEIGHT="0" />
            <String ID="Word_93525" HPOS="1200" VPOS="2362" WIDTH="286" HEIGHT="54" CONTENT="intelligence," />
            <SP ID="SP_84308" HPOS="1486" VPOS="2361" WIDTH="38" HEIGHT="0" />
            <String ID="Word_93526" HPOS="1524" VPOS="2361" WIDTH="126" HEIGHT="42" CONTENT="while" />
            <SP ID="SP_84309" HPOS="1650" VPOS="2361" WIDTH="37" HEIGHT="0" />
            <String ID="Word_93527" HPOS="1687" VPOS="2361" WIDTH="102" HEIGHT="43" CONTENT="thus" />
            <SP ID="SP_84310" HPOS="1789" VPOS="2361" WIDTH="36" HEIGHT="0" />
            <String ID="Word_93528" HPOS="1825" VPOS="2362" WIDTH="236" HEIGHT="54" CONTENT="remaining" />
          </TextLine>
          <TextLine ID="TextLine_9223" HPOS="445" VPOS="2429" WIDTH="1617" HEIGHT="54">
            <String ID="Word_93529" HPOS="445" VPOS="2438" WIDTH="51" HEIGHT="41" CONTENT="in" />
            <SP ID="SP_84311" HPOS="496" VPOS="2437" WIDTH="32" HEIGHT="0" />
            <String ID="Word_93530" HPOS="528" VPOS="2441" WIDTH="86" HEIGHT="36" CONTENT="situ" />
            <SP ID="SP_84312" HPOS="614" VPOS="2435" WIDTH="16" HEIGHT="0" />
            <String ID="Word_93531" HPOS="630" VPOS="2435" WIDTH="16" HEIGHT="41" CONTENT="?" />
            <SP ID="SP_84313" HPOS="646" VPOS="2434" WIDTH="61" HEIGHT="0" />
            <String ID="Word_93532" HPOS="707" VPOS="2434" WIDTH="88" HEIGHT="40" CONTENT="The" />
            <SP ID="SP_84314" HPOS="795" VPOS="2432" WIDTH="34" HEIGHT="0" />
            <String ID="Word_93533" HPOS="829" VPOS="2432" WIDTH="129" HEIGHT="41" CONTENT="latter" />
            <SP ID="SP_84315" HPOS="958" VPOS="2432" WIDTH="34" HEIGHT="0" />
            <String ID="Word_93534" HPOS="992" VPOS="2444" WIDTH="136" HEIGHT="28" CONTENT="seems" />
            <SP ID="SP_84316" HPOS="1128" VPOS="2434" WIDTH="35" HEIGHT="0" />
            <String ID="Word_93535" HPOS="1163" VPOS="2434" WIDTH="44" HEIGHT="37" CONTENT="to" />
            <SP ID="SP_84317" HPOS="1207" VPOS="2430" WIDTH="35" HEIGHT="0" />
            <String ID="Word_93536" HPOS="1242" VPOS="2430" WIDTH="51" HEIGHT="41" CONTENT="be" />
            <SP ID="SP_84318" HPOS="1293" VPOS="2430" WIDTH="36" HEIGHT="0" />
            <String ID="Word_93537" HPOS="1329" VPOS="2430" WIDTH="73" HEIGHT="41" CONTENT="the" />
            <SP ID="SP_84319" HPOS="1402" VPOS="2429" WIDTH="24" HEIGHT="0" />
            <String ID="Word_93538" HPOS="1426" VPOS="2429" WIDTH="108" HEIGHT="42" CONTENT="view" />
            <SP ID="SP_84320" HPOS="1534" VPOS="2429" WIDTH="26" HEIGHT="0" />
            <String ID="Word_93539" HPOS="1560" VPOS="2429" WIDTH="95" HEIGHT="41" CONTENT="that" />
            <SP ID="SP_84321" HPOS="1655" VPOS="2429" WIDTH="32" HEIGHT="0" />
            <String ID="Word_93540" HPOS="1687" VPOS="2429" WIDTH="165" HEIGHT="42" CONTENT="derives" />
            <SP ID="SP_84322" HPOS="1852" VPOS="2429" WIDTH="31" HEIGHT="0" />
            <String ID="Word_93541" HPOS="1883" VPOS="2436" WIDTH="179" HEIGHT="47" CONTENT="support" />
          </TextLine>
          <TextLine ID="TextLine_9224" HPOS="447" VPOS="2499" WIDTH="1614" HEIGHT="55">
            <String ID="Word_93542" HPOS="447" VPOS="2509" WIDTH="109" HEIGHT="39" CONTENT="from" />
            <SP ID="SP_84323" HPOS="556" VPOS="2504" WIDTH="24" HEIGHT="0" />
            <String ID="Word_93543" HPOS="580" VPOS="2504" WIDTH="58" HEIGHT="43" CONTENT="all" />
            <SP ID="SP_84324" HPOS="638" VPOS="2504" WIDTH="23" HEIGHT="0" />
            <String ID="Word_93544" HPOS="661" VPOS="2504" WIDTH="72" HEIGHT="41" CONTENT="the" />
            <SP ID="SP_84325" HPOS="733" VPOS="2503" WIDTH="24" HEIGHT="0" />
            <String ID="Word_93545" HPOS="757" VPOS="2503" WIDTH="108" HEIGHT="40" CONTENT="facts" />
            <SP ID="SP_84326" HPOS="865" VPOS="2502" WIDTH="22" HEIGHT="0" />
            <String ID="Word_93546" HPOS="887" VPOS="2502" WIDTH="158" HEIGHT="40" CONTENT="known" />
            <SP ID="SP_84327" HPOS="1045" VPOS="2502" WIDTH="32" HEIGHT="0" />
            <String ID="Word_93547" HPOS="1077" VPOS="2507" WIDTH="43" HEIGHT="35" CONTENT="to" />
            <SP ID="SP_84328" HPOS="1120" VPOS="2507" WIDTH="32" HEIGHT="0" />
            <String ID="Word_93548" HPOS="1152" VPOS="2514" WIDTH="60" HEIGHT="28" CONTENT="us." />
            <SP ID="SP_84329" HPOS="1212" VPOS="2500" WIDTH="63" HEIGHT="0" />
            <String ID="Word_93549" HPOS="1275" VPOS="2500" WIDTH="135" HEIGHT="41" CONTENT="There" />
            <SP ID="SP_84330" HPOS="1410" VPOS="2500" WIDTH="34" HEIGHT="0" />
            <String ID="Word_93550" HPOS="1444" VPOS="2500" WIDTH="36" HEIGHT="41" CONTENT="is" />
            <SP ID="SP_84331" HPOS="1480" VPOS="2500" WIDTH="32" HEIGHT="0" />
            <String ID="Word_93551" HPOS="1512" VPOS="2513" WIDTH="54" HEIGHT="28" CONTENT="no" />
            <SP ID="SP_84332" HPOS="1566" VPOS="2500" WIDTH="32" HEIGHT="0" />
            <String ID="Word_93552" HPOS="1598" VPOS="2500" WIDTH="122" HEIGHT="54" CONTENT="proof" />
            <SP ID="SP_84333" HPOS="1720" VPOS="2499" WIDTH="30" HEIGHT="0" />
            <String ID="Word_93553" HPOS="1750" VPOS="2499" WIDTH="94" HEIGHT="42" CONTENT="that" />
            <SP ID="SP_84334" HPOS="1844" VPOS="2499" WIDTH="30" HEIGHT="0" />
            <String ID="Word_93554" HPOS="1874" VPOS="2499" WIDTH="119" HEIGHT="42" CONTENT="there" />
            <SP ID="SP_84335" HPOS="1993" VPOS="2499" WIDTH="31" HEIGHT="0" />
            <String ID="Word_93555" HPOS="2024" VPOS="2499" WIDTH="37" HEIGHT="42" CONTENT="is" />
          </TextLine>
          <TextLine ID="TextLine_9225" HPOS="448" VPOS="2568" WIDTH="1613" HEIGHT="62">
            <String ID="Word_93556" HPOS="448" VPOS="2587" WIDTH="231" HEIGHT="31" CONTENT="anywhere" />
            <SP ID="SP_84336" HPOS="679" VPOS="2573" WIDTH="32" HEIGHT="0" />
            <String ID="Word_93557" HPOS="711" VPOS="2573" WIDTH="45" HEIGHT="39" CONTENT="in" />
            <SP ID="SP_84337" HPOS="756" VPOS="2571" WIDTH="34" HEIGHT="0" />
            <String ID="Word_93558" HPOS="790" VPOS="2571" WIDTH="73" HEIGHT="41" CONTENT="the" />
            <SP ID="SP_84338" HPOS="863" VPOS="2571" WIDTH="33" HEIGHT="0" />
            <String ID="Word_93559" HPOS="896" VPOS="2571" WIDTH="122" HEIGHT="40" CONTENT="brain" />
            <SP ID="SP_84339" HPOS="1018" VPOS="2571" WIDTH="32" HEIGHT="0" />
            <String ID="Word_93560" HPOS="1050" VPOS="2584" WIDTH="25" HEIGHT="27" CONTENT="a" />
            <SP ID="SP_84340" HPOS="1075" VPOS="2568" WIDTH="30" HEIGHT="0" />
            <String ID="Word_93561" HPOS="1105" VPOS="2568" WIDTH="109" HEIGHT="43" CONTENT="local" />
            <SP ID="SP_84341" HPOS="1214" VPOS="2568" WIDTH="32" HEIGHT="0" />
            <String ID="Word_93562" HPOS="1246" VPOS="2568" WIDTH="234" HEIGHT="42" CONTENT="ideational" />
            <SP ID="SP_84342" HPOS="1480" VPOS="2568" WIDTH="32" HEIGHT="0" />
            <String ID="Word_93563" HPOS="1512" VPOS="2573" WIDTH="155" HEIGHT="37" CONTENT="centre." />
            <SP ID="SP_84343" HPOS="1667" VPOS="2569" WIDTH="64" HEIGHT="0" />
            <String ID="Word_93564" HPOS="1731" VPOS="2569" WIDTH="43" HEIGHT="41" CONTENT="If" />
            <SP ID="SP_84344" HPOS="1774" VPOS="2568" WIDTH="31" HEIGHT="0" />
            <String ID="Word_93565" HPOS="1805" VPOS="2568" WIDTH="116" HEIGHT="42" CONTENT="there" />
            <SP ID="SP_84345" HPOS="1921" VPOS="2568" WIDTH="32" HEIGHT="0" />
            <String ID="Word_93566" HPOS="1953" VPOS="2583" WIDTH="108" HEIGHT="28" CONTENT="were" />
          </TextLine>
          <TextLine ID="TextLine_9226" HPOS="448" VPOS="2638" WIDTH="1614" HEIGHT="55">
            <String ID="Word_93567" HPOS="448" VPOS="2645" WIDTH="105" HEIGHT="44" CONTENT="such" />
            <SP ID="SP_84346" HPOS="553" VPOS="2645" WIDTH="24" HEIGHT="0" />
            <String ID="Word_93568" HPOS="577" VPOS="2659" WIDTH="24" HEIGHT="27" CONTENT="a" />
            <SP ID="SP_84347" HPOS="601" VPOS="2647" WIDTH="22" HEIGHT="0" />
            <String ID="Word_93569" HPOS="623" VPOS="2656" WIDTH="156" HEIGHT="29" CONTENT="centre," />
            <SP ID="SP_84348" HPOS="779" VPOS="2641" WIDTH="23" HEIGHT="0" />
            <String ID="Word_93570" HPOS="802" VPOS="2641" WIDTH="73" HEIGHT="41" CONTENT="the" />
            <SP ID="SP_84349" HPOS="875" VPOS="2640" WIDTH="22" HEIGHT="0" />
            <String ID="Word_93571" HPOS="897" VPOS="2640" WIDTH="111" HEIGHT="41" CONTENT="local" />
            <SP ID="SP_84350" HPOS="1008" VPOS="2639" WIDTH="33" HEIGHT="0" />
            <String ID="Word_93572" HPOS="1041" VPOS="2639" WIDTH="261" HEIGHT="42" CONTENT="destruction" />
            <SP ID="SP_84351" HPOS="1302" VPOS="2639" WIDTH="35" HEIGHT="0" />
            <String ID="Word_93573" HPOS="1337" VPOS="2640" WIDTH="45" HEIGHT="40" CONTENT="of" />
            <SP ID="SP_84352" HPOS="1382" VPOS="2638" WIDTH="29" HEIGHT="0" />
            <String ID="Word_93574" HPOS="1411" VPOS="2638" WIDTH="95" HEIGHT="42" CONTENT="that" />
            <SP ID="SP_84353" HPOS="1506" VPOS="2638" WIDTH="31" HEIGHT="0" />
            <String ID="Word_93575" HPOS="1537" VPOS="2639" WIDTH="235" HEIGHT="54" CONTENT="particular" />
            <SP ID="SP_84354" HPOS="1772" VPOS="2639" WIDTH="31" HEIGHT="0" />
            <String ID="Word_93576" HPOS="1803" VPOS="2644" WIDTH="96" HEIGHT="49" CONTENT="spot" />
            <SP ID="SP_84355" HPOS="1899" VPOS="2639" WIDTH="21" HEIGHT="0" />
            <String ID="Word_93577" HPOS="1920" VPOS="2639" WIDTH="142" HEIGHT="41" CONTENT="would" />
          </TextLine>
          <TextLine ID="TextLine_9227" HPOS="449" VPOS="2706" WIDTH="1611" HEIGHT="57">
            <String ID="Word_93578" HPOS="449" VPOS="2727" WIDTH="125" HEIGHT="29" CONTENT="make" />
            <SP ID="SP_84356" HPOS="574" VPOS="2710" WIDTH="22" HEIGHT="0" />
            <String ID="Word_93579" HPOS="596" VPOS="2710" WIDTH="191" HEIGHT="43" CONTENT="ideation" />
            <SP ID="SP_84357" HPOS="787" VPOS="2707" WIDTH="23" HEIGHT="0" />
            <String ID="Word_93580" HPOS="810" VPOS="2707" WIDTH="263" HEIGHT="43" CONTENT="impossible." />
            <SP ID="SP_84358" HPOS="1073" VPOS="2707" WIDTH="64" HEIGHT="0" />
            <String ID="Word_93581" HPOS="1137" VPOS="2707" WIDTH="89" HEIGHT="41" CONTENT="But" />
            <SP ID="SP_84359" HPOS="1226" VPOS="2706" WIDTH="22" HEIGHT="0" />
            <String ID="Word_93582" HPOS="1248" VPOS="2706" WIDTH="118" HEIGHT="43" CONTENT="there" />
            <SP ID="SP_84360" HPOS="1366" VPOS="2706" WIDTH="23" HEIGHT="0" />
            <String ID="Word_93583" HPOS="1389" VPOS="2708" WIDTH="36" HEIGHT="41" CONTENT="is" />
            <SP ID="SP_84361" HPOS="1425" VPOS="2708" WIDTH="22" HEIGHT="0" />
            <String ID="Word_93584" HPOS="1447" VPOS="2721" WIDTH="55" HEIGHT="28" CONTENT="no" />
            <SP ID="SP_84362" HPOS="1502" VPOS="2721" WIDTH="17" HEIGHT="0" />
            <String ID="Word_93585" HPOS="1519" VPOS="2721" WIDTH="94" HEIGHT="28" CONTENT="case" />
            <SP ID="SP_84363" HPOS="1613" VPOS="2707" WIDTH="22" HEIGHT="0" />
            <String ID="Word_93586" HPOS="1635" VPOS="2707" WIDTH="198" HEIGHT="43" CONTENT="recorded" />
            <SP ID="SP_84364" HPOS="1833" VPOS="2707" WIDTH="26" HEIGHT="0" />
            <String ID="Word_93587" HPOS="1859" VPOS="2708" WIDTH="44" HEIGHT="41" CONTENT="in" />
            <SP ID="SP_84365" HPOS="1903" VPOS="2707" WIDTH="20" HEIGHT="0" />
            <String ID="Word_93588" HPOS="1923" VPOS="2708" WIDTH="137" HEIGHT="41" CONTENT="which" />
          </TextLine>
          <TextLine ID="TextLine_9228" HPOS="450" VPOS="2776" WIDTH="1611" HEIGHT="55">
            <String ID="Word_93589" HPOS="450" VPOS="2797" WIDTH="114" HEIGHT="29" CONTENT="mere" />
            <SP ID="SP_84366" HPOS="564" VPOS="2780" WIDTH="21" HEIGHT="0" />
            <String ID="Word_93590" HPOS="585" VPOS="2780" WIDTH="109" HEIGHT="43" CONTENT="local" />
            <SP ID="SP_84367" HPOS="694" VPOS="2777" WIDTH="18" HEIGHT="0" />
            <String ID="Word_93591" HPOS="712" VPOS="2777" WIDTH="264" HEIGHT="44" CONTENT="destruction" />
            <SP ID="SP_84368" HPOS="976" VPOS="2777" WIDTH="15" HEIGHT="0" />
            <String ID="Word_93592" HPOS="991" VPOS="2777" WIDTH="44" HEIGHT="41" CONTENT="of" />
            <SP ID="SP_84369" HPOS="1035" VPOS="2777" WIDTH="24" HEIGHT="0" />
            <String ID="Word_93593" HPOS="1059" VPOS="2791" WIDTH="24" HEIGHT="27" CONTENT="a" />
            <SP ID="SP_84370" HPOS="1083" VPOS="2776" WIDTH="18" HEIGHT="0" />
            <String ID="Word_93594" HPOS="1101" VPOS="2776" WIDTH="168" HEIGHT="42" CONTENT="limited" />
            <SP ID="SP_84371" HPOS="1269" VPOS="2776" WIDTH="15" HEIGHT="0" />
            <String ID="Word_93595" HPOS="1284" VPOS="2777" WIDTH="170" HEIGHT="54" CONTENT="portion" />
            <SP ID="SP_84372" HPOS="1454" VPOS="2777" WIDTH="16" HEIGHT="0" />
            <String ID="Word_93596" HPOS="1470" VPOS="2778" WIDTH="45" HEIGHT="40" CONTENT="of" />
            <SP ID="SP_84373" HPOS="1515" VPOS="2777" WIDTH="20" HEIGHT="0" />
            <String ID="Word_93597" HPOS="1535" VPOS="2777" WIDTH="71" HEIGHT="42" CONTENT="the" />
            <SP ID="SP_84374" HPOS="1606" VPOS="2777" WIDTH="15" HEIGHT="0" />
            <String ID="Word_93598" HPOS="1621" VPOS="2777" WIDTH="187" HEIGHT="42" CONTENT="cerebral" />
            <SP ID="SP_84375" HPOS="1808" VPOS="2777" WIDTH="18" HEIGHT="0" />
            <String ID="Word_93599" HPOS="1826" VPOS="2782" WIDTH="142" HEIGHT="37" CONTENT="cortex" />
            <SP ID="SP_84376" HPOS="1968" VPOS="2777" WIDTH="17" HEIGHT="0" />
            <String ID="Word_93600" HPOS="1985" VPOS="2777" WIDTH="76" HEIGHT="41" CONTENT="has" />
          </TextLine>
          <TextLine ID="TextLine_9229" HPOS="448" VPOS="2845" WIDTH="1613" HEIGHT="64">
            <String ID="Word_93601" HPOS="448" VPOS="2850" WIDTH="217" HEIGHT="59" CONTENT="produced" />
            <SP ID="SP_84377" HPOS="665" VPOS="2848" WIDTH="33" HEIGHT="0" />
            <String ID="Word_93602" HPOS="698" VPOS="2848" WIDTH="105" HEIGHT="43" CONTENT="such" />
            <SP ID="SP_84378" HPOS="803" VPOS="2848" WIDTH="32" HEIGHT="0" />
            <String ID="Word_93603" HPOS="835" VPOS="2861" WIDTH="54" HEIGHT="28" CONTENT="an" />
            <SP ID="SP_84379" HPOS="889" VPOS="2847" WIDTH="34" HEIGHT="0" />
            <String ID="Word_93604" HPOS="923" VPOS="2847" WIDTH="133" HEIGHT="42" CONTENT="effect." />
            <SP ID="SP_84380" HPOS="1056" VPOS="2846" WIDTH="63" HEIGHT="0" />
            <String ID="Word_93605" HPOS="1119" VPOS="2846" WIDTH="89" HEIGHT="42" CONTENT="The" />
            <SP ID="SP_84381" HPOS="1208" VPOS="2846" WIDTH="31" HEIGHT="0" />
            <String ID="Word_93606" HPOS="1239" VPOS="2846" WIDTH="216" HEIGHT="42" CONTENT="evidence," />
            <SP ID="SP_84382" HPOS="1455" VPOS="2846" WIDTH="26" HEIGHT="0" />
            <String ID="Word_93607" HPOS="1481" VPOS="2860" WIDTH="45" HEIGHT="28" CONTENT="as" />
            <SP ID="SP_84383" HPOS="1526" VPOS="2846" WIDTH="31" HEIGHT="0" />
            <String ID="Word_93608" HPOS="1557" VPOS="2846" WIDTH="38" HEIGHT="42" CONTENT="it" />
            <SP ID="SP_84384" HPOS="1595" VPOS="2845" WIDTH="30" HEIGHT="0" />
            <String ID="Word_93609" HPOS="1625" VPOS="2845" WIDTH="147" HEIGHT="43" CONTENT="stands" />
            <SP ID="SP_84385" HPOS="1772" VPOS="2845" WIDTH="31" HEIGHT="0" />
            <String ID="Word_93610" HPOS="1803" VPOS="2850" WIDTH="44" HEIGHT="37" CONTENT="at" />
            <SP ID="SP_84386" HPOS="1847" VPOS="2850" WIDTH="31" HEIGHT="0" />
            <String ID="Word_93611" HPOS="1878" VPOS="2851" WIDTH="183" HEIGHT="49" CONTENT="present," />
          </TextLine>
          <TextLine ID="TextLine_9230" HPOS="449" VPOS="2916" WIDTH="1612" HEIGHT="57">
            <String ID="Word_93612" HPOS="449" VPOS="2936" WIDTH="137" HEIGHT="30" CONTENT="seems" />
            <SP ID="SP_84387" HPOS="586" VPOS="2921" WIDTH="37" HEIGHT="0" />
            <String ID="Word_93613" HPOS="623" VPOS="2921" WIDTH="57" HEIGHT="42" CONTENT="all" />
            <SP ID="SP_84388" HPOS="680" VPOS="2921" WIDTH="36" HEIGHT="0" />
            <String ID="Word_93614" HPOS="716" VPOS="2925" WIDTH="41" HEIGHT="36" CONTENT="to" />
            <SP ID="SP_84389" HPOS="757" VPOS="2919" WIDTH="32" HEIGHT="0" />
            <String ID="Word_93615" HPOS="789" VPOS="2919" WIDTH="124" HEIGHT="54" CONTENT="point" />
            <SP ID="SP_84390" HPOS="913" VPOS="2919" WIDTH="33" HEIGHT="0" />
            <String ID="Word_93616" HPOS="946" VPOS="2923" WIDTH="43" HEIGHT="36" CONTENT="to" />
            <SP ID="SP_84391" HPOS="989" VPOS="2917" WIDTH="32" HEIGHT="0" />
            <String ID="Word_93617" HPOS="1021" VPOS="2917" WIDTH="73" HEIGHT="42" CONTENT="the" />
            <SP ID="SP_84392" HPOS="1094" VPOS="2916" WIDTH="36" HEIGHT="0" />
            <String ID="Word_93618" HPOS="1130" VPOS="2916" WIDTH="246" HEIGHT="43" CONTENT="conclusion" />
            <SP ID="SP_84393" HPOS="1376" VPOS="2916" WIDTH="37" HEIGHT="0" />
            <String ID="Word_93619" HPOS="1413" VPOS="2917" WIDTH="95" HEIGHT="41" CONTENT="that" />
            <SP ID="SP_84394" HPOS="1508" VPOS="2917" WIDTH="32" HEIGHT="0" />
            <String ID="Word_93620" HPOS="1540" VPOS="2917" WIDTH="73" HEIGHT="41" CONTENT="the" />
            <SP ID="SP_84395" HPOS="1613" VPOS="2916" WIDTH="33" HEIGHT="0" />
            <String ID="Word_93621" HPOS="1646" VPOS="2916" WIDTH="217" HEIGHT="55" CONTENT="presiding" />
            <SP ID="SP_84396" HPOS="1863" VPOS="2916" WIDTH="33" HEIGHT="0" />
            <String ID="Word_93622" HPOS="1896" VPOS="2916" WIDTH="165" HEIGHT="41" CONTENT="Intelli-" />
          </TextLine>
        </TextBlock>
        <TextBlock ID="TextBlock_760" HPOS="683" VPOS="3059" WIDTH="1141" HEIGHT="60">
          <TextLine ID="TextLine_9231" HPOS="690" VPOS="3065" WIDTH="1128" HEIGHT="48">
            <String ID="Word_93623" HPOS="690" VPOS="3071" WIDTH="11" HEIGHT="22" CONTENT="1" />
            <SP ID="SP_84397" HPOS="701" VPOS="3069" WIDTH="32" HEIGHT="0" />
            <String ID="Word_93624" HPOS="733" VPOS="3069" WIDTH="67" HEIGHT="35" CONTENT="The" />
            <SP ID="SP_84398" HPOS="800" VPOS="3067" WIDTH="17" HEIGHT="0" />
            <String ID="Word_93625" HPOS="817" VPOS="3067" WIDTH="194" HEIGHT="37" CONTENT="Functions" />
            <SP ID="SP_84399" HPOS="1011" VPOS="3066" WIDTH="17" HEIGHT="0" />
            <String ID="Word_93626" HPOS="1028" VPOS="3066" WIDTH="41" HEIGHT="36" CONTENT="of" />
            <SP ID="SP_84400" HPOS="1069" VPOS="3066" WIDTH="12" HEIGHT="0" />
            <String ID="Word_93627" HPOS="1081" VPOS="3067" WIDTH="53" HEIGHT="35" CONTENT="the" />
            <SP ID="SP_84401" HPOS="1134" VPOS="3065" WIDTH="18" HEIGHT="0" />
            <String ID="Word_93628" HPOS="1152" VPOS="3065" WIDTH="127" HEIGHT="37" CONTENT="Brain," />
            <SP ID="SP_84402" HPOS="1279" VPOS="3065" WIDTH="21" HEIGHT="0" />
            <String ID="Word_93629" HPOS="1300" VPOS="3065" WIDTH="74" HEIGHT="36" CONTENT="2nd" />
            <SP ID="SP_84403" HPOS="1374" VPOS="3065" WIDTH="19" HEIGHT="0" />
            <String ID="Word_93630" HPOS="1393" VPOS="3065" WIDTH="150" HEIGHT="45" CONTENT="edition," />
            <SP ID="SP_84404" HPOS="1543" VPOS="3065" WIDTH="23" HEIGHT="0" />
            <String ID="Word_93631" HPOS="1566" VPOS="3067" WIDTH="100" HEIGHT="42" CONTENT="1886," />
            <SP ID="SP_84405" HPOS="1666" VPOS="3067" WIDTH="19" HEIGHT="0" />
            <String ID="Word_93632" HPOS="1685" VPOS="3075" WIDTH="33" HEIGHT="36" CONTENT="p." />
            <SP ID="SP_84406" HPOS="1718" VPOS="3065" WIDTH="20" HEIGHT="0" />
            <String ID="Word_93633" HPOS="1738" VPOS="3065" WIDTH="80" HEIGHT="35" CONTENT="437." />
          </TextLine>
        </TextBlock>
      </PrintSpace>
    </Page>
  </Layout>
</alto>
