2107 3450
704 271 150 32 MOTOR
890 271 192 32 APHASIA
1122 262 252 55 (aFHEMIa).
1783 264 84 41 315

207 392 212 44 Amnesia
450 393 85 42 and
568 393 134 56 slight
734 393 247 55 Asynergia
1003 392 206 56 (Ataxia)
1232 393 214 53 Verbalis,
1470 393 166 55 though
1662 400 205 37 theoreti-

208 463 114 56 cally
344 464 36 42 it
403 465 36 41 is
464 465 189 55 possible
676 469 44 37 to
744 465 127 42 make
895 479 24 27 a
942 465 260 42 distinction
1227 466 196 42 between
1446 465 76 43 the
1544 470 98 38 two.

259 535 179 42 Lalling
450 535 90 42 and
555 536 113 41 other
681 535 153 43 Faults
847 536 51 55 of
903 536 301 43 Articulation
1218 537 50 42 in
1287 536 136 43 Motor
1430 536 438 43 Aphasia.—When,

205 606 45 42 in
267 620 202 42 recovery
481 607 110 42 from
608 621 140 28 motor
762 608 192 55 aphasia,
972 608 72 42 the
1061 608 277 43 uneducated
1354 614 148 37 centre
1518 608 46 42 of
1577 608 74 42 the
1667 613 201 50 opposite

206 679 90 41 side
323 678 37 43 is
388 678 200 56 learning
616 684 42 37 to
685 679 229 43 discharge
947 680 74 42 the
1056 681 200 42 function
1291 681 44 42 of
1368 680 75 43 the
1477 686 148 37 centre
1659 680 98 42 that
1791 680 76 43 has

205 750 106 43 been
337 751 244 56 destroyed,
605 751 74 43 the
702 751 283 43 articulation
1009 754 48 40 of
1079 753 72 42 the
1175 754 173 54 patient
1371 759 120 36 often
1515 754 193 41 exhibits
1732 752 136 42 faults

204 823 142 41 which
371 829 81 50 put
473 838 81 28 one
578 824 46 42 in
649 824 121 42 mind
788 825 44 42 of
857 825 73 42 the
954 825 154 56 lalling
1130 826 281 42 articulation
1430 826 44 42 of
1496 825 210 43 children.
1773 825 95 41 One

203 896 46 41 of
277 910 73 41 my
377 897 192 54 patients
591 897 134 42 lalled
749 897 486 58 distinctly,—always,
1259 900 65 41 for
1350 898 212 56 example,
1588 912 128 41 using
1742 897 47 50 T,
1812 912 53 26 an

202 982 101 41 easy
328 968 142 53 letter,
494 969 66 42 for
581 984 25 27 a
629 971 185 42 number
837 971 44 42 of
914 971 157 42 others.
1136 971 72 42 He
1235 972 95 42 said
1356 976 90 38 tage
1469 972 65 41 for
1556 985 105 41 cage,
1685 971 95 41 take
1804 971 66 40 for

201 1041 104 42 sake.
370 1041 72 43 He
464 1041 92 44 also
578 1043 109 42 used
710 1044 36 41 L
768 1044 67 41 for
879 1043 61 53 W,
963 1045 156 55 saying
1151 1045 56 41 lee
1240 1045 65 42 for
1335 1058 87 28 we;
1457 1043 86 42 and
1575 1043 55 42 he
1663 1042 205 56 scamped

205 1113 65 42 his
303 1114 139 43 words
471 1115 91 43 like
592 1130 24 28 a
643 1115 132 51 child,
802 1116 156 56 saying
985 1116 127 43 'rison
1136 1117 67 42 for
1216 1117 164 56 prison.
1446 1116 85 42 His
1555 1131 95 27 case
1676 1130 87 28 was
1787 1130 81 27 one

203 1186 47 41 of
281 1186 301 44 well-marked
617 1193 141 37 motor
789 1189 180 41 aphasia
999 1198 104 32 with
1139 1189 116 55 right
1281 1189 273 55 hemiplegia.
1620 1188 85 42 His
1740 1187 130 42 intel-

203 1258 169 57 ligence
401 1274 85 27 was
521 1260 127 56 fairly
680 1261 120 55 good.
866 1260 212 56 Slurring,
1101 1261 103 42 also,
1227 1261 37 41 is
1287 1261 122 42 often
1432 1265 91 37 met
1547 1266 106 35 with
1678 1260 45 41 in
1750 1260 120 41 these

204 1343 118 30 cases
358 1332 47 40 of
442 1331 248 56 advancing
731 1346 206 28 recovery
982 1334 107 40 from
1135 1336 141 38 motor
1314 1332 204 56 aphasia;
1551 1332 86 41 and
1675 1346 25 27 a
1735 1332 137 54 slight

203 1402 153 57 degree
383 1403 45 42 of
460 1403 250 43 Stuttering
735 1404 38 42 is
801 1409 91 38 met
916 1404 106 42 with
1047 1404 304 43 occasionally.
1416 1404 77 42 All
1518 1405 121 41 these
1664 1404 135 41 faults
1826 1405 40 39 in

203 1474 73 42 the
311 1475 301 54 performance
645 1476 47 41 of
722 1476 75 42 the
832 1475 255 55 previously
1115 1476 279 41 uneducated
1424 1480 149 37 centre
1603 1480 79 50 put
1712 1489 82 27 one
1826 1475 45 40 in

202 1546 124 42 mind
349 1546 45 42 of
417 1547 73 42 the
514 1547 234 55 imperfect
770 1549 326 54 performances
1120 1548 44 41 of
1191 1562 24 27 a
1238 1547 117 43 child
1381 1547 97 42 who
1503 1547 36 42 is
1563 1547 239 56 beginning
1828 1554 43 34 to

201 1618 145 55 speak.
412 1618 90 43 The
536 1619 186 56 analogy
757 1620 206 42 occurred
998 1624 44 37 to
1076 1621 254 41 Trousseau.
1396 1619 72 43 He
1499 1623 198 53 says.—"
1713 1620 22 41 I
1761 1618 110 44 have

201 1690 134 43 asked
359 1691 164 56 myself
542 1691 198 43 whether
762 1692 36 42 it
820 1692 37 42 is
881 1697 79 37 not
982 1692 162 56 simply
1168 1691 311 43 forgetfulness
1503 1692 45 42 of
1582 1691 75 43 the
1686 1692 185 42 instinc-

201 1762 89 43 tive
309 1763 85 42 and
420 1763 281 43 harmonious
725 1769 275 38 movements
1024 1764 97 42 that
1144 1779 65 27 we
1232 1764 112 42 have
1368 1764 59 41 all
1449 1764 145 43 learnt
1618 1764 111 42 from
1752 1764 121 55 early

201 1835 234 43 childhood
457 1836 85 42 and
568 1836 96 42 that
686 1837 240 42 constitute
948 1837 278 42 articulative
1250 1837 157 56 speech
1426 1852 10 38 ;
1467 1837 87 42 and
1583 1837 197 42 whether
1815 1837 56 54 by

203 1908 86 42 this
324 1908 310 56 forgetfulness
669 1909 76 43 the
767 1909 181 56 aphasic
970 1914 173 51 patient
1163 1909 38 42 is
1225 1913 77 38 not
1324 1915 82 50 put
1428 1910 94 41 into
1547 1909 73 42 the
1645 1910 226 41 condition

201 1980 46 42 of
272 1995 25 27 a
325 1980 115 43 child
468 1981 142 42 whom
634 1995 81 28 one
739 1981 173 43 teaches
936 1987 43 36 to
1002 1981 87 42 lisp
1123 1981 67 42 his
1227 1982 91 41 first
1353 1982 152 42 words,
1538 1996 46 27 or
1617 1982 44 41 of
1694 1996 25 27 a
1751 1981 120 43 deaf-

202 2059 120 35 mute
360 2067 107 36 who,
504 2053 131 42 cured
667 2053 219 42 suddenly
925 2054 44 41 of
1013 2054 67 41 his
1114 2053 214 43 deafness,
1363 2053 104 43 tries
1504 2058 43 37 to
1581 2054 174 42 imitate
1797 2054 73 42 the

198 2124 214 57 language
436 2125 45 42 of
504 2125 73 42 the
601 2125 154 56 people
780 2125 142 42 whom
948 2126 53 41 he
1026 2140 94 27 now
1146 2127 65 40 for
1235 2126 73 42 the
1333 2127 91 41 first
1442 2126 107 42 time
1574 2126 124 43 hears
1721 2126 147 44 speak.

198 2197 141 42 There
358 2197 159 57 would,
540 2197 215 43 however,
780 2198 52 42 be
856 2198 88 43 this
969 2198 231 43 difference
1225 2199 196 41 between
1458 2198 75 43 the
1568 2198 180 42 aphasic
1782 2199 86 41 and

200 2268 73 43 the
297 2268 257 43 deaf-mute,
578 2269 97 42 that
698 2270 75 42 the
796 2284 81 28 one
901 2270 78 42 has
1002 2271 218 54 forgotten
1246 2270 116 42 what
1394 2270 54 43 he
1476 2270 86 42 had
1594 2270 155 42 learnt,
1782 2271 85 39 and

198 2346 96 38 that
318 2341 73 43 the
414 2341 125 43 other
561 2341 86 43 had
671 2357 133 28 never
825 2342 145 44 learnt
990 2342 72 43 it."

258 2487 36 41 2.
331 2486 198 44 Effkcts
563 2498 120 32 upon
716 2499 88 31 the
838 2488 299 42 Production
1172 2501 53 29 of
1260 2489 383 42 Writing.—The
1677 2489 190 56 striking

200 2560 286 41 interference
510 2559 108 42 with
642 2559 74 44 the
738 2574 148 42 power
909 2561 45 42 of
977 2560 176 43 writing
1178 2561 96 42 that
1297 2561 46 42 in
1368 2567 114 37 most
1505 2576 120 28 cases
1648 2562 45 41 of
1727 2569 140 34 motor

196 2630 180 56 aphasia
414 2632 209 42 co-exists
662 2633 106 41 with
810 2633 76 43 the
923 2633 295 43 disablement
1256 2634 46 42 of
1337 2634 159 43 speech
1535 2634 216 43 attracted
1790 2633 74 43 the

195 2704 219 42 attention
437 2705 44 41 of
504 2705 203 42 students
730 2705 44 42 of
796 2705 182 56 aphasia
999 2705 161 44 almost
1182 2707 109 41 from
1318 2706 75 42 the
1416 2707 103 43 first.

258 2775 256 53 Trousseau,
531 2776 46 43 in
603 2777 69 42 his
695 2777 203 56 splendid
919 2778 183 56 chapter
1119 2793 55 28 on
1193 2778 230 56 Aphasia.,1
1442 2794 225 28 expresses
1686 2779 182 43 himself

200 2861 104 41 very
331 2847 163 57 clearly
529 2863 54 28 on
618 2849 90 43 this
741 2850 181 56 subject.
988 2850 71 43 He
1083 2849 204 58 says,—"
1304 2852 91 41 The
1418 2857 171 51 greater
1613 2852 185 41 number
1821 2853 46 40 of

197 2920 203 56 aphasics
423 2936 70 28 are
517 2922 230 55 paralysed
771 2923 44 42 in
843 2924 73 42 the
940 2924 118 57 right
1080 2924 117 42 hand
1223 2925 86 41 and
1334 2928 161 38 cannot
1525 2924 151 43 write;
1709 2924 86 41 and
1830 2924 34 41 if

200 2991 103 58 they
322 2993 176 56 acquire
524 2993 74 43 the
622 2994 125 44 habit
768 2997 47 41 of
832 2996 176 42 writing
1026 2996 106 42 with
1153 2996 76 43 the
1247 2996 82 43 left
1347 2996 130 43 hand,
1496 2996 37 42 it
1550 2996 37 42 is
1606 3010 103 28 easy
1730 3002 43 36 to
1791 3010 71 29 see

743 3134 10 23 1
783 3134 166 48 Clinique
967 3135 195 46 Medicale,
1180 3148 35 36 p.
1237 3138 84 35 708.
