2107 3450
1781 266 85 41 355

727 277 372 32 GRAPHIC-MOTOR
1134 277 208 32 APHASIA.

268 399 44 42 It
344 399 37 43 is
416 398 262 43 interesting
713 402 44 38 to
795 398 101 42 look
936 398 111 42 back
1084 412 118 41 upon
1237 397 75 42 the
1345 397 184 56 gradual
1563 396 224 43 evolution
1822 397 45 41 of

208 471 254 55 knowledge
486 469 229 60 regarding
738 469 73 43 the
837 470 171 42 various
1033 470 109 42 form
1166 470 48 42 of
1242 469 193 56 aphasia,
1458 468 87 42 and
1578 473 46 37 to
1657 473 101 38 note
1792 468 75 43 the

207 541 131 43 views
362 541 97 42 that
481 547 45 36 at
550 541 204 42 different
778 541 128 42 times
929 540 112 43 have
1065 541 109 42 been
1206 539 102 43 held
1343 539 233 57 regarding
1608 539 75 42 the
1717 553 149 29 causa-

207 613 91 43 tion
336 614 48 42 of
417 613 218 56 agraphia.
703 613 60 41 At
800 613 107 51 first,
942 612 74 44 the
1049 613 253 57 possibility
1336 613 45 41 of
1413 612 75 42 the
1522 611 223 43 existence
1767 611 47 43 of
1843 626 25 28 a

205 685 161 56 special
389 691 147 37 centre
561 686 65 41 for
650 686 73 42 the
746 685 230 43 memories
1000 686 45 42 of
1067 686 75 42 the
1167 690 273 38 movements
1460 685 46 41 of
1530 684 175 57 writing
1727 698 140 28 seems

204 758 191 43 scarcely
430 763 44 37 to
510 758 110 42 have
658 758 110 42 been
807 758 339 43 contemplated.
1211 758 91 43 The
1346 757 210 58 agraphia
1596 756 143 42 which
1779 770 88 28 was

206 829 135 42 found
366 834 43 38 to
433 830 51 42 be
502 844 47 28 so
567 844 201 28 common
788 845 55 27 an
862 835 382 38 accompaniment
1268 830 46 43 of
1336 829 182 43 aphasia
1542 843 86 29 was
1646 826 221 58 supposed

205 906 44 38 to
272 901 52 43 be
347 901 163 57 simply
534 916 24 28 a
588 916 229 42 necessary
840 917 301 29 consequence
1173 903 46 42 of
1251 902 46 43 it.
1364 902 46 43 It
1432 916 88 29 was
1542 899 255 45 recognised
1820 913 48 29 as

205 974 317 43 unreasonable
546 979 44 37 to
613 979 158 39 expect
798 975 98 43 that
918 975 140 43 words
1092 975 129 43 could
1253 975 54 43 be
1341 974 190 52 written,
1565 974 46 52 if,
1643 973 146 57 owing
1821 976 47 39 to

204 1047 196 42 amnesia
424 1047 203 52 verbalis,
649 1048 107 42 they
778 1048 131 42 could
932 1053 78 37 not
1042 1063 111 28 even
1186 1048 54 43 be
1272 1047 310 43 remembered.
1647 1046 84 42 We
1755 1045 112 43 have

203 1118 178 57 already
407 1134 101 29 seen
544 1120 96 43 that
673 1120 193 56 opinion,
888 1119 47 44 in
968 1121 75 42 the
1075 1126 178 50 present
1276 1121 97 56 day,
1397 1120 37 42 is
1462 1120 174 42 coming
1658 1118 143 43 round
1821 1122 46 38 to

205 1191 88 43 this
330 1192 74 43 old
438 1193 139 53 view;
616 1193 142 43 which
781 1193 37 42 is
841 1207 99 28 now
976 1192 103 43 held
1113 1198 43 37 to
1190 1193 53 43 be
1275 1208 25 27 a
1333 1193 222 43 sufficient
1581 1205 287 43 explanation

203 1264 49 42 of
285 1263 74 43 the
394 1265 209 57 agraphia
641 1265 46 42 in
724 1280 25 27 a
785 1270 123 52 great
943 1265 186 43 number
1162 1266 47 42 of
1242 1266 74 42 the
1350 1280 119 28 cases
1492 1264 255 57 presenting
1770 1266 99 39 that

204 1343 233 49 symptom,
461 1337 168 56 though
652 1337 36 43 it
711 1336 36 43 is
771 1342 78 37 not
881 1336 219 57 supposed
1135 1341 44 38 to
1202 1337 53 43 be
1289 1337 75 43 the
1397 1351 160 42 proper
1579 1350 289 42 explanation

205 1408 45 42 of
272 1408 36 42 it
330 1408 45 42 in
398 1408 60 43 all
480 1423 130 29 cases.

263 1480 90 42 The
378 1486 105 37 next
506 1485 96 38 step
625 1480 44 42 in
695 1480 74 43 the
792 1480 227 43 evolution
1046 1495 86 28 was
1155 1480 75 43 the
1254 1480 279 43 localization
1557 1481 57 55 by
1639 1480 159 42 Exner,
1821 1479 48 42 in

205 1551 144 52 1881,1
372 1553 47 42 of
447 1568 25 27 a
495 1553 162 55 special
681 1553 348 56 graphic-motor
1051 1558 148 38 centre
1223 1553 45 42 in
1294 1553 73 43 the
1392 1553 214 56 posterior
1628 1552 240 56 extremity

201 1624 44 42 of
268 1623 74 44 the
364 1625 159 43 second
547 1625 162 43 frontal
734 1624 297 44 convolution,
1056 1630 43 37 at
1123 1626 54 41 D.
1244 1626 43 41 It
1310 1631 121 38 must
1451 1626 52 42 be
1523 1624 228 44 confessed
1772 1624 98 43 that

202 1694 74 44 the
300 1695 110 43 facts
433 1696 199 43 adduced
654 1696 59 43 by
736 1697 149 41 Exner
906 1696 47 42 in
987 1698 157 41 favour
1176 1697 47 42 of
1253 1697 88 43 this
1373 1696 280 44 localization
1686 1711 72 28 are
1792 1702 78 37 not

202 1781 104 43 very
329 1767 289 58 convincing;
650 1769 80 42 but
754 1768 299 44 nevertheless
1078 1769 105 42 they
1206 1768 138 43 afford
1368 1784 24 27 a
1415 1768 168 44 certain
1618 1778 185 33 amount
1825 1769 49 43 of

201 1839 209 44 evidence
432 1840 46 42 in
503 1841 154 42 favour
680 1841 47 41 of
744 1840 46 43 it.
855 1840 92 43 The
970 1841 279 43 localization
1278 1841 214 57 proposed
1525 1841 59 43 by
1607 1841 150 43 Exner
1780 1855 89 29 was

201 1912 206 56 accepted
431 1913 58 56 by
512 1913 175 42 various
710 1913 199 43 eminent
932 1913 170 43 writers
1126 1928 57 28 on
1209 1913 207 57 aphasia;
1448 1913 88 43 and
1559 1913 36 43 it
1619 1913 103 43 thus
1746 1928 123 29 came

203 1989 44 38 to
269 1984 53 43 be
347 1984 73 44 the
439 1985 186 43 fashion,
641 1985 67 43 for
730 2000 26 28 a
772 1986 121 42 time,
912 1990 45 38 to
981 1986 116 42 refer
1114 1985 75 44 the
1207 1990 223 52 symptom
1450 1985 220 57 agraphia,
1689 1985 46 43 in
1752 1990 118 39 most

203 2072 131 28 cases,
358 2062 43 37 to
424 2057 271 43 destruction
719 2059 48 41 of
786 2058 89 43 this
899 2063 150 38 centre
1073 2059 53 43 D.
1192 2057 159 58 Lying,
1374 2073 46 28 as
1454 2059 37 41 it
1512 2058 116 43 does,
1651 2058 47 43 in
1716 2058 152 56 juxta-

204 2129 189 56 position
419 2129 107 43 with
565 2130 172 43 Broca's
773 2130 298 43 convolution,
1094 2130 76 43 the
1207 2136 149 37 centre
1392 2131 42 41 D
1470 2130 50 52 is,
1554 2130 175 44 indeed,
1763 2131 46 42 in
1844 2146 25 28 a

202 2207 122 51 great
348 2202 186 42 number
566 2203 48 42 of
642 2217 119 29 cases
795 2203 48 43 of
870 2202 140 44 lesion
1044 2203 45 43 of
1121 2203 99 43 that
1253 2203 298 43 convolution,
1574 2203 139 43 found
1746 2207 45 39 to
1815 2203 54 43 be

203 2273 207 43 involved
434 2274 129 42 alon<*
586 2275 108 42 with
718 2275 45 43 it.

262 2346 102 52 But,
388 2346 155 43 within
580 2347 75 43 the
686 2347 87 44 last
805 2348 84 43 few
912 2362 138 42 years,
1073 2347 132 43 much
1238 2347 80 44 has
1351 2347 109 44 been
1494 2347 113 43 done
1631 2352 44 38 to
1700 2348 170 43 detract

204 2416 108 42 from
339 2416 73 43 the
435 2417 219 56 supposed
677 2417 275 57 importance
975 2418 48 42 of
1052 2417 74 44 the
1149 2422 149 39 centre
1321 2418 54 43 D.
1441 2419 55 42 In
1519 2418 76 44 the
1618 2419 95 43 first
1733 2418 136 57 place,

201 2487 239 45 Wernicke
463 2488 195 44 directed
680 2490 220 43 attention
923 2494 45 39 to
992 2490 75 44 the
1092 2491 91 43 fact
1205 2491 98 43 that
1322 2505 63 29 we
1409 2505 80 29 can
1510 2491 124 43 write
1658 2496 79 38 not
1761 2491 106 57 only

203 2560 106 43 with
333 2560 75 44 the
430 2561 118 58 right
571 2562 289 43 handwith
887 2563 147 44 whose
1064 2568 144 39 motor
1229 2569 149 38 centre
1402 2564 76 43 the
1501 2569 149 39 centre
1673 2565 43 42 D
1750 2564 38 43 is
1821 2565 47 42 in

202 2634 402 52 connexion,but
625 2635 92 44 also
742 2636 107 43 with
873 2636 76 44 the
972 2636 83 44 left
1077 2636 132 44 hand,
1232 2636 108 43 with
1371 2636 76 44 the
1471 2636 155 58 elbow,
1652 2637 109 44 with
1791 2638 76 43 the

202 2705 118 57 right
341 2721 47 27 or
409 2706 82 43 left
514 2707 102 54 foot,
631 2708 87 43 and
742 2723 108 29 even
879 2709 106 43 with
1011 2709 76 44 the
1112 2710 135 43 teeth.
1304 2710 46 43 It
1371 2710 175 43 seemed
1564 2715 45 37 to
1627 2710 241 44 Wernicke

203 2777 97 43 that
330 2778 46 42 in
411 2778 74 44 the
518 2786 72 36 act
621 2782 48 41 of
699 2781 177 57 writing
909 2781 75 44 the
1017 2782 144 43 visual
1182 2782 165 57 images
1371 2797 111 29 were
1515 2782 76 44 the
1623 2782 246 44 important

203 2865 129 39 ones;
363 2851 195 55 because,
580 2853 130 57 given
738 2869 24 27 a
795 2854 115 44 clear
941 2854 88 43 and
1061 2855 187 43 distinct
1269 2854 144 45 visual
1447 2856 142 57 image
1623 2856 45 42 of
1700 2870 25 28 a
1748 2855 119 43 word

203 2922 87 42 and
313 2922 58 43 its
394 2932 265 47 component
681 2925 164 44 letters,
868 2926 59 43 all
955 2927 99 43 that
1085 2942 88 42 any
1196 2928 204 43 movable
1433 2933 100 51 part
1564 2929 48 43 of
1641 2928 76 43 the
1750 2927 117 57 body

203 2998 45 39 to
281 2994 143 43 which
459 3010 24 28 a
516 2997 145 55 pencil
695 3011 80 29 can
819 2999 54 43 be
916 2998 206 44 attached
1165 3000 197 56 requires
1396 3005 44 38 to
1473 2999 67 44 do,
1583 3000 47 42 in
1664 3000 125 43 order
1822 3005 46 38 to

251 3089 11 23 1
298 3089 316 49 Untersuchungen
631 3091 83 37 iiber
731 3092 59 37 die
807 3093 248 37 Localization
1081 3093 62 37 der
1169 3093 229 38 Functionen
1422 3094 44 37 in
1491 3095 63 36 der
1573 3093 298 38 Grosshirnrinde

200 3150 59 36 des
277 3150 205 48 Menschen,
504 3153 105 45 1881,
629 3165 35 35 p.
686 3153 56 37 57.
