<?xml version="1.0" encoding="UTF-8"?>
<alto xmlns="http://www.loc.gov/standards/alto/ns-v2#" xmlns:xsi="http://www.w3.org/2001/XMLSchema-instance" xsi:schemaLocation="http://www.loc.gov/standards/alto/ns-v2# http://www.loc.gov/standards/alto/alto.xsd">
  <Description>
    <MeasurementUnit>pixel</MeasurementUnit>
    <sourceImageInformation>
      <fileName>b22031261_abbyy.xml</fileName>
    </sourceImageInformation>
    <OCRProcessing ID="OCR_1">
      <preProcessingStep>
        <processingDateTime>2016-02-11T05:40:32</processingDateTime>
        <processingAgency>intranda GmbH, www.intranda.com</processingAgency>
        <processingSoftware>
          <softwareCreator>intranda GmbH, Germany</softwareCreator>
          <softwareName>intranda OCR Module for TaskManager</softwareName>
          <softwareVersion>1.0r42</softwareVersion>
        </processingSoftware>
      </preProcessingStep>
      <ocrProcessingStep>
        <processingSoftware>
          <softwareCreator>ABBYY (BIT Software), Russia</softwareCreator>
          <softwareName>FineReader Engine</softwareName>
          <softwareVersion>10</softwareVersion>
        </processingSoftware>
      </ocrProcessingStep>
    </OCRProcessing>
  </Description>
  <Layout>
    <Page PHYSICAL_IMG_NR="108" ID="PAGE_108" WIDTH="1972" HEIGHT="3202">
      <TopMargin ID="TopMargin_80" HPOS="421" VPOS="253" WIDTH="1138" HEIGHT="48">
        <TextBlock ID="TextBlock_1204" HPOS="421" VPOS="253" WIDTH="1138" HEIGHT="48">
          <TextLine ID="TextLine_2547" HPOS="421" VPOS="253" WIDTH="64" HEIGHT="48">
            <String CONTENT="86" ID="Word_20479" HPOS="421" VPOS="253" WIDTH="64" HEIGHT="48" />
          </TextLine>
          <TextLine ID="TextLine_2548" HPOS="657" VPOS="268" WIDTH="902" HEIGHT="33">
            <String CONTENT="THE" ID="Word_20480" HPOS="657" VPOS="269" WIDTH="92" HEIGHT="31" />
            <SP ID="SP_17937" HPOS="750" VPOS="269" WIDTH="22" HEIGHT="0" />
            <String CONTENT="RED" ID="Word_20481" HPOS="773" VPOS="269" WIDTH="90" HEIGHT="31" />
            <SP ID="SP_17938" HPOS="864" VPOS="269" WIDTH="21" HEIGHT="0" />
            <String CONTENT="OR" ID="Word_20482" HPOS="886" VPOS="269" WIDTH="58" HEIGHT="31" />
            <SP ID="SP_17939" HPOS="945" VPOS="269" WIDTH="21" HEIGHT="0" />
            <String CONTENT="ASIATIC" ID="Word_20483" HPOS="967" VPOS="268" WIDTH="182" HEIGHT="31" />
            <SP ID="SP_17940" HPOS="1150" VPOS="268" WIDTH="22" HEIGHT="0" />
            <String CONTENT="ORANG-OUTANG." ID="Word_20484" HPOS="1173" VPOS="268" WIDTH="386" HEIGHT="33" />
          </TextLine>
        </TextBlock>
      </TopMargin>
      <PrintSpace ID="PrintSpace_109" HPOS="417" VPOS="395" WIDTH="1374" HEIGHT="2210">
        <TextBlock ID="TextBlock_335" HPOS="417" VPOS="395" WIDTH="1374" HEIGHT="2210">
          <TextLine ID="TextLine_2549" HPOS="419" VPOS="395" WIDTH="1368" HEIGHT="62">
            <String CONTENT="head" ID="Word_20485" HPOS="419" VPOS="395" WIDTH="118" HEIGHT="45" />
            <SP ID="SP_17941" HPOS="538" VPOS="395" WIDTH="21" HEIGHT="0" />
            <String CONTENT="taller" ID="Word_20486" HPOS="560" VPOS="395" WIDTH="131" HEIGHT="45" />
            <SP ID="SP_17942" HPOS="692" VPOS="401" WIDTH="20" HEIGHT="0" />
            <String CONTENT="than" ID="Word_20487" HPOS="713" VPOS="401" WIDTH="113" HEIGHT="39" />
            <SP ID="SP_17943" HPOS="827" VPOS="410" WIDTH="33" HEIGHT="0" />
            <String CONTENT="any" ID="Word_20488" HPOS="861" VPOS="410" WIDTH="91" HEIGHT="45" />
            <SP ID="SP_17944" HPOS="953" VPOS="410" WIDTH="22" HEIGHT="0" />
            <String CONTENT="man" ID="Word_20489" HPOS="976" VPOS="410" WIDTH="107" HEIGHT="28" />
            <SP ID="SP_17945" HPOS="1084" VPOS="409" WIDTH="22" HEIGHT="0" />
            <String CONTENT="on" ID="Word_20490" HPOS="1107" VPOS="409" WIDTH="57" HEIGHT="30" />
            <SP ID="SP_17946" HPOS="1165" VPOS="396" WIDTH="28" HEIGHT="0" />
            <String CONTENT="boards" ID="Word_20491" HPOS="1194" VPOS="396" WIDTH="151" HEIGHT="52" />
            <SP ID="SP_17947" HPOS="1346" VPOS="410" WIDTH="23" HEIGHT="0" />
            <String CONTENT="measuring" ID="Word_20492" HPOS="1370" VPOS="410" WIDTH="258" HEIGHT="47" />
            <SP ID="SP_17948" HPOS="1629" VPOS="410" WIDTH="21" HEIGHT="0" />
            <String CONTENT="seven" ID="Word_20493" HPOS="1651" VPOS="411" WIDTH="136" HEIGHT="30" />
          </TextLine>
          <TextLine ID="TextLine_2550" HPOS="420" VPOS="471" WIDTH="1367" HEIGHT="63">
            <String CONTENT="feet" ID="Word_20494" HPOS="420" VPOS="471" WIDTH="88" HEIGHT="47" />
            <SP ID="SP_17949" HPOS="509" VPOS="473" WIDTH="33" HEIGHT="0" />
            <String CONTENT="in" ID="Word_20495" HPOS="543" VPOS="473" WIDTH="46" HEIGHT="45" />
            <SP ID="SP_17950" HPOS="590" VPOS="489" WIDTH="34" HEIGHT="0" />
            <String CONTENT="what" ID="Word_20496" HPOS="625" VPOS="473" WIDTH="125" HEIGHT="44" />
            <SP ID="SP_17951" HPOS="751" VPOS="479" WIDTH="32" HEIGHT="0" />
            <String CONTENT="might" ID="Word_20497" HPOS="784" VPOS="472" WIDTH="146" HEIGHT="44" />
            <SP ID="SP_17952" HPOS="931" VPOS="473" WIDTH="31" HEIGHT="0" />
            <String CONTENT="be" ID="Word_20498" HPOS="963" VPOS="473" WIDTH="55" HEIGHT="42" />
            <SP ID="SP_17953" HPOS="1019" VPOS="487" WIDTH="39" HEIGHT="0" />
            <String CONTENT="called" ID="Word_20499" HPOS="1059" VPOS="471" WIDTH="142" HEIGHT="45" />
            <SP ID="SP_17954" HPOS="1202" VPOS="471" WIDTH="35" HEIGHT="0" />
            <String CONTENT="his" ID="Word_20500" HPOS="1238" VPOS="471" WIDTH="70" HEIGHT="45" />
            <SP ID="SP_17955" HPOS="1309" VPOS="486" WIDTH="22" HEIGHT="0" />
            <String CONTENT="ordinary" ID="Word_20501" HPOS="1332" VPOS="471" WIDTH="208" HEIGHT="62" />
            <SP ID="SP_17956" HPOS="1541" VPOS="488" WIDTH="33" HEIGHT="0" />
            <String CONTENT="standing" ID="Word_20502" HPOS="1575" VPOS="472" WIDTH="212" HEIGHT="62" />
          </TextLine>
          <TextLine ID="TextLine_2551" HPOS="422" VPOS="546" WIDTH="1365" HEIGHT="64">
            <String CONTENT="posture," ID="Word_20503" HPOS="422" VPOS="565" WIDTH="194" HEIGHT="44" />
            <SP ID="SP_17957" HPOS="617" VPOS="565" WIDTH="16" HEIGHT="0" />
            <String CONTENT="and" ID="Word_20504" HPOS="634" VPOS="550" WIDTH="88" HEIGHT="44" />
            <SP ID="SP_17958" HPOS="723" VPOS="550" WIDTH="23" HEIGHT="0" />
            <String CONTENT="eight" ID="Word_20505" HPOS="747" VPOS="548" WIDTH="122" HEIGHT="46" />
            <SP ID="SP_17959" HPOS="870" VPOS="548" WIDTH="15" HEIGHT="0" />
            <String CONTENT="feet" ID="Word_20506" HPOS="886" VPOS="548" WIDTH="89" HEIGHT="45" />
            <SP ID="SP_17960" HPOS="976" VPOS="554" WIDTH="18" HEIGHT="0" />
            <String CONTENT="when" ID="Word_20507" HPOS="995" VPOS="547" WIDTH="133" HEIGHT="44" />
            <SP ID="SP_17961" HPOS="1129" VPOS="562" WIDTH="23" HEIGHT="0" />
            <String CONTENT="suspended" ID="Word_20508" HPOS="1153" VPOS="548" WIDTH="252" HEIGHT="60" />
            <SP ID="SP_17962" HPOS="1406" VPOS="546" WIDTH="16" HEIGHT="0" />
            <String CONTENT="for" ID="Word_20509" HPOS="1423" VPOS="546" WIDTH="65" HEIGHT="48" />
            <SP ID="SP_17963" HPOS="1489" VPOS="555" WIDTH="11" HEIGHT="0" />
            <String CONTENT="the" ID="Word_20510" HPOS="1501" VPOS="555" WIDTH="78" HEIGHT="39" />
            <SP ID="SP_17964" HPOS="1580" VPOS="565" WIDTH="15" HEIGHT="0" />
            <String CONTENT="purpose" ID="Word_20511" HPOS="1596" VPOS="565" WIDTH="191" HEIGHT="45" />
          </TextLine>
          <TextLine ID="TextLine_2552" HPOS="424" VPOS="625" WIDTH="423" HEIGHT="62">
            <String CONTENT="of" ID="Word_20512" HPOS="424" VPOS="626" WIDTH="49" HEIGHT="45" />
            <SP ID="SP_17965" HPOS="474" VPOS="626" WIDTH="14" HEIGHT="0" />
            <String CONTENT="being" ID="Word_20513" HPOS="489" VPOS="628" WIDTH="131" HEIGHT="59" />
            <SP ID="SP_17966" HPOS="621" VPOS="642" WIDTH="21" HEIGHT="0" />
            <String CONTENT="skinned." ID="Word_20514" HPOS="643" VPOS="625" WIDTH="204" HEIGHT="46" />
          </TextLine>
          <TextLine ID="TextLine_2553" HPOS="543" VPOS="701" WIDTH="1245" HEIGHT="62">
            <String CONTENT="It" ID="Word_20515" HPOS="543" VPOS="704" WIDTH="43" HEIGHT="44" />
            <SP ID="SP_17967" HPOS="587" VPOS="710" WIDTH="24" HEIGHT="0" />
            <String CONTENT="seems" ID="Word_20516" HPOS="612" VPOS="718" WIDTH="141" HEIGHT="30" />
            <SP ID="SP_17968" HPOS="754" VPOS="718" WIDTH="22" HEIGHT="0" />
            <String CONTENT="probable" ID="Word_20517" HPOS="777" VPOS="702" WIDTH="209" HEIGHT="61" />
            <SP ID="SP_17969" HPOS="987" VPOS="707" WIDTH="22" HEIGHT="0" />
            <String CONTENT="that" ID="Word_20518" HPOS="1010" VPOS="707" WIDTH="102" HEIGHT="39" />
            <SP ID="SP_17970" HPOS="1113" VPOS="707" WIDTH="21" HEIGHT="0" />
            <String CONTENT="the" ID="Word_20519" HPOS="1135" VPOS="707" WIDTH="79" HEIGHT="39" />
            <SP ID="SP_17971" HPOS="1215" VPOS="717" WIDTH="31" HEIGHT="0" />
            <String CONTENT="animal" ID="Word_20520" HPOS="1247" VPOS="701" WIDTH="170" HEIGHT="45" />
            <SP ID="SP_17972" HPOS="1418" VPOS="701" WIDTH="30" HEIGHT="0" />
            <String CONTENT="had" ID="Word_20521" HPOS="1449" VPOS="702" WIDTH="92" HEIGHT="45" />
            <SP ID="SP_17973" HPOS="1542" VPOS="702" WIDTH="25" HEIGHT="0" />
            <String CONTENT="travelled" ID="Word_20522" HPOS="1568" VPOS="703" WIDTH="220" HEIGHT="45" />
          </TextLine>
          <TextLine ID="TextLine_2554" HPOS="419" VPOS="777" WIDTH="1366" HEIGHT="61">
            <String CONTENT="from" ID="Word_20523" HPOS="419" VPOS="777" WIDTH="112" HEIGHT="47" />
            <SP ID="SP_17974" HPOS="532" VPOS="795" WIDTH="23" HEIGHT="0" />
            <String CONTENT="some" ID="Word_20524" HPOS="556" VPOS="796" WIDTH="121" HEIGHT="29" />
            <SP ID="SP_17975" HPOS="678" VPOS="780" WIDTH="27" HEIGHT="0" />
            <String CONTENT="distance" ID="Word_20525" HPOS="706" VPOS="780" WIDTH="198" HEIGHT="45" />
            <SP ID="SP_17976" HPOS="905" VPOS="785" WIDTH="32" HEIGHT="0" />
            <String CONTENT="to" ID="Word_20526" HPOS="938" VPOS="785" WIDTH="46" HEIGHT="38" />
            <SP ID="SP_17977" HPOS="985" VPOS="784" WIDTH="22" HEIGHT="0" />
            <String CONTENT="the" ID="Word_20527" HPOS="1008" VPOS="784" WIDTH="78" HEIGHT="39" />
            <SP ID="SP_17978" HPOS="1087" VPOS="794" WIDTH="21" HEIGHT="0" />
            <String CONTENT="place" ID="Word_20528" HPOS="1109" VPOS="794" WIDTH="125" HEIGHT="44" />
            <SP ID="SP_17979" HPOS="1235" VPOS="794" WIDTH="23" HEIGHT="0" />
            <String CONTENT="where" ID="Word_20529" HPOS="1259" VPOS="794" WIDTH="150" HEIGHT="29" />
            <SP ID="SP_17980" HPOS="1410" VPOS="778" WIDTH="20" HEIGHT="0" />
            <String CONTENT="he" ID="Word_20530" HPOS="1431" VPOS="778" WIDTH="58" HEIGHT="46" />
            <SP ID="SP_17981" HPOS="1490" VPOS="794" WIDTH="22" HEIGHT="0" />
            <String CONTENT="was" ID="Word_20531" HPOS="1513" VPOS="794" WIDTH="94" HEIGHT="30" />
            <SP ID="SP_17982" HPOS="1608" VPOS="779" WIDTH="21" HEIGHT="0" />
            <String CONTENT="found," ID="Word_20532" HPOS="1630" VPOS="779" WIDTH="155" HEIGHT="53" />
          </TextLine>
          <TextLine ID="TextLine_2555" HPOS="417" VPOS="855" WIDTH="1369" HEIGHT="60">
            <String CONTENT="as" ID="Word_20533" HPOS="417" VPOS="871" WIDTH="48" HEIGHT="29" />
            <SP ID="SP_17983" HPOS="466" VPOS="856" WIDTH="24" HEIGHT="0" />
            <String CONTENT="his" ID="Word_20534" HPOS="491" VPOS="856" WIDTH="70" HEIGHT="45" />
            <SP ID="SP_17984" HPOS="562" VPOS="856" WIDTH="19" HEIGHT="0" />
            <String CONTENT="legs" ID="Word_20535" HPOS="582" VPOS="856" WIDTH="94" HEIGHT="47" />
            <SP ID="SP_17985" HPOS="677" VPOS="871" WIDTH="22" HEIGHT="0" />
            <String CONTENT="were" ID="Word_20536" HPOS="700" VPOS="871" WIDTH="117" HEIGHT="29" />
            <SP ID="SP_17986" HPOS="818" VPOS="871" WIDTH="32" HEIGHT="0" />
            <String CONTENT="covered" ID="Word_20537" HPOS="851" VPOS="855" WIDTH="184" HEIGHT="45" />
            <SP ID="SP_17987" HPOS="1036" VPOS="855" WIDTH="22" HEIGHT="0" />
            <String CONTENT="with" ID="Word_20538" HPOS="1059" VPOS="855" WIDTH="114" HEIGHT="45" />
            <SP ID="SP_17988" HPOS="1174" VPOS="855" WIDTH="28" HEIGHT="0" />
            <String CONTENT="mud" ID="Word_20539" HPOS="1203" VPOS="855" WIDTH="113" HEIGHT="45" />
            <SP ID="SP_17989" HPOS="1317" VPOS="855" WIDTH="25" HEIGHT="0" />
            <String CONTENT="up" ID="Word_20540" HPOS="1343" VPOS="871" WIDTH="61" HEIGHT="44" />
            <SP ID="SP_17990" HPOS="1405" VPOS="861" WIDTH="33" HEIGHT="0" />
            <String CONTENT="to" ID="Word_20541" HPOS="1439" VPOS="861" WIDTH="46" HEIGHT="39" />
            <SP ID="SP_17991" HPOS="1486" VPOS="862" WIDTH="32" HEIGHT="0" />
            <String CONTENT="the" ID="Word_20542" HPOS="1519" VPOS="855" WIDTH="79" HEIGHT="45" />
            <SP ID="SP_17992" HPOS="1599" VPOS="856" WIDTH="32" HEIGHT="0" />
            <String CONTENT="knees," ID="Word_20543" HPOS="1632" VPOS="856" WIDTH="154" HEIGHT="55" />
          </TextLine>
          <TextLine ID="TextLine_2556" HPOS="420" VPOS="932" WIDTH="1368" HEIGHT="61">
            <String CONTENT="and" ID="Word_20544" HPOS="420" VPOS="934" WIDTH="89" HEIGHT="43" />
            <SP ID="SP_17993" HPOS="510" VPOS="933" WIDTH="38" HEIGHT="0" />
            <String CONTENT="he" ID="Word_20545" HPOS="549" VPOS="933" WIDTH="56" HEIGHT="44" />
            <SP ID="SP_17994" HPOS="606" VPOS="948" WIDTH="34" HEIGHT="0" />
            <String CONTENT="was" ID="Word_20546" HPOS="641" VPOS="948" WIDTH="93" HEIGHT="29" />
            <SP ID="SP_17995" HPOS="735" VPOS="948" WIDTH="38" HEIGHT="0" />
            <String CONTENT="considered" ID="Word_20547" HPOS="774" VPOS="932" WIDTH="257" HEIGHT="45" />
            <SP ID="SP_17996" HPOS="1032" VPOS="932" WIDTH="36" HEIGHT="0" />
            <String CONTENT="as" ID="Word_20548" HPOS="1069" VPOS="947" WIDTH="48" HEIGHT="29" />
            <SP ID="SP_17997" HPOS="1118" VPOS="947" WIDTH="37" HEIGHT="0" />
            <String CONTENT="great" ID="Word_20549" HPOS="1156" VPOS="939" WIDTH="123" HEIGHT="54" />
            <SP ID="SP_17998" HPOS="1280" VPOS="939" WIDTH="39" HEIGHT="0" />
            <String CONTENT="a" ID="Word_20550" HPOS="1320" VPOS="947" WIDTH="27" HEIGHT="30" />
            <SP ID="SP_17999" HPOS="1348" VPOS="947" WIDTH="36" HEIGHT="0" />
            <String CONTENT="prodigy" ID="Word_20551" HPOS="1385" VPOS="933" WIDTH="189" HEIGHT="60" />
            <SP ID="SP_18000" HPOS="1575" VPOS="934" WIDTH="37" HEIGHT="0" />
            <String CONTENT="by" ID="Word_20552" HPOS="1613" VPOS="934" WIDTH="63" HEIGHT="59" />
            <SP ID="SP_18001" HPOS="1677" VPOS="939" WIDTH="31" HEIGHT="0" />
            <String CONTENT="the" ID="Word_20553" HPOS="1709" VPOS="934" WIDTH="79" HEIGHT="44" />
          </TextLine>
          <TextLine ID="TextLine_2557" HPOS="419" VPOS="1008" WIDTH="1370" HEIGHT="61">
            <String CONTENT="natives" ID="Word_20554" HPOS="419" VPOS="1016" WIDTH="177" HEIGHT="37" />
            <SP ID="SP_18002" HPOS="597" VPOS="1024" WIDTH="23" HEIGHT="0" />
            <String CONTENT="as" ID="Word_20555" HPOS="621" VPOS="1024" WIDTH="48" HEIGHT="29" />
            <SP ID="SP_18003" HPOS="670" VPOS="1010" WIDTH="21" HEIGHT="0" />
            <String CONTENT="by" ID="Word_20556" HPOS="692" VPOS="1010" WIDTH="61" HEIGHT="59" />
            <SP ID="SP_18004" HPOS="754" VPOS="1015" WIDTH="16" HEIGHT="0" />
            <String CONTENT="the" ID="Word_20557" HPOS="771" VPOS="1009" WIDTH="79" HEIGHT="44" />
            <SP ID="SP_18005" HPOS="851" VPOS="1009" WIDTH="22" HEIGHT="0" />
            <String CONTENT="Europeans." ID="Word_20558" HPOS="874" VPOS="1009" WIDTH="270" HEIGHT="43" />
            <SP ID="SP_18006" HPOS="1145" VPOS="1009" WIDTH="70" HEIGHT="0" />
            <String CONTENT="They" ID="Word_20559" HPOS="1216" VPOS="1009" WIDTH="130" HEIGHT="60" />
            <SP ID="SP_18007" HPOS="1347" VPOS="1009" WIDTH="21" HEIGHT="0" />
            <String CONTENT="had" ID="Word_20560" HPOS="1369" VPOS="1009" WIDTH="91" HEIGHT="44" />
            <SP ID="SP_18008" HPOS="1461" VPOS="1009" WIDTH="21" HEIGHT="0" />
            <String CONTENT="never" ID="Word_20561" HPOS="1483" VPOS="1025" WIDTH="137" HEIGHT="29" />
            <SP ID="SP_18009" HPOS="1621" VPOS="1011" WIDTH="20" HEIGHT="0" />
            <String CONTENT="before" ID="Word_20562" HPOS="1642" VPOS="1008" WIDTH="147" HEIGHT="47" />
          </TextLine>
          <TextLine ID="TextLine_2558" HPOS="421" VPOS="1083" WIDTH="1367" HEIGHT="63">
            <String CONTENT="met" ID="Word_20563" HPOS="421" VPOS="1092" WIDTH="93" HEIGHT="37" />
            <SP ID="SP_18010" HPOS="515" VPOS="1092" WIDTH="34" HEIGHT="0" />
            <String CONTENT="with" ID="Word_20564" HPOS="550" VPOS="1085" WIDTH="113" HEIGHT="44" />
            <SP ID="SP_18011" HPOS="664" VPOS="1085" WIDTH="39" HEIGHT="0" />
            <String CONTENT="an" ID="Word_20565" HPOS="704" VPOS="1100" WIDTH="58" HEIGHT="29" />
            <SP ID="SP_18012" HPOS="763" VPOS="1099" WIDTH="38" HEIGHT="0" />
            <String CONTENT="animal" ID="Word_20566" HPOS="802" VPOS="1083" WIDTH="169" HEIGHT="46" />
            <SP ID="SP_18013" HPOS="972" VPOS="1084" WIDTH="31" HEIGHT="0" />
            <String CONTENT="like" ID="Word_20567" HPOS="1004" VPOS="1084" WIDTH="91" HEIGHT="44" />
            <SP ID="SP_18014" HPOS="1096" VPOS="1084" WIDTH="25" HEIGHT="0" />
            <String CONTENT="him," ID="Word_20568" HPOS="1122" VPOS="1084" WIDTH="113" HEIGHT="52" />
            <SP ID="SP_18015" HPOS="1236" VPOS="1099" WIDTH="35" HEIGHT="0" />
            <String CONTENT="although" ID="Word_20569" HPOS="1272" VPOS="1085" WIDTH="215" HEIGHT="44" />
            <SP ID="SP_18016" HPOS="1488" VPOS="1085" WIDTH="32" HEIGHT="0" />
            <String CONTENT="they" ID="Word_20570" HPOS="1521" VPOS="1085" WIDTH="112" HEIGHT="61" />
            <SP ID="SP_18017" HPOS="1634" VPOS="1086" WIDTH="32" HEIGHT="0" />
            <String CONTENT="lived" ID="Word_20571" HPOS="1667" VPOS="1085" WIDTH="121" HEIGHT="46" />
          </TextLine>
          <TextLine ID="TextLine_2559" HPOS="423" VPOS="1160" WIDTH="1365" HEIGHT="62">
            <String CONTENT="within" ID="Word_20572" HPOS="423" VPOS="1161" WIDTH="163" HEIGHT="45" />
            <SP ID="SP_18018" HPOS="587" VPOS="1168" WIDTH="33" HEIGHT="0" />
            <String CONTENT="two" ID="Word_20573" HPOS="621" VPOS="1168" WIDTH="92" HEIGHT="39" />
            <SP ID="SP_18019" HPOS="714" VPOS="1162" WIDTH="34" HEIGHT="0" />
            <String CONTENT="days’" ID="Word_20574" HPOS="749" VPOS="1162" WIDTH="126" HEIGHT="60" />
            <SP ID="SP_18020" HPOS="876" VPOS="1161" WIDTH="39" HEIGHT="0" />
            <String CONTENT="journey" ID="Word_20575" HPOS="916" VPOS="1161" WIDTH="196" HEIGHT="60" />
            <SP ID="SP_18021" HPOS="1113" VPOS="1176" WIDTH="34" HEIGHT="0" />
            <String CONTENT="of" ID="Word_20576" HPOS="1148" VPOS="1160" WIDTH="51" HEIGHT="45" />
            <SP ID="SP_18022" HPOS="1200" VPOS="1160" WIDTH="34" HEIGHT="0" />
            <String CONTENT="one" ID="Word_20577" HPOS="1235" VPOS="1176" WIDTH="83" HEIGHT="29" />
            <SP ID="SP_18023" HPOS="1319" VPOS="1176" WIDTH="37" HEIGHT="0" />
            <String CONTENT="of" ID="Word_20578" HPOS="1357" VPOS="1161" WIDTH="49" HEIGHT="45" />
            <SP ID="SP_18024" HPOS="1407" VPOS="1161" WIDTH="29" HEIGHT="0" />
            <String CONTENT="the" ID="Word_20579" HPOS="1437" VPOS="1168" WIDTH="79" HEIGHT="38" />
            <SP ID="SP_18025" HPOS="1517" VPOS="1177" WIDTH="38" HEIGHT="0" />
            <String CONTENT="vast" ID="Word_20580" HPOS="1556" VPOS="1169" WIDTH="102" HEIGHT="38" />
            <SP ID="SP_18026" HPOS="1659" VPOS="1169" WIDTH="37" HEIGHT="0" />
            <String CONTENT="and" ID="Word_20581" HPOS="1697" VPOS="1163" WIDTH="91" HEIGHT="45" />
          </TextLine>
          <TextLine ID="TextLine_2560" HPOS="422" VPOS="1236" WIDTH="1367" HEIGHT="63">
            <String CONTENT="almost" ID="Word_20582" HPOS="422" VPOS="1244" WIDTH="161" HEIGHT="39" />
            <SP ID="SP_18027" HPOS="584" VPOS="1238" WIDTH="14" HEIGHT="0" />
            <String CONTENT="impenetrable" ID="Word_20583" HPOS="599" VPOS="1237" WIDTH="323" HEIGHT="46" />
            <SP ID="SP_18028" HPOS="923" VPOS="1236" WIDTH="16" HEIGHT="0" />
            <String CONTENT="forests" ID="Word_20584" HPOS="940" VPOS="1236" WIDTH="156" HEIGHT="46" />
            <SP ID="SP_18029" HPOS="1097" VPOS="1252" WIDTH="13" HEIGHT="0" />
            <String CONTENT="of" ID="Word_20585" HPOS="1111" VPOS="1236" WIDTH="49" HEIGHT="46" />
            <SP ID="SP_18030" HPOS="1161" VPOS="1236" WIDTH="13" HEIGHT="0" />
            <String CONTENT="Sumatra." ID="Word_20586" HPOS="1175" VPOS="1238" WIDTH="226" HEIGHT="45" />
            <SP ID="SP_18031" HPOS="1402" VPOS="1239" WIDTH="59" HEIGHT="0" />
            <String CONTENT="They" ID="Word_20587" HPOS="1462" VPOS="1239" WIDTH="130" HEIGHT="60" />
            <SP ID="SP_18032" HPOS="1593" VPOS="1254" WIDTH="18" HEIGHT="0" />
            <String CONTENT="seemed" ID="Word_20588" HPOS="1612" VPOS="1241" WIDTH="177" HEIGHT="44" />
          </TextLine>
          <TextLine ID="TextLine_2561" HPOS="421" VPOS="1314" WIDTH="1369" HEIGHT="63">
            <String CONTENT="to" ID="Word_20589" HPOS="421" VPOS="1321" WIDTH="46" HEIGHT="39" />
            <SP ID="SP_18033" HPOS="468" VPOS="1322" WIDTH="37" HEIGHT="0" />
            <String CONTENT="think" ID="Word_20590" HPOS="506" VPOS="1316" WIDTH="135" HEIGHT="43" />
            <SP ID="SP_18034" HPOS="642" VPOS="1316" WIDTH="36" HEIGHT="0" />
            <String CONTENT="that" ID="Word_20591" HPOS="679" VPOS="1320" WIDTH="103" HEIGHT="39" />
            <SP ID="SP_18035" HPOS="783" VPOS="1314" WIDTH="37" HEIGHT="0" />
            <String CONTENT="his" ID="Word_20592" HPOS="821" VPOS="1314" WIDTH="71" HEIGHT="45" />
            <SP ID="SP_18036" HPOS="893" VPOS="1329" WIDTH="38" HEIGHT="0" />
            <String CONTENT="appearance" ID="Word_20593" HPOS="932" VPOS="1329" WIDTH="273" HEIGHT="46" />
            <SP ID="SP_18037" HPOS="1206" VPOS="1329" WIDTH="44" HEIGHT="0" />
            <String CONTENT="accounted" ID="Word_20594" HPOS="1251" VPOS="1315" WIDTH="244" HEIGHT="44" />
            <SP ID="SP_18038" HPOS="1496" VPOS="1314" WIDTH="44" HEIGHT="0" />
            <String CONTENT="for" ID="Word_20595" HPOS="1541" VPOS="1314" WIDTH="64" HEIGHT="46" />
            <SP ID="SP_18039" HPOS="1606" VPOS="1331" WIDTH="41" HEIGHT="0" />
            <String CONTENT="many" ID="Word_20596" HPOS="1648" VPOS="1331" WIDTH="142" HEIGHT="46" />
          </TextLine>
          <TextLine ID="TextLine_2562" HPOS="422" VPOS="1391" WIDTH="1368" HEIGHT="61">
            <String CONTENT="strange" ID="Word_20597" HPOS="422" VPOS="1408" WIDTH="177" HEIGHT="44" />
            <SP ID="SP_18040" HPOS="600" VPOS="1408" WIDTH="32" HEIGHT="0" />
            <String CONTENT="noises," ID="Word_20598" HPOS="633" VPOS="1407" WIDTH="159" HEIGHT="38" />
            <SP ID="SP_18041" HPOS="793" VPOS="1407" WIDTH="34" HEIGHT="0" />
            <String CONTENT="resembling" ID="Word_20599" HPOS="828" VPOS="1391" WIDTH="269" HEIGHT="61" />
            <SP ID="SP_18042" HPOS="1098" VPOS="1407" WIDTH="33" HEIGHT="0" />
            <String CONTENT="screams" ID="Word_20600" HPOS="1132" VPOS="1406" WIDTH="191" HEIGHT="30" />
            <SP ID="SP_18043" HPOS="1324" VPOS="1407" WIDTH="36" HEIGHT="0" />
            <String CONTENT="and" ID="Word_20601" HPOS="1361" VPOS="1392" WIDTH="90" HEIGHT="44" />
            <SP ID="SP_18044" HPOS="1452" VPOS="1392" WIDTH="35" HEIGHT="0" />
            <String CONTENT="shouts," ID="Word_20602" HPOS="1488" VPOS="1392" WIDTH="169" HEIGHT="54" />
            <SP ID="SP_18045" HPOS="1658" VPOS="1408" WIDTH="40" HEIGHT="0" />
            <String CONTENT="and" ID="Word_20603" HPOS="1699" VPOS="1394" WIDTH="91" HEIGHT="44" />
          </TextLine>
          <TextLine ID="TextLine_2563" HPOS="425" VPOS="1468" WIDTH="1365" HEIGHT="61">
            <String CONTENT="various" ID="Word_20604" HPOS="425" VPOS="1469" WIDTH="173" HEIGHT="45" />
            <SP ID="SP_18046" HPOS="599" VPOS="1484" WIDTH="36" HEIGHT="0" />
            <String CONTENT="sounds," ID="Word_20605" HPOS="636" VPOS="1484" WIDTH="179" HEIGHT="38" />
            <SP ID="SP_18047" HPOS="816" VPOS="1484" WIDTH="37" HEIGHT="0" />
            <String CONTENT="which" ID="Word_20606" HPOS="854" VPOS="1469" WIDTH="149" HEIGHT="44" />
            <SP ID="SP_18048" HPOS="1004" VPOS="1469" WIDTH="36" HEIGHT="0" />
            <String CONTENT="they" ID="Word_20607" HPOS="1041" VPOS="1474" WIDTH="113" HEIGHT="55" />
            <SP ID="SP_18049" HPOS="1155" VPOS="1483" WIDTH="36" HEIGHT="0" />
            <String CONTENT="could" ID="Word_20608" HPOS="1192" VPOS="1468" WIDTH="130" HEIGHT="45" />
            <SP ID="SP_18050" HPOS="1323" VPOS="1469" WIDTH="33" HEIGHT="0" />
            <String CONTENT="neither" ID="Word_20609" HPOS="1357" VPOS="1468" WIDTH="176" HEIGHT="45" />
            <SP ID="SP_18051" HPOS="1534" VPOS="1485" WIDTH="36" HEIGHT="0" />
            <String CONTENT="attribute" ID="Word_20610" HPOS="1571" VPOS="1471" WIDTH="219" HEIGHT="44" />
          </TextLine>
          <TextLine ID="TextLine_2564" HPOS="423" VPOS="1545" WIDTH="1368" HEIGHT="62">
            <String CONTENT="to" ID="Word_20611" HPOS="423" VPOS="1553" WIDTH="44" HEIGHT="38" />
            <SP ID="SP_18052" HPOS="468" VPOS="1553" WIDTH="21" HEIGHT="0" />
            <String CONTENT="the" ID="Word_20612" HPOS="490" VPOS="1553" WIDTH="78" HEIGHT="38" />
            <SP ID="SP_18053" HPOS="569" VPOS="1562" WIDTH="21" HEIGHT="0" />
            <String CONTENT="roar" ID="Word_20613" HPOS="591" VPOS="1562" WIDTH="98" HEIGHT="29" />
            <SP ID="SP_18054" HPOS="690" VPOS="1562" WIDTH="21" HEIGHT="0" />
            <String CONTENT="of" ID="Word_20614" HPOS="712" VPOS="1545" WIDTH="50" HEIGHT="46" />
            <SP ID="SP_18055" HPOS="763" VPOS="1545" WIDTH="22" HEIGHT="0" />
            <String CONTENT="the" ID="Word_20615" HPOS="786" VPOS="1546" WIDTH="78" HEIGHT="44" />
            <SP ID="SP_18056" HPOS="865" VPOS="1551" WIDTH="27" HEIGHT="0" />
            <String CONTENT="tiger," ID="Word_20616" HPOS="893" VPOS="1551" WIDTH="128" HEIGHT="55" />
            <SP ID="SP_18057" HPOS="1022" VPOS="1560" WIDTH="23" HEIGHT="0" />
            <String CONTENT="nor" ID="Word_20617" HPOS="1046" VPOS="1560" WIDTH="81" HEIGHT="30" />
            <SP ID="SP_18058" HPOS="1128" VPOS="1551" WIDTH="20" HEIGHT="0" />
            <String CONTENT="to" ID="Word_20618" HPOS="1149" VPOS="1551" WIDTH="46" HEIGHT="39" />
            <SP ID="SP_18059" HPOS="1196" VPOS="1552" WIDTH="21" HEIGHT="0" />
            <String CONTENT="the" ID="Word_20619" HPOS="1218" VPOS="1552" WIDTH="79" HEIGHT="38" />
            <SP ID="SP_18060" HPOS="1298" VPOS="1561" WIDTH="22" HEIGHT="0" />
            <String CONTENT="voice" ID="Word_20620" HPOS="1321" VPOS="1561" WIDTH="122" HEIGHT="30" />
            <SP ID="SP_18061" HPOS="1444" VPOS="1561" WIDTH="28" HEIGHT="0" />
            <String CONTENT="of" ID="Word_20621" HPOS="1473" VPOS="1545" WIDTH="50" HEIGHT="46" />
            <SP ID="SP_18062" HPOS="1524" VPOS="1545" WIDTH="23" HEIGHT="0" />
            <String CONTENT="any" ID="Word_20622" HPOS="1548" VPOS="1562" WIDTH="93" HEIGHT="45" />
            <SP ID="SP_18063" HPOS="1642" VPOS="1562" WIDTH="22" HEIGHT="0" />
            <String CONTENT="other" ID="Word_20623" HPOS="1665" VPOS="1548" WIDTH="126" HEIGHT="44" />
          </TextLine>
          <TextLine ID="TextLine_2565" HPOS="421" VPOS="1621" WIDTH="973" HEIGHT="61">
            <String CONTENT="beast" ID="Word_20624" HPOS="421" VPOS="1624" WIDTH="126" HEIGHT="44" />
            <SP ID="SP_18064" HPOS="548" VPOS="1630" WIDTH="23" HEIGHT="0" />
            <String CONTENT="with" ID="Word_20625" HPOS="572" VPOS="1622" WIDTH="113" HEIGHT="45" />
            <SP ID="SP_18065" HPOS="686" VPOS="1623" WIDTH="22" HEIGHT="0" />
            <String CONTENT="which" ID="Word_20626" HPOS="709" VPOS="1623" WIDTH="148" HEIGHT="44" />
            <SP ID="SP_18066" HPOS="858" VPOS="1623" WIDTH="20" HEIGHT="0" />
            <String CONTENT="they" ID="Word_20627" HPOS="879" VPOS="1628" WIDTH="113" HEIGHT="54" />
            <SP ID="SP_18067" HPOS="993" VPOS="1638" WIDTH="22" HEIGHT="0" />
            <String CONTENT="were" ID="Word_20628" HPOS="1016" VPOS="1637" WIDTH="116" HEIGHT="29" />
            <SP ID="SP_18068" HPOS="1133" VPOS="1621" WIDTH="22" HEIGHT="0" />
            <String CONTENT="familiar.”" ID="Word_20629" HPOS="1156" VPOS="1621" WIDTH="238" HEIGHT="46" />
          </TextLine>
          <TextLine ID="TextLine_2566" HPOS="488" VPOS="1699" WIDTH="1298" HEIGHT="61">
            <String CONTENT="The" ID="Word_20630" HPOS="488" VPOS="1700" WIDTH="97" HEIGHT="44" />
            <SP ID="SP_18069" HPOS="586" VPOS="1699" WIDTH="21" HEIGHT="0" />
            <String CONTENT="following" ID="Word_20631" HPOS="608" VPOS="1699" WIDTH="225" HEIGHT="61" />
            <SP ID="SP_18070" HPOS="834" VPOS="1714" WIDTH="19" HEIGHT="0" />
            <String CONTENT="measurement" ID="Word_20632" HPOS="854" VPOS="1705" WIDTH="333" HEIGHT="39" />
            <SP ID="SP_18071" HPOS="1188" VPOS="1705" WIDTH="23" HEIGHT="0" />
            <String CONTENT="was" ID="Word_20633" HPOS="1212" VPOS="1714" WIDTH="93" HEIGHT="29" />
            <SP ID="SP_18072" HPOS="1306" VPOS="1714" WIDTH="21" HEIGHT="0" />
            <String CONTENT="made" ID="Word_20634" HPOS="1328" VPOS="1699" WIDTH="132" HEIGHT="44" />
            <SP ID="SP_18073" HPOS="1461" VPOS="1700" WIDTH="22" HEIGHT="0" />
            <String CONTENT="by" ID="Word_20635" HPOS="1484" VPOS="1700" WIDTH="61" HEIGHT="59" />
            <SP ID="SP_18074" HPOS="1546" VPOS="1700" WIDTH="17" HEIGHT="0" />
            <String CONTENT="Dr" ID="Word_20636" HPOS="1564" VPOS="1700" WIDTH="66" HEIGHT="44" />
            <SP ID="SP_18075" HPOS="1631" VPOS="1699" WIDTH="21" HEIGHT="0" />
            <String CONTENT="Abel," ID="Word_20637" HPOS="1653" VPOS="1699" WIDTH="133" HEIGHT="50" />
          </TextLine>
          <TextLine ID="TextLine_2567" HPOS="420" VPOS="1775" WIDTH="1371" HEIGHT="54">
            <String CONTENT="from" ID="Word_20638" HPOS="420" VPOS="1776" WIDTH="112" HEIGHT="45" />
            <SP ID="SP_18076" HPOS="533" VPOS="1783" WIDTH="21" HEIGHT="0" />
            <String CONTENT="the" ID="Word_20639" HPOS="555" VPOS="1783" WIDTH="77" HEIGHT="38" />
            <SP ID="SP_18077" HPOS="633" VPOS="1792" WIDTH="16" HEIGHT="0" />
            <String CONTENT="remains" ID="Word_20640" HPOS="650" VPOS="1792" WIDTH="193" HEIGHT="29" />
            <SP ID="SP_18078" HPOS="844" VPOS="1792" WIDTH="23" HEIGHT="0" />
            <String CONTENT="of" ID="Word_20641" HPOS="868" VPOS="1775" WIDTH="50" HEIGHT="47" />
            <SP ID="SP_18079" HPOS="919" VPOS="1775" WIDTH="12" HEIGHT="0" />
            <String CONTENT="the" ID="Word_20642" HPOS="932" VPOS="1782" WIDTH="79" HEIGHT="39" />
            <SP ID="SP_18080" HPOS="1012" VPOS="1791" WIDTH="21" HEIGHT="0" />
            <String CONTENT="animal," ID="Word_20643" HPOS="1034" VPOS="1775" WIDTH="185" HEIGHT="54" />
            <SP ID="SP_18081" HPOS="1220" VPOS="1792" WIDTH="25" HEIGHT="0" />
            <String CONTENT="which" ID="Word_20644" HPOS="1246" VPOS="1776" WIDTH="149" HEIGHT="44" />
            <SP ID="SP_18082" HPOS="1396" VPOS="1777" WIDTH="23" HEIGHT="0" />
            <String CONTENT="were" ID="Word_20645" HPOS="1420" VPOS="1792" WIDTH="116" HEIGHT="33" />
            <SP ID="SP_18083" HPOS="1537" VPOS="1777" WIDTH="22" HEIGHT="0" />
            <String CONTENT="deposited" ID="Word_20646" HPOS="1560" VPOS="1776" WIDTH="231" HEIGHT="46" />
          </TextLine>
          <TextLine ID="TextLine_2568" HPOS="421" VPOS="1853" WIDTH="1369" HEIGHT="46">
            <String CONTENT="in" ID="Word_20647" HPOS="421" VPOS="1853" WIDTH="47" HEIGHT="45" />
            <SP ID="SP_18084" HPOS="469" VPOS="1860" WIDTH="21" HEIGHT="0" />
            <String CONTENT="the" ID="Word_20648" HPOS="491" VPOS="1853" WIDTH="78" HEIGHT="45" />
            <SP ID="SP_18085" HPOS="570" VPOS="1853" WIDTH="22" HEIGHT="0" />
            <String CONTENT="Asiatic" ID="Word_20649" HPOS="593" VPOS="1853" WIDTH="174" HEIGHT="45" />
            <SP ID="SP_18086" HPOS="768" VPOS="1853" WIDTH="22" HEIGHT="0" />
            <String CONTENT="Society’s" ID="Word_20650" HPOS="791" VPOS="1853" WIDTH="215" HEIGHT="46" />
            <SP ID="SP_18087" HPOS="1007" VPOS="1853" WIDTH="23" HEIGHT="0" />
            <String CONTENT="Museum." ID="Word_20651" HPOS="1031" VPOS="1853" WIDTH="228" HEIGHT="44" />
            <SP ID="SP_18088" HPOS="1260" VPOS="1854" WIDTH="124" HEIGHT="0" />
            <String CONTENT="The" ID="Word_20652" HPOS="1385" VPOS="1854" WIDTH="97" HEIGHT="44" />
            <SP ID="SP_18089" HPOS="1483" VPOS="1869" WIDTH="30" HEIGHT="0" />
            <String CONTENT="skin" ID="Word_20653" HPOS="1514" VPOS="1854" WIDTH="101" HEIGHT="44" />
            <SP ID="SP_18090" HPOS="1616" VPOS="1869" WIDTH="23" HEIGHT="0" />
            <String CONTENT="of" ID="Word_20654" HPOS="1640" VPOS="1853" WIDTH="50" HEIGHT="45" />
            <SP ID="SP_18091" HPOS="1691" VPOS="1853" WIDTH="19" HEIGHT="0" />
            <String CONTENT="the" ID="Word_20655" HPOS="1711" VPOS="1855" WIDTH="79" HEIGHT="44" />
          </TextLine>
          <TextLine ID="TextLine_2569" HPOS="421" VPOS="1929" WIDTH="1367" HEIGHT="61">
            <String CONTENT="body" ID="Word_20656" HPOS="421" VPOS="1931" WIDTH="120" HEIGHT="59" />
            <SP ID="SP_18092" HPOS="542" VPOS="1945" WIDTH="23" HEIGHT="0" />
            <String CONTENT="of" ID="Word_20657" HPOS="566" VPOS="1929" WIDTH="50" HEIGHT="46" />
            <SP ID="SP_18093" HPOS="617" VPOS="1929" WIDTH="20" HEIGHT="0" />
            <String CONTENT="the" ID="Word_20658" HPOS="638" VPOS="1936" WIDTH="78" HEIGHT="39" />
            <SP ID="SP_18094" HPOS="717" VPOS="1946" WIDTH="27" HEIGHT="0" />
            <String CONTENT="animal," ID="Word_20659" HPOS="745" VPOS="1930" WIDTH="185" HEIGHT="54" />
            <SP ID="SP_18095" HPOS="931" VPOS="1930" WIDTH="24" HEIGHT="0" />
            <String CONTENT="dried" ID="Word_20660" HPOS="956" VPOS="1930" WIDTH="125" HEIGHT="44" />
            <SP ID="SP_18096" HPOS="1082" VPOS="1930" WIDTH="32" HEIGHT="0" />
            <String CONTENT="and" ID="Word_20661" HPOS="1115" VPOS="1930" WIDTH="89" HEIGHT="44" />
            <SP ID="SP_18097" HPOS="1205" VPOS="1930" WIDTH="33" HEIGHT="0" />
            <String CONTENT="shrivelled" ID="Word_20662" HPOS="1239" VPOS="1930" WIDTH="241" HEIGHT="45" />
            <SP ID="SP_18098" HPOS="1481" VPOS="1930" WIDTH="30" HEIGHT="0" />
            <String CONTENT="up" ID="Word_20663" HPOS="1512" VPOS="1946" WIDTH="62" HEIGHT="44" />
            <SP ID="SP_18099" HPOS="1575" VPOS="1946" WIDTH="28" HEIGHT="0" />
            <String CONTENT="as" ID="Word_20664" HPOS="1604" VPOS="1946" WIDTH="48" HEIGHT="29" />
            <SP ID="SP_18100" HPOS="1653" VPOS="1930" WIDTH="23" HEIGHT="0" />
            <String CONTENT="it" ID="Word_20665" HPOS="1677" VPOS="1930" WIDTH="35" HEIGHT="45" />
            <SP ID="SP_18101" HPOS="1713" VPOS="1931" WIDTH="22" HEIGHT="0" />
            <String CONTENT="is," ID="Word_20666" HPOS="1736" VPOS="1931" WIDTH="52" HEIGHT="52" />
          </TextLine>
          <TextLine ID="TextLine_2570" HPOS="421" VPOS="2005" WIDTH="1370" HEIGHT="62">
            <String CONTENT="measures," ID="Word_20667" HPOS="421" VPOS="2022" WIDTH="241" HEIGHT="38" />
            <SP ID="SP_18102" HPOS="663" VPOS="2007" WIDTH="23" HEIGHT="0" />
            <String CONTENT="in" ID="Word_20668" HPOS="687" VPOS="2007" WIDTH="46" HEIGHT="44" />
            <SP ID="SP_18103" HPOS="734" VPOS="2023" WIDTH="23" HEIGHT="0" />
            <String CONTENT="a" ID="Word_20669" HPOS="758" VPOS="2023" WIDTH="27" HEIGHT="29" />
            <SP ID="SP_18104" HPOS="786" VPOS="2023" WIDTH="22" HEIGHT="0" />
            <String CONTENT="straight" ID="Word_20670" HPOS="809" VPOS="2007" WIDTH="189" HEIGHT="45" />
            <SP ID="SP_18105" HPOS="999" VPOS="2007" WIDTH="21" HEIGHT="0" />
            <String CONTENT="line" ID="Word_20671" HPOS="1021" VPOS="2007" WIDTH="90" HEIGHT="44" />
            <SP ID="SP_18106" HPOS="1112" VPOS="2005" WIDTH="21" HEIGHT="0" />
            <String CONTENT="from" ID="Word_20672" HPOS="1134" VPOS="2005" WIDTH="113" HEIGHT="46" />
            <SP ID="SP_18107" HPOS="1248" VPOS="2013" WIDTH="21" HEIGHT="0" />
            <String CONTENT="the" ID="Word_20673" HPOS="1270" VPOS="2007" WIDTH="79" HEIGHT="45" />
            <SP ID="SP_18108" HPOS="1350" VPOS="2012" WIDTH="21" HEIGHT="0" />
            <String CONTENT="top" ID="Word_20674" HPOS="1372" VPOS="2012" WIDTH="76" HEIGHT="55" />
            <SP ID="SP_18109" HPOS="1449" VPOS="2022" WIDTH="23" HEIGHT="0" />
            <String CONTENT="of" ID="Word_20675" HPOS="1473" VPOS="2006" WIDTH="50" HEIGHT="46" />
            <SP ID="SP_18110" HPOS="1524" VPOS="2006" WIDTH="12" HEIGHT="0" />
            <String CONTENT="the" ID="Word_20676" HPOS="1537" VPOS="2014" WIDTH="78" HEIGHT="38" />
            <SP ID="SP_18111" HPOS="1616" VPOS="2023" WIDTH="22" HEIGHT="0" />
            <String CONTENT="shoul-" ID="Word_20677" HPOS="1639" VPOS="2009" WIDTH="152" HEIGHT="44" />
          </TextLine>
          <TextLine ID="TextLine_2571" HPOS="422" VPOS="2084" WIDTH="1367" HEIGHT="60">
            <String CONTENT="der" ID="Word_20678" HPOS="422" VPOS="2084" WIDTH="78" HEIGHT="44" />
            <SP ID="SP_18112" HPOS="501" VPOS="2091" WIDTH="24" HEIGHT="0" />
            <String CONTENT="to" ID="Word_20679" HPOS="526" VPOS="2091" WIDTH="46" HEIGHT="38" />
            <SP ID="SP_18113" HPOS="573" VPOS="2090" WIDTH="30" HEIGHT="0" />
            <String CONTENT="the" ID="Word_20680" HPOS="604" VPOS="2090" WIDTH="78" HEIGHT="38" />
            <SP ID="SP_18114" HPOS="683" VPOS="2100" WIDTH="32" HEIGHT="0" />
            <String CONTENT="part" ID="Word_20681" HPOS="716" VPOS="2090" WIDTH="100" HEIGHT="54" />
            <SP ID="SP_18115" HPOS="817" VPOS="2090" WIDTH="31" HEIGHT="0" />
            <String CONTENT="where" ID="Word_20682" HPOS="849" VPOS="2084" WIDTH="149" HEIGHT="45" />
            <SP ID="SP_18116" HPOS="999" VPOS="2090" WIDTH="29" HEIGHT="0" />
            <String CONTENT="the" ID="Word_20683" HPOS="1029" VPOS="2090" WIDTH="79" HEIGHT="38" />
            <SP ID="SP_18117" HPOS="1109" VPOS="2099" WIDTH="32" HEIGHT="0" />
            <String CONTENT="ancle" ID="Word_20684" HPOS="1142" VPOS="2084" WIDTH="126" HEIGHT="45" />
            <SP ID="SP_18118" HPOS="1269" VPOS="2084" WIDTH="32" HEIGHT="0" />
            <String CONTENT="has" ID="Word_20685" HPOS="1302" VPOS="2084" WIDTH="81" HEIGHT="44" />
            <SP ID="SP_18119" HPOS="1384" VPOS="2085" WIDTH="32" HEIGHT="0" />
            <String CONTENT="been" ID="Word_20686" HPOS="1417" VPOS="2085" WIDTH="113" HEIGHT="44" />
            <SP ID="SP_18120" HPOS="1531" VPOS="2100" WIDTH="31" HEIGHT="0" />
            <String CONTENT="removed," ID="Word_20687" HPOS="1563" VPOS="2085" WIDTH="226" HEIGHT="53" />
          </TextLine>
          <TextLine ID="TextLine_2572" HPOS="420" VPOS="2159" WIDTH="1370" HEIGHT="61">
            <String CONTENT="live" ID="Word_20688" HPOS="420" VPOS="2159" WIDTH="88" HEIGHT="45" />
            <SP ID="SP_18121" HPOS="509" VPOS="2159" WIDTH="35" HEIGHT="0" />
            <String CONTENT="feet" ID="Word_20689" HPOS="545" VPOS="2159" WIDTH="88" HEIGHT="45" />
            <SP ID="SP_18122" HPOS="634" VPOS="2166" WIDTH="25" HEIGHT="0" />
            <String CONTENT="ten" ID="Word_20690" HPOS="660" VPOS="2167" WIDTH="77" HEIGHT="38" />
            <SP ID="SP_18123" HPOS="738" VPOS="2161" WIDTH="33" HEIGHT="0" />
            <String CONTENT="inches;" ID="Word_20691" HPOS="772" VPOS="2161" WIDTH="182" HEIGHT="52" />
            <SP ID="SP_18124" HPOS="955" VPOS="2167" WIDTH="34" HEIGHT="0" />
            <String CONTENT="the" ID="Word_20692" HPOS="990" VPOS="2167" WIDTH="78" HEIGHT="37" />
            <SP ID="SP_18125" HPOS="1069" VPOS="2176" WIDTH="31" HEIGHT="0" />
            <String CONTENT="perpendicular" ID="Word_20693" HPOS="1101" VPOS="2161" WIDTH="340" HEIGHT="59" />
            <SP ID="SP_18126" HPOS="1442" VPOS="2161" WIDTH="20" HEIGHT="0" />
            <String CONTENT="length" ID="Word_20694" HPOS="1463" VPOS="2161" WIDTH="154" HEIGHT="44" />
            <SP ID="SP_18127" HPOS="1618" VPOS="2162" WIDTH="29" HEIGHT="0" />
            <String CONTENT="of" ID="Word_20695" HPOS="1648" VPOS="2160" WIDTH="51" HEIGHT="45" />
            <SP ID="SP_18128" HPOS="1700" VPOS="2160" WIDTH="12" HEIGHT="0" />
            <String CONTENT="the" ID="Word_20696" HPOS="1713" VPOS="2162" WIDTH="77" HEIGHT="44" />
          </TextLine>
          <TextLine ID="TextLine_2573" HPOS="421" VPOS="2236" WIDTH="1369" HEIGHT="60">
            <String CONTENT="neck," ID="Word_20697" HPOS="421" VPOS="2251" WIDTH="129" HEIGHT="38" />
            <SP ID="SP_18129" HPOS="551" VPOS="2252" WIDTH="34" HEIGHT="0" />
            <String CONTENT="as" ID="Word_20698" HPOS="586" VPOS="2252" WIDTH="48" HEIGHT="29" />
            <SP ID="SP_18130" HPOS="635" VPOS="2236" WIDTH="33" HEIGHT="0" />
            <String CONTENT="it" ID="Word_20699" HPOS="669" VPOS="2236" WIDTH="36" HEIGHT="45" />
            <SP ID="SP_18131" HPOS="706" VPOS="2236" WIDTH="33" HEIGHT="0" />
            <String CONTENT="is" ID="Word_20700" HPOS="740" VPOS="2236" WIDTH="36" HEIGHT="45" />
            <SP ID="SP_18132" HPOS="777" VPOS="2237" WIDTH="33" HEIGHT="0" />
            <String CONTENT="in" ID="Word_20701" HPOS="811" VPOS="2237" WIDTH="46" HEIGHT="43" />
            <SP ID="SP_18133" HPOS="858" VPOS="2244" WIDTH="32" HEIGHT="0" />
            <String CONTENT="the" ID="Word_20702" HPOS="891" VPOS="2244" WIDTH="78" HEIGHT="37" />
            <SP ID="SP_18134" HPOS="970" VPOS="2252" WIDTH="29" HEIGHT="0" />
            <String CONTENT="preparation," ID="Word_20703" HPOS="1000" VPOS="2237" WIDTH="297" HEIGHT="59" />
            <SP ID="SP_18135" HPOS="1298" VPOS="2243" WIDTH="24" HEIGHT="0" />
            <String CONTENT="three" ID="Word_20704" HPOS="1323" VPOS="2238" WIDTH="126" HEIGHT="43" />
            <SP ID="SP_18136" HPOS="1450" VPOS="2237" WIDTH="22" HEIGHT="0" />
            <String CONTENT="inches" ID="Word_20705" HPOS="1473" VPOS="2237" WIDTH="151" HEIGHT="44" />
            <SP ID="SP_18137" HPOS="1625" VPOS="2252" WIDTH="23" HEIGHT="0" />
            <String CONTENT="and" ID="Word_20706" HPOS="1649" VPOS="2238" WIDTH="91" HEIGHT="43" />
            <SP ID="SP_18138" HPOS="1741" VPOS="2238" WIDTH="21" HEIGHT="0" />
            <String CONTENT="a" ID="Word_20707" HPOS="1763" VPOS="2253" WIDTH="27" HEIGHT="28" />
          </TextLine>
          <TextLine ID="TextLine_2574" HPOS="421" VPOS="2311" WIDTH="1369" HEIGHT="62">
            <String CONTENT="half;" ID="Word_20708" HPOS="421" VPOS="2313" WIDTH="127" HEIGHT="52" />
            <SP ID="SP_18139" HPOS="549" VPOS="2319" WIDTH="35" HEIGHT="0" />
            <String CONTENT="the" ID="Word_20709" HPOS="585" VPOS="2313" WIDTH="78" HEIGHT="44" />
            <SP ID="SP_18140" HPOS="664" VPOS="2313" WIDTH="20" HEIGHT="0" />
            <String CONTENT="length" ID="Word_20710" HPOS="685" VPOS="2313" WIDTH="155" HEIGHT="60" />
            <SP ID="SP_18141" HPOS="841" VPOS="2313" WIDTH="23" HEIGHT="0" />
            <String CONTENT="of" ID="Word_20711" HPOS="865" VPOS="2311" WIDTH="49" HEIGHT="47" />
            <SP ID="SP_18142" HPOS="915" VPOS="2311" WIDTH="7" HEIGHT="0" />
            <String CONTENT="the" ID="Word_20712" HPOS="923" VPOS="2313" WIDTH="78" HEIGHT="44" />
            <SP ID="SP_18143" HPOS="1002" VPOS="2313" WIDTH="21" HEIGHT="0" />
            <String CONTENT="head," ID="Word_20713" HPOS="1024" VPOS="2313" WIDTH="132" HEIGHT="53" />
            <SP ID="SP_18144" HPOS="1157" VPOS="2312" WIDTH="23" HEIGHT="0" />
            <String CONTENT="from" ID="Word_20714" HPOS="1181" VPOS="2312" WIDTH="111" HEIGHT="45" />
            <SP ID="SP_18145" HPOS="1293" VPOS="2320" WIDTH="23" HEIGHT="0" />
            <String CONTENT="the" ID="Word_20715" HPOS="1317" VPOS="2320" WIDTH="77" HEIGHT="38" />
            <SP ID="SP_18146" HPOS="1395" VPOS="2320" WIDTH="22" HEIGHT="0" />
            <String CONTENT="top" ID="Word_20716" HPOS="1418" VPOS="2320" WIDTH="77" HEIGHT="53" />
            <SP ID="SP_18147" HPOS="1496" VPOS="2328" WIDTH="17" HEIGHT="0" />
            <String CONTENT="of" ID="Word_20717" HPOS="1514" VPOS="2312" WIDTH="50" HEIGHT="46" />
            <SP ID="SP_18148" HPOS="1565" VPOS="2312" WIDTH="12" HEIGHT="0" />
            <String CONTENT="the" ID="Word_20718" HPOS="1578" VPOS="2314" WIDTH="80" HEIGHT="44" />
            <SP ID="SP_18149" HPOS="1659" VPOS="2312" WIDTH="16" HEIGHT="0" />
            <String CONTENT="fore-" ID="Word_20719" HPOS="1676" VPOS="2312" WIDTH="114" HEIGHT="47" />
          </TextLine>
          <TextLine ID="TextLine_2575" HPOS="424" VPOS="2388" WIDTH="1365" HEIGHT="55">
            <String CONTENT="head" ID="Word_20720" HPOS="424" VPOS="2389" WIDTH="117" HEIGHT="46" />
            <SP ID="SP_18150" HPOS="542" VPOS="2389" WIDTH="29" HEIGHT="0" />
            <String CONTENT="to" ID="Word_20721" HPOS="572" VPOS="2396" WIDTH="46" HEIGHT="38" />
            <SP ID="SP_18151" HPOS="619" VPOS="2396" WIDTH="25" HEIGHT="0" />
            <String CONTENT="the" ID="Word_20722" HPOS="645" VPOS="2396" WIDTH="78" HEIGHT="38" />
            <SP ID="SP_18152" HPOS="724" VPOS="2405" WIDTH="29" HEIGHT="0" />
            <String CONTENT="end" ID="Word_20723" HPOS="754" VPOS="2390" WIDTH="87" HEIGHT="44" />
            <SP ID="SP_18153" HPOS="842" VPOS="2390" WIDTH="28" HEIGHT="0" />
            <String CONTENT="of" ID="Word_20724" HPOS="871" VPOS="2388" WIDTH="50" HEIGHT="46" />
            <SP ID="SP_18154" HPOS="922" VPOS="2388" WIDTH="24" HEIGHT="0" />
            <String CONTENT="the" ID="Word_20725" HPOS="947" VPOS="2396" WIDTH="79" HEIGHT="38" />
            <SP ID="SP_18155" HPOS="1027" VPOS="2405" WIDTH="39" HEIGHT="0" />
            <String CONTENT="chin," ID="Word_20726" HPOS="1067" VPOS="2390" WIDTH="116" HEIGHT="52" />
            <SP ID="SP_18156" HPOS="1184" VPOS="2406" WIDTH="37" HEIGHT="0" />
            <String CONTENT="nine" ID="Word_20727" HPOS="1222" VPOS="2390" WIDTH="105" HEIGHT="45" />
            <SP ID="SP_18157" HPOS="1328" VPOS="2390" WIDTH="35" HEIGHT="0" />
            <String CONTENT="inches;" ID="Word_20728" HPOS="1364" VPOS="2390" WIDTH="181" HEIGHT="53" />
            <SP ID="SP_18158" HPOS="1546" VPOS="2406" WIDTH="35" HEIGHT="0" />
            <String CONTENT="and" ID="Word_20729" HPOS="1582" VPOS="2391" WIDTH="92" HEIGHT="44" />
            <SP ID="SP_18159" HPOS="1675" VPOS="2391" WIDTH="35" HEIGHT="0" />
            <String CONTENT="the" ID="Word_20730" HPOS="1711" VPOS="2392" WIDTH="78" HEIGHT="44" />
          </TextLine>
          <TextLine ID="TextLine_2576" HPOS="421" VPOS="2465" WIDTH="1367" HEIGHT="56">
            <String CONTENT="length" ID="Word_20731" HPOS="421" VPOS="2466" WIDTH="155" HEIGHT="45" />
            <SP ID="SP_18160" HPOS="577" VPOS="2467" WIDTH="22" HEIGHT="0" />
            <String CONTENT="of" ID="Word_20732" HPOS="600" VPOS="2465" WIDTH="50" HEIGHT="46" />
            <SP ID="SP_18161" HPOS="651" VPOS="2465" WIDTH="12" HEIGHT="0" />
            <String CONTENT="the" ID="Word_20733" HPOS="664" VPOS="2473" WIDTH="78" HEIGHT="38" />
            <SP ID="SP_18162" HPOS="743" VPOS="2481" WIDTH="22" HEIGHT="0" />
            <String CONTENT="skin" ID="Word_20734" HPOS="766" VPOS="2467" WIDTH="100" HEIGHT="44" />
            <SP ID="SP_18163" HPOS="867" VPOS="2482" WIDTH="24" HEIGHT="0" />
            <String CONTENT="still" ID="Word_20735" HPOS="892" VPOS="2466" WIDTH="92" HEIGHT="45" />
            <SP ID="SP_18164" HPOS="985" VPOS="2467" WIDTH="33" HEIGHT="0" />
            <String CONTENT="attached" ID="Word_20736" HPOS="1019" VPOS="2467" WIDTH="211" HEIGHT="44" />
            <SP ID="SP_18165" HPOS="1231" VPOS="2467" WIDTH="20" HEIGHT="0" />
            <String CONTENT="to" ID="Word_20737" HPOS="1252" VPOS="2473" WIDTH="46" HEIGHT="38" />
            <SP ID="SP_18166" HPOS="1299" VPOS="2474" WIDTH="22" HEIGHT="0" />
            <String CONTENT="the" ID="Word_20738" HPOS="1322" VPOS="2467" WIDTH="78" HEIGHT="44" />
            <SP ID="SP_18167" HPOS="1401" VPOS="2465" WIDTH="31" HEIGHT="0" />
            <String CONTENT="foot," ID="Word_20739" HPOS="1433" VPOS="2465" WIDTH="106" HEIGHT="56" />
            <SP ID="SP_18168" HPOS="1540" VPOS="2466" WIDTH="31" HEIGHT="0" />
            <String CONTENT="from" ID="Word_20740" HPOS="1572" VPOS="2466" WIDTH="114" HEIGHT="46" />
            <SP ID="SP_18169" HPOS="1687" VPOS="2474" WIDTH="22" HEIGHT="0" />
            <String CONTENT="the" ID="Word_20741" HPOS="1710" VPOS="2468" WIDTH="78" HEIGHT="44" />
          </TextLine>
          <TextLine ID="TextLine_2577" HPOS="421" VPOS="2542" WIDTH="1366" HEIGHT="63">
            <String CONTENT="line" ID="Word_20742" HPOS="421" VPOS="2543" WIDTH="91" HEIGHT="44" />
            <SP ID="SP_18170" HPOS="513" VPOS="2558" WIDTH="22" HEIGHT="0" />
            <String CONTENT="of" ID="Word_20743" HPOS="536" VPOS="2542" WIDTH="50" HEIGHT="46" />
            <SP ID="SP_18171" HPOS="587" VPOS="2542" WIDTH="23" HEIGHT="0" />
            <String CONTENT="its" ID="Word_20744" HPOS="611" VPOS="2543" WIDTH="58" HEIGHT="45" />
            <SP ID="SP_18172" HPOS="670" VPOS="2559" WIDTH="22" HEIGHT="0" />
            <String CONTENT="separation" ID="Word_20745" HPOS="693" VPOS="2543" WIDTH="250" HEIGHT="46" />
            <SP ID="SP_18173" HPOS="944" VPOS="2542" WIDTH="32" HEIGHT="0" />
            <String CONTENT="from" ID="Word_20746" HPOS="977" VPOS="2542" WIDTH="112" HEIGHT="46" />
            <SP ID="SP_18174" HPOS="1090" VPOS="2550" WIDTH="32" HEIGHT="0" />
            <String CONTENT="the" ID="Word_20747" HPOS="1123" VPOS="2543" WIDTH="78" HEIGHT="45" />
            <SP ID="SP_18175" HPOS="1202" VPOS="2544" WIDTH="31" HEIGHT="0" />
            <String CONTENT="leg," ID="Word_20748" HPOS="1234" VPOS="2544" WIDTH="85" HEIGHT="60" />
            <SP ID="SP_18176" HPOS="1320" VPOS="2559" WIDTH="30" HEIGHT="0" />
            <String CONTENT="eight" ID="Word_20749" HPOS="1351" VPOS="2543" WIDTH="122" HEIGHT="62" />
            <SP ID="SP_18177" HPOS="1474" VPOS="2545" WIDTH="22" HEIGHT="0" />
            <String CONTENT="inches;" ID="Word_20750" HPOS="1497" VPOS="2545" WIDTH="185" HEIGHT="52" />
            <SP ID="SP_18178" HPOS="1683" VPOS="2560" WIDTH="35" HEIGHT="0" />
            <String CONTENT="we" ID="Word_20751" HPOS="1719" VPOS="2559" WIDTH="68" HEIGHT="30" />
          </TextLine>
        </TextBlock>
      </PrintSpace>
    </Page>
  </Layout>
</alto>
