2113 3404
755 297 85 31 THE
872 298 242 33 DISORDERS
1147 301 53 31 OF
1231 303 466 34 SPEECH.—APPENDIX.

418 283 85 43 450

417 406 74 36 and
509 419 99 26 some
626 410 228 47 paraphasia.
908 413 71 36 His
997 413 158 48 brother,
1170 416 83 37 who
1272 429 70 24 saw
1362 418 78 36 him
1458 419 113 36 about
1588 419 63 36 the
1667 420 70 35 end
1756 419 39 36 of
1809 419 102 48 July,
1927 425 108 31 states

420 462 82 37 that
519 464 151 50 already
686 467 103 37 there
806 480 75 25 was
897 481 21 24 a
935 469 182 49 difficulty
1134 472 41 35 in
1193 473 292 48 understanding
1502 475 99 36 what
1618 487 73 24 was
1708 476 78 35 said
1803 480 38 31 to
1858 476 90 35 him,
1962 476 73 35 and

419 518 76 38 also
509 533 21 23 a
544 522 184 50 difficulty
741 525 40 36 in
799 527 213 46 expressing
1024 527 159 38 himself.
1234 530 73 36 For
1324 531 176 48 example,
1516 532 47 36 he
1579 533 220 35 remembers
1815 532 63 36 the
1895 536 142 44 patient

420 577 132 48 saying
578 580 174 48 "twenty
770 582 107 36 miles
900 584 99 46 ago,"
1024 584 143 37 instead
1186 585 39 36 of
1248 587 173 47 "twenty
1437 599 104 36 years
1558 588 97 36 ago."
1706 589 35 35 It
1759 589 31 35 is
1806 588 76 36 also
1900 589 135 35 known

419 632 82 37 that
517 634 63 37 the
597 637 144 46 patient
758 638 96 36 from
871 639 75 35 this
964 640 90 36 time
1070 653 90 34 gave
1178 654 51 35 up
1247 643 109 46 going
1381 647 38 32 to
1446 644 149 45 church,
1612 645 153 35 because
1781 644 47 36 he
1845 657 48 23 no
1911 645 126 47 longer

422 690 223 38 understood
662 693 102 37 what
782 707 74 23 was
874 695 78 35 said
978 696 50 46 by
1046 696 63 36 the
1134 698 183 46 preacher.
1369 699 213 37 Otherwise,
1600 700 47 36 he
1665 700 198 36 continued
1880 705 38 31 to
1934 700 45 36 be
1996 701 40 35 in

419 751 125 41 pretty
557 747 70 36 fair
643 749 138 47 health,
800 751 74 35 and
891 756 39 31 to
947 752 45 36 be
1010 753 103 46 quite
1131 753 82 36 able
1231 754 56 35 for
1303 755 113 45 work,
1430 755 99 36 until
1546 755 47 36 he
1610 756 74 36 had
1701 768 21 24 a
1740 756 131 36 second
1888 756 147 46 seizure,

420 802 114 36 about
551 803 72 37 five
640 806 151 36 months
806 807 94 36 after
916 807 63 36 the
998 808 83 36 date
1099 809 40 35 of
1152 809 64 36 the
1234 810 88 35 first.

469 858 92 37 This
579 861 133 36 second
729 862 138 36 seizure
885 864 172 35 occurred
1080 865 41 34 in
1147 864 203 37 December
1369 869 102 33 1892.
1523 867 93 35 Like
1633 867 62 37 the
1713 868 87 35 first,
1820 868 31 35 it
1868 868 170 36 occurred

421 915 110 36 when
556 916 47 36 he
629 929 74 24 was
728 918 149 48 driving
901 919 59 36 his
986 924 84 32 cart.
1125 920 58 36 On
1207 921 76 36 this
1309 923 174 44 occasion,
1502 922 179 47 however,
1700 924 47 35 he
1766 924 75 45 fell,
1860 928 66 32 not
1947 924 89 45 into,

420 969 69 37 but
510 975 65 33 out
593 973 40 35 of
654 973 59 37 his
738 979 87 32 cart.
878 975 59 36 He
962 975 155 47 thereby
1135 977 187 36 sustained
1347 990 46 23 an
1420 979 126 47 injury
1564 979 38 35 of
1624 979 58 36 his
1706 980 105 35 head,
1830 980 91 35 with
1939 992 20 23 a
1977 984 61 31 cut

421 1038 87 24 over
524 1028 64 36 the
605 1030 101 47 right
724 1031 179 47 eyebrow,
922 1032 125 36 which
1063 1032 66 36 has
1146 1033 70 36 left
1231 1045 21 24 a
1270 1046 88 24 scar.
1409 1035 60 35 He
1496 1039 109 32 states
1623 1035 81 36 that
1730 1036 46 35 he
1793 1036 65 35 did
1882 1040 65 31 not
1963 1035 75 36 lose

421 1085 283 46 consciousness,
722 1087 74 35 and
821 1087 83 36 that
924 1088 255 48 immediately
1196 1089 94 36 after
1306 1090 63 36 the
1395 1089 67 38 fall
1478 1090 47 37 he
1552 1103 71 24 was
1640 1091 82 36 able
1740 1096 37 31 to
1794 1095 171 32 remount
1981 1091 58 36 his

420 1144 77 31 cart
514 1141 73 35 and
604 1154 45 36 go
668 1155 48 23 on
734 1144 158 48 driving.
948 1145 106 36 After
1078 1145 75 36 this
1176 1146 148 36 seizure,
1344 1146 122 36 which
1486 1148 172 35 occurred
1675 1160 46 23 on
1740 1161 20 22 a
1778 1148 179 46 Tuesday,
1975 1147 63 36 the

419 1197 145 46 patient
582 1199 201 36 continued
800 1204 38 31 at
856 1200 57 36 his
932 1200 102 47 daily
1048 1202 103 35 work
1168 1201 100 36 until
1282 1202 63 36 the
1364 1203 182 47 Saturday
1560 1203 39 36 of
1614 1203 62 36 the
1693 1215 97 24 same
1804 1204 112 35 week,
1930 1215 108 24 when

421 1252 47 37 he
485 1253 75 36 had
577 1267 21 23 a
616 1255 101 36 third
736 1257 147 35 seizure.

469 1310 92 36 This
585 1311 103 36 third
713 1313 139 36 seizure
879 1314 173 35 occurred
1078 1326 48 23 on
1151 1313 63 37 the
1241 1314 184 48 Saturday
1442 1316 168 47 evening,
1629 1315 108 36 when
1757 1315 47 36 he
1821 1328 73 23 was
1911 1320 129 42 sitting

420 1366 51 47 by
488 1367 63 37 the
576 1368 66 36 fire
667 1373 38 32 at
730 1369 120 37 home,
871 1375 93 31 after
988 1370 140 37 having
1152 1371 149 36 washed
1325 1371 158 36 himself.
1537 1372 37 35 It
1600 1376 54 32 set
1676 1373 39 34 in
1740 1372 183 36 suddenly
1946 1372 92 36 with

419 1435 124 25 severe
568 1425 199 47 giddiness,
787 1426 123 36 which
936 1427 132 36 caused
1093 1427 81 36 him
1199 1431 37 32 to
1262 1427 67 36 fall
1354 1440 48 24 on
1426 1428 63 36 the
1514 1428 100 36 floor.
1665 1428 119 36 There
1805 1440 73 23 was
1901 1440 48 23 no
1970 1428 71 36 loss

419 1480 41 36 of
482 1482 283 45 consciousness,
784 1483 74 36 and
883 1483 47 36 he
957 1496 72 23 was
1054 1483 84 36 able
1163 1488 38 32 to
1226 1488 61 44 get
1312 1497 51 35 up
1389 1484 254 36 immediately
1660 1489 93 31 after
1776 1484 60 35 his
1856 1484 91 36 fall;
1973 1484 68 36 but

419 1536 64 37 the
500 1538 188 46 giddiness
706 1539 65 36 did
788 1544 66 31 not
872 1540 163 47 speedily
1055 1553 83 35 pass
1156 1541 51 35 off
1229 1553 38 23 as
1285 1541 39 35 in
1350 1541 63 36 the
1430 1541 171 47 previous
1618 1540 264 36 attacks,—the
1899 1541 142 46 patient

420 1593 155 48 finding,
603 1608 47 23 on
677 1597 144 46 getting
847 1608 63 35 up,
937 1596 83 36 that
1048 1597 46 35 he
1122 1601 188 43 staggered
1338 1597 113 36 much
1478 1598 40 34 in
1545 1597 172 46 walking.
1771 1596 267 46 Immediately,

420 1649 87 46 also,
537 1650 48 36 he
615 1651 149 37 became
793 1665 118 23 aware
944 1653 83 35 that
1060 1653 62 35 the
1156 1654 125 34 attack
1314 1653 73 35 had
1421 1654 178 34 rendered
1632 1653 90 35 him,
1753 1652 56 35 for
1841 1652 62 36 the
1937 1654 101 42 time,

421 1706 222 48 completely
662 1709 212 36 word-deaf.
920 1709 60 35 He
999 1721 109 24 states
1126 1709 82 36 that
1225 1710 47 35 he
1291 1710 211 46 recognised
1520 1714 103 42 quite
1641 1709 85 35 well
1743 1709 90 35 such
1849 1709 135 35 sounds
2001 1721 39 23 as

419 1762 105 36 those
542 1764 132 36 caused
691 1764 51 47 by
760 1765 64 36 the
843 1765 170 36 shutting
1031 1765 39 35 of
1092 1765 64 36 the
1172 1765 99 45 door,
1289 1765 174 36 footsteps
1488 1778 46 23 on
1557 1766 63 34 the
1638 1765 100 35 floor,
1756 1776 89 24 etc.;
1875 1764 67 35 but
1959 1764 82 36 that

420 1819 48 37 he
487 1819 109 37 could
613 1825 66 32 not
696 1821 230 36 understand
951 1833 69 24 one
1047 1822 102 34 word
1173 1821 59 35 his
1257 1822 84 35 wife
1367 1822 78 35 said
1462 1826 38 31 to
1518 1822 89 44 him,
1626 1821 140 35 though
1785 1821 46 34 he
1848 1820 112 35 heard
1978 1819 64 36 the

422 1877 122 35 sound
569 1877 40 36 of
630 1877 68 36 her
722 1878 111 35 voice.
885 1878 54 35 As
964 1877 47 36 he
1038 1890 72 23 was
1138 1878 175 47 suffering
1342 1878 164 35 severely
1531 1878 94 34 from
1650 1877 196 36 headache,
1872 1876 73 36 and
1970 1888 71 24 was

420 1933 139 48 feeling
584 1934 118 36 chilly
722 1934 73 36 and
821 1934 54 46 ill,
897 1935 47 35 he
969 1939 37 31 at
1033 1946 88 24 once
1147 1938 99 32 went
1270 1938 38 32 to
1333 1935 81 35 bed.
1466 1935 101 35 Next
1584 1934 83 46 day,
1685 1933 64 36 the
1774 1932 156 36 medical
1954 1944 86 23 man

424 1990 84 36 who
533 2002 75 24 was
633 1991 120 35 called
779 1992 40 34 in
844 1991 152 36 ordered
1021 1991 82 36 that
1129 1991 58 36 his
1212 1991 96 36 head
1333 1991 134 36 should
1491 1991 46 36 be
1562 1990 183 36 blistered.
1798 1989 79 36 The
1901 1989 141 46 patient

425 2047 189 35 remained
634 2047 39 35 in
694 2047 83 45 bed,
796 2052 38 31 at
852 2047 75 36 this
952 2048 101 35 time,
1072 2047 56 35 for
1153 2047 113 36 about
1293 2048 56 34 six
1374 2047 132 45 weeks,
1534 2047 175 35 suffering
1733 2045 112 36 much
1862 2045 94 34 from
1981 2044 62 36 the

423 2103 89 47 pain
536 2103 41 35 in
603 2103 58 36 his
687 2103 105 36 head.
846 2104 58 36 He
930 2104 91 36 then
1047 2104 118 36 began
1190 2108 37 31 to
1256 2108 61 43 get
1342 2116 51 34 up
1419 2104 112 46 daily.
1583 2102 202 47 Presently,
1811 2101 47 36 he
1883 2101 95 35 tried
2003 2104 38 32 to

422 2171 145 24 resume
592 2160 103 35 work
712 2173 8 30 ;
746 2161 80 43 but,
844 2160 145 36 finding
1013 2160 153 36 himself
1188 2160 104 47 quite
1316 2160 138 35 unable
1479 2160 56 35 for
1559 2160 41 34 it,
1618 2159 48 35 he
1691 2157 198 37 continued
1909 2161 37 31 to
1967 2156 74 36 live

423 2216 145 48 quietly
586 2220 37 32 at
640 2216 110 36 home
768 2217 100 35 until
885 2217 92 46 July
998 2220 104 33 1893.
1156 2217 67 35 We
1241 2229 59 23 are
1317 2217 183 35 informed
1524 2220 82 31 that
1624 2216 110 34 while
1759 2214 86 35 thus
1862 2213 119 47 living
2006 2218 37 30 at

421 2272 110 36 home
556 2272 47 36 he
628 2285 74 23 was
728 2272 101 36 often
854 2273 142 47 greatly
1022 2273 194 36 depressed
1240 2274 40 34 in
1306 2274 134 46 spirits,
1460 2272 73 36 and
1558 2272 81 35 that
1656 2283 48 24 on
1722 2283 68 23 one
1814 2269 163 36 occasion
1993 2268 47 36 he

423 2340 75 24 was
515 2328 167 37 detected
700 2329 41 36 in
758 2330 63 35 the
839 2334 59 31 act
915 2330 40 35 of
968 2330 225 47 attempting
1210 2334 38 31 to
1267 2333 151 32 commit
1435 2328 149 36 suicide.

473 2385 48 36 In
538 2385 94 47 July
652 2388 103 33 1893,
774 2385 47 36 he
838 2386 74 35 had
929 2398 21 23 a
967 2385 126 36 fourth
1119 2386 149 35 seizure.
1320 2386 36 34 It
1383 2385 172 36 occurred
1582 2395 107 24 when
1713 2383 47 35 he
1785 2394 73 24 was
1876 2381 129 47 taking
2021 2393 21 23 a

425 2441 99 36 walk
537 2442 41 34 in
591 2441 64 36 the
669 2445 135 32 street;
830 2442 73 35 and
917 2443 30 34 it
961 2454 114 23 seems
1090 2446 37 31 to
1144 2442 95 35 have
1256 2442 113 35 taken
1387 2441 63 35 the
1464 2441 104 43 form,
1583 2440 146 47 simply,
1745 2439 39 36 of
1798 2450 120 24 severe
1933 2437 109 36 head-

423 2498 100 35 ache.
577 2498 36 35 It
630 2498 108 35 made
755 2498 81 35 him
853 2498 159 35 become,
1028 2498 55 35 for
1100 2498 62 36 the
1180 2499 100 35 time,
1294 2501 66 32 not
1377 2497 138 46 merely
1531 2496 208 36 word-deaf,
1753 2495 68 35 but
1838 2493 205 47 absolutely

426 2554 107 36 deaf;
560 2566 38 24 so
616 2554 82 35 that
714 2554 48 36 he
780 2554 108 36 could
906 2558 66 32 not
992 2567 91 23 even
1101 2554 88 35 hear
1214 2554 135 35 sounds
1371 2566 40 22 or
1435 2553 128 35 noises.
1617 2553 36 34 It
1670 2563 75 24 also
1762 2550 106 36 made
1885 2550 79 35 him
1981 2550 60 35 be-

427 2623 103 24 come
556 2611 223 47 completely
797 2611 149 47 aphasic
971 2623 38 24 as
1034 2615 38 32 to
1097 2622 221 36 production
1336 2609 38 36 of
1398 2609 130 47 speech
1547 2622 8 29 ;
1580 2620 37 23 so
1635 2609 92 42 that,
1746 2619 48 23 on
1818 2606 163 46 arriving
2005 2610 37 31 at

424 2667 60 36 his
509 2667 126 36 house,
654 2667 47 35 he
726 2666 110 36 could
854 2671 66 31 not
945 2667 113 35 speak
1083 2679 21 23 a
1129 2666 101 36 word
1247 2670 39 32 to
1302 2665 59 36 his
1379 2665 95 35 wife.
1524 2665 53 34 As
1595 2664 46 35 he
1658 2675 73 24 was
1748 2663 87 35 thus
1852 2661 190 47 evidently

423 2724 145 46 getting
594 2735 124 24 worse,
736 2723 31 35 it
792 2735 74 24 was
890 2723 161 35 thought
1076 2723 79 35 best
1180 2726 38 32 to
1244 2721 89 36 send
1358 2721 80 35 him
1463 2725 37 31 to
1523 2719 63 36 the
1603 2720 167 35 Western
1791 2718 197 46 Infirmary
2005 2717 40 35 of

425 2780 172 48 Glasgow
614 2793 8 30 ;
648 2784 38 31 to
704 2779 123 36 which
843 2780 220 35 Institution
1077 2779 47 35 he
1138 2790 73 24 was
1228 2778 234 46 accordingly
1477 2776 180 36 admitted
1671 2788 46 23 on
1732 2775 63 35 the
1809 2774 64 36 8th
1888 2773 38 36 of
1937 2773 101 46 July.

475 2836 155 37 Shortly
654 2836 93 36 after
772 2836 74 36 this
873 2836 94 36 date,
995 2835 111 36 while
1127 2835 63 35 the
1215 2835 144 47 patient
1392 2845 73 23 was
1491 2833 79 35 still
1604 2833 39 35 in
1668 2832 63 36 the
1756 2831 206 44 Infirmary,
1995 2829 47 36 he

424 2906 76 23 was
526 2893 135 36 visited
686 2893 51 35 by
762 2892 59 36 his
846 2892 247 36 half-brother
1110 2905 8 29 ;
1144 2891 82 35 who
1252 2893 140 32 reports
1418 2888 80 36 that
1523 2888 47 36 he
1595 2888 109 36 could
1727 2892 65 31 not
1816 2891 62 43 get
1901 2886 79 35 him
2004 2889 37 31 to

423 2949 229 37 understand
677 2962 21 24 a
724 2950 117 47 single
860 2949 112 36 word,
990 2949 73 35 and
1081 2948 81 35 that
1186 2947 59 35 his
1269 2958 123 36 power
1418 2946 38 34 of
1478 2949 189 32 utterance
1692 2957 72 23 was
1788 2943 133 37 almost
1946 2953 94 24 com-

423 3006 141 48 pletely
590 3007 176 36 disabled.
829 3006 59 36 He
916 3005 119 45 could,
1062 3004 181 37 however,
1269 3001 224 37 understand
1522 3002 187 47 questions
1736 3004 69 44 put
1830 3003 37 32 to
1896 2998 78 35 him
2001 2997 39 34 in

422 3063 151 47 writing
591 3076 7 30 ;
624 3075 38 24 so
680 3063 82 36 that
780 3074 107 25 when
904 3061 60 37 his
982 3061 149 37 brother
1157 3060 76 37 told
1258 3059 79 36 him
1364 3059 37 34 in
1430 3062 148 43 writing
1604 3057 80 36 that
1708 3057 46 35 he
1780 3067 72 24 was
1877 3054 109 48 going
2003 3057 37 30 to
