<?xml version="1.0" encoding="UTF-8"?>
<alto xmlns="http://www.loc.gov/standards/alto/ns-v2#" xmlns:xsi="http://www.w3.org/2001/XMLSchema-instance" xsi:schemaLocation="http://www.loc.gov/standards/alto/ns-v2# http://www.loc.gov/standards/alto/alto.xsd">
  <Description>
    <MeasurementUnit>pixel</MeasurementUnit>
    <sourceImageInformation>
      <fileName>b21273911_abbyy.xml</fileName>
    </sourceImageInformation>
    <OCRProcessing ID="OCR_1">
      <preProcessingStep>
        <processingDateTime>2014-10-24T02:15:27</processingDateTime>
        <processingAgency>intranda GmbH, www.intranda.com</processingAgency>
        <processingSoftware>
          <softwareCreator>intranda GmbH, Germany</softwareCreator>
          <softwareName>intranda OCR Module for TaskManager</softwareName>
          <softwareVersion>1.0r42</softwareVersion>
        </processingSoftware>
      </preProcessingStep>
      <ocrProcessingStep>
        <processingSoftware>
          <softwareCreator>ABBYY (BIT Software), Russia</softwareCreator>
          <softwareName>FineReader Engine</softwareName>
          <softwareVersion>10</softwareVersion>
        </processingSoftware>
      </ocrProcessingStep>
    </OCRProcessing>
  </Description>
  <Layout>
    <Page PHYSICAL_IMG_NR="373" ID="PAGE_373" WIDTH="2107" HEIGHT="3450">
      <TopMargin ID="TopMargin_1" HPOS="822" VPOS="288" WIDTH="1038" HEIGHT="42">
        <TextBlock ID="TextBlock_1164" HPOS="822" VPOS="288" WIDTH="1038" HEIGHT="42">
          <TextLine ID="TextLine_13888" HPOS="822" VPOS="296" WIDTH="407" HEIGHT="34">
            <String ID="Word_140899" HPOS="822" VPOS="296" WIDTH="165" HEIGHT="32" CONTENT="VISUAL" />
            <SP ID="SP_127017" HPOS="987" VPOS="296" WIDTH="32" HEIGHT="0" />
            <String ID="Word_140900" HPOS="1019" VPOS="298" WIDTH="210" HEIGHT="32" CONTENT="APHASIA." />
          </TextLine>
          <TextLine ID="TextLine_13889" HPOS="1773" VPOS="288" WIDTH="87" HEIGHT="42">
            <String ID="Word_140901" HPOS="1773" VPOS="288" WIDTH="87" HEIGHT="42" CONTENT="353" />
          </TextLine>
        </TextBlock>
      </TopMargin>
      <PrintSpace ID="PrintSpace_374" HPOS="185" VPOS="448" WIDTH="1681" HEIGHT="1222">
        <TextBlock ID="TextBlock_1163" HPOS="185" VPOS="448" WIDTH="1681" HEIGHT="1222">
          <TextLine ID="TextLine_13890" HPOS="208" VPOS="455" WIDTH="1652" HEIGHT="56">
            <String ID="Word_140902" HPOS="208" VPOS="457" WIDTH="153" HEIGHT="42" CONTENT="Visual" />
            <SP ID="SP_127018" HPOS="361" VPOS="457" WIDTH="24" HEIGHT="0" />
            <String ID="Word_140903" HPOS="385" VPOS="458" WIDTH="353" HEIGHT="41" CONTENT="Hallucinations" />
            <SP ID="SP_127019" HPOS="738" VPOS="458" WIDTH="22" HEIGHT="0" />
            <String ID="Word_140904" HPOS="760" VPOS="461" WIDTH="74" HEIGHT="37" CONTENT="apt" />
            <SP ID="SP_127020" HPOS="834" VPOS="461" WIDTH="23" HEIGHT="0" />
            <String ID="Word_140905" HPOS="857" VPOS="461" WIDTH="38" HEIGHT="37" CONTENT="to" />
            <SP ID="SP_127021" HPOS="895" VPOS="455" WIDTH="28" HEIGHT="0" />
            <String ID="Word_140906" HPOS="923" VPOS="455" WIDTH="43" HEIGHT="42" CONTENT="be" />
            <SP ID="SP_127022" HPOS="966" VPOS="455" WIDTH="32" HEIGHT="0" />
            <String ID="Word_140907" HPOS="998" VPOS="455" WIDTH="228" HEIGHT="43" CONTENT="associated" />
            <SP ID="SP_127023" HPOS="1226" VPOS="455" WIDTH="31" HEIGHT="0" />
            <String ID="Word_140908" HPOS="1257" VPOS="456" WIDTH="105" HEIGHT="42" CONTENT="with" />
            <SP ID="SP_127024" HPOS="1362" VPOS="456" WIDTH="33" HEIGHT="0" />
            <String ID="Word_140909" HPOS="1395" VPOS="456" WIDTH="315" HEIGHT="42" CONTENT="Hemianopsia" />
            <SP ID="SP_127025" HPOS="1710" VPOS="455" WIDTH="30" HEIGHT="0" />
            <String ID="Word_140910" HPOS="1740" VPOS="469" WIDTH="120" HEIGHT="28" CONTENT="when" />
          </TextLine>
          <TextLine ID="TextLine_13891" HPOS="450" VPOS="526" WIDTH="1150" HEIGHT="57">
            <String ID="Word_140911" HPOS="450" VPOS="529" WIDTH="64" HEIGHT="41" CONTENT="the" />
            <SP ID="SP_127026" HPOS="514" VPOS="528" WIDTH="28" HEIGHT="0" />
            <String ID="Word_140912" HPOS="542" VPOS="528" WIDTH="144" HEIGHT="42" CONTENT="Lesion" />
            <SP ID="SP_127027" HPOS="686" VPOS="528" WIDTH="22" HEIGHT="0" />
            <String ID="Word_140913" HPOS="708" VPOS="529" WIDTH="39" HEIGHT="41" CONTENT="is" />
            <SP ID="SP_127028" HPOS="747" VPOS="528" WIDTH="20" HEIGHT="0" />
            <String ID="Word_140914" HPOS="767" VPOS="528" WIDTH="51" HEIGHT="41" CONTENT="in" />
            <SP ID="SP_127029" HPOS="818" VPOS="528" WIDTH="23" HEIGHT="0" />
            <String ID="Word_140915" HPOS="841" VPOS="528" WIDTH="65" HEIGHT="41" CONTENT="the" />
            <SP ID="SP_127030" HPOS="906" VPOS="527" WIDTH="27" HEIGHT="0" />
            <String ID="Word_140916" HPOS="933" VPOS="527" WIDTH="146" HEIGHT="43" CONTENT="Cortex" />
            <SP ID="SP_127031" HPOS="1079" VPOS="527" WIDTH="22" HEIGHT="0" />
            <String ID="Word_140917" HPOS="1101" VPOS="528" WIDTH="51" HEIGHT="55" CONTENT="of" />
            <SP ID="SP_127032" HPOS="1152" VPOS="527" WIDTH="15" HEIGHT="0" />
            <String ID="Word_140918" HPOS="1167" VPOS="527" WIDTH="65" HEIGHT="42" CONTENT="the" />
            <SP ID="SP_127033" HPOS="1232" VPOS="526" WIDTH="25" HEIGHT="0" />
            <String ID="Word_140919" HPOS="1257" VPOS="526" WIDTH="205" HEIGHT="43" CONTENT="Occipital" />
            <SP ID="SP_127034" HPOS="1462" VPOS="526" WIDTH="24" HEIGHT="0" />
            <String ID="Word_140920" HPOS="1486" VPOS="526" WIDTH="114" HEIGHT="43" CONTENT="Lobe." />
          </TextLine>
          <TextLine ID="TextLine_13892" HPOS="260" VPOS="646" WIDTH="1597" HEIGHT="59">
            <String ID="Word_140921" HPOS="260" VPOS="650" WIDTH="51" HEIGHT="40" CONTENT="In" />
            <SP ID="SP_127035" HPOS="311" VPOS="649" WIDTH="26" HEIGHT="0" />
            <String ID="Word_140922" HPOS="337" VPOS="649" WIDTH="263" HEIGHT="42" CONTENT="concluding" />
            <SP ID="SP_127036" HPOS="600" VPOS="648" WIDTH="23" HEIGHT="0" />
            <String ID="Word_140923" HPOS="623" VPOS="648" WIDTH="89" HEIGHT="43" CONTENT="this" />
            <SP ID="SP_127037" HPOS="712" VPOS="648" WIDTH="24" HEIGHT="0" />
            <String ID="Word_140924" HPOS="736" VPOS="648" WIDTH="195" HEIGHT="56" CONTENT="chapter," />
            <SP ID="SP_127038" HPOS="931" VPOS="648" WIDTH="18" HEIGHT="0" />
            <String ID="Word_140925" HPOS="949" VPOS="648" WIDTH="22" HEIGHT="42" CONTENT="I" />
            <SP ID="SP_127039" HPOS="971" VPOS="647" WIDTH="24" HEIGHT="0" />
            <String ID="Word_140926" HPOS="995" VPOS="647" WIDTH="159" HEIGHT="43" CONTENT="should" />
            <SP ID="SP_127040" HPOS="1154" VPOS="647" WIDTH="24" HEIGHT="0" />
            <String ID="Word_140927" HPOS="1178" VPOS="647" WIDTH="90" HEIGHT="43" CONTENT="like" />
            <SP ID="SP_127041" HPOS="1268" VPOS="647" WIDTH="23" HEIGHT="0" />
            <String ID="Word_140928" HPOS="1291" VPOS="652" WIDTH="45" HEIGHT="38" CONTENT="to" />
            <SP ID="SP_127042" HPOS="1336" VPOS="652" WIDTH="24" HEIGHT="0" />
            <String ID="Word_140929" HPOS="1360" VPOS="662" WIDTH="75" HEIGHT="28" CONTENT="say" />
            <SP ID="SP_127043" HPOS="1435" VPOS="662" WIDTH="25" HEIGHT="0" />
            <String ID="Word_140930" HPOS="1460" VPOS="662" WIDTH="24" HEIGHT="27" CONTENT="a" />
            <SP ID="SP_127044" HPOS="1484" VPOS="647" WIDTH="26" HEIGHT="0" />
            <String ID="Word_140931" HPOS="1510" VPOS="647" WIDTH="116" HEIGHT="42" CONTENT="word" />
            <SP ID="SP_127045" HPOS="1626" VPOS="646" WIDTH="24" HEIGHT="0" />
            <String ID="Word_140932" HPOS="1650" VPOS="646" WIDTH="134" HEIGHT="43" CONTENT="about" />
            <SP ID="SP_127046" HPOS="1784" VPOS="646" WIDTH="17" HEIGHT="0" />
            <String ID="Word_140933" HPOS="1801" VPOS="660" WIDTH="56" HEIGHT="28" CONTENT="an" />
          </TextLine>
          <TextLine ID="TextLine_13893" HPOS="194" VPOS="718" WIDTH="1663" HEIGHT="59">
            <String ID="Word_140934" HPOS="194" VPOS="722" WIDTH="262" HEIGHT="55" CONTENT="interesting" />
            <SP ID="SP_127047" HPOS="456" VPOS="721" WIDTH="47" HEIGHT="0" />
            <String ID="Word_140935" HPOS="503" VPOS="735" WIDTH="307" HEIGHT="42" CONTENT="phenomenon" />
            <SP ID="SP_127048" HPOS="810" VPOS="720" WIDTH="48" HEIGHT="0" />
            <String ID="Word_140936" HPOS="858" VPOS="720" WIDTH="98" HEIGHT="43" CONTENT="that" />
            <SP ID="SP_127049" HPOS="956" VPOS="720" WIDTH="46" HEIGHT="0" />
            <String ID="Word_140937" HPOS="1002" VPOS="720" WIDTH="79" HEIGHT="43" CONTENT="has" />
            <SP ID="SP_127050" HPOS="1081" VPOS="719" WIDTH="46" HEIGHT="0" />
            <String ID="Word_140938" HPOS="1127" VPOS="719" WIDTH="198" HEIGHT="44" CONTENT="recently" />
            <SP ID="SP_127051" HPOS="1325" VPOS="719" WIDTH="44" HEIGHT="0" />
            <String ID="Word_140939" HPOS="1369" VPOS="720" WIDTH="111" HEIGHT="42" CONTENT="been" />
            <SP ID="SP_127052" HPOS="1480" VPOS="719" WIDTH="47" HEIGHT="0" />
            <String ID="Word_140940" HPOS="1527" VPOS="719" WIDTH="138" HEIGHT="43" CONTENT="found" />
            <SP ID="SP_127053" HPOS="1665" VPOS="719" WIDTH="49" HEIGHT="0" />
            <String ID="Word_140941" HPOS="1714" VPOS="723" WIDTH="44" HEIGHT="37" CONTENT="to" />
            <SP ID="SP_127054" HPOS="1758" VPOS="718" WIDTH="46" HEIGHT="0" />
            <String ID="Word_140942" HPOS="1804" VPOS="718" WIDTH="53" HEIGHT="42" CONTENT="be" />
          </TextLine>
          <TextLine ID="TextLine_13894" HPOS="195" VPOS="789" WIDTH="1663" HEIGHT="60">
            <String ID="Word_140943" HPOS="195" VPOS="793" WIDTH="250" HEIGHT="56" CONTENT="frequently" />
            <SP ID="SP_127055" HPOS="445" VPOS="791" WIDTH="34" HEIGHT="0" />
            <String ID="Word_140944" HPOS="479" VPOS="791" WIDTH="239" HEIGHT="44" CONTENT="associated" />
            <SP ID="SP_127056" HPOS="718" VPOS="791" WIDTH="40" HEIGHT="0" />
            <String ID="Word_140945" HPOS="758" VPOS="792" WIDTH="107" HEIGHT="42" CONTENT="with" />
            <SP ID="SP_127057" HPOS="865" VPOS="792" WIDTH="35" HEIGHT="0" />
            <String ID="Word_140946" HPOS="900" VPOS="792" WIDTH="321" HEIGHT="56" CONTENT="homonymous" />
            <SP ID="SP_127058" HPOS="1221" VPOS="791" WIDTH="35" HEIGHT="0" />
            <String ID="Word_140947" HPOS="1256" VPOS="791" WIDTH="304" HEIGHT="42" CONTENT="hemianopsia" />
            <SP ID="SP_127059" HPOS="1560" VPOS="790" WIDTH="38" HEIGHT="0" />
            <String ID="Word_140948" HPOS="1598" VPOS="804" WIDTH="127" HEIGHT="29" CONTENT="when" />
            <SP ID="SP_127060" HPOS="1725" VPOS="789" WIDTH="34" HEIGHT="0" />
            <String ID="Word_140949" HPOS="1759" VPOS="789" WIDTH="99" HEIGHT="42" CONTENT="that" />
          </TextLine>
          <TextLine ID="TextLine_13895" HPOS="193" VPOS="862" WIDTH="1663" HEIGHT="59">
            <String ID="Word_140950" HPOS="193" VPOS="872" WIDTH="221" HEIGHT="49" CONTENT="symptom" />
            <SP ID="SP_127061" HPOS="414" VPOS="866" WIDTH="23" HEIGHT="0" />
            <String ID="Word_140951" HPOS="437" VPOS="866" WIDTH="37" HEIGHT="41" CONTENT="is" />
            <SP ID="SP_127062" HPOS="474" VPOS="866" WIDTH="24" HEIGHT="0" />
            <String ID="Word_140952" HPOS="498" VPOS="866" WIDTH="47" HEIGHT="41" CONTENT="of" />
            <SP ID="SP_127063" HPOS="545" VPOS="865" WIDTH="29" HEIGHT="0" />
            <String ID="Word_140953" HPOS="574" VPOS="865" WIDTH="180" HEIGHT="43" CONTENT="cortical" />
            <SP ID="SP_127064" HPOS="754" VPOS="865" WIDTH="22" HEIGHT="0" />
            <String ID="Word_140954" HPOS="776" VPOS="865" WIDTH="153" HEIGHT="43" CONTENT="origin." />
            <SP ID="SP_127065" HPOS="929" VPOS="865" WIDTH="67" HEIGHT="0" />
            <String ID="Word_140955" HPOS="996" VPOS="865" WIDTH="224" HEIGHT="42" CONTENT="Professor" />
            <SP ID="SP_127066" HPOS="1220" VPOS="863" WIDTH="34" HEIGHT="0" />
            <String ID="Word_140956" HPOS="1254" VPOS="863" WIDTH="241" HEIGHT="44" CONTENT="Henschen" />
            <SP ID="SP_127067" HPOS="1495" VPOS="863" WIDTH="33" HEIGHT="0" />
            <String ID="Word_140957" HPOS="1528" VPOS="863" WIDTH="46" HEIGHT="43" CONTENT="of" />
            <SP ID="SP_127068" HPOS="1574" VPOS="862" WIDTH="31" HEIGHT="0" />
            <String ID="Word_140958" HPOS="1605" VPOS="862" WIDTH="183" HEIGHT="57" CONTENT="Upsala," />
            <SP ID="SP_127069" HPOS="1788" VPOS="862" WIDTH="21" HEIGHT="0" />
            <String ID="Word_140959" HPOS="1809" VPOS="862" WIDTH="47" HEIGHT="42" CONTENT="in" />
          </TextLine>
          <TextLine ID="TextLine_13896" HPOS="192" VPOS="935" WIDTH="1664" HEIGHT="60">
            <String ID="Word_140960" HPOS="192" VPOS="938" WIDTH="68" HEIGHT="42" CONTENT="his" />
            <SP ID="SP_127070" HPOS="260" VPOS="938" WIDTH="22" HEIGHT="0" />
            <String ID="Word_140961" HPOS="282" VPOS="942" WIDTH="124" HEIGHT="52" CONTENT="great" />
            <SP ID="SP_127071" HPOS="406" VPOS="938" WIDTH="23" HEIGHT="0" />
            <String ID="Word_140962" HPOS="429" VPOS="938" WIDTH="119" HEIGHT="42" CONTENT="work" />
            <SP ID="SP_127072" HPOS="548" VPOS="938" WIDTH="23" HEIGHT="0" />
            <String ID="Word_140963" HPOS="571" VPOS="953" WIDTH="55" HEIGHT="27" CONTENT="on" />
            <SP ID="SP_127073" HPOS="626" VPOS="938" WIDTH="39" HEIGHT="0" />
            <String ID="Word_140964" HPOS="665" VPOS="938" WIDTH="83" HEIGHT="42" CONTENT="The" />
            <SP ID="SP_127074" HPOS="748" VPOS="938" WIDTH="23" HEIGHT="0" />
            <String ID="Word_140965" HPOS="771" VPOS="938" WIDTH="234" HEIGHT="57" CONTENT="Pathology" />
            <SP ID="SP_127075" HPOS="1005" VPOS="938" WIDTH="22" HEIGHT="0" />
            <String ID="Word_140966" HPOS="1027" VPOS="938" WIDTH="51" HEIGHT="41" CONTENT="of" />
            <SP ID="SP_127076" HPOS="1078" VPOS="938" WIDTH="16" HEIGHT="0" />
            <String ID="Word_140967" HPOS="1094" VPOS="938" WIDTH="65" HEIGHT="41" CONTENT="the" />
            <SP ID="SP_127077" HPOS="1159" VPOS="935" WIDTH="22" HEIGHT="0" />
            <String ID="Word_140968" HPOS="1181" VPOS="935" WIDTH="175" HEIGHT="44" CONTENT="Brain,1" />
            <SP ID="SP_127078" HPOS="1356" VPOS="935" WIDTH="24" HEIGHT="0" />
            <String ID="Word_140969" HPOS="1380" VPOS="937" WIDTH="163" HEIGHT="42" CONTENT="directs" />
            <SP ID="SP_127079" HPOS="1543" VPOS="935" WIDTH="23" HEIGHT="0" />
            <String ID="Word_140970" HPOS="1566" VPOS="935" WIDTH="220" HEIGHT="43" CONTENT="attention" />
            <SP ID="SP_127080" HPOS="1786" VPOS="935" WIDTH="25" HEIGHT="0" />
            <String ID="Word_140971" HPOS="1811" VPOS="939" WIDTH="45" HEIGHT="37" CONTENT="to" />
          </TextLine>
          <TextLine ID="TextLine_13897" HPOS="194" VPOS="1006" WIDTH="1662" HEIGHT="60">
            <String ID="Word_140972" HPOS="194" VPOS="1010" WIDTH="75" HEIGHT="42" CONTENT="the" />
            <SP ID="SP_127081" HPOS="269" VPOS="1010" WIDTH="23" HEIGHT="0" />
            <String ID="Word_140973" HPOS="292" VPOS="1011" WIDTH="87" HEIGHT="41" CONTENT="fact" />
            <SP ID="SP_127082" HPOS="379" VPOS="1011" WIDTH="17" HEIGHT="0" />
            <String ID="Word_140974" HPOS="396" VPOS="1011" WIDTH="98" HEIGHT="42" CONTENT="that" />
            <SP ID="SP_127083" HPOS="494" VPOS="1011" WIDTH="17" HEIGHT="0" />
            <String ID="Word_140975" HPOS="511" VPOS="1011" WIDTH="46" HEIGHT="42" CONTENT="in" />
            <SP ID="SP_127084" HPOS="557" VPOS="1011" WIDTH="19" HEIGHT="0" />
            <String ID="Word_140976" HPOS="576" VPOS="1024" WIDTH="119" HEIGHT="29" CONTENT="cases" />
            <SP ID="SP_127085" HPOS="695" VPOS="1011" WIDTH="18" HEIGHT="0" />
            <String ID="Word_140977" HPOS="713" VPOS="1011" WIDTH="45" HEIGHT="42" CONTENT="of" />
            <SP ID="SP_127086" HPOS="758" VPOS="1010" WIDTH="23" HEIGHT="0" />
            <String ID="Word_140978" HPOS="781" VPOS="1010" WIDTH="178" HEIGHT="43" CONTENT="cortical" />
            <SP ID="SP_127087" HPOS="959" VPOS="1010" WIDTH="24" HEIGHT="0" />
            <String ID="Word_140979" HPOS="983" VPOS="1010" WIDTH="142" HEIGHT="42" CONTENT="origin" />
            <SP ID="SP_127088" HPOS="1125" VPOS="1010" WIDTH="19" HEIGHT="0" />
            <String ID="Word_140980" HPOS="1144" VPOS="1010" WIDTH="44" HEIGHT="41" CONTENT="of" />
            <SP ID="SP_127089" HPOS="1188" VPOS="1009" WIDTH="25" HEIGHT="0" />
            <String ID="Word_140981" HPOS="1213" VPOS="1009" WIDTH="73" HEIGHT="43" CONTENT="the" />
            <SP ID="SP_127090" HPOS="1286" VPOS="1009" WIDTH="19" HEIGHT="0" />
            <String ID="Word_140982" HPOS="1305" VPOS="1014" WIDTH="222" HEIGHT="51" CONTENT="symptom" />
            <SP ID="SP_127091" HPOS="1527" VPOS="1006" WIDTH="23" HEIGHT="0" />
            <String ID="Word_140983" HPOS="1550" VPOS="1006" WIDTH="306" HEIGHT="45" CONTENT="well-marked" />
          </TextLine>
          <TextLine ID="TextLine_13898" HPOS="194" VPOS="1080" WIDTH="1664" HEIGHT="59">
            <String ID="Word_140984" HPOS="194" VPOS="1083" WIDTH="144" HEIGHT="42" CONTENT="visual" />
            <SP ID="SP_127092" HPOS="338" VPOS="1083" WIDTH="23" HEIGHT="0" />
            <String ID="Word_140985" HPOS="361" VPOS="1083" WIDTH="341" HEIGHT="43" CONTENT="hallucinations" />
            <SP ID="SP_127093" HPOS="702" VPOS="1083" WIDTH="25" HEIGHT="0" />
            <String ID="Word_140986" HPOS="727" VPOS="1083" WIDTH="179" HEIGHT="56" CONTENT="(figures" />
            <SP ID="SP_127094" HPOS="906" VPOS="1083" WIDTH="23" HEIGHT="0" />
            <String ID="Word_140987" HPOS="929" VPOS="1084" WIDTH="45" HEIGHT="41" CONTENT="of" />
            <SP ID="SP_127095" HPOS="974" VPOS="1084" WIDTH="34" HEIGHT="0" />
            <String ID="Word_140988" HPOS="1008" VPOS="1098" WIDTH="112" HEIGHT="36" CONTENT="men," />
            <SP ID="SP_127096" HPOS="1120" VPOS="1083" WIDTH="24" HEIGHT="0" />
            <String ID="Word_140989" HPOS="1144" VPOS="1083" WIDTH="100" HEIGHT="55" CONTENT="etc.)" />
            <SP ID="SP_127097" HPOS="1244" VPOS="1083" WIDTH="22" HEIGHT="0" />
            <String ID="Word_140990" HPOS="1266" VPOS="1096" WIDTH="101" HEIGHT="28" CONTENT="may" />
            <SP ID="SP_127098" HPOS="1367" VPOS="1081" WIDTH="25" HEIGHT="0" />
            <String ID="Word_140991" HPOS="1392" VPOS="1081" WIDTH="172" HEIGHT="43" CONTENT="trouble" />
            <SP ID="SP_127099" HPOS="1564" VPOS="1081" WIDTH="22" HEIGHT="0" />
            <String ID="Word_140992" HPOS="1586" VPOS="1081" WIDTH="76" HEIGHT="42" CONTENT="the" />
            <SP ID="SP_127100" HPOS="1662" VPOS="1080" WIDTH="23" HEIGHT="0" />
            <String ID="Word_140993" HPOS="1685" VPOS="1084" WIDTH="173" HEIGHT="52" CONTENT="patient" />
          </TextLine>
          <TextLine ID="TextLine_13899" HPOS="193" VPOS="1152" WIDTH="1663" HEIGHT="58">
            <String ID="Word_140994" HPOS="193" VPOS="1155" WIDTH="46" HEIGHT="42" CONTENT="in" />
            <SP ID="SP_127101" HPOS="239" VPOS="1155" WIDTH="39" HEIGHT="0" />
            <String ID="Word_140995" HPOS="278" VPOS="1155" WIDTH="75" HEIGHT="43" CONTENT="the" />
            <SP ID="SP_127102" HPOS="353" VPOS="1155" WIDTH="37" HEIGHT="0" />
            <String ID="Word_140996" HPOS="390" VPOS="1155" WIDTH="124" HEIGHT="43" CONTENT="blind" />
            <SP ID="SP_127103" HPOS="514" VPOS="1155" WIDTH="39" HEIGHT="0" />
            <String ID="Word_140997" HPOS="553" VPOS="1156" WIDTH="97" HEIGHT="42" CONTENT="half" />
            <SP ID="SP_127104" HPOS="650" VPOS="1156" WIDTH="28" HEIGHT="0" />
            <String ID="Word_140998" HPOS="678" VPOS="1156" WIDTH="48" HEIGHT="42" CONTENT="of" />
            <SP ID="SP_127105" HPOS="726" VPOS="1156" WIDTH="28" HEIGHT="0" />
            <String ID="Word_140999" HPOS="754" VPOS="1156" WIDTH="76" HEIGHT="42" CONTENT="the" />
            <SP ID="SP_127106" HPOS="830" VPOS="1155" WIDTH="33" HEIGHT="0" />
            <String ID="Word_141000" HPOS="863" VPOS="1155" WIDTH="103" HEIGHT="42" CONTENT="field" />
            <SP ID="SP_127107" HPOS="966" VPOS="1155" WIDTH="34" HEIGHT="0" />
            <String ID="Word_141001" HPOS="1000" VPOS="1156" WIDTH="47" HEIGHT="41" CONTENT="of" />
            <SP ID="SP_127108" HPOS="1047" VPOS="1155" WIDTH="35" HEIGHT="0" />
            <String ID="Word_141002" HPOS="1082" VPOS="1155" WIDTH="154" HEIGHT="42" CONTENT="vision." />
            <SP ID="SP_127109" HPOS="1236" VPOS="1154" WIDTH="77" HEIGHT="0" />
            <String ID="Word_141003" HPOS="1313" VPOS="1154" WIDTH="72" HEIGHT="43" CONTENT="He" />
            <SP ID="SP_127110" HPOS="1385" VPOS="1154" WIDTH="37" HEIGHT="0" />
            <String ID="Word_141004" HPOS="1422" VPOS="1154" WIDTH="123" HEIGHT="56" CONTENT="gives" />
            <SP ID="SP_127111" HPOS="1545" VPOS="1154" WIDTH="33" HEIGHT="0" />
            <String ID="Word_141005" HPOS="1578" VPOS="1154" WIDTH="47" HEIGHT="41" CONTENT="in" />
            <SP ID="SP_127112" HPOS="1625" VPOS="1152" WIDTH="37" HEIGHT="0" />
            <String ID="Word_141006" HPOS="1662" VPOS="1152" WIDTH="136" HEIGHT="44" CONTENT="detail" />
            <SP ID="SP_127113" HPOS="1798" VPOS="1152" WIDTH="33" HEIGHT="0" />
            <String ID="Word_141007" HPOS="1831" VPOS="1166" WIDTH="25" HEIGHT="28" CONTENT="a" />
          </TextLine>
          <TextLine ID="TextLine_13900" HPOS="194" VPOS="1224" WIDTH="1662" HEIGHT="58">
            <String ID="Word_141008" HPOS="194" VPOS="1228" WIDTH="185" HEIGHT="42" CONTENT="number" />
            <SP ID="SP_127114" HPOS="379" VPOS="1228" WIDTH="22" HEIGHT="0" />
            <String ID="Word_141009" HPOS="401" VPOS="1229" WIDTH="48" HEIGHT="41" CONTENT="of" />
            <SP ID="SP_127115" HPOS="449" VPOS="1229" WIDTH="19" HEIGHT="0" />
            <String ID="Word_141010" HPOS="468" VPOS="1242" WIDTH="118" HEIGHT="28" CONTENT="cases" />
            <SP ID="SP_127116" HPOS="586" VPOS="1228" WIDTH="24" HEIGHT="0" />
            <String ID="Word_141011" HPOS="610" VPOS="1228" WIDTH="44" HEIGHT="41" CONTENT="in" />
            <SP ID="SP_127117" HPOS="654" VPOS="1227" WIDTH="27" HEIGHT="0" />
            <String ID="Word_141012" HPOS="681" VPOS="1227" WIDTH="145" HEIGHT="43" CONTENT="which" />
            <SP ID="SP_127118" HPOS="826" VPOS="1227" WIDTH="25" HEIGHT="0" />
            <String ID="Word_141013" HPOS="851" VPOS="1227" WIDTH="122" HEIGHT="43" CONTENT="these" />
            <SP ID="SP_127119" HPOS="973" VPOS="1227" WIDTH="24" HEIGHT="0" />
            <String ID="Word_141014" HPOS="997" VPOS="1227" WIDTH="343" HEIGHT="42" CONTENT="hallucinations" />
            <SP ID="SP_127120" HPOS="1340" VPOS="1227" WIDTH="26" HEIGHT="0" />
            <String ID="Word_141015" HPOS="1366" VPOS="1240" WIDTH="110" HEIGHT="29" CONTENT="were" />
            <SP ID="SP_127121" HPOS="1476" VPOS="1230" WIDTH="24" HEIGHT="0" />
            <String ID="Word_141016" HPOS="1500" VPOS="1230" WIDTH="186" HEIGHT="52" CONTENT="present." />
            <SP ID="SP_127122" HPOS="1686" VPOS="1224" WIDTH="64" HEIGHT="0" />
            <String ID="Word_141017" HPOS="1750" VPOS="1224" WIDTH="106" HEIGHT="43" CONTENT="This" />
          </TextLine>
          <TextLine ID="TextLine_13901" HPOS="192" VPOS="1297" WIDTH="1663" HEIGHT="58">
            <String ID="Word_141018" HPOS="192" VPOS="1300" WIDTH="37" HEIGHT="42" CONTENT="is" />
            <SP ID="SP_127123" HPOS="229" VPOS="1300" WIDTH="17" HEIGHT="0" />
            <String ID="Word_141019" HPOS="246" VPOS="1314" WIDTH="25" HEIGHT="28" CONTENT="a" />
            <SP ID="SP_127124" HPOS="271" VPOS="1300" WIDTH="16" HEIGHT="0" />
            <String ID="Word_141020" HPOS="287" VPOS="1300" WIDTH="110" HEIGHT="55" CONTENT="good" />
            <SP ID="SP_127125" HPOS="397" VPOS="1300" WIDTH="19" HEIGHT="0" />
            <String ID="Word_141021" HPOS="416" VPOS="1300" WIDTH="269" HEIGHT="42" CONTENT="illustration" />
            <SP ID="SP_127126" HPOS="685" VPOS="1300" WIDTH="19" HEIGHT="0" />
            <String ID="Word_141022" HPOS="704" VPOS="1300" WIDTH="45" HEIGHT="42" CONTENT="of" />
            <SP ID="SP_127127" HPOS="749" VPOS="1300" WIDTH="17" HEIGHT="0" />
            <String ID="Word_141023" HPOS="766" VPOS="1300" WIDTH="74" HEIGHT="42" CONTENT="the" />
            <SP ID="SP_127128" HPOS="840" VPOS="1299" WIDTH="17" HEIGHT="0" />
            <String ID="Word_141024" HPOS="857" VPOS="1299" WIDTH="86" HEIGHT="42" CONTENT="law" />
            <SP ID="SP_127129" HPOS="943" VPOS="1299" WIDTH="17" HEIGHT="0" />
            <String ID="Word_141025" HPOS="960" VPOS="1314" WIDTH="46" HEIGHT="27" CONTENT="so" />
            <SP ID="SP_127130" HPOS="1006" VPOS="1299" WIDTH="19" HEIGHT="0" />
            <String ID="Word_141026" HPOS="1025" VPOS="1299" WIDTH="199" HEIGHT="55" CONTENT="strongly" />
            <SP ID="SP_127131" HPOS="1224" VPOS="1298" WIDTH="18" HEIGHT="0" />
            <String ID="Word_141027" HPOS="1242" VPOS="1298" WIDTH="186" HEIGHT="42" CONTENT="insisted" />
            <SP ID="SP_127132" HPOS="1428" VPOS="1298" WIDTH="21" HEIGHT="0" />
            <String ID="Word_141028" HPOS="1449" VPOS="1312" WIDTH="117" HEIGHT="41" CONTENT="upon" />
            <SP ID="SP_127133" HPOS="1566" VPOS="1298" WIDTH="19" HEIGHT="0" />
            <String ID="Word_141029" HPOS="1585" VPOS="1298" WIDTH="59" HEIGHT="56" CONTENT="by" />
            <SP ID="SP_127134" HPOS="1644" VPOS="1297" WIDTH="15" HEIGHT="0" />
            <String ID="Word_141030" HPOS="1659" VPOS="1297" WIDTH="196" HEIGHT="50" CONTENT="Bastian," />
          </TextLine>
          <TextLine ID="TextLine_13902" HPOS="194" VPOS="1368" WIDTH="1662" HEIGHT="60">
            <String ID="Word_141031" HPOS="194" VPOS="1372" WIDTH="86" HEIGHT="41" CONTENT="and" />
            <SP ID="SP_127135" HPOS="280" VPOS="1372" WIDTH="39" HEIGHT="0" />
            <String ID="Word_141032" HPOS="319" VPOS="1387" WIDTH="46" HEIGHT="27" CONTENT="so" />
            <SP ID="SP_127136" HPOS="365" VPOS="1372" WIDTH="38" HEIGHT="0" />
            <String ID="Word_141033" HPOS="403" VPOS="1372" WIDTH="253" HEIGHT="56" CONTENT="frequently" />
            <SP ID="SP_127137" HPOS="656" VPOS="1371" WIDTH="39" HEIGHT="0" />
            <String ID="Word_141034" HPOS="695" VPOS="1371" WIDTH="280" HEIGHT="43" CONTENT="exemplified" />
            <SP ID="SP_127138" HPOS="975" VPOS="1371" WIDTH="37" HEIGHT="0" />
            <String ID="Word_141035" HPOS="1012" VPOS="1372" WIDTH="45" HEIGHT="41" CONTENT="in" />
            <SP ID="SP_127139" HPOS="1057" VPOS="1371" WIDTH="46" HEIGHT="0" />
            <String ID="Word_141036" HPOS="1103" VPOS="1371" WIDTH="205" HEIGHT="56" CONTENT="practice," />
            <SP ID="SP_127140" HPOS="1308" VPOS="1370" WIDTH="36" HEIGHT="0" />
            <String ID="Word_141037" HPOS="1344" VPOS="1370" WIDTH="98" HEIGHT="42" CONTENT="that" />
            <SP ID="SP_127141" HPOS="1442" VPOS="1370" WIDTH="41" HEIGHT="0" />
            <String ID="Word_141038" HPOS="1483" VPOS="1370" WIDTH="164" HEIGHT="43" CONTENT="lesions" />
            <SP ID="SP_127142" HPOS="1647" VPOS="1369" WIDTH="42" HEIGHT="0" />
            <String ID="Word_141039" HPOS="1689" VPOS="1369" WIDTH="48" HEIGHT="42" CONTENT="in" />
            <SP ID="SP_127143" HPOS="1737" VPOS="1368" WIDTH="44" HEIGHT="0" />
            <String ID="Word_141040" HPOS="1781" VPOS="1368" WIDTH="75" HEIGHT="43" CONTENT="the" />
          </TextLine>
          <TextLine ID="TextLine_13903" HPOS="192" VPOS="1441" WIDTH="1664" HEIGHT="58">
            <String ID="Word_141041" HPOS="192" VPOS="1444" WIDTH="213" HEIGHT="54" CONTENT="posterior" />
            <SP ID="SP_127144" HPOS="405" VPOS="1444" WIDTH="22" HEIGHT="0" />
            <String ID="Word_141042" HPOS="427" VPOS="1449" WIDTH="119" HEIGHT="50" CONTENT="parts" />
            <SP ID="SP_127145" HPOS="546" VPOS="1444" WIDTH="24" HEIGHT="0" />
            <String ID="Word_141043" HPOS="570" VPOS="1444" WIDTH="47" HEIGHT="41" CONTENT="of" />
            <SP ID="SP_127146" HPOS="617" VPOS="1444" WIDTH="18" HEIGHT="0" />
            <String ID="Word_141044" HPOS="635" VPOS="1444" WIDTH="75" HEIGHT="41" CONTENT="the" />
            <SP ID="SP_127147" HPOS="710" VPOS="1444" WIDTH="25" HEIGHT="0" />
            <String ID="Word_141045" HPOS="735" VPOS="1444" WIDTH="123" HEIGHT="41" CONTENT="brain" />
            <SP ID="SP_127148" HPOS="858" VPOS="1444" WIDTH="23" HEIGHT="0" />
            <String ID="Word_141046" HPOS="881" VPOS="1457" WIDTH="71" HEIGHT="28" CONTENT="are" />
            <SP ID="SP_127149" HPOS="952" VPOS="1457" WIDTH="23" HEIGHT="0" />
            <String ID="Word_141047" HPOS="975" VPOS="1457" WIDTH="117" HEIGHT="28" CONTENT="more" />
            <SP ID="SP_127150" HPOS="1092" VPOS="1448" WIDTH="24" HEIGHT="0" />
            <String ID="Word_141048" HPOS="1116" VPOS="1448" WIDTH="76" HEIGHT="37" CONTENT="apt" />
            <SP ID="SP_127151" HPOS="1192" VPOS="1447" WIDTH="24" HEIGHT="0" />
            <String ID="Word_141049" HPOS="1216" VPOS="1447" WIDTH="44" HEIGHT="37" CONTENT="to" />
            <SP ID="SP_127152" HPOS="1260" VPOS="1442" WIDTH="28" HEIGHT="0" />
            <String ID="Word_141050" HPOS="1288" VPOS="1456" WIDTH="193" HEIGHT="42" CONTENT="produce" />
            <SP ID="SP_127153" HPOS="1481" VPOS="1441" WIDTH="31" HEIGHT="0" />
            <String ID="Word_141051" HPOS="1512" VPOS="1441" WIDTH="344" HEIGHT="43" CONTENT="hallucinations" />
          </TextLine>
          <TextLine ID="TextLine_13904" HPOS="191" VPOS="1514" WIDTH="1452" HEIGHT="56">
            <String ID="Word_141052" HPOS="191" VPOS="1515" WIDTH="85" HEIGHT="42" CONTENT="and" />
            <SP ID="SP_127154" HPOS="276" VPOS="1515" WIDTH="24" HEIGHT="0" />
            <String ID="Word_141053" HPOS="300" VPOS="1515" WIDTH="224" HEIGHT="42" CONTENT="delusions" />
            <SP ID="SP_127155" HPOS="524" VPOS="1515" WIDTH="25" HEIGHT="0" />
            <String ID="Word_141054" HPOS="549" VPOS="1515" WIDTH="105" HEIGHT="42" CONTENT="than" />
            <SP ID="SP_127156" HPOS="654" VPOS="1514" WIDTH="23" HEIGHT="0" />
            <String ID="Word_141055" HPOS="677" VPOS="1514" WIDTH="163" HEIGHT="43" CONTENT="lesions" />
            <SP ID="SP_127157" HPOS="840" VPOS="1514" WIDTH="23" HEIGHT="0" />
            <String ID="Word_141056" HPOS="863" VPOS="1515" WIDTH="46" HEIGHT="41" CONTENT="in" />
            <SP ID="SP_127158" HPOS="909" VPOS="1514" WIDTH="26" HEIGHT="0" />
            <String ID="Word_141057" HPOS="935" VPOS="1514" WIDTH="74" HEIGHT="42" CONTENT="the" />
            <SP ID="SP_127159" HPOS="1009" VPOS="1514" WIDTH="23" HEIGHT="0" />
            <String ID="Word_141058" HPOS="1032" VPOS="1514" WIDTH="168" HEIGHT="42" CONTENT="middle" />
            <SP ID="SP_127160" HPOS="1200" VPOS="1514" WIDTH="23" HEIGHT="0" />
            <String ID="Word_141059" HPOS="1223" VPOS="1528" WIDTH="47" HEIGHT="28" CONTENT="or" />
            <SP ID="SP_127161" HPOS="1270" VPOS="1514" WIDTH="23" HEIGHT="0" />
            <String ID="Word_141060" HPOS="1293" VPOS="1514" WIDTH="195" HEIGHT="42" CONTENT="anterior" />
            <SP ID="SP_127162" HPOS="1488" VPOS="1514" WIDTH="22" HEIGHT="0" />
            <String ID="Word_141061" HPOS="1510" VPOS="1518" WIDTH="133" HEIGHT="52" CONTENT="parts." />
          </TextLine>
          <TextLine ID="TextLine_13905" HPOS="444" VPOS="1617" WIDTH="1155" HEIGHT="47">
            <String ID="Word_141062" HPOS="444" VPOS="1618" WIDTH="10" HEIGHT="23" CONTENT="1" />
            <SP ID="SP_127163" HPOS="454" VPOS="1618" WIDTH="31" HEIGHT="0" />
            <String ID="Word_141063" HPOS="485" VPOS="1618" WIDTH="104" HEIGHT="35" CONTENT="Klin," />
            <SP ID="SP_127164" HPOS="589" VPOS="1617" WIDTH="20" HEIGHT="0" />
            <String ID="Word_141064" HPOS="609" VPOS="1617" WIDTH="76" HEIGHT="36" CONTENT="und" />
            <SP ID="SP_127165" HPOS="685" VPOS="1617" WIDTH="17" HEIGHT="0" />
            <String ID="Word_141065" HPOS="702" VPOS="1617" WIDTH="115" HEIGHT="37" CONTENT="Anat." />
            <SP ID="SP_127166" HPOS="817" VPOS="1617" WIDTH="21" HEIGHT="0" />
            <String ID="Word_141066" HPOS="838" VPOS="1617" WIDTH="169" HEIGHT="36" CONTENT="Beitrage" />
            <SP ID="SP_127167" HPOS="1007" VPOS="1617" WIDTH="16" HEIGHT="0" />
            <String ID="Word_141067" HPOS="1023" VPOS="1629" WIDTH="66" HEIGHT="24" CONTENT="zur" />
            <SP ID="SP_127168" HPOS="1089" VPOS="1618" WIDTH="18" HEIGHT="0" />
            <String ID="Word_141068" HPOS="1107" VPOS="1618" WIDTH="106" HEIGHT="35" CONTENT="Path," />
            <SP ID="SP_127169" HPOS="1213" VPOS="1618" WIDTH="21" HEIGHT="0" />
            <String ID="Word_141069" HPOS="1234" VPOS="1618" WIDTH="57" HEIGHT="35" CONTENT="des" />
            <SP ID="SP_127170" HPOS="1291" VPOS="1617" WIDTH="21" HEIGHT="0" />
            <String ID="Word_141070" HPOS="1312" VPOS="1617" WIDTH="160" HEIGHT="36" CONTENT="Gehirns," />
            <SP ID="SP_127171" HPOS="1472" VPOS="1617" WIDTH="22" HEIGHT="0" />
            <String ID="Word_141071" HPOS="1494" VPOS="1619" WIDTH="105" HEIGHT="34" CONTENT="1892." />
          </TextLine>
        </TextBlock>
      </PrintSpace>
    </Page>
  </Layout>
</alto>
