1895 3217
323 807 388 58 MEMOIR
767 807 114 60 OF
937 809 400 60 BUFFON.

153 1131 60 58 It
252 1140 37 48 is
329 1157 28 30 a
390 1143 279 46 remarkable
708 1143 336 55 circumstance,
1090 1150 103 39 that
1239 1158 162 46 among
1439 1143 79 45 the

150 1234 143 46 many
320 1219 266 46 naturalists
615 1220 152 45 whose
795 1235 158 31 names
982 1226 49 39 at
1059 1221 93 44 this
1175 1220 153 61 period
1351 1234 74 30 are
1448 1235 70 28 re-

150 1296 259 45 membered
438 1295 114 46 from
584 1296 79 45 the
695 1297 110 44 high
833 1303 259 39 reputation
1126 1295 51 47 of
1206 1297 119 44 their
1356 1297 160 50 works,

152 1371 353 62 comparatively
528 1371 102 55 few,
661 1373 91 45 had
773 1373 120 45 their
914 1373 150 45 minds
1089 1373 125 61 early
1238 1372 196 45 directed
1457 1373 63 59 by

150 1449 120 45 their
287 1464 181 46 parents
487 1464 47 30 or
556 1449 242 61 guardians
820 1454 48 41 to
890 1455 80 40 the
994 1455 140 55 study
1152 1449 50 46 of
1215 1449 93 45 this
1333 1448 184 47 science,

153 1526 89 44 and
255 1527 62 59 by
331 1541 157 46 many,
504 1525 38 45 it
558 1541 93 30 was
665 1532 79 39 not
760 1526 286 46 commenced
1062 1527 146 45 before
1227 1541 25 30 a
1269 1534 249 37 somewhat

153 1603 229 44 advanced
412 1617 94 30 age.
574 1602 98 46 The
702 1602 246 46 illustrious
987 1603 243 45 naturalist
1265 1602 152 45 whom
1449 1617 69 28 we

151 1679 115 45 have
290 1679 160 45 chosen
476 1677 65 47 for
567 1685 79 40 the
674 1680 171 60 subject
869 1679 51 46 of
941 1686 79 39 the
1049 1685 179 56 present
1251 1677 203 52 memoir,
1481 1677 37 45 is

151 1771 58 30 an
232 1755 201 46 instance
457 1770 162 47 among
640 1771 144 46 many
802 1762 177 48 others;
1005 1756 90 46 and
1113 1754 217 48 although
1347 1755 57 44 he
1423 1769 94 29 was

149 1831 226 46 fortunate
392 1831 48 46 in
457 1847 234 47 procuring
713 1847 60 30 an
796 1846 238 32 education
1053 1832 50 47 of
1116 1839 79 39 the
1217 1837 118 40 most
1359 1830 159 46 liberal

149 1908 126 54 kind,
292 1908 149 45 which
460 1909 235 45 embraced
717 1908 48 45 in
788 1908 60 46 its
870 1924 136 46 range
1021 1909 137 60 polite
1174 1909 235 44 literature
1427 1907 91 44 and

149 1991 78 38 the
255 1999 206 38 sciences,
499 1985 91 44 and
620 1999 94 30 was
743 1985 227 44 extended
998 1987 63 58 by
1092 2000 157 29 means
1278 1983 50 45 of
1350 1982 167 60 foreign

149 2060 146 45 travel
334 2059 91 45 and
453 2066 80 38 the
563 2059 366 61 companionship
953 2059 51 46 of
1028 2060 202 60 polished
1259 2058 165 54 minds,
1459 2059 58 44 he

149 2137 90 45 had
261 2136 161 61 passed
444 2136 69 45 his
536 2135 210 46 thirtieth
769 2151 110 46 year
901 2135 145 47 before
1065 2135 231 62 designing
1312 2141 79 39 the
1409 2150 108 46 plan

150 2213 50 46 of
209 2215 69 44 his
294 2228 232 31 extensive
545 2227 147 31 works
711 2228 56 31 on
785 2228 177 39 nature,
983 2213 90 45 and
1089 2214 78 44 the
1185 2212 97 46 first
1299 2212 217 46 branches

151 2289 49 46 of
220 2297 78 38 the
322 2289 170 46 animal
508 2289 229 46 kingdom.

214 2366 170 45 George
417 2366 135 45 Louis
583 2366 44 45 le
657 2365 125 47 Clerc
811 2365 165 46 Buffon
1007 2381 93 30 was
1130 2367 113 44 born
1277 2371 48 39 at
1357 2365 158 45 Mont-

151 2443 136 45 bard*
308 2442 46 45 in
380 2443 263 60 Burgundy,
663 2442 47 46 in
725 2442 261 47 September
1008 2448 137 47 1707^
1163 2442 88 45 and
1265 2441 70 45 his
1351 2440 160 53 father,

206 2587 20 20 *
251 2585 165 38 BufFon’s
442 2586 113 36 house
584 2586 144 36 seemed
757 2585 64 37 the
848 2585 97 36 large
972 2585 203 35 habitation
1203 2585 41 35 of
1266 2596 20 23 a
1311 2584 202 36 tradesman

167 2659 103 28 athnr
293 2652 88 36 than
410 2658 62 30 the
500 2652 182 37 residence
712 2652 40 35 of
774 2663 20 23 a
821 2663 84 23 man
935 2651 40 35 of
998 2650 104 36 rank.
1165 2649 38 36 It
1222 2650 28 34 is
1269 2650 38 34 in
1327 2648 62 36 the
1410 2647 102 46 High

1288 2727 31 31 A
