1504 2701
163 87 12 19 ’’
391 92 217 54 Pathology
625 96 117 51 <^the
762 96 207 39 Intestinal
986 95 136 41 CafwI.
1427 99 25 40 7

50 199 84 41 that
164 206 89 45 they
283 211 65 26 are
376 206 70 31 not
472 199 233 43 obstructed.
764 205 228 40 Sometimes
1023 213 109 31 there
1163 219 66 25 are
1262 206 179 41 frequent

42 254 90 39 calls
153 262 41 30 to
226 266 112 33 stool,
359 253 89 38 with
469 267 134 39 scanty
623 257 110 53 slimy
752 260 236 54 discharges,
1017 269 222 31 sometimes
1269 276 23 23 a
1325 277 111 27 more

42 308 160 39 copious
219 307 208 48 diarrhoea,
449 308 89 39 with
560 310 117 39 much
699 327 88 35 pain
810 316 77 38 and
907 316 203 53 straining,
1128 316 67 38 but
1212 330 92 39 very
1317 328 120 40 often,

40 362 168 51 perhaps
229 371 98 29 most
347 363 235 52 commonly,
604 364 66 40 the
689 366 139 41 bowels
848 384 66 25 are
940 371 41 38 in
1011 386 20 24 a
1061 371 151 40 natural
1245 381 109 38 state,
1376 374 65 39 be-

42 417 68 51 ing
128 416 144 50 readily
294 417 135 38 moved
450 418 48 51 by
516 432 88 39 very
624 421 94 38 mild
750 423 219 41 medicines.
1026 425 130 40 These
1174 428 263 49 evacuations,

41 470 192 47 however,
254 485 171 37 produce
444 486 51 24 no
513 473 132 47 relief;
675 489 49 24 on
748 484 67 31 the
833 488 199 44 contrary,
1054 490 66 29 the
1143 490 149 43 patient
1318 497 122 39 gene-

44 524 94 52 rally
158 524 211 52 complains
389 526 45 38 of
448 527 141 39 violent
608 529 89 51 pain
717 530 145 55 during
881 541 67 31 the
965 545 202 41 operation
1184 536 45 39 of
1243 544 66 31 the
1328 538 113 40 mild-

45 586 55 31 est
119 588 214 42 purgative,
353 580 76 38 and
459 581 95 39 after
572 593 64 29 the
655 586 202 50 operation
877 587 31 39 is
926 602 106 34 over,
1053 590 49 38 all
1130 600 67 30 the
1224 602 215 30 symptoms

43 646 66 25 are
128 633 118 38 found
268 641 39 31 to
326 633 48 39 be
392 635 208 40 increased.

96 687 103 38 Such
217 702 67 24 are
301 697 66 30 the
393 691 155 51 general
577 691 217 42 characters
821 695 47 40 of
893 696 74 40 this
1000 699 196 41 affection.
1250 701 39 40 It
1307 701 133 41 differs

40 739 99 40 from
158 743 172 37 enteritis
358 743 39 38 in
428 744 65 39 the
522 745 140 41 bowels
689 748 117 55 being
833 752 153 39 natural
1012 766 48 26 or
1087 754 129 47 loose;
1247 763 67 33 the
1332 758 110 51 pulse

37 794 119 54 being
175 796 93 40 little
296 796 157 40 affected
471 815 11 30 ;
514 808 65 31 the
598 815 91 38 pain
708 804 104 39 often
833 808 208 52 occurring
1059 808 41 39 in
1120 823 243 37 paroxysms,
1393 827 45 25 so

39 863 42 28 as
99 858 42 31 to
161 850 49 40 be
226 851 188 39 mistaken
434 854 59 38 for
519 869 21 23 a
568 859 217 49 spasmodic
805 874 45 25 or
868 861 175 41 flatulent
1064 865 206 47 affection;
1300 867 77 39 and
1398 869 43 38 in

40 911 68 31 the
124 918 163 25 absence
313 905 46 39 of
383 908 203 55 vomiting,
608 922 139 42 except
767 914 37 38 in
827 925 145 30 certain
994 931 106 26 cases
1120 918 183 55 formerly
1324 922 121 40 refer-

38 957 69 40 red
128 966 52 31 to.
236 958 127 41 These
393 962 256 51 peculiarities
677 981 66 26 are
773 970 139 54 chiefly
942 972 187 40 observed
1159 974 41 39 in
1234 983 66 31 the
1335 977 105 53 early

41 1025 154 40 stages;
225 1027 39 25 as
292 1014 66 39 the
388 1015 144 41 disease
564 1033 190 28 advances
787 1033 90 45 they
904 1027 149 53 usually
1083 1028 161 40 become
1275 1029 72 41 less
1379 1045 63 27 re-

39 1066 197 40 markable
251 1084 13 30 ;
294 1077 65 30 the
385 1084 107 37 pulse
520 1073 105 48 rises,
655 1084 66 31 the
751 1079 90 50 pain
873 1079 179 41 becomes
1080 1097 109 25 more
1222 1084 107 40 fixed
1362 1088 79 39 and

37 1131 243 40 permanent,
301 1122 65 39 the
386 1124 97 52 belly
502 1126 176 42 becomes
698 1134 243 50 tympanitic,
963 1150 92 34 and,
1078 1146 40 30 at
1146 1153 23 23 a
1197 1147 148 31 certain
1375 1155 67 39 pe-

37 1174 103 47 riod,
161 1176 237 39 obstruction
420 1187 105 31 takes
552 1195 123 38 place,
696 1186 78 38 and
804 1195 66 32 the
898 1203 86 34 cas^
1014 1205 129 38 passes
1171 1193 85 39 into
1290 1195 49 39 all
1373 1196 69 40 the

39 1229 108 38 iwual
167 1238 213 44 symptoms
399 1233 46 38 of
465 1237 184 39 enteritis.
706 1240 34 39 It
760 1255 101 39 may,
881 1243 193 51 however,
1096 1247 48 39 be
1163 1247 92 39 fatal
1276 1259 166 31 without

38 1290 76 31 this
134 1283 175 52 change;
339 1286 65 39 the
423 1287 139 41 bowels
581 1294 231 54 continuing
831 1310 169 41 regular,
1021 1301 78 42 and
1121 1310 65 32 the
1210 1303 108 50 pulse
1337 1305 103 40 from

40 1340 52 34 80
112 1345 40 30 to
172 1343 63 41 90,
257 1340 96 38 until
372 1355 22 23 a
410 1356 88 38 very
518 1344 108 40 short
641 1348 92 39 time
753 1349 130 41 before
901 1352 130 41 death.

94 1390 88 40 The
211 1391 157 48 disease,
390 1409 41 24 as
451 1397 73 39 will
544 1398 47 38 be
610 1414 88 25 seen
725 1402 98 40 from
853 1414 65 31 the
946 1421 119 35 cases,
1087 1424 89 39 may
1196 1412 51 39 be
1277 1413 91 40 fatal
1397 1415 44 40 in

37 1446 109 38 three
165 1447 104 39 days.
326 1448 62 38 On
408 1449 204 43 dissection
635 1469 54 25 we
709 1457 82 39 find
812 1459 210 56 uniformly
1041 1464 164 40 effusion
1226 1468 48 37 of
1294 1482 147 27 coagu-

37 1500 101 61 l^ble
156 1500 131 60 lymph
302 1517 11 30 ;
345 1502 39 38 in
403 1518 108 25 some
528 1520 103 26 cases
650 1524 91 39 very
760 1521 209 42 extensive,
1000 1519 77 38 and
1106 1518 219 53 frequently
1345 1524 96 40 effu-

40 1567 83 25 sion
147 1559 38 56 qt
213 1569 22 24 a
264 1556 130 40 turbid
423 1573 46 24 or
497 1562 189 48 puriform
715 1566 110 47 fluid,
851 1571 219 41 sometimes
1096 1573 41 39 in
1171 1577 269 42 considerable

38 1617 189 41 qmmtity.
286 1611 210 54 Gangrene
515 1615 30 39 is
561 1631 111 35 rare;
708 1634 93 33 and,
821 1637 40 24 as
880 1623 58 40 far
956 1640 42 24 as
1017 1640 65 39 my
1102 1628 244 42 observation
1369 1647 70 26 ex-

35 1670 126 39 tends,
196 1676 116 26 never
340 1680 134 27 occurs
505 1684 40 24 as
577 1679 65 32 the
674 1677 225 49 prominent
930 1694 269 38 appearance;
1237 1685 32 39 it
1301 1686 135 48 being,

16 1741 4 8 .
35 1728 112 26 when
167 1725 29 31 It
211 1717 92 39 does
321 1734 131 35 occur,
473 1723 118 54 slight
610 1728 77 38 and
707 1731 152 49 partial,
880 1734 77 38 and
988 1750 139 39 always
1156 1745 283 36 accompanied

35 1773 51 49 by
105 1778 194 32 extensive
318 1773 215 52 deposition
554 1780 46 39 of
612 1784 225 52 coagulable
855 1785 147 55 lymph,
1064 1789 20 41 1
1103 1792 99 42 have
1224 1798 125 39 stated
1368 1812 69 25 mv

35 1837 238 39 conjectures
294 1840 38 25 in
353 1832 138 50 regard
511 1842 40 31 to
570 1844 67 31 the
658 1851 137 26 nature
814 1840 46 39 of
886 1843 76 39 this
990 1845 161 42 disease.
1209 1851 19 38 I
1251 1854 185 40 conceive

33 1886 31 30 It
83 1887 39 30 to
143 1881 45 37 be
206 1881 294 53 inflammation,
521 1891 180 40 confined
722 1901 41 30 to
783 1902 66 32 the
868 1898 227 50 peritonaeal
1109 1917 102 34 coat,
1232 1907 78 39 and
1331 1908 102 45 that,

34 1945 43 30 m
96 1945 261 42 consequence
385 1939 45 37 of
452 1950 89 40 this,
562 1953 65 31 the
655 1960 195 27 muscular
868 1962 127 31 action
1024 1956 46 39 of
1095 1966 66 31 the
1180 1961 112 42 canal
1311 1962 32 38 is
1361 1972 73 33 not

36 1991 193 41 tmpedAd.
287 1991 38 38 It
344 2005 88 41 may
450 2009 183 29 continue
652 2015 22 24 a
694 2003 264 44 considerable
977 2019 106 41 time,
1097 2013 78 39 and
1196 2016 168 48 perhaps
1382 2017 51 40 be

36 2042 90 41 fatal
144 2055 41 30 m
206 2051 74 31 this
299 2054 110 40 slate,
433 2063 44 24 or
506 2060 32 31 it
566 2067 89 40 may
676 2057 138 51 spread
845 2067 39 32 to
913 2070 65 33 the
1005 2079 195 32 muscular
1227 2083 103 35 coat,
1351 2072 82 39 and

38 2108 87 39 give
144 2109 72 26 rise
235 2106 42 31 to
296 2107 66 31 the
383 2104 105 38 usual
506 2121 212 38 symptoms
737 2112 46 38 of
795 2117 182 40 enteritis.

91 2147 283 46 Inflammation
395 2157 46 37 of
453 2167 64 31 the
537 2162 253 50 peritoneum
810 2182 88 41 may
918 2185 120 29 occur
1056 2175 40 40 in
1126 2191 23 24 a
1177 2191 109 26 more
1313 2178 119 42 limit-

35 2201 179 86 nlJr/nTn
406 2219 14 30 ‘
800 2221 19 39 ^
1094 2230 219 51 described,
1334 2235 97 49 and,

218 2273 27 39 g
280 2275 22 25 o
367 2278 20 24 e
407 2275 78 29 seat
505 2268 46 38 of
572 2283 43 34 it,
639 2285 87 40 may
744 2289 149 31 assume
921 2291 66 31 the
1014 2299 243 37 appearance
1284 2287 47 39 of
1351 2289 81 41 dis-

37 2323 86 26 ease
139 2313 48 38 of
199 2327 150 28 various
369 2333 154 38 organs,
545 2337 40 24 as
607 2325 66 40 llie
691 2327 174 58 bladder,
887 2337 66 40 the
971 2337 160 54 kidney,
1153 2341 66 38 the
1237 2341 110 52 liver,
1367 2359 62 36 or.

37 2485 20 9 „
486 2450 13 16 ^
579 2450 123 37 lungs.
762 2450 19 27 1
804 2450 111 32 tliink
938 2457 19 27 1
980 2450 98 35 have
1106 2461 88 25 seen
1224 2460 30 30 it
1281 2466 41 26 in
1351 2469 78 25 one

37 2485 86 26 case
141 2473 126 40 seated
289 2489 40 24 m
347 2475 64 42 the
431 2477 202 56 ligaments
651 2491 46 36 of
721 2491 66 42 the
805 2495 108 50 liver,
935 2499 76 38 and
1027 2501 136 54 giving
1183 2503 74 42 rise
1275 2515 42 32 to
1337 2471 94 84 ve^^

39 2537 160 28 obscure
231 2529 76 38 and
341 2543 224 36 anomalous
595 2553 224 42 symptoms.
889 2553 196 42 When“it
1117 2571 134 28 occurs
1285 2563 38 38 in
1361 2563 70 40 the

37 2581 322 54 neighbourhood
379 2587 48 42 of
445 2589 68 44 the
539 2595 158 60 kidney,
717 2601 20 44 I
755 2603 112 46 think
887 2607 30 44 it
935 2621 90 42 may
1043 2611 142 44 induce
1201 2625 66 32 the
1285 2573 146 100 pro^«
