2113 3404
356 197 84 42 270

857 214 87 31 THE
975 215 242 35 DISORDERS
1250 218 52 32 OF
1333 219 175 33 SPEECH.

413 326 336 47 Articulative
790 331 179 45 Ataxia.
1005 333 259 59 (Asynergia
1315 338 406 56 VcrbaUs).—Ilere,
1753 341 140 55 owing
1928 345 43 39 to

355 397 165 45 disease
543 400 44 42 in
611 401 73 42 the
707 402 145 43 Motor
874 408 156 47 centre,
1047 420 47 28 or
1116 407 45 41 in
1184 407 73 42 the
1279 408 131 42 white
1433 409 227 42 substance
1681 410 44 42 of
1756 410 72 43 the
1850 411 122 42 brain

356 467 299 61 immediately
678 473 224 55 subjacent
925 480 43 37 to
991 476 47 50 it,
1058 476 74 43 the
1154 491 142 41 power
1316 478 46 42 of
1380 479 274 42 articulation
1675 480 36 42 is
1733 480 238 44 destroyed,

357 553 110 29 even
498 540 38 42 if
564 541 72 43 the
668 543 169 54 patient
867 544 37 42 is
936 545 95 42 able
1062 550 44 38 to
1138 547 83 42 call
1252 561 59 41 up
1343 548 73 42 the
1447 548 198 56 auditory
1666 549 138 57 image
1826 551 43 41 of
1900 551 72 42 the

359 611 116 42 word
493 612 46 42 in
561 613 68 42 his
652 614 130 42 mind.
846 615 43 42 It
906 615 36 43 is
965 621 75 37 not
1057 617 160 56 always
1239 619 186 54 possible
1443 624 42 37 to
1504 619 259 57 distinguish
1780 621 192 43 between

359 696 55 28 an
455 683 290 44 Articulative
787 684 209 44 Amnesia
1036 688 85 41 and
1163 703 52 27 an
1257 688 288 44 Articulative
1581 691 157 55 Ataxy.
1801 692 87 41 But
1927 692 46 41 in

359 753 173 54 general
554 753 74 42 the
650 754 133 42 faults
806 755 43 41 of
871 756 276 43 articulation
1170 758 45 41 in
1237 758 159 42 lesions
1419 759 45 42 of
1489 759 72 43 the
1584 764 136 38 motor
1741 766 143 37 centre
1905 775 69 28 are

359 837 46 27 so
447 823 234 55 strikingly
719 825 317 42 characteristic
1077 827 96 42 that
1209 828 121 42 there
1372 843 78 27 can
1490 829 52 42 be
1585 844 54 27 no
1681 830 212 43 difficulty
1930 832 43 40 in

360 893 255 57 diagnosing
635 894 292 43 Articulative
949 895 170 43 Ataxia.
1182 897 176 43 Lesions
1386 899 46 41 in
1455 899 86 42 this
1562 899 176 57 locality
1758 902 216 55 generally

360 965 126 42 make
537 965 75 41 the
663 965 169 55 patient
872 967 253 55 practically
1177 968 251 55 speechless.
1501 970 70 42 He
1622 985 76 27 can
1751 971 224 43 articulate

359 1035 191 55 scarcely
584 1036 241 55 anything;
856 1036 153 56 failing
1040 1051 108 28 even
1183 1042 43 37 to
1258 1042 148 52 repeat
1441 1039 153 55 simple
1627 1040 138 42 words
1797 1041 95 42 that
1922 1041 54 42 he

359 1104 37 42 is
429 1105 133 42 asked
593 1109 44 37 to
670 1110 156 50 repeat.
889 1106 89 42 The
1016 1106 209 43 educated
1257 1112 143 38 centre
1432 1109 127 55 being
1590 1109 235 55 destroyed,
1858 1110 51 42 he
1941 1110 36 42 is

360 1175 169 42 thrown
553 1190 117 41 upon
692 1176 74 42 the
789 1180 153 52 scanty
963 1191 217 29 resources
1203 1178 44 42 of
1278 1178 73 42 the
1375 1178 268 43 uneducated
1665 1184 144 37 centre
1831 1180 45 41 of
1904 1180 71 41 the

360 1252 196 49 opposite
590 1246 101 43 side.
756 1247 143 51 Often,
935 1261 45 29 as
1015 1262 64 28 we
1111 1247 109 43 have
1254 1262 111 28 seen,
1389 1248 53 42 he
1476 1263 78 28 can
1589 1249 104 42 emit
1727 1249 101 55 only
1862 1264 114 27 some

360 1317 242 56 Eecurring
625 1318 246 42 Utterance,
894 1332 46 27 or
971 1332 117 28 some
1109 1333 106 40 very
1237 1333 196 28 common
1455 1320 148 51 words,
1626 1320 105 42 such
1753 1334 45 27 as
1820 1323 21 19 "
1855 1320 86 42 Yes
1956 1319 21 18 "

363 1402 46 28 or
427 1391 20 19 "
462 1387 105 43 No."
619 1388 44 41 It
680 1388 35 41 is
732 1388 219 55 generally
970 1388 123 42 when
1112 1389 53 41 he
1182 1389 36 42 is
1237 1390 245 41 recovering
1499 1389 73 42 the
1590 1404 140 40 power
1747 1390 43 41 of
1811 1390 166 51 speech,

363 1459 57 54 by
453 1459 73 41 the
558 1458 185 42 Further
773 1458 241 42 Education
1053 1459 46 41 of
1132 1459 73 42 the
1241 1460 246 54 previously
1519 1460 269 43 uneducated
1824 1464 154 47 centre,

363 1529 96 42 that
496 1529 54 42 he
584 1528 192 56 displays
810 1543 116 28 more
958 1529 149 42 varied
1140 1529 133 42 faults
1310 1529 46 42 in
1393 1530 284 42 articulation.
1741 1529 238 56 Gradually

363 1599 223 55 acquiring
620 1613 55 28 an
708 1599 242 55 increasing
972 1599 270 55 vocabulary,
1264 1599 54 43 he
1352 1601 224 41 continues
1599 1601 64 40 for
1696 1614 24 28 a
1752 1600 102 42 long
1876 1600 102 42 time

364 1675 44 37 to
431 1670 182 55 display,
636 1670 46 41 in
717 1684 24 27 a
769 1670 150 42 degree
954 1669 95 42 that
1082 1670 146 42 differs
1262 1670 164 55 greatly
1447 1670 45 41 in
1527 1671 198 41 different
1759 1684 127 29 cases,
1908 1670 72 42 the

363 1741 292 43 Articulative
677 1740 133 42 faults
841 1741 44 41 of
917 1740 206 55 Slurring,
1147 1740 179 56 Lalling,
1353 1740 470 56 Syllable-Stumbling,
1847 1755 132 27 some-

364 1813 127 41 times
524 1827 24 26 a
569 1810 112 43 little
705 1811 298 55 Stammering,
1026 1810 85 42 and
1133 1811 118 41 often
1273 1825 56 27 an
1353 1817 219 36 utterance
1595 1811 95 42 that
1711 1811 36 42 is
1772 1811 103 42 slow
1898 1811 83 41 and

362 1883 228 42 laborious.
655 1882 44 41 It
720 1882 35 41 is
778 1882 46 41 in
847 1882 121 41 these
991 1895 116 28 same
1125 1881 333 43 circumstances
1480 1882 102 42 also,
1600 1895 44 28 as
1662 1895 63 28 we
1742 1881 109 42 have
1868 1895 112 36 seen,

362 1954 97 42 that
482 1967 24 28 a
528 1966 94 28 case
646 1952 45 41 of
713 1951 147 43 Motor
881 1952 195 55 Aphasia
1099 1966 98 42 may
1219 1951 158 43 clearly
1400 1952 118 42 show
1540 1952 209 43 Amnesia
1769 1951 209 50 Verbalis,

365 2025 85 42 and
473 2038 108 29 even
605 2038 24 27 a
651 2023 133 56 slight
807 2022 151 43 degree
980 2023 43 41 of
1045 2023 273 42 Paraphasia.

797 2169 164 42 Mental
979 2169 296 56 Impairment.
1336 2169 235 43 Eclwlalia.

427 2299 196 42 Mental
640 2296 407 42 Impairment.—It
1062 2296 38 41 is
1117 2295 200 42 doubtful
1335 2295 192 42 whether
1544 2295 34 41 it
1596 2294 140 42 would
1759 2294 50 42 be
1826 2298 160 38 correct

368 2375 45 38 to
431 2384 76 28 say
525 2369 43 42 of
585 2382 85 42 any
688 2368 167 55 patient
871 2366 180 42 affected
1068 2366 103 42 with
1186 2365 193 56 Aphasia
1395 2365 95 42 that
1507 2365 67 42 his
1590 2364 195 42 intellect
1801 2378 182 28 remains

369 2440 240 57 altogether
631 2451 284 42 unimpaired.
978 2436 216 42 Probably
1211 2436 120 42 there
1353 2436 36 41 is
1412 2449 115 28 more
1549 2449 47 27 or
1616 2434 84 42 less
1722 2434 160 42 mental
1904 2434 77 40 im-

370 2525 215 42 pairment
605 2509 46 41 in
673 2521 128 30 every
819 2521 103 28 case.
987 2506 186 42 Usually
1190 2506 35 41 it
1246 2506 37 42 is
1305 2505 83 43 less
1411 2506 179 41 distinct
1611 2505 46 41 in
1679 2504 152 55 purely
1849 2517 134 28 motor

370 2581 177 43 aphasia
561 2581 105 41 than
684 2579 45 41 in
745 2592 174 40 sensory
927 2591 186 28 aphasia.
1146 2576 42 42 A
1202 2576 167 55 patient
1377 2580 104 37 with
1496 2575 152 56 purely
1659 2579 136 38 motor
1808 2575 169 55 aphasia

369 2653 37 41 is
421 2657 120 37 often
557 2647 175 45 capable
749 2648 46 41 of
814 2646 229 56 managing
1059 2646 68 42 his
1145 2645 195 43 business
1358 2645 151 42 affairs.
1553 2645 69 42 He
1641 2657 217 43 expresses
1873 2643 107 41 him-

370 2722 82 44 self
474 2722 56 55 by
549 2734 116 28 signs
682 2718 37 41 if
736 2717 54 42 he
813 2721 157 38 cannot
991 2716 138 43 either
1151 2715 132 43 speak
1300 2729 46 28 or
1364 2715 128 42 write.
1551 2715 69 41 He
1637 2728 98 41 may
1754 2714 50 42 be
1822 2713 93 42 able
1939 2720 41 34 to

370 2805 161 31 engage
553 2788 105 43 with
681 2800 167 29 success
871 2786 45 42 in
938 2800 144 42 games
1104 2785 43 42 of
1169 2784 125 43 skill;
1324 2784 86 42 and
1432 2784 45 41 in
1499 2783 59 42 all
1579 2787 186 51 respects
1796 2782 54 42 he
1881 2795 97 42 may

370 2864 120 43 show
526 2858 178 44 himself
737 2862 44 38 to
817 2857 52 43 be
906 2856 246 43 intelligent
1185 2855 85 43 and
1306 2853 308 44 clear-headed.
1675 2853 98 51 Yet,
1795 2857 42 38 to
1860 2853 118 42 those

370 2948 98 29 who
490 2933 127 42 knew
638 2929 92 43 him
752 2927 259 58 previously,
1032 2927 120 42 there
1178 2927 37 42 is
1246 2925 218 56 generally
1487 2923 247 44 observable
1756 2937 24 28 a
1802 2923 176 42 distinct

368 3002 265 47 diminution
656 3000 46 43 of
732 2997 164 45 mental
923 3012 154 42 power,
1099 3012 46 28 or
1178 2997 47 42 of
1254 2996 294 43 self-control;
1590 2994 84 43 and
1706 2993 72 43 the
1810 2993 165 55 patient
