1895 3217
517 313 185 31 MEMOIR
736 312 53 32 OF
824 313 199 33 BUFFON.

1402 308 62 40 23

98 441 124 45 what
238 440 220 61 appeared
473 445 204 55 wanting
695 454 47 30 or
760 437 217 48 defective
996 438 47 45 in
1066 438 71 45 his
1155 446 124 54 great
1305 441 160 45 works.

96 519 56 46 So
176 517 178 61 openly,
372 517 176 53 indeed,
569 532 94 30 was
686 517 79 44 the
783 514 195 47 freedom
997 514 50 47 of
1061 515 69 46 his
1149 516 208 62 religious
1373 518 96 60 opi-

96 595 128 46 nions
252 595 250 61 expressed,
528 595 102 44 that
653 594 79 45 the
761 593 283 62 indignation
1069 592 50 46 of
1140 594 78 45 the
1242 594 227 46 Sorbonne

97 688 95 30 was
214 673 239 61 provoked.
522 672 74 45 He
619 671 92 45 had
734 677 46 40 to
808 677 127 39 enter
958 671 95 45 into
1088 687 59 29 an
1177 678 292 39 explanation

97 750 149 45 which
263 750 57 45 he
339 749 47 45 in
405 765 120 30 some
541 765 104 45 way
663 749 216 45 rendered
897 748 304 62 satisfactory;
1229 749 90 45 and
1335 749 136 45 while

98 827 56 45 he
178 825 263 47 afterwards
476 826 216 46 attended
725 832 46 39 to
805 832 79 39 the
908 826 207 45 outward
1146 826 260 45 ordinances
1430 824 49 47 of

97 904 197 61 religion,
320 905 56 44 he
416 903 256 46 considered
707 910 127 38 them
868 919 48 29 as
940 919 28 29 a
990 919 173 45 system
1187 903 51 46 of
1262 903 115 45 faith
1408 902 65 46 for

97 988 78 37 the
198 981 261 54 multitude,
485 981 90 45 and
597 981 213 61 regarded
832 988 128 38 those
983 987 117 39 most
1128 980 218 61 impolitic
1370 996 103 31 who

98 1073 163 45 openly
285 1058 191 60 opposed
498 1058 141 45 them.

164 1134 181 45 Painful
381 1150 49 30 as
470 1151 28 29 a
544 1135 141 45 detail
734 1133 50 47 of
826 1135 110 44 such
986 1134 201 46 opinions
1232 1142 124 38 must
1400 1136 71 53 be,

98 1210 37 46 it
169 1211 38 45 is
238 1212 79 44 the
340 1213 118 59 duty
482 1211 49 46 of
557 1227 136 45 every
716 1212 261 60 biographer
1007 1218 46 39 to
1083 1218 204 38 mention
1310 1212 160 54 them;

99 1288 91 45 and
230 1304 80 30 our
347 1304 176 29 readers
562 1304 109 44 may
711 1303 204 30 compare
954 1295 79 37 the
1067 1288 206 60 splendid
1305 1289 169 45 talents

100 1365 91 44 and
221 1365 186 44 humble
440 1365 128 60 piety
592 1364 50 45 of
663 1371 79 38 the
766 1366 171 43 subject
961 1364 50 45 of
1037 1380 79 29 our
1149 1364 96 45 first
1269 1365 199 54 memoir,

103 1442 113 44 with
246 1442 78 44 the
353 1442 159 60 highly
536 1441 249 45 cultivated
816 1441 143 53 mind,
991 1442 79 43 the
1106 1441 148 45 bright
1279 1442 194 45 abilities

103 1518 51 45 of
169 1526 78 37 the
269 1524 194 55 present,
489 1519 83 43 but
596 1518 149 44 where
768 1524 113 54 they
905 1533 117 29 were
1046 1519 187 44 coupled
1258 1518 113 45 with
1394 1519 79 45 the

104 1595 327 45 disavoivment
455 1593 49 46 of
528 1595 78 44 the
631 1594 144 61 Being
805 1593 113 46 from
953 1595 151 44 whom
1129 1595 61 44 all
1214 1601 126 39 these
1372 1611 101 44 pre-

103 1687 119 29 cious
245 1672 104 60 gifts
374 1686 117 29 were
516 1671 195 45 derived.

169 1749 96 43 The
300 1748 146 44 works
480 1749 63 59 by
578 1747 147 45 which
757 1747 163 45 Buffon
955 1747 37 46 is
1025 1763 104 30 now
1158 1749 99 44 best
1287 1749 184 52 known,

103 1839 73 29 are
200 1831 126 37 those
349 1839 121 45 upon
494 1824 199 45 Natural
718 1825 205 44 History.
994 1825 98 45 The
1125 1825 97 44 first
1254 1823 50 46 of
1328 1824 143 54 these,

155 1900 198 44 Natural
372 1900 207 60 History,
599 1900 194 45 General
809 1901 90 44 and
923 1901 295 44 Particular,”
1240 1916 94 28 was
1353 1915 121 30 com-

103 1991 152 44 pleted
294 1975 47 44 in
384 1982 138 46 1767^
570 1976 90 44 and
705 1977 246 43 amounted
989 1983 46 38 to
1075 1976 156 44 fifteen
1271 1975 203 45 volumes

105 2058 173 52 quarto,
304 2051 254 60 thirty-one
577 2057 185 47 octavo;
799 2051 47 44 in
880 2058 78 38 the
993 2051 269 45 anatomical
1293 2051 181 61 depart-

104 2134 128 38 ment
255 2128 56 44 he
336 2143 92 29 was
453 2127 189 45 assisted
665 2128 62 59 by
752 2128 66 45 M.
844 2129 323 53 D’Aubenton,
1204 2129 90 44 and
1317 2143 27 29 a
1366 2144 108 45 sup-

104 2205 286 59 plementary
413 2204 181 45 volume
629 2202 265 47 afterwards
929 2205 234 60 appeared.
1233 2205 111 45 This
1369 2219 104 30 con-

105 2280 153 45 tained
282 2280 107 60 only
411 2281 79 44 the
514 2280 201 45 Natural
741 2281 189 61 History
955 2281 49 46 of
1021 2281 309 53 Quadrupeds.
1400 2281 73 45 On

105 2363 185 39 account
315 2355 49 47 of
379 2356 69 45 his
472 2356 167 52 illness,
665 2357 78 45 the
767 2356 95 46 first
887 2373 201 29 volumes
1113 2357 51 45 of
1177 2358 79 44 the
1281 2357 191 60 History

105 2432 49 45 of
181 2433 129 45 Birds
345 2433 77 45 did
454 2439 79 38 not
568 2449 164 44 appear
765 2433 71 45 till
865 2440 114 44 1771
1002 2450 13 36 j
1052 2433 48 45 in
1124 2434 149 44 which
1297 2433 56 44 he
1378 2448 94 30 was

106 2509 186 46 assisted
325 2511 62 59 by
412 2511 65 44 M.
503 2509 220 45 Gueneau
747 2510 55 44 de
826 2511 336 52 Montbeillard,
1200 2510 89 45 and
1316 2509 46 46 in
1393 2510 78 44 the

107 2586 122 45 three
267 2586 87 45 last
392 2586 57 46 he
487 2585 203 46 received
724 2586 104 60 help
868 2584 111 47 from
1019 2587 79 44 the
1137 2586 133 46 Abbe
1311 2587 158 44 Beron.

1253 2677 23 30 0
