2287 3957
1102 158 33 52 8

133 308 261 53 processes
421 290 56 55 of
499 294 182 51 nature
708 291 127 54 have
861 289 128 56 been
1031 289 98 56 due
1155 295 55 50 to
1236 291 90 55 the
1361 290 260 56 increased
1657 310 168 53 power
1852 292 56 54 of
1939 292 162 55 vision

133 363 168 55 which
325 371 87 47 the
439 366 311 54 microscope
775 366 91 53 has
894 365 292 67 conferred;
1227 371 89 49 the
1347 367 274 71 extremely
1649 356 210 65 delicate
1895 366 207 55 balance

133 437 93 54 has
272 441 234 70 supplied
545 447 55 48 to
640 442 194 52 science
875 461 29 33 a
941 441 276 53 numerical
1255 447 294 62 exactness;
1588 447 90 47 the
1717 447 256 66 spectrum
2012 442 90 53 has

135 512 267 56 furnished
440 535 29 33 a
507 535 176 34 means
721 516 55 53 of
811 515 267 72 analysing
1121 521 88 48 the
1255 517 336 53 constitution
1630 516 55 54 of
1724 517 88 52 the
1861 515 242 73 heavenly

136 586 211 69 bodies;
389 589 101 54 and
517 600 85 43 the
628 590 375 71 galvanometer
1043 590 200 72 already
1270 591 137 70 gives
1446 596 88 48 the
1572 595 135 49 most
1745 591 209 71 hopeful
1990 611 112 51 pre-

139 682 119 51 sage
298 664 55 52 of
386 664 281 72 important
707 665 299 53 discoveries
1043 665 51 53 in
1134 684 219 34 nervous
1405 665 252 53 function.
1735 665 246 53 Through
2020 665 85 53 the

140 756 168 35 senses
334 738 90 54 has
450 739 301 72 knowledge
780 745 234 60 entered;
1057 739 98 54 and
1182 739 88 53 the
1294 740 225 53 intellect
1558 740 89 53 has
1674 739 55 53 in
1753 745 122 47 turn
1904 739 202 53 devised

138 831 176 34 means
355 814 79 53 for
474 814 273 71 extending
791 819 88 48 the
921 820 169 47 action
1129 814 99 54 and
1265 814 282 72 increasing
1584 814 89 53 the
1710 813 396 71 discriminating

141 906 263 35 exactness
446 889 56 53 of
536 894 88 48 the
668 908 169 34 senses
861 910 11 32 :
912 889 144 53 there
1100 889 92 53 has
1232 887 131 55 been
1404 894 170 48 action
1613 888 100 54 and
1751 895 222 46 reaction
2007 888 99 53 and

141 981 317 51 progressive
486 963 369 71 specialisation
870 963 100 53 and
987 963 353 72 complication
1365 964 211 54 thereof.
1654 964 108 52 The
1787 967 101 48 two
1916 967 191 66 aspects

143 1036 56 53 of
232 1037 101 52 this
372 1037 216 54 relation
633 1057 73 34 we
745 1038 281 71 designate,
1071 1038 56 53 in
1170 1038 132 53 their
1344 1038 205 54 highest
1594 1037 420 65 manifestations,
2054 1056 52 34 as

144 1111 264 70 cognition
434 1112 98 53 and
559 1117 185 61 action,
773 1132 57 34 or
857 1131 194 35 science
1078 1112 99 53 and
1204 1118 94 48 art.

218 1187 141 52 Thus
386 1187 155 53 much
581 1187 306 71 concerning
926 1187 87 53 the
1050 1187 260 53 historical
1348 1192 258 48 evolution
1634 1186 55 54 of
1721 1185 88 55 the
1847 1184 261 55 inductive

146 1261 227 54 method.
451 1262 109 53 But
587 1280 114 34 now
730 1281 168 34 comes
925 1266 89 49 the
1040 1267 136 47 most
1214 1262 278 71 important
1532 1267 249 66 question,
1808 1259 224 55 whether
2069 1260 42 52 it

142 1335 43 54 is
214 1335 242 55 available
480 1337 79 52 for
583 1340 88 49 the
698 1343 155 64 study
881 1336 56 53 of
958 1341 88 48 the
1072 1336 161 53 whole
1261 1337 55 53 of
1337 1342 195 48 nature.
1612 1336 108 54 Can
1746 1355 75 34 we
1848 1335 149 72 apply
2023 1334 86 53 the

143 1415 116 49 true
284 1410 261 54 inductive
573 1411 101 53 and
702 1410 245 54 objective
971 1410 210 54 method
1205 1416 54 48 to
1287 1411 87 53 the
1398 1411 360 53 investigation
1780 1410 54 53 of
1856 1409 254 72 psychical

145 1504 54 35 as
239 1485 112 53 well
389 1505 53 33 as
470 1485 56 53 of
561 1485 230 72 physical
833 1490 182 48 nature
1033 1485 22 54 ?
1135 1485 67 53 In
1240 1486 88 53 the
1365 1486 149 53 latter
1553 1505 127 47 case,
1706 1485 43 53 it
1774 1485 91 52 has
1890 1484 124 71 long
2039 1503 71 33 re-

146 1560 174 53 ceived
346 1559 255 54 universal
628 1559 262 68 sanction;
931 1559 97 54 but
1065 1559 56 54 in
1158 1565 89 48 the
1287 1564 153 69 study
1468 1561 56 54 of
1559 1580 28 34 a
1624 1579 162 34 man's
1812 1558 142 54 mind
1992 1559 40 52 it
2069 1558 42 53 is

147 1635 105 53 still
278 1655 29 33 a
334 1640 236 65 question
599 1635 132 52 what
758 1634 209 54 method
994 1634 185 54 should
1214 1635 192 72 rightly
1435 1635 61 54 be
1535 1633 281 73 employed.
1894 1633 215 66 Plainly,

146 1710 42 53 it
227 1710 42 52 is
307 1714 93 49 not
440 1709 222 72 possible
712 1709 69 72 by
823 1709 178 71 simple
1044 1709 322 54 observation
1413 1710 54 54 of
1518 1714 169 49 others
1724 1714 57 48 to
1817 1708 130 53 form
1998 1713 114 47 true

148 1784 293 53 inductions
482 1804 53 33 as
574 1788 54 49 to
667 1784 133 52 their
837 1784 193 53 mental
1068 1784 346 72 phenomena;
1455 1785 90 53 the
1573 1784 164 53 defect
1763 1783 55 54 of
1853 1802 65 34 an
1945 1802 165 34 obser-

153 1863 172 50 vation
350 1858 167 54 which
542 1878 204 34 reaches
788 1858 121 72 only
936 1864 53 48 to
1025 1864 89 48 the
1153 1859 179 53 visible
1370 1860 183 53 results
1581 1859 55 53 of
1675 1858 236 53 invisible
1938 1877 172 34 opera-

149 1940 155 60 tions,
333 1953 212 34 exposes
572 1953 61 34 us
659 1933 218 53 without
904 1938 287 66 protection
1228 1939 56 48 to
1323 1934 88 53 the
1445 1934 288 71 hypocrisy,
1759 1932 261 54 conscious
2059 1950 56 35 or

150 2028 357 46 unconscious,
537 2008 55 53 of
614 2008 89 53 the
728 2008 320 65 individual;
1091 2008 101 53 and
1217 2014 86 47 the
1328 2008 216 72 positive
1569 2014 265 66 tendency,
1857 2007 164 53 which
2045 2026 67 33 no

154 2103 96 34 one
276 2103 95 34 can
397 2083 162 65 avoid,
588 2087 54 48 to
668 2083 245 53 interpret
932 2088 89 47 the
1047 2087 168 49 action
1242 2083 56 53 of
1333 2089 212 48 another
1583 2082 142 54 mind
1752 2082 271 71 according
2060 2086 54 48 to

151 2164 89 48 the
265 2177 230 34 measure
523 2158 55 52 of
601 2157 138 53 one's
761 2176 130 44 own,
918 2161 54 49 to
1001 2176 81 34 see
1107 2163 94 48 not
1225 2158 137 53 wdiat
1387 2158 44 53 is
1456 2159 54 52 in
1536 2162 86 48 the
1649 2158 184 71 object,
1862 2156 95 54 but
1983 2159 133 50 what

153 2233 42 54 is
239 2233 56 53 in
334 2237 88 49 the
464 2231 214 72 subject,
721 2231 286 72 frequently
1046 2231 200 55 vitiates
1286 2252 65 33 an
1389 2232 233 54 assumed
1662 2232 321 72 penetration
2009 2231 106 52 into

154 2307 233 54 motives.
467 2306 55 54 If
545 2325 72 35 we
643 2305 94 54 call
762 2311 54 48 to
846 2325 93 34 our
966 2305 80 54 aid
1071 2311 88 49 the
1184 2307 273 71 principles
1485 2307 56 53 of
1562 2311 89 48 the
1677 2306 228 54 received
1932 2325 181 53 system

159 2382 55 53 of
248 2381 330 72 psychology,
620 2386 212 48 matters
879 2400 82 34 are
999 2386 93 48 not
1129 2381 248 67 mended;
1418 2382 80 53 for
1535 2382 67 52 its
1640 2380 280 54 ill-defined
1964 2386 151 48 terms

156 2456 98 54 and
280 2476 163 33 vague
469 2455 283 66 traditions,
780 2455 305 72 injuriously
1112 2456 238 71 affecting
1378 2475 92 34 our
1496 2461 335 67 perceptions,
1851 2454 99 55 and
1978 2473 138 35 over-

156 2532 174 70 ruling
373 2550 92 33 our
506 2529 424 72 understanding,
976 2530 64 53 do
1086 2536 91 47 not
1218 2531 89 53 fail
1350 2536 55 48 to
1447 2550 206 33 confuse
1702 2530 98 53 and
1841 2529 167 71 falsify
2041 2529 75 52 in-

156 2607 243 52 ferences.
478 2606 53 52 It
557 2610 138 48 must
720 2604 380 73 unfortunately
1130 2605 61 53 be
1218 2605 161 53 added
1412 2605 131 65 that,
1571 2605 54 53 in
1650 2610 88 49 the
1766 2610 199 66 present
1992 2608 125 48 state

159 2681 55 53 of
255 2679 366 72 physiological
663 2680 213 66 science,
928 2679 43 53 it
1020 2680 44 52 is
1118 2680 140 70 quite
1308 2680 291 71 impossible
1645 2685 55 48 to
1747 2679 259 64 ascertain,
2051 2677 66 71 by

163 2755 323 54 observation
515 2754 99 53 and
641 2754 327 71 experiment,
1006 2762 87 44 the
1131 2760 180 47 nature
1340 2756 55 52 of
1435 2760 148 48 those
1623 2754 205 71 organic
1867 2770 249 55 processes

160 2830 165 53 which
354 2849 81 33 are
461 2830 85 52 the
572 2828 174 72 bodily
767 2828 283 53 conditions
1074 2829 55 52 of
1152 2829 188 53 mental
1365 2829 333 71 phenomena.
1775 2829 161 53 There
1955 2825 163 55 would

162 2924 200 52 appear,
390 2905 137 65 then,
554 2908 55 49 to
634 2903 64 53 be
723 2922 67 34 no
817 2903 118 71 help
961 2903 78 53 for
1056 2908 49 50 .it
1130 2902 96 54 but
1251 2909 54 48 to
1332 2904 127 52 have
1486 2910 160 46 entire
1671 2921 232 35 recourse
1940 2911 53 45 to
2033 2901 84 52 the

164 2970 276 80 subjective
466 2978 398 53 methodthat
892 2977 209 53 method
1127 2978 55 52 of
1217 2978 373 71 interrogating
1625 2978 492 53 self-consciousness

163 3053 164 53 which
352 3053 90 52 has
469 3053 158 52 found
659 3071 55 34 so
742 3052 155 53 much
922 3052 179 53 favour
1139 3058 52 48 at
1230 3052 65 54 all
1333 3053 164 53 times.
1576 3053 180 52 Before
1784 3051 205 71 making
2026 3067 92 53 any

166 3128 128 53 such
321 3127 293 65 admission,
641 3127 71 52 let
738 3127 102 52 this
879 3127 259 52 reflection
1171 3127 63 54 be
1260 3127 258 53 weighed:
1559 3127 113 53 that
1710 3126 87 52 the
1834 3123 285 56 instinctive

164 3203 141 53 nisus
331 3202 55 53 of
420 3202 266 70 humanity
713 3219 284 53 commonly
1024 3201 235 71 precedes
1285 3205 87 50 the
1397 3201 317 54 recognition
1743 3200 55 53 of
1836 3197 281 56 systematic

166 3276 243 66 method;
449 3281 113 47 that
588 3294 132 46 men,
738 3275 217 53 without
982 3275 239 71 knowing
1249 3276 130 71 why,
1408 3276 64 53 do
1499 3276 169 52 follow
1696 3295 31 35 a
1753 3293 179 36 course
1959 3271 159 55 which

166 3358 142 46 there
330 3351 126 52 exist
478 3369 115 51 very
616 3348 134 72 good
767 3368 203 34 reasons
997 3349 93 54 for.
1170 3350 114 72 Nay
1306 3369 138 34 more
1468 3373 9 30 :
1519 3356 87 47 the
1626 3348 241 74 practical
1894 3347 224 54 instincts

169 3426 56 53 of
262 3424 243 53 mankind
550 3424 140 53 often
729 3423 141 53 work
915 3423 312 72 beneficially
1263 3425 54 51 in
1361 3444 64 33 an
1467 3425 163 53 actual
1666 3423 367 56 contradiction
2066 3424 51 47 to

166 3499 132 55 their
335 3497 254 73 professed
628 3497 268 54 doctrines.
974 3498 171 53 When
1179 3500 55 51 in
1271 3504 87 47 the
1395 3499 189 53 middle
1610 3519 117 34 ages
1754 3497 127 55 faith
1906 3515 99 34 was
2029 3497 89 68 put

168 3574 54 53 in
261 3579 89 48 the
391 3573 305 71 philosophy
736 3572 54 53 of
824 3578 88 47 the
957 3572 214 65 schools,
1211 3573 89 53 the
1340 3573 365 70 interrogation
1744 3574 55 53 of
1833 3590 179 34 nature
2057 3566 59 69 hy

175 3648 308 72 experiment
519 3667 99 34 was
663 3647 159 72 going
865 3665 66 35 on
971 3647 54 53 in
1068 3666 150 52 many
1257 3666 199 53 places;
1497 3647 100 55 and
1639 3656 86 46 the
1776 3642 347 76 superstitious
