1933 3217
696 304 92 31 THE
812 303 186 34 COUXIO.

1459 295 88 51 189

182 430 257 47 Humboldt
461 430 82 46 has
566 430 207 46 recorded
795 430 79 46 the
896 430 174 61 history
1088 429 50 47 of
1152 429 79 46 the
1310 429 240 61 Capuchin

182 508 53 45 de
272 506 30 46 r
310 507 278 47 Oronoque”
627 506 80 47 the
753 507 59 45 P.
846 507 252 60 chiropotes.
1187 507 45 46 It
1269 506 37 47 is
1346 523 110 45 very
1491 507 61 46 si-

182 584 133 45 milar
342 591 45 39 to
426 584 102 46 that
562 584 99 61 just
694 599 104 31 now
827 584 242 55 described,
1108 590 158 40 except
1301 584 48 45 in
1385 585 163 53 colour,

184 662 89 44 and
296 668 78 38 the
396 661 122 61 plate
541 660 49 47 of
604 668 78 38 the
701 676 81 30 one
805 661 146 61 might
975 676 125 31 serve
1123 676 48 31 as
1195 677 59 30 an
1277 661 275 46 illustration

185 738 50 45 of
261 745 77 38 the
362 739 140 53 other,
543 737 42 46 if
615 738 78 45 the
727 744 115 39 tints
878 753 119 30 were
1033 738 258 62 differently
1332 738 219 61 disposed.

187 816 98 45 The
308 816 148 45 colour
477 815 37 45 is
537 815 343 54 brownish-red,
907 815 89 45 and
1019 815 79 46 the
1120 815 100 45 hair
1241 815 38 45 is
1302 815 104 62 long
1424 832 14 38 ;
1474 816 81 45 the

186 893 136 45 beard
345 892 36 46 is
404 893 396 53 blackish-brown,
836 892 166 62 arising
1034 893 145 45 below
1211 899 80 39 the
1326 908 112 39 ears,
1464 893 91 46 and

189 970 202 62 covering
414 986 27 30 a
463 977 100 55 part
587 970 50 46 of
651 971 78 44 the
752 971 161 44 breast.
984 971 98 44 The
1102 986 105 45 eyes
1225 985 74 31 are
1322 970 120 45 large
1465 971 91 44 and

191 1049 116 44 sunk
318 1065 21 37 ^
375 1055 77 38 the
475 1048 83 45 tail
581 1048 37 44 is
641 1049 163 59 bushy,
830 1063 48 30 as
902 1047 47 45 in
972 1047 77 45 the
1063 1047 121 55 last;
1219 1054 79 39 the
1321 1063 136 30 claws
1480 1063 75 30 are

190 1126 108 44 bent
322 1132 159 38 except
503 1140 56 30 on
581 1125 79 44 the
682 1126 201 43 thumbs.

257 1201 254 45 Humboldt
544 1201 82 45 has
660 1200 131 62 given
818 1201 79 45 the
921 1199 226 63 following
1170 1216 174 31 curious
1369 1209 188 39 account

192 1277 50 47 of
257 1277 58 45 its
337 1292 235 31 manners:
662 1276 66 47 Of
743 1278 62 44 all
827 1284 79 39 the
928 1293 220 30 monkeys
1167 1277 50 46 of
1227 1277 226 56 America,
1478 1279 79 45 the

198 1353 238 47 Capuchin
455 1353 49 46 of
510 1354 77 45 the
603 1354 231 46 Oronooko
851 1355 83 45 has
951 1360 79 39 the
1047 1361 194 54 greatest
1256 1357 302 44 resemblance

193 1430 47 45 in
264 1430 58 45 its
345 1429 193 47 featm'es
555 1437 47 40 to
624 1446 121 30 man.
816 1432 98 45 The
937 1447 107 45 eyes
1066 1432 117 45 have
1207 1447 27 30 a
1256 1432 199 61 mingled
1477 1447 82 31 ex-

194 1523 194 45 pression
407 1506 50 47 of
478 1508 284 61 melancholy
781 1509 90 44 and
893 1508 260 54 fierceness;
1174 1510 90 44 and
1287 1525 48 29 as
1353 1515 79 39 the
1455 1509 105 46 chin

197 1584 36 45 is
277 1584 233 46 concealed
548 1586 63 59 by
650 1601 27 29 a
714 1586 103 60 long
850 1586 91 45 and
973 1585 126 45 thick
1132 1586 150 54 beard,
1318 1586 78 45 the
1429 1585 133 47 facial

197 1676 128 30 angle
341 1677 185 44 appears
540 1662 135 44 much
689 1662 86 45 less
790 1663 114 44 than
918 1662 36 45 it
969 1662 143 62 really
1130 1662 51 46 is.
1229 1663 45 45 It
1292 1662 37 46 is
1348 1678 27 30 a
1392 1669 165 47 strong,

197 1745 159 46 active,
376 1739 90 44 and
487 1738 128 46 fierce
639 1739 184 55 animal,
856 1739 91 46 and
979 1755 111 45 very
1113 1739 191 46 difficult
1336 1746 47 39 to
1406 1746 153 49 tame;

198 1815 133 46 when
354 1816 217 54 initated,
603 1816 37 45 it
673 1816 137 46 raises
839 1815 129 47 itself
981 1832 121 45 upon
1135 1823 79 39 the
1247 1823 213 55 posterior
1482 1834 82 29 ex-

199 1892 233 55 tremities,
467 1891 151 63 grinds
651 1894 79 44 the
752 1899 141 49 teeth,
930 1893 90 46 and
1044 1894 123 45 leaps
1190 1894 171 45 around
1384 1900 78 39 the
1485 1910 79 46 ag-

199 1983 178 46 gressor.

268 2045 43 44 It
341 2061 110 44 very
486 2046 168 44 seldom
687 2045 167 54 drinks,
886 2062 104 38 and,
1023 2047 134 45 when
1188 2046 35 46 it
1254 2047 102 46 does
1386 2063 61 39 so,
1485 2048 79 46 the

202 2121 147 45 action
368 2121 36 45 is
428 2120 262 62 performed,
714 2128 79 39 not
816 2123 91 45 like
929 2129 79 39 the
1031 2123 127 46 other
1175 2123 243 47 American
1435 2140 131 31 mon-

203 2199 128 59 keys,
357 2198 149 46 which
538 2198 138 62 apply
698 2199 120 45 theu*
849 2199 85 61 lips
967 2205 47 42 to
1047 2201 79 45 the
1158 2201 144 46 liquid
1330 2203 237 59 presented

203 2281 46 38 to
272 2275 140 53 them,
449 2276 98 54 but,
579 2277 159 61 taking
770 2283 78 38 the
872 2292 142 30 water
1045 2293 62 46 up
1141 2278 47 45 in
1221 2279 79 45 the
1327 2279 165 46 hollow
1525 2278 47 47 of

203 2351 59 45 its
285 2352 137 53 hand,
447 2353 90 44 and
558 2352 215 62 inclining
793 2353 79 46 the
894 2354 116 46 head
1039 2370 120 30 upon
1181 2361 79 40 the
1283 2371 222 39 shoulder,
1530 2355 38 46 it

205 2428 157 45 carries
390 2428 37 45 it
457 2435 46 39 to
533 2436 78 38 the
639 2431 174 43 mouth.
883 2432 98 44 The
1008 2431 228 61 operation
1259 2431 37 47 is
1319 2433 249 60 performed

206 2504 112 46 with
341 2511 124 55 great
484 2505 303 56 deliberation,
808 2508 90 45 and
914 2514 79 39 the
1017 2514 220 55 spectator
1252 2515 123 39 must
1393 2508 173 47 remain

205 2582 234 46 concealed
461 2588 45 40 to
526 2582 182 46 witness
731 2583 48 46 it.
862 2585 97 46 The
983 2585 169 46 animal
1174 2586 201 46 becomes
1397 2584 169 48 furious
