1530 2701
412 104 219 55 Pathology
647 107 55 53 of
708 106 60 40 ih$
788 107 211 39 Intestinal
1014 107 140 42 Canal.

1434 111 53 39 15

84 212 70 34 ami
171 212 166 47 adhering
363 217 38 31 to
426 214 59 34 the
502 214 193 39 intestines.
748 217 54 35 At
820 217 60 36 the
900 218 111 35 lower
1027 218 68 35 end
1115 217 44 35 of
1174 222 58 31 the
1249 221 101 35 small
1368 222 113 36 intes-

81 268 73 28 tine
177 274 44 22 an
251 268 178 30 extensive
457 269 144 40 portion
635 279 72 22 was
725 280 237 35 gangrenous,
982 269 69 35 and
1069 273 151 30 another
1236 275 37 30 at
1292 272 60 35 the
1370 274 116 34 lower

85 316 79 40 part
182 312 41 34 of
246 317 59 31 the
322 313 105 35 colon
451 315 122 34 before
591 315 28 34 it
636 316 111 35 forms
778 327 59 25 the
855 321 147 44 sigmoid
1023 320 146 35 flexure.
1223 322 52 33 At
1294 323 68 34 this
1384 324 100 45 place

82 368 57 27 the
171 368 174 39 posterior
375 369 78 41 part
471 364 42 35 of
542 366 58 33 the
618 366 178 43 intestine,
815 371 68 32 and
900 382 20 21 a
941 377 144 38 portion
1108 371 41 33 of
1175 377 58 28 the
1263 381 217 41 mesentery,

78 422 93 24 were
202 415 247 47 considerably
481 415 204 37 thickened.
739 416 78 36 The
842 422 182 42 appendix
1053 422 234 34 vermiformis
1307 435 67 22 was
1394 436 87 34 gan-

74 472 168 35 grenous,
263 465 67 33 and
359 476 44 22 an
423 465 155 45 opening
599 466 64 33 had
683 471 108 30 taken
814 469 99 43 place
938 471 34 33 in
992 470 39 42 it,
1053 472 156 47 through
1230 474 116 34 which
1365 474 115 35 liquid

76 510 91 36 feces
186 513 67 34 had
268 515 145 45 escaped
430 516 76 34 into
528 520 59 30 the
600 517 115 46 cavity
732 517 42 34 of
790 523 57 29 the
859 521 187 35 abdomen.

128 613 105 36 Case
264 614 131 36 X.—A
427 621 211 40 gentleman,
669 618 85 45 aged
781 619 114 36 about
913 625 65 41 20,
998 623 110 44 (lOth
1135 623 199 36 December
1365 629 111 43 1817”,

75 666 69 33 late
172 669 37 29 at
239 666 133 42 night,)
393 677 68 23 was
489 667 113 34 found
623 669 167 45 writhing
807 670 68 34 and
897 673 205 46 screaming,
1121 674 94 35 from
1235 676 137 35 violent
1393 679 82 43 pain

77 716 34 33 in
132 720 58 28 the
205 715 183 43 abdomen,
405 728 106 36 every
531 724 80 38 part
629 718 42 34 of
696 719 116 34 which
832 732 71 23 was
925 726 120 30 tender
1071 729 39 29 to
1130 728 59 31 the
1208 726 110 34 touch
1336 738 12 32 ;
1376 734 102 39 great

78 765 80 45 pain
185 765 68 33 and
281 765 176 48 difficulty
484 769 36 32 in
549 769 146 45 making
715 775 134 38 water;
875 771 165 46 frequent
1058 773 199 47 vomiting;
1289 778 102 44 pulse
1409 781 63 44 96,

74 814 75 35 soft
163 815 68 32 and
251 821 118 28 rather
388 818 99 33 weak
503 829 10 33 ;
546 817 66 35 had
628 819 66 34 felt
709 820 82 44 pain
812 820 58 34 for
887 824 134 32 several
1040 824 102 47 days,
1164 827 65 33 but
1247 828 27 33 it
1291 828 184 38 increased

74 876 48 23 on
142 871 58 27 the
216 876 146 34 evening
382 866 41 34 of
448 868 57 34 (he
532 871 77 43 9th,
629 869 86 34 with
737 877 170 41 vomiting
923 884 11 32 ;
964 873 94 35 took
1079 876 149 35 laxative
1246 878 174 37 medicine
1438 881 38 35 in

71 919 61 29 the
149 925 163 36 morning
330 915 42 35 of
398 921 59 30 the
487 921 98 38 10th,
605 919 117 35 which
741 924 171 43 operated
937 922 110 49 freely
1069 930 98 30 three
1192 938 43 24 or
1253 928 87 34 four
1358 927 118 51 times,

71 964 68 34 but
155 962 93 36 since
266 970 93 30 these
375 973 225 31 evacuations
620 974 56 30 the
692 981 80 34 pain
793 984 68 23 was
880 975 107 33 much
1007 975 188 36 increased.
1229 976 86 37 Was
1333 979 142 49 largely

67 1014 97 45 bled,
184 1015 67 33 and
271 1017 93 33 took
380 1028 21 22 a
418 1019 176 35 moderate
611 1025 130 30 opiate.

123 1064 97 34 llth.
240 1063 112 36 Much
372 1068 146 35 relieved
536 1080 12 32 ;
576 1081 48 23 no
642 1072 201 45 vomiting;
871 1086 84 33 pain
979 1076 106 35 much
1099 1082 147 39 abated;
1276 1080 101 45 pulse
1405 1085 62 41 90,

70 1113 70 34 and
160 1114 41 33 of
215 1115 98 44 good
329 1118 174 45 strength.
556 1118 169 46 Bleeding
745 1134 68 23 was
833 1131 181 38 repeated;
1040 1138 21 22 a
1079 1127 83 36 mild
1179 1141 140 24 enema.

121 1161 42 36 In
185 1168 59 30 the
260 1176 124 24 course
408 1168 41 34 of
465 1169 58 33 the
541 1170 86 46 day,
646 1170 68 35 had
731 1183 97 25 some
842 1176 133 34 violent
995 1189 209 33 paroxysms
1224 1180 44 34 of
1285 1192 94 35 pain,
1395 1184 73 35 and

66 1213 156 35 vomited
247 1218 127 40 twice;
402 1218 98 48 belly
524 1221 88 33 bore
643 1233 163 33 pressure
835 1225 128 48 better,
994 1234 132 40 except
1152 1234 37 31 at
1218 1243 67 23 one
1313 1237 86 41 spot
1433 1239 40 31 at

67 1263 60 34 the
146 1264 108 34 lower
282 1271 79 40 part
389 1268 42 34 of
454 1274 58 29 the
531 1270 94 45 right
640 1271 88 47 side,
750 1274 115 35 where
883 1277 29 33 it
943 1289 69 22 was
1029 1281 144 46 acutely
1194 1285 145 38 tender;
1369 1285 104 35 urino

70 1313 120 44 |»ssed
222 1325 94 24 more
343 1318 130 46 easily;
501 1331 101 33 pulse
631 1327 38 29 at
696 1325 112 43 night,
830 1329 70 31 96:
928 1328 132 35 bowels
1079 1332 125 33 moved
1220 1345 9 22 :
1257 1335 212 36 evacuation

69 1367 75 29 thin
163 1364 65 32 and
248 1364 170 39 feculent.
447 1368 167 48 Bleeding
634 1383 71 23 was
722 1376 163 42 repeated
902 1380 38 32 at
956 1378 101 44 night
1075 1393 11 29 ;
1125 1382 81 34 cold
1223 1383 246 44 applications

67 1415 38 32 to
124 1418 58 28 the
196 1415 168 34 abdomen
378 1430 11 28 ;
415 1419 122 34 blister
551 1432 10 29 ;
589 1421 82 34 mild
690 1434 131 25 enema.

118 1463 95 35 12th.
245 1462 106 38 Pulse
381 1470 71 40 90;
481 1480 46 24 no
547 1471 118 43 stool;
689 1473 65 34 less
776 1475 95 44 pain,
889 1477 67 35 but
985 1480 107 34 much
1111 1484 200 38 tenderness
1331 1489 44 35 of
1396 1492 66 34 ab-

65 1515 146 39 domen;
237 1525 84 37 very
352 1516 91 36 little
470 1521 177 46 vomiting
663 1535 9 29 ;
699 1534 48 24 no
779 1526 228 37 tumefaction
1042 1531 43 33 of
1110 1533 192 40 abdomen.
1369 1541 92 37 Two

62 1564 98 32 small
176 1564 190 47 bleedings,
383 1579 47 23 no
449 1580 96 24 more
558 1572 102 45 being
682 1574 135 43 borne;
837 1576 93 47 large
950 1580 144 42 blister;
1114 1583 142 36 various
1277 1588 182 42 laxatives.

118 1616 95 31 13th.
234 1616 103 33 lulse
369 1618 191 49 increasing
588 1623 34 33 in
656 1624 213 48 frequency,
889 1629 68 33 and
980 1631 184 46 becoming
1182 1634 114 38 feeble
1310 1653 8 9 •
1343 1620 116 57 abdo.!

64 1672 76 24 men
159 1664 160 44 enlarged
338 1671 37 30 at
393 1668 58 35 the
469 1671 109 35 lower
597 1684 97 35 part,
711 1686 36 22 as
767 1676 29 34 if
820 1677 58 34 the
898 1680 145 35 bladder
1062 1694 90 24 were
1171 1686 181 40 distended
1391 1695 67 35 but

66 1713 47 45 by
134 1716 57 30 the
209 1720 155 30 catheter
382 1724 26 28 it
426 1731 69 23 was
514 1721 112 36 found
648 1729 37 29 to
705 1725 41 33 be
773 1737 145 37 empty;
945 1731 173 36 abdomen
1137 1736 72 34 still
1230 1742 145 35 tender-
1405 1757 50 22 no

59 1767 118 37 stool;
204 1775 99 23 urine
319 1777 85 37 very
422 1780 139 38 scanty,
580 1775 67 33 and
670 1776 118 42 passed
809 1778 85 34 with
912 1781 107 35 much
1036 1784 93 44 pain.
1192 1771 184 58 Tobacco’
1399 1796 54 34 in-

54 1816 236 41 jcctionsand
309 1826 138 28 various
467 1827 200 38 purgatives
686 1836 92 24 were
792 1831 199 34 employed.

973 1883 95 49 belly
1100 1889 242 44 tympanitic*
1382 1897 64 36 lav

368 2016 187 41 Extensive
585 2024 252 38 inflammation
872 2028 40 36 of
950 2032 57 36 the
1033 2035 120 48 ileum,
1188 2040 59 35 the
1277 2042 164 41 inflamed

51 2071 95 34 parts
164 2068 216 46 extensively
396 2068 101 45 glued
518 2077 171 41 together,
703 2077 69 34 and
794 2082 135 40 pressed
949 2084 107 35 down
1076 2087 76 35 into
1173 2094 58 30 the
1250 2094 111 42 pelvis
1388 2098 51 38 by

55 2159 65 34 less
138 2164 210 44 cxndadon;
377 2179 46 23 no
441 2181 172 35 gangrene
627 2187 8 28 ;
666 2177 143 35 bladder
823 2179 161 39 Inflamed
997 2186 69 34 and
1085 2189 176 46 collapsed
1277 2206 9 28 ;
1313 2207 100 27 omen

485 2225 15 30 ^
951 2234 36 35 in
1003 2239 57 32 the
1074 2201 176 86 cavit/of
1265 2246 57 33 the
1341 2223 94 70 peril

167 2563 80 34 126.
299 2561 102 40 Som.
419 2573 184 48 Yomittaj.
1187 2549 50 48 "r
