1895 3217
613 369 91 31 THE
727 367 190 33 HORNED
941 366 218 33 SAPAJOU.

1473 357 90 43 175

205 503 78 38 the
313 496 161 45 thumb
496 496 125 44 bears
644 510 28 29 a
693 495 145 44 better
865 492 266 62 proportion,
1162 491 112 46 from
1303 491 58 46 its
1391 500 174 54 greater

205 572 182 60 length;
412 580 78 37 the
507 571 144 61 palms
675 569 49 47 of
749 570 107 45 both
879 568 89 46 fore
991 569 90 45 and
1102 569 161 44 hinder
1285 569 277 47 extremities

204 663 73 29 are
300 663 110 45 very
433 647 189 45 sensible
645 646 50 46 of
711 647 146 44 touch.
927 646 96 44 The
1046 645 177 61 general
1241 645 89 45 size
1353 645 37 45 is
1409 647 147 53 small,

201 724 77 44 the
297 723 280 61 dispositions
594 723 112 45 mild
724 723 89 44 and
830 720 206 62 playful;
1062 722 77 45 the
1157 720 99 47 food
1273 721 162 62 chiefly
1452 721 109 47 fruit

203 800 89 44 and
307 800 162 45 insects
488 817 13 37 ;
526 807 111 53 they
656 814 73 30 are
747 798 262 62 gregarious,
1031 798 103 54 and,
1153 798 228 61 generally
1399 800 163 59 speak-

199 875 92 61 ing,
333 882 110 55 they
476 892 108 45 may
619 877 53 43 be
707 876 96 44 said
837 882 46 38 to
928 876 163 59 supply
1125 881 78 39 the
1241 875 124 60 place
1401 874 51 46 of
1481 875 79 47 the

200 950 212 47 Guenons
446 952 50 46 of
523 953 77 45 the
628 952 88 46 Old
745 952 174 45 World.
988 952 130 60 They
1149 966 202 30 embrace
1384 952 63 44 all
1474 952 80 45 the

198 1028 246 62 remaining
476 1030 219 45 monkeys
734 1028 51 46 of
819 1029 77 46 the
932 1028 120 46 New
1085 1028 174 54 World,
1297 1029 147 45 which
1478 1044 74 30 are

197 1106 227 57 possessed
447 1105 49 46 of
510 1105 247 61 prehensile
779 1105 118 45 tails.

266 1181 97 45 The
386 1182 246 44 characters
662 1180 50 47 of
736 1182 90 44 this
855 1196 138 45 genus
1023 1196 87 38 are,
1142 1196 26 29 a
1197 1179 129 47 facial
1356 1196 128 30 angle
1509 1180 51 46 of

198 1263 136 38 about
357 1255 112 56 60°;
505 1258 116 44 head
653 1272 156 38 round,
840 1257 90 45 and
967 1263 77 38 the
1075 1257 176 44 muzzle
1281 1257 151 53 short;
1472 1257 77 45 the

198 1332 81 44 tail
301 1333 260 60 prehensile,
587 1334 89 44 and
706 1332 191 61 entirely
920 1333 184 44 covered
1127 1332 113 45 with
1269 1333 111 45 hair.
1451 1333 98 45 The

197 1407 95 46 first
316 1424 161 45 species
500 1425 68 30 we
592 1408 114 46 shall
727 1409 201 45 mention
951 1408 52 54 is.

537 1779 109 37 THE
677 1778 231 38 HORNED
940 1777 263 40 SAPAJOU.

550 1883 126 37 Cebus
688 1882 498 46 fatuellus.—Geoffroy.

731 1986 134 36 Plate
886 1985 120 37 XXI.

188 2087 113 38 Simla
310 2090 184 45 fatuellus,
507 2090 376 36 Linnceus.—Sajou
894 2103 124 32 cornu,
1027 2090 118 37 Cebus
1156 2091 185 46 fatuellus,
1355 2093 188 49 Geoffroy

236 2153 120 37 Saint
361 2155 174 44 Hilaire,
542 2154 181 36 Annales
735 2154 54 36 du
806 2155 204 45 Museum,
1021 2167 76 23 xix.
1113 2168 33 35 p.
1171 2155 96 46 109;
1281 2157 262 39 Desmarest's

236 2218 294 37 Mammalogie,
544 2232 32 34 p.
593 2219 170 36 84—Le
776 2218 111 38 Sajou
901 2232 111 23 cornu
1024 2233 109 32 male,
1145 2227 37 29 et
1195 2223 148 45 variete,
1354 2223 188 36 Frederic

239 2283 160 45 Cuvier,
421 2284 180 36 Histoire
619 2284 216 37 Naturelle
853 2285 65 36 des
937 2285 290 37 Mammiferes.

250 2386 118 44 This
413 2386 207 61 Sapajou,
654 2387 50 45 of
738 2394 232 54 grotesque
1007 2387 154 62 figure,
1197 2388 111 46 from
1341 2396 79 39 the
1451 2407 85 29 un-

180 2462 132 44 usual
359 2462 211 45 direction
614 2462 50 45 of
699 2464 78 45 the
814 2464 99 45 hair
950 2480 120 29 upon
1108 2465 78 45 the
1225 2464 221 56 forehead,
1487 2466 48 46 in

179 2540 175 58 general
377 2538 126 56 form,
529 2540 95 45 will
654 2541 124 45 show
799 2548 78 39 the
899 2549 272 54 proportions
1195 2542 49 46 of
1265 2544 91 45 this
1378 2560 153 46 genus.

181 2613 45 46 It
247 2614 81 46 has
350 2616 111 44 been
485 2616 101 61 long
608 2617 180 55 known,
824 2619 89 45 and
947 2634 93 30 was
1073 2619 270 47 established
1375 2621 46 45 in
1452 2622 78 46 the

1314 2710 30 31 Y
