2107 3450
1606 311 85 41 215

604 324 167 33 SPEECH
805 325 46 30 IN
887 324 244 31 DEMENTIA.

40 449 301 45 Occasionally
365 448 195 43 exhibits
592 446 235 43 Echolalia.
895 444 304 56 Occasionally
1224 444 119 56 sings
1368 448 44 37 to
1437 442 181 44 himself
1647 443 44 41 in

36 522 110 56 good
171 528 116 36 tune.

97 665 118 44 Case
249 662 298 44 II.—Patient
569 664 50 41 in
650 662 128 42 much
799 662 67 42 the
887 675 114 28 same
1022 660 218 42 condition
1273 673 47 28 as
1345 659 102 43 Case
1469 659 52 51 I,
1543 660 100 55 only
1666 673 28 27 a,

35 738 108 41 little
179 751 129 27 worse.
371 736 236 42 Echolalia.
672 735 209 55 Babbling
904 746 271 42 monologues.
1239 732 47 43 Is
1308 730 230 58 dirty.—I.
1562 731 53 44 A.
1639 731 53 45 A.

35 808 165 56 (male),
223 814 66 37 vet.
314 808 66 43 28.
447 807 216 56 Heredity
688 821 103 28 very
814 806 95 43 bad.
974 805 273 44 Adolescent
1275 804 205 57 Insanity
1505 805 188 56 (mania)

35 886 45 34 at
105 880 67 40 2'A.
235 879 145 41 When
407 879 86 43 this
516 878 156 56 passed
690 878 70 42 off,
778 877 224 43 dementia
1024 882 67 38 set
1109 877 55 43 in.
1228 876 65 43 At
1310 876 95 43 first
1429 877 73 42 the
1520 877 173 56 patient

34 951 100 42 read
158 965 23 27 a
203 950 111 57 good
338 950 108 54 deal,
469 950 88 43 and
589 950 173 43 seemed
796 954 44 38 to
864 949 273 44 understand
1161 949 119 43 what
1313 949 54 43 he
1402 949 111 42 read.
1579 949 111 42 Now

33 1022 54 44 he
111 1037 131 28 never
265 1023 135 53 reads,
418 1023 81 43 but
521 1023 54 43 he
599 1029 121 36 often
742 1022 125 43 looks
890 1029 45 36 at
958 1022 75 44 the
1056 1022 193 56 pictures
1273 1022 47 42 of
1338 1021 76 43 the
1437 1021 256 43 Illustrated

33 1096 132 42 News.
229 1095 147 45 When
400 1096 167 56 spoken
591 1100 57 48 to,
671 1095 251 44 sometimes
945 1099 170 39 repeats
1140 1094 74 43 the
1237 1094 86 43 last
1347 1095 140 42 words
1521 1108 169 42 spoken

34 1171 45 39 to
103 1168 91 42 him
218 1168 57 56 by
298 1168 238 43 Echolalia.
601 1168 261 43 Sometimes
885 1168 157 56 laughs
1075 1167 87 43 and
1184 1172 156 52 grunts
1363 1172 45 37 to
1431 1167 181 42 himself
1644 1167 46 41 in

35 1254 24 28 a
102 1241 101 55 silly
245 1255 105 42 way.
431 1241 260 43 Sometimes
730 1240 55 44 he
828 1239 180 43 babbles
1051 1245 45 37 to
1139 1240 181 42 himself
1362 1244 330 52 unintelligible

35 1311 163 42 sounds
241 1312 46 41 in
326 1326 24 28 a
390 1312 198 56 whisper.
653 1311 182 56 To-day,
872 1312 47 40 in
958 1311 125 56 reply
1122 1316 44 37 to
1206 1325 134 43 every
1378 1311 221 56 question,
1636 1311 56 42 he

34 1383 161 43 replies
217 1387 22 19 "
254 1383 154 44 elves,"
430 1384 46 41 in
501 1398 25 28 a
549 1384 199 42 whisper.
814 1383 70 43 He
908 1383 144 43 varies
1085 1397 25 28 a
1131 1383 111 57 good
1266 1383 109 53 deal,
1400 1383 130 43 being
1553 1397 139 29 some-

34 1456 130 43 times
195 1470 103 42 very
334 1456 145 42 silent,
502 1456 86 42 and
621 1456 252 42 sometimes
907 1455 212 43 babbling
1141 1461 45 37 to
1219 1455 181 43 himself
1434 1456 66 41 for
1533 1470 22 28 a
1590 1456 103 56 long

33 1527 107 43 time
163 1528 45 42 in
234 1528 226 42 baby-like
485 1528 182 42 fashion.

91 1671 119 43 Case
244 1671 310 55 III.—Deeply
592 1671 226 51 demented,
855 1670 121 56 being
1012 1670 120 57 dirty
1168 1671 51 42 in
1253 1670 141 43 habits
1425 1672 92 41 and
1549 1672 144 56 eating

29 1743 211 42 anything
261 1743 67 42 she
350 1758 80 27 can
449 1744 99 55 pick
559 1744 124 55 from
706 1743 65 42 the
783 1743 124 56 floor.
972 1743 173 42 Babbles
1168 1748 38 37 to
1229 1743 162 56 herself.
1460 1744 104 45 Can,
1581 1745 131 43 how-'

29 1829 100 39 ever,
148 1815 51 42 do
216 1830 27 26 a
267 1816 106 42 little
395 1816 151 42 simple
562 1815 288 52 house-work;
884 1815 101 43 and,
1008 1816 119 42 when
1150 1817 209 41 attention
1377 1817 38 42 is
1435 1818 161 51 roused,
1611 1833 82 28 can

26 1888 92 55 give
140 1889 74 41 her
235 1902 153 38 name;
412 1888 92 41 and
525 1903 81 27 can
627 1903 126 27 name
769 1889 209 55 correctly,
993 1889 90 42 and
1100 1890 105 41 with
1216 1890 162 55 perfect
1395 1891 297 53 articulation,

30 1975 27 26 a
88 1961 177 41 number
297 1960 49 56 of
371 1961 167 41 articles
568 1961 142 42 shown
743 1965 39 39 to
813 1961 210 43 her.—M.
1047 1962 62 43 M.
1139 1961 212 57 (female),
1375 1967 65 38 set.
1467 1964 67 43 32.
1600 1965 91 43 The

33 2031 223 43 dementia
279 2032 35 41 is
340 2046 94 27 now
457 2032 47 42 of
533 2046 119 29 some
675 2033 139 57 years'
848 2034 217 56 standing.
1131 2035 94 42 Has
1255 2049 25 28 a
1303 2036 110 55 good
1437 2036 125 54 head,
1586 2038 106 54 face,

32 2103 87 42 and
135 2103 153 56 figure;
310 2103 124 42 looks
451 2103 202 57 healthy;
677 2105 84 42 and
779 2110 48 37 at
845 2106 93 42 first
953 2106 120 56 sight
1090 2106 124 43 looks
1234 2107 253 57 intelligent
1505 2111 189 53 enough,

33 2189 101 41 eyes
170 2175 129 56 being
337 2175 116 42 clear
488 2176 85 41 and
613 2176 147 56 bright
794 2177 189 58 (though
1020 2178 150 43 rather
1207 2179 209 58 restless),
1444 2182 86 43 and
1570 2183 122 44 there

33 2246 131 56 being
185 2261 56 27 an
266 2247 180 56 upright
470 2248 185 43 wrinkle
681 2248 195 44 between
900 2249 76 44 the
995 2251 237 55 eyebrows,
1250 2266 46 29 as
1312 2252 36 43 if
1366 2253 111 43 from
1500 2254 126 45 habit
1648 2258 48 41 of

33 2318 197 57 thought.
297 2320 189 53 Patient,
508 2320 216 53 however,
747 2328 188 37 mutters
969 2323 219 55 (babbles)
1224 2329 44 38 to
1301 2324 168 45 herself
1500 2333 192 39 unintel-

31 2390 151 57 ligible
205 2392 164 43 sounds
393 2392 45 42 in
473 2407 24 27 a
531 2393 198 56 whisper.
796 2394 95 44 Can
926 2395 53 43 be
1016 2400 76 52 got
1130 2401 44 38 to
1213 2397 55 42 do
1307 2398 189 59 nothing
1534 2403 160 52 useful,

32 2469 155 50 except
211 2470 42 36 to
279 2465 132 42 brush
437 2465 73 42 the
533 2465 107 43 floor
664 2467 108 42 with
795 2481 25 29 a
842 2467 104 57 long
968 2468 147 43 brush.
1181 2469 165 44 Would
1371 2477 70 37 eat
1474 2475 220 42 anything

31 2535 76 43 she
131 2550 76 28 can
235 2536 102 57 pick
361 2551 59 42 up
443 2537 124 56 (cat's
591 2544 118 37 meat
731 2539 65 43 for
818 2540 235 56 example),
1070 2541 37 41 if
1127 2547 77 37 not
1226 2545 252 54 prevented.
1543 2547 149 45 When

31 2621 25 29 a
78 2608 82 57 bag
186 2610 46 41 of
260 2616 277 37 sweetmeats
569 2611 36 42 is
639 2611 192 57 brought
865 2618 43 37 to
942 2612 88 53 her,
1065 2614 147 43 would
1245 2621 72 37 eat
1349 2632 59 27 up
1447 2623 21 17 "
1485 2619 83 58 bag
1605 2622 88 43 and

32 2681 292 55 everything."
388 2682 147 44 Never
567 2683 158 56 speaks
758 2690 158 52 except
950 2686 127 43 when
1113 2687 171 57 spoken
1321 2694 53 38 to.
1442 2691 137 46 Gives
1615 2694 79 44 her

35 2764 137 39 name,
195 2752 86 42 and
305 2767 150 29 names
479 2755 215 57 correctly
717 2757 85 42 and
829 2757 108 42 with
961 2758 171 56 perfect
1158 2760 297 55 articulation,
1477 2778 33 28 a.
1538 2766 156 52 watch,

35 2836 24 27 a
81 2822 139 53 chain,
239 2838 22 27 a
284 2824 97 56 key,
400 2826 120 52 cuffs,
538 2841 25 28 a
586 2841 162 42 penny,
766 2843 25 28 a
815 2829 332 55 handkerchief,
1170 2846 80 29 etc.
1309 2834 218 57 Eequires
1541 2843 152 39 assist-

35 2907 104 28 ance
163 2894 45 41 in
232 2894 195 58 dressing
449 2899 84 40 and
559 2899 272 58 undressing.
899 2902 44 42 Is
962 2902 129 57 dirty.
1158 2904 150 44 Never
1325 2905 144 45 shows
1488 2908 203 44 affection

37 2963 64 41 for
123 2978 85 42 any
232 2980 92 29 one.
387 2967 117 44 Does
528 2975 77 37 not
626 2971 109 43 sing.

98 3108 118 43 Case
240 3109 288 58 IV.—Speech
545 3116 258 54 production
825 3117 97 54 nil;
955 3118 73 43 but
1050 3120 290 44 understands
1361 3123 150 56 simple
1541 3127 156 51 orders,

37 3180 91 43 and
147 3180 39 43 is
207 3181 88 42 able
317 3187 39 38 to
379 3184 111 43 dress
511 3186 178 59 himself
704 3189 91 42 and
811 3190 95 57 keep
924 3191 180 58 himself
1118 3193 127 42 clean.
1296 3194 47 41 Is
1360 3197 112 55 quite
1490 3197 206 54 taciturn,
