2113 3404
368 206 85 41 350

850 219 86 30 THE
969 219 241 33 DISORDERS
1243 222 56 31 OF
1331 223 173 31 SPEECH.

370 342 44 36 to
447 336 130 42 write.
642 336 84 43 She
759 337 138 51 could,
920 338 207 53 however,
1153 342 214 41 recognise
1399 355 25 28 a
1455 343 80 40 few
1566 342 44 40 of
1640 341 74 41 the
1744 340 238 41 individual

370 406 149 43 letters
553 407 216 55 [overflow
803 408 43 41 of
882 408 226 42 education
1144 411 90 41 into
1267 411 71 42 the
1372 411 121 42 other
1526 410 342 55 hemisphere?];
1901 411 82 40 and

374 477 120 42 when
519 492 25 28 a
566 478 115 42 word
706 492 83 28 was
821 479 226 54 composed
1071 480 43 41 of
1145 480 121 43 these
1297 481 75 42 she
1396 481 124 42 could
1553 481 245 42 sometimes
1821 480 105 41 spell
1953 480 33 40 it

373 553 76 37 out
471 550 82 39 and
577 562 246 41 pronounce
846 549 43 41 it.

431 619 100 40 Two
554 619 174 41 months
750 626 108 34 after
880 619 76 42 her
978 619 245 52 admission,
1244 621 74 43 she
1343 621 82 42 had
1447 636 51 27 an
1524 621 144 42 attack
1692 623 46 38 of
1765 620 224 55 apoplexy,

376 689 102 41 with
514 689 292 55 luemorrhage
837 689 91 41 into
960 690 74 41 the
1066 691 240 42 ventricles,
1330 691 82 42 and
1446 691 108 41 died.
1619 692 58 40 At
1705 690 71 42 the
1798 704 194 28 autopsy,

377 760 168 42 besides
573 760 72 41 the
667 763 147 39 recent
845 761 315 41 extravasation
1193 761 43 41 of
1270 761 134 51 blood,
1427 761 118 42 there
1569 775 84 27 was
1687 761 130 41 found
1842 762 42 39 in
1919 759 72 42 the

377 831 121 40 brain
531 831 72 40 the
627 830 68 40 old
730 830 133 41 lesion
901 830 135 41 which
1062 831 83 41 had
1178 831 212 55 produced
1416 832 72 40 the
1522 831 357 41 word-blindness
1906 831 83 41 and

376 901 214 56 agraphia.
653 901 103 41 This
786 915 86 27 was
895 915 23 26 a
941 901 215 55 softening
1182 901 168 42 exactly
1375 900 326 42 circumscribed
1727 901 43 40 in
1799 900 73 42 the
1898 915 96 27 area

378 987 96 26 now
493 971 246 43 recognised
757 985 45 27 as
819 971 97 41 that
935 972 61 40 for
1018 971 137 42 visual
1179 971 310 56 word-images,
1507 971 91 50 viz.,
1617 971 72 42 the
1711 971 177 41 angular
1909 971 84 40 and

380 1042 361 57 supra-marginal
765 1046 311 37 convolutions.

438 1114 197 41 Nothing
658 1113 126 42 could
808 1114 50 40 be
891 1126 114 28 more
1028 1113 256 41 convincing
1316 1113 103 40 than
1450 1112 87 41 this
1567 1125 102 28 case.
1735 1111 42 41 It
1808 1112 83 40 and
1924 1111 71 41 the

382 1187 121 42 other
526 1201 116 25 eases
666 1185 42 40 of
742 1185 71 40 the
837 1198 115 27 same
975 1183 105 41 kind
1104 1183 172 41 already
1300 1197 54 27 on
1377 1182 147 42 record
1554 1195 130 41 prove
1707 1181 289 54 conclusively

384 1256 94 43 that
497 1261 74 37 not
589 1270 100 26 only
711 1253 357 42 word-blindness
1087 1253 189 54 (alexia),
1296 1252 78 43 but
1390 1251 88 42 also
1495 1252 213 55 agraphia,
1727 1251 34 42 is
1787 1265 209 40 produced

385 1328 55 53 by
465 1341 22 27 a
510 1325 263 42 destructive
796 1323 133 42 lesion
955 1323 44 41 in
1029 1323 71 41 the
1134 1337 136 26 visual
1306 1335 288 28 word-centre.
1657 1320 98 41 And
1792 1321 47 41 he
1872 1321 35 39 it
1937 1334 61 26 re-

385 1397 176 41 marked
595 1396 95 41 that
713 1395 41 42 in
790 1395 103 41 such
919 1409 116 27 cases
1068 1394 72 41 the
1164 1394 166 54 patient
1361 1397 157 37 cannot
1543 1391 116 41 write
1694 1399 102 32 with
1825 1390 66 41 his
1925 1390 77 41 left

386 1469 112 42 hand
524 1484 83 26 any
635 1482 113 26 more
770 1468 105 40 than
899 1467 53 40 he
975 1481 76 26 can
1079 1465 101 41 with
1205 1465 65 40 his
1294 1477 124 42 right.

446 1540 88 41 The
558 1553 94 28 case
675 1542 210 38 contrasts
909 1536 103 42 with
1039 1537 128 41 Cases
1190 1535 31 41 I.
1242 1534 81 41 and
1352 1534 68 51 II,
1438 1534 44 40 in
1508 1533 136 41 which
1671 1531 102 43 with
1797 1531 138 41 lesion
1959 1530 40 40 in

388 1611 73 41 the
489 1609 197 55 occipital
719 1609 110 40 lobe,
851 1607 82 41 and
969 1613 101 35 with
1107 1604 357 42 word-blindness
1490 1603 82 41 and
1606 1599 303 57 hemianopsia,
1933 1600 70 40 the

390 1682 167 55 patient
592 1693 84 29 was
702 1684 73 37 not
807 1677 212 57 agraphia,
1041 1677 179 41 because
1254 1675 72 41 the
1355 1674 136 41 visual
1527 1686 293 35 word-centre,
1842 1670 159 53 though

390 1761 74 34 cut
487 1753 61 41 off
579 1754 105 38 from
719 1750 72 41 the
822 1762 188 44 primary
1039 1754 315 35 word-centres,
1375 1744 84 42 and
1492 1743 209 42 therefore
1736 1739 270 49 word-blind,

393 1840 83 26 was
500 1823 91 43 still
614 1823 148 41 intact,
785 1820 82 41 and
891 1818 139 43 could,
1051 1819 66 40 for
1139 1829 203 44 purposes
1369 1816 43 40 of
1436 1819 180 49 writing,
1638 1813 109 41 have
1768 1812 56 40 its
1846 1811 160 53 images

393 1894 170 42 revived
591 1894 106 40 from
731 1891 163 40 within.
956 1889 22 41 I
1013 1889 110 40 hope
1159 1888 20 40 I
1216 1887 108 40 have
1359 1884 91 42 said
1484 1882 165 55 enough
1686 1887 40 35 to
1760 1880 123 41 make
1917 1891 88 43 per-

393 1965 131 44 fectly
549 1978 113 28 clear
695 1962 72 42 the
790 1960 253 42 distinction
1074 1959 191 41 between
1301 1956 119 41 these
1452 1959 85 37 two
1570 1952 198 42 varieties
1800 1951 43 41 of
1875 1949 131 42 word-

394 2037 305 42 blindness,—
719 2034 72 40 the
838 2046 79 27 one
967 2029 116 43 with,
1126 2029 84 41 and
1259 2028 72 41 the
1378 2026 123 42 other
1548 2030 183 35 without
1775 2019 233 44 associated

393 2107 218 56 agraphia.

573 2277 109 41 How
702 2288 105 28 some
828 2271 254 44 word-blind
1103 2270 182 55 'patients
1305 2281 99 40 may
1425 2266 42 41 be
1488 2264 166 42 enabled
1676 2267 38 37 to
1734 2262 110 41 read.

457 2397 44 41 It
535 2396 35 41 is
604 2410 25 26 a
663 2393 277 42 well-known
980 2391 86 40 fact
1100 2388 95 41 that
1229 2400 114 27 some
1381 2381 255 43 word-blind
1672 2382 198 52 patients,
1892 2381 119 50 quite

398 2466 158 43 unable
590 2471 42 35 to
665 2464 99 41 read
797 2462 138 42 either
958 2459 136 42 words
1117 2472 45 27 or
1189 2457 148 40 letters
1360 2468 54 27 on
1439 2450 157 55 merely
1619 2449 176 54 looking
1817 2452 44 36 at
1881 2447 131 49 them,

398 2553 79 28 can
512 2541 74 51 yet
619 2534 108 43 spell
765 2539 76 35 out
876 2544 135 29 words
1045 2529 147 42 shown
1228 2531 43 36 to
1307 2525 130 49 them,
1460 2523 35 39 if
1527 2521 100 54 they
1652 2533 123 27 make
1801 2524 102 34 with
1940 2517 71 40 the

399 2610 135 41 finder
570 2621 24 27 a
632 2604 166 43 tracing
835 2603 42 40 in
918 2601 72 41 the
1029 2613 62 27 air
1128 2597 43 42 of
1207 2595 101 42 each
1348 2590 239 44 individual
1619 2590 136 41 letter.
1819 2587 192 49 Charcot,

399 2676 240 58 Westphal,
678 2675 83 41 and
799 2673 155 42 others,
991 2670 108 41 have
1135 2665 198 44 recorded
1373 2677 129 40 many
1540 2674 115 29 cases
1692 2660 45 41 of
1772 2657 85 43 this
1895 2656 117 42 kind.

400 2753 65 41 By
491 2748 96 44 mak
594 2748 73 42 ing
703 2745 105 43 such
847 2759 24 26 a
905 2741 177 54 tracing,
1116 2739 118 41 these
1273 2735 186 56 patients
1496 2746 54 27 no
1587 2731 136 42 doubt
1758 2741 145 30 revive
1941 2727 71 40 the

401 2819 337 60 graphic-motor
761 2816 159 40 images
938 2812 46 42 of
1002 2811 72 42 the
1097 2810 147 41 letters
1267 2807 95 41 that
1383 2819 70 28 are
1474 2802 142 43 stored
1637 2802 46 41 in
1707 2800 71 42 the
1799 2812 143 29 centre
1959 2797 54 42 D.

404 2894 87 41 But
509 2891 33 41 if
559 2889 73 42 the
649 2901 144 29 centre
812 2885 45 43 C,
874 2882 106 44 with
997 2882 57 41 its
1070 2878 141 44 visual
1230 2879 159 40 images
1407 2875 45 41 of
1468 2873 70 42 the
1553 2872 161 49 letters,
1729 2870 35 42 is
1778 2865 236 50 destroyed,

401 2965 36 41 it
458 2964 36 41 is
517 2959 199 44 doubtful
751 2958 34 41 if
815 2956 71 42 the
909 2951 163 44 revival
1095 2951 43 39 of
1165 2949 71 41 the
1259 2946 332 57 graphic-motor
1614 2942 159 54 images
1796 2943 44 37 at
1861 2938 41 41 D
1925 2950 91 36 can,

399 3037 45 41 of
459 3033 130 43 itself,
611 3030 146 43 suffice
777 3036 41 34 to
838 3026 122 42 bring
983 3038 129 27 about
1137 3021 84 41 this
1236 3016 162 45 mental
1415 3019 264 51 recognition
1700 3011 43 41 of
1766 3009 72 43 the
1855 3009 158 41 letters.
