1895 3217
904 343 237 31 MONKEYS.

339 333 62 40 40

342 473 79 39 the
451 482 124 31 same
606 482 244 39 enclosure^
882 468 153 45 would
1063 469 55 44 be
1147 474 78 39 the
1248 468 215 60 positions
1487 470 91 45 and
1600 467 112 48 atti-

339 553 111 37 tude
466 560 14 39 ;
506 544 92 45 and
615 559 28 30 a
661 559 138 30 closer
816 550 228 39 attention
1068 544 152 46 would
1244 560 105 30 soon
1365 545 225 55 convince,
1607 547 103 44 that

339 628 79 39 the
442 621 340 60 corresponding
804 635 224 30 members
1052 620 48 45 in
1124 636 123 38 each,
1273 621 136 45 while
1433 621 275 62 beautifully

338 696 173 46 formed
538 696 66 46 for
631 697 120 45 their
778 713 158 45 proper
964 713 117 38 uses,
1118 698 130 44 could
1278 704 79 38 not
1387 699 54 44 be
1471 699 239 59 employed

336 780 46 39 to
413 772 190 63 perform
635 773 176 46 similar
849 781 186 48 actions,
1069 774 115 45 with
1219 790 58 30 an
1308 775 133 45 equal
1476 775 156 61 degree
1668 774 48 46 of

337 851 218 62 strength,
580 851 220 55 firmness,
827 867 47 30 or
897 867 114 30 ease.

401 929 110 45 Few
533 944 195 46 persons,
754 928 47 45 in
825 936 78 38 the
926 935 179 54 present
1131 945 87 38 era,
1246 928 95 46 will
1365 934 156 46 assert,

770 1058 28 31 “
820 1057 95 36 Men
933 1058 92 35 have
1044 1059 82 35 foux’
1140 1058 76 36 legs
1236 1059 46 46 by
1301 1063 142 40 nature,

535 1123 91 36 And
646 1123 80 36 that
747 1123 57 35 ’tis
823 1128 140 30 custom
984 1124 125 35 makes
1128 1129 103 30 them
1251 1136 42 34 go

545 1188 246 48 Erroneously
810 1201 97 23 upon
926 1189 67 35 hut
1015 1189 113 36 two.”

338 1319 155 45 While
510 1319 77 44 the
604 1317 105 55 fact,
719 1318 103 45 that
837 1333 56 31 no
908 1317 157 46 nation
1083 1317 43 45 in
1145 1323 78 39 the
1240 1318 139 45 world
1394 1333 203 31 assumes
1612 1333 94 47 any

336 1402 159 40 Csxcept
511 1402 78 38 the
605 1402 117 39 erect
738 1394 212 55 attitude,
969 1394 94 46 will
1082 1395 53 45 be
1151 1395 275 61 sufficiently
1441 1395 263 53 conclusive,

336 1473 195 45 v/ithout
544 1473 188 60 making
745 1487 81 31 use
840 1470 49 47 of
895 1478 78 39 the
987 1487 408 46 manyarguments
1405 1471 148 46 which
1562 1473 146 62 might

335 1551 54 44 be
405 1550 157 45 drawn
576 1548 112 46 from
707 1555 78 39 the
800 1555 265 40 adaptation
1080 1549 50 46 of
1144 1564 236 30 structure.
1429 1549 85 45 Let
1533 1565 52 30 us
1604 1565 105 31 now

335 1643 71 30 see
424 1627 104 45 how
542 1627 92 45 this
658 1641 149 46 agrees
827 1626 114 45 with
959 1632 80 40 the
1056 1626 182 46 natural
1260 1625 95 62 gait
1371 1625 50 47 of
1436 1633 78 39 the
1534 1642 172 31 orangs.

341 1705 50 44 [n
415 1720 123 38 man,
563 1704 79 45 the
664 1704 150 53 limbs,
840 1710 78 38 the
936 1702 218 62 principal
1172 1718 157 31 organs
1348 1702 51 46 of
1412 1704 287 60 progi’ession,

334 1781 90 45 and
447 1779 50 47 of
521 1779 302 62 maintaining
846 1786 78 39 the
948 1779 181 61 upright
1151 1786 208 54 position,
1396 1795 74 29 are
1500 1780 134 45 equal
1657 1780 48 45 in

335 1857 153 46 length
528 1863 46 40 to
614 1857 78 45 the
726 1857 118 45 head
884 1857 90 45 and
1012 1858 140 44 trunk
1192 1862 217 55 together,
1452 1857 137 46 while
1623 1858 80 45 the

335 1950 140 46 upper
497 1934 278 45 extremities
800 1949 73 30 are
897 1934 353 61 comparatively
1275 1933 135 46 short.
1449 1935 97 44 The
1561 1941 143 55 glutei

336 2012 191 45 muscles
551 2027 74 29 are
648 2012 78 44 the
755 2011 165 46 largest
949 2011 48 45 in
1026 2011 79 45 the
1134 2011 174 45 human
1337 2013 135 60 body,
1510 2012 90 45 and
1623 2012 79 45 the

333 2095 288 54 gastronemi,
659 2103 47 31 or
737 2088 99 54 calf,
868 2103 73 30 are
970 2087 49 46 of
1038 2088 221 46 immense
1290 2104 164 45 power,
1492 2090 91 44 and
1611 2096 92 39 ter-

333 2165 172 44 minate
528 2165 47 44 in
606 2180 27 29 a
663 2164 219 61 powerful
905 2165 115 53 cord,
1046 2165 198 44 inserted
1275 2165 45 44 in
1353 2172 77 38 the
1455 2166 248 61 extremity

332 2241 50 46 of
408 2241 79 45 the
523 2242 128 52 bone,
689 2239 190 62 forming
913 2241 79 44 the
1028 2241 101 44 heel
1163 2255 47 30 or
1244 2256 45 29 os
1321 2242 143 44 calcis.
1537 2243 161 54 These,

331 2319 219 52 hovv^ever,
577 2317 152 45 would
762 2318 55 44 be
851 2316 287 54 insufficient,
1177 2317 193 45 without
1402 2333 26 29 a
1460 2334 170 30 surface
1654 2334 47 31 or

330 2397 103 44 base
466 2411 54 30 on
552 2394 148 45 which
727 2395 79 45 the
836 2394 139 45 trunk
1008 2393 129 46 itself
1162 2394 130 45 could
1326 2409 118 38 rest;
1507 2396 91 45 and
1629 2412 70 31 we

328 2473 94 45 find
458 2473 91 45 this
582 2472 205 61 supplied
817 2473 62 59 by
912 2487 26 29 a
971 2472 137 45 broad
1144 2471 91 45 and
1271 2486 230 31 capacious
1538 2473 154 60 pelvis,

330 2551 111 45 with
475 2549 148 47 which
654 2555 78 39 the
772 2549 290 61 thigh-bones
1098 2547 111 47 fonn
1242 2564 26 30 a
1302 2549 118 45 right
1451 2550 146 61 angle,
1635 2552 64 60 by

326 2645 155 29 means
519 2631 51 42 of
599 2626 77 46 the
712 2627 155 45 length
906 2625 49 47 of
982 2632 78 40 the
1090 2627 148 45 cervix
1261 2627 215 58 femoris,
1509 2643 47 30 or
1584 2629 114 45 neck
