2107 3450
1644 296 87 45 145

503 308 87 36 TItE
628 310 247 34 LANGUAGE
907 311 55 32 OF
994 307 300 35 DEAF-MUTES.

68 444 116 42 man,
207 434 97 43 who
336 433 85 44 had
451 433 267 43 understood
740 433 60 43 all
830 433 68 42 his
931 432 197 43 remarks
1162 431 58 56 by
1244 432 75 42 the
1354 429 182 44 method
1565 430 45 42 of
1641 429 84 56 lip-

63 506 189 43 reading.
303 507 53 42 In
375 506 88 43 this
481 509 198 53 country,
693 519 134 29 many
842 519 119 29 cases
976 504 112 42 have
1106 502 179 44 already
1302 503 111 42 been
1428 501 293 56 successfully

64 579 160 56 taught
245 579 58 56 by
327 579 87 42 this
437 578 203 43 method;
672 578 81 42 but
774 578 37 42 it
833 577 37 43 is
893 575 273 44 universally
1189 574 218 44 admitted
1429 573 99 44 that
1551 587 172 29 success

65 648 78 44 has
158 650 193 43 hitherto
367 655 77 38 not
458 652 108 42 been
586 665 46 28 so
646 654 122 52 great
782 664 46 28 as
844 650 35 42 it
894 649 78 43 has
988 649 110 43 been
1113 648 47 42 in
1177 648 236 43 Germany.
1462 645 92 44 The
1569 659 154 29 reason

62 721 169 43 alleged
252 722 38 42 is
313 722 97 43 that
442 722 75 43 the
549 721 187 58 English
773 721 214 57 language
1009 720 38 43 is
1070 724 79 39 not
1170 733 47 29 so
1242 718 99 44 well
1365 717 124 44 fitted
1514 717 67 42 for
1602 716 119 57 "lip-

61 793 179 42 reading
258 792 20 17 "
300 807 46 30 as
369 793 75 44 the
467 794 195 43 German
683 794 48 42 is.
796 793 139 43 There
958 807 81 29 can
1062 793 53 43 be
1139 806 57 29 no
1219 791 141 44 doubt
1384 790 98 43 that
1506 789 76 44 the
1605 789 120 43 chief

61 864 217 58 difficulty
301 865 44 42 in
369 866 152 43 regard
546 875 43 34 to
612 865 185 57 English
820 866 51 43 is,
893 870 79 39 not
994 870 99 39 that
1116 865 74 43 the
1213 863 165 45 sounds
1401 863 48 43 of
1480 862 75 44 the
1577 861 143 44 words

62 951 69 27 are
167 951 118 29 more
323 937 187 43 difficult
533 938 44 42 of
600 938 353 57 pronunciation,
974 938 82 43 but
1090 942 99 38 that
1227 937 75 43 the
1337 935 191 57 spelling
1563 935 47 42 of
1644 933 77 44 the

61 1008 140 43 M-ords
224 1008 78 44 has
325 1010 210 43 departed
558 1025 46 28 so
629 1010 160 44 widely
812 1011 114 43 from
947 1010 117 44 their
1085 1010 175 43 sounds.
1324 1009 92 43 The
1448 1007 204 58 spelling,
1673 1006 47 43 in

65 1081 194 56 English,
300 1082 37 43 is
380 1097 99 29 now
522 1083 65 43 far
628 1083 112 44 from
784 1084 131 56 being
957 1083 177 56 strictly
1175 1095 222 44 phonetic,
1435 1080 194 44 whereas
1672 1080 49 42 in

60 1153 193 44 German
284 1155 37 43 it
342 1155 94 43 still
459 1156 230 43 continues
710 1160 46 39 to
778 1156 54 43 be
855 1170 160 29 almost
1037 1155 174 44 strictly
1234 1169 60 29 so.
1359 1153 91 44 The
1473 1153 246 43 deaf-mute

59 1239 82 29 can
177 1227 103 43 thus
318 1228 102 43 read
443 1243 24 28 a
491 1228 192 44 German
720 1228 119 43 word
877 1227 213 45 correctly
1116 1227 36 43 if
1185 1227 55 43 he
1272 1227 80 43 has
1387 1225 219 44 mastered
1644 1225 74 43 the

57 1298 211 57 phonetic
302 1300 152 44 values
488 1302 48 42 of
565 1301 76 43 the
670 1305 267 39 component
967 1300 168 44 letters.
1200 1299 226 45 Knowing
1458 1298 77 44 the
1566 1297 152 44 letter-

57 1371 166 43 sounds
246 1372 112 53 well,
380 1373 55 43 he
458 1388 80 28 can
571 1388 110 29 even
713 1373 190 57 practise
924 1373 182 43 reading
1138 1371 132 43 aloud
1302 1372 60 56 by
1384 1370 183 44 himself
1586 1375 130 38 with-

56 1449 78 37 out
155 1444 133 44 much
311 1445 164 57 danger
491 1446 48 43 of
557 1446 158 42 falling
735 1446 95 42 into
849 1460 139 29 errors
1006 1445 45 43 of
1073 1458 355 43 pronunciation.
1485 1443 45 44 It
1552 1443 38 43 is
1609 1457 108 43 very

56 1515 205 45 different
284 1517 107 43 with
408 1517 75 44 the
506 1517 186 57 English
716 1518 255 42 deaf-mute.
1025 1517 127 43 Even
1175 1532 25 28 a
1222 1531 159 42 person
1399 1520 81 39 not
1496 1515 103 44 deaf
1620 1515 95 57 (say

54 1602 25 28 a
102 1588 247 57 foreigner),
371 1590 48 42 in
450 1590 200 56 learning
672 1589 200 57 English,
893 1589 115 43 finds
1042 1589 76 43 the
1151 1589 190 56 spelling
1378 1589 45 43 of
1462 1588 76 44 the
1571 1588 143 43 words

53 1674 57 29 no
143 1675 98 29 sure
275 1662 131 56 guide
438 1667 45 39 to
516 1662 116 43 their
669 1662 352 56 pronunciation.
1086 1662 140 42 What
1258 1662 109 43 then
1399 1665 122 39 must
1553 1661 53 43 be
1639 1661 77 44 the

54 1732 252 45 difficulties
329 1735 47 42 of
394 1749 25 28 a
441 1734 257 44 deaf-mute,
721 1734 99 44 who
844 1739 162 39 cannot
1028 1733 166 59 always
1225 1734 113 43 have
1362 1749 25 28 a
1410 1738 121 39 tutor
1566 1738 46 39 at
1646 1734 70 44 his

53 1806 151 53 elbow,
244 1811 45 39 to
328 1807 121 44 show
487 1808 106 51 him,
631 1808 61 56 by
728 1807 342 57 "lip-reading,"
1109 1807 101 43 how
1243 1807 106 43 each
1385 1807 118 43 word
1540 1807 38 43 is
1616 1821 98 42 pro-

52 1880 202 43 nounced
271 1883 16 41 ?
349 1881 56 42 In
441 1880 220 44 America,
699 1881 91 42 this
828 1879 221 44 difficulty
1085 1879 79 44 has
1209 1880 111 43 been
1356 1880 214 57 grappled
1605 1886 110 37 with

52 1952 47 41 in
124 1966 24 27 a
170 1952 162 56 special
357 1967 104 42 way.
526 1953 46 43 It
599 1967 183 43 appears
807 1953 109 43 that,
939 1953 47 42 in
1010 1967 120 29 some
1152 1953 45 43 of
1224 1953 76 42 the
1322 1953 241 43 American
1585 1953 129 43 insti-

51 2023 182 52 tutions,
248 2024 201 44 Melville
468 2025 132 44 Bell's
619 2030 166 38 system
803 2025 45 43 of
865 2025 188 43 "visible
1071 2025 189 43 speech"
1285 2024 77 44 has
1381 2025 112 44 been
1509 2030 206 39 adopted,

52 2096 89 43 this
184 2102 165 51 system
391 2097 166 43 having
594 2113 56 27 an
693 2097 209 57 alphabet
939 2097 265 57 (altogether
1242 2097 205 43 different
1483 2098 110 42 from
1638 2098 76 43 the

51 2169 206 56 ordinary
276 2169 98 44 one)
400 2170 48 43 in
466 2170 142 43 which
632 2170 106 44 each
759 2170 130 43 letter
911 2170 79 43 has
1015 2184 25 28 a
1058 2170 180 43 definite
1260 2170 210 56 phonetic
1493 2171 219 43 significa-

49 2242 108 44 tion.
222 2242 55 43 In
300 2242 88 44 this
412 2249 186 51 country
622 2247 212 39 attempts
857 2257 72 28 are
951 2242 129 43 made
1103 2247 44 38 to
1169 2246 75 53 get
1265 2257 104 29 over
1392 2243 75 43 the
1491 2243 221 57 difficulty

51 2313 57 56 by
132 2312 208 57 phonetic
363 2314 201 56 spelling.
629 2315 91 42 But
752 2314 23 42 I
799 2314 55 43 do
887 2318 78 38 not
996 2313 132 43 think
1158 2314 99 43 that
1288 2314 210 56 phonetic
1522 2314 191 58 spelling

48 2384 79 43 has
151 2385 110 43 been
285 2386 128 43 made
436 2401 46 29 so
505 2390 202 40 accurate
730 2387 87 42 and
841 2401 101 29 easy
967 2387 48 42 of
1043 2386 365 57 comprehension
1431 2401 46 29 as
1501 2387 37 43 it
1567 2388 146 43 might

49 2456 53 44 be
141 2458 136 44 made.
344 2459 54 43 In
437 2459 251 57 particular,
712 2460 23 42 I
766 2459 130 43 think
934 2458 36 44 it
1009 2459 147 43 would
1187 2460 215 56 probably
1425 2460 54 43 be
1517 2461 46 42 of
1591 2466 123 52 great

46 2530 245 57 advantage
315 2535 44 39 to
382 2531 267 44 deaf-mutes
672 2536 45 39 to
741 2532 113 43 have
876 2546 25 28 a
930 2531 211 58 phonetic
1163 2532 210 57 alphabet
1395 2533 46 42 in
1465 2533 146 43 which
1635 2534 76 44 the

46 2601 311 60 relationships
395 2605 44 42 of
477 2620 81 28 one
596 2604 142 44 vowel
778 2610 43 38 to
861 2605 198 43 another,
1082 2605 87 42 and
1202 2606 47 42 of
1283 2620 82 29 one
1388 2611 246 39 consonant
1667 2613 44 37 to

46 2674 195 54 another,
264 2690 73 30 are
370 2676 164 58 clearly
557 2677 241 57 displayed.
863 2677 45 43 If
940 2677 110 44 such
1082 2692 25 28 a
1130 2677 329 59 Physiological
1482 2679 229 43 Alphabet

47 2759 47 30 as
127 2746 23 43 I
187 2747 113 44 have
332 2749 132 56 given
495 2749 49 44 in
575 2749 76 44 the
684 2750 97 43 first
813 2764 135 42 paper
982 2765 114 29 were
1130 2750 192 57 adopted
1354 2751 69 43 for
1455 2751 76 44 the
1562 2752 148 43 teach-

46 2818 76 57 ing
165 2821 44 41 of
251 2821 279 45 deaf-mutes,
567 2822 107 43 each
711 2822 131 44 letter
880 2822 148 43 would
1065 2822 113 44 have
1211 2837 26 28 a
1277 2823 182 44 definite
1499 2829 212 52 phonetic

45 2890 307 57 signification,
374 2909 46 28 so
443 2894 99 44 that
565 2894 140 44 words
738 2894 116 57 spelt
885 2895 304 57 phonetically
1213 2896 59 42 by
1294 2896 37 42 it
1355 2895 143 45 might
1527 2897 53 43 be
1602 2897 106 44 read

45 2963 108 42 with
183 2979 97 29 ease
313 2966 58 57 by
407 2967 72 44 the
511 2967 256 44 deaf-mute,
799 2967 39 43 if
865 2967 107 58 only
998 2968 56 43 he
1087 2968 88 43 had
1207 2968 257 57 previously
1488 2970 219 43 mastered

43 3033 75 43 the
142 3034 248 46 individual
413 3038 326 45 letter-sounds.
805 3040 54 42 In
883 3040 125 44 order
1031 3046 44 38 to
1103 3041 134 56 adapt
1266 3041 88 43 this
1378 3041 329 44 Physiological

41 3106 227 57 Alphabet
291 3115 43 38 to
356 3110 76 45 the
462 3112 206 44 teaching
691 3113 45 42 of
773 3112 281 45 deaf-mutes,
1076 3113 37 43 it
1137 3113 148 44 would
1317 3113 54 44 be
1404 3127 234 30 necessary
1660 3117 46 40 to

39 3179 123 44 write
185 3181 74 45 the
282 3184 330 44 vowel-sounds
636 3185 46 43 in
706 3185 107 44 such
837 3199 26 30 a
886 3199 98 43 way
1007 3199 47 30 as
1080 3189 46 40 to
1159 3185 157 44 enable
1348 3184 77 44 the
1457 3185 247 43 deaf-mute

1500 3256 26 31 T
