2125 3612
695 167 216 43 WKITEll'S
945 175 158 35 CRAMP.

1676 162 54 42 85

133 302 64 43 As
220 306 44 39 to
283 302 72 43 the
375 303 235 41 treatment
627 299 47 42 of
692 299 199 42 Writer's
911 298 173 54 Cramp,
1102 294 216 56 complete
1337 294 255 42 abstinence
1616 294 113 41 from

76 374 175 44 writing
274 375 65 41 for
359 389 24 26 a
406 370 265 58 lengthened
695 370 150 57 period
869 370 37 42 is
938 370 74 41 the
1034 381 199 29 measure
1257 366 205 55 urgently
1487 364 141 44 called
1651 366 79 50 for,

73 459 231 28 whenever
327 444 73 42 the
423 442 312 43 development
751 442 48 41 of
817 441 75 42 the
915 439 205 43 affection
1144 438 37 42 is
1204 436 232 56 distinctly
1459 436 271 43 threatened.

72 517 87 41 Too
183 516 130 41 much
336 514 219 43 attention
589 513 110 43 need
731 518 80 37 not
833 512 53 43 be
917 511 105 57 paid
1056 514 45 39 to
1137 524 56 28 an
1223 507 246 45 occasional
1501 507 164 57 feeling
1688 509 47 41 of

73 588 163 41 fatigue
254 587 46 41 in
324 586 74 42 the
420 585 130 43 hand,
573 599 48 28 or
642 599 110 28 even
776 587 45 39 to
844 581 245 45 occasional
1111 580 264 57 cramp-like
1399 579 167 43 closure
1589 580 48 42 of
1657 579 75 44 the

70 660 159 55 fingers
254 672 117 28 upon
394 657 74 43 the
491 671 97 41 pen,
612 656 34 42 if
669 655 122 43 these
815 659 246 51 symptoms
1089 667 129 29 occur
1240 652 105 56 only
1368 652 113 42 after
1503 666 108 41 very
1633 665 98 42 pro-

69 729 160 43 longed
261 728 197 44 exertion
492 728 47 42 in
572 727 187 42 writing.
824 727 45 42 It
900 726 38 43 is
971 725 210 57 probable
1214 724 98 43 that
1344 738 132 41 every
1508 738 83 28 one
1635 737 98 28 who

70 802 79 41 has
167 807 175 36 written
366 799 131 43 much
515 799 78 43 has
611 798 87 43 had
720 798 247 43 occasional
989 811 281 30 experiences
1289 797 44 42 of
1355 796 89 43 this
1462 796 121 42 kind.
1641 795 91 43 But

69 886 131 28 when
238 871 122 43 these
393 876 245 51 symptoms
672 870 132 43 begin
841 874 45 38 to
925 870 172 43 trouble
1133 883 25 29 a
1195 872 173 53 patient
1405 867 236 43 whenever
1677 867 56 41 he

70 944 146 42 writes
243 958 24 28 a
289 943 130 43 little,
442 943 35 42 it
509 943 37 42 is
579 943 108 42 time
719 942 67 42 for
818 942 93 42 him
942 942 68 42 for
1042 957 25 27 a
1090 941 131 43 while
1253 945 45 38 to
1331 940 99 56 give
1462 954 60 41 up
1557 944 176 51 writing

71 1016 254 57 altogether,
366 1016 37 41 if
455 1015 55 42 he
552 1029 82 28 can
676 1015 198 56 possibly
916 1014 137 43 afford
1098 1021 44 36 to
1185 1014 56 42 do
1284 1028 58 28 so.
1422 1013 45 42 If
1506 1013 55 43 he
1613 1018 121 37 must

70 1103 54 42 go
157 1103 68 28 on,
258 1088 106 42 then
398 1087 54 43 he
484 1087 171 43 should,
686 1087 38 42 if
762 1087 204 56 possible,
997 1101 78 29 use
1108 1101 25 28 a
1164 1086 147 56 pencil
1344 1100 48 27 or
1433 1084 301 57 stylographic

71 1176 111 41 pen;
219 1175 57 28 or,
309 1161 35 41 if
372 1160 90 42 this
494 1160 37 41 is
564 1164 78 37 not
674 1159 240 43 allowable,
954 1159 102 42 take
1100 1173 95 28 care
1233 1162 45 38 to
1313 1172 78 28 use
1429 1172 25 28 a
1490 1156 246 58 penholder

72 1236 98 37 that
200 1231 38 42 is
270 1230 118 42 large
425 1230 87 42 and
555 1230 134 42 thick.
756 1230 140 41 Thick
939 1229 103 42 cork
1084 1228 265 56 penholders
1384 1242 71 29 are
1494 1242 100 28 now
1627 1227 109 52 sold,

70 1303 86 41 and
190 1317 24 26 a
247 1307 240 37 substitute
518 1301 67 41 for
616 1301 124 42 these
773 1315 81 28 can
887 1301 53 42 be
973 1300 139 42 easily
1145 1299 127 43 made
1305 1300 59 55 by
1393 1299 150 43 fitting
1577 1313 25 28 a
1631 1299 105 42 cork

69 1388 118 27 upon
210 1388 55 27 an
288 1373 208 55 ordinary
513 1372 251 55 penholder.
829 1372 45 41 If
897 1371 75 43 the
995 1385 247 42 symptoms
1261 1371 160 42 should
1443 1371 95 42 still
1560 1375 173 52 persist,

69 1446 36 41 it
125 1445 89 41 will
237 1445 52 42 be
311 1443 155 57 highly
489 1443 226 42 advisable
738 1443 99 42 that
853 1443 76 43 the
951 1443 173 56 patient
1146 1443 160 42 should
1329 1444 67 41 for
1412 1457 26 28 a
1454 1442 105 57 long
1581 1443 153 56 period

67 1517 101 56 give
190 1530 61 42 up
273 1521 177 51 writing
472 1515 255 55 altogether.
791 1515 73 43 He
885 1515 144 42 might
1048 1515 107 42 with
1178 1519 247 52 advantage
1441 1514 124 44 learn
1588 1522 45 36 to
1655 1530 79 28 use

69 1589 75 42 the
175 1588 238 43 American
445 1587 288 57 type-writer,
758 1587 144 43 which
936 1587 107 43 calls
1076 1602 25 27 a
1136 1587 208 43 different
1377 1593 67 37 set
1467 1587 47 43 of
1543 1588 191 43 muscles

68 1662 94 41 into
195 1665 170 49 action;
397 1674 59 28 or,
478 1659 94 43 still
604 1660 156 51 better,
782 1659 177 56 employ
982 1674 56 27 an
1061 1659 294 43 amanuensis.
1421 1660 87 42 For
1539 1675 121 28 cases
1687 1660 48 42 in

67 1733 146 43 which
235 1733 76 42 the
332 1732 205 43 affection
558 1732 38 43 is
619 1732 234 56 distinctly
888 1732 273 43 threatened,
1184 1747 47 28 as
1256 1732 101 43 well
1380 1746 46 29 as
1451 1733 66 41 for
1539 1732 126 43 those
1686 1732 50 43 in

69 1806 141 41 which
227 1805 37 42 it
277 1806 36 42 is
328 1804 252 44 confirmed,
595 1805 76 42 the
686 1819 77 28 use
782 1805 47 42 of
844 1804 75 43 the
937 1804 219 43 Constant
1174 1805 190 43 Current
1378 1804 78 43 has
1471 1805 112 42 been
1598 1805 139 43 found

69 1879 44 42 of
138 1892 138 28 value,
301 1877 74 43 the
397 1877 140 43 anode
560 1877 131 57 being
717 1877 179 56 applied
919 1881 45 38 to
996 1877 77 43 the
1096 1877 187 43 affected
1315 1877 191 43 muscles
1538 1877 88 43 and
1659 1877 77 43 the

68 1950 192 42 kathode
283 1949 154 56 placed
459 1963 104 28 over
584 1963 119 28 some
726 1948 175 43 neutral
919 1954 98 50 part
1034 1950 46 41 of
1101 1949 76 42 the
1194 1948 127 43 body.
1374 1948 59 43 Of
1450 1948 93 43 still
1565 1954 171 52 greater

68 2023 129 42 value
216 2022 36 42 is
270 2022 75 42 the
363 2021 180 43 method
560 2021 45 42 of
622 2025 239 39 treatment
877 2021 60 56 by
955 2021 204 57 Massage
1177 2021 87 42 and
1284 2021 295 56 Gymnastics.
1629 2022 106 42 This

68 2093 181 42 method
280 2093 79 42 has
391 2093 109 42 been
534 2091 312 43 systematized
868 2091 88 43 and
985 2091 243 57 developed
1261 2107 119 28 more
1413 2093 239 57 especially
1676 2094 60 54 by

68 2165 144 42 Wolff
238 2165 45 42 of
314 2165 237 42 Frankfort
593 2164 230 56 (formerly
856 2178 25 28 a
914 2163 174 44 teacher
1126 2165 45 42 of
1215 2165 209 56 writing),
1456 2166 88 42 and
1580 2166 58 56 by
1670 2167 68 42 Dr

69 2238 154 43 Schott
246 2238 46 41 of
309 2236 238 44 Nauheim.
611 2237 138 42 These
774 2236 246 44 specialists
1043 2236 113 43 have
1179 2237 208 43 obtained
1410 2252 108 42 very
1540 2239 198 43 remark-

68 2310 97 43 able
188 2309 169 44 results,
381 2309 145 43 which
559 2324 73 28 are
663 2308 192 44 testified
889 2313 44 38 to
966 2308 60 56 by
1054 2323 134 43 many
1212 2309 200 44 eminent
1447 2311 290 43 Continental

68 2383 254 56 physicians
359 2383 85 43 and
483 2396 222 43 surgeons,
738 2382 109 43 such
890 2396 46 29 as
981 2382 206 53 Billroth,
1232 2382 202 44 Charcot,
1472 2384 87 42 and
1603 2385 134 42 Bam-

69 2456 161 56 berger.
293 2455 154 43 Lewis,
470 2455 98 43 who
603 2455 80 42 has
705 2454 88 43 had
826 2454 204 57 personal
1056 2455 376 43 communication
1457 2456 109 43 with
1587 2456 150 53 Wolff,

70 2529 104 42 thus
191 2527 283 44 summarizes
497 2527 70 42 his
590 2526 181 44 method
788 2529 99 41 :"
904 2526 45 43 It
972 2527 188 43 consists
1179 2527 45 43 of
1241 2541 25 28 a
1283 2528 233 43 combined
1540 2529 198 57 employ-

71 2606 122 37 ment
216 2601 45 41 of
281 2600 272 56 gymnastics
571 2599 87 44 and
676 2613 222 42 massage;
930 2599 76 44 the
1029 2600 273 56 gymnastics
1320 2615 71 28 are
1409 2601 46 42 of
1476 2606 87 38 two
1582 2602 156 43 kinds:

74 2672 74 45 1st,
170 2673 76 43 the
269 2672 154 43 active,
446 2672 47 42 in
518 2671 140 43 whicli
683 2671 75 43 the
782 2671 173 57 patient
978 2686 151 29 moves
1152 2672 76 44 the
1253 2672 173 56 fingers,
1449 2673 154 53 hands,
1626 2675 111 42 fore-

72 2758 126 28 arms,
221 2743 87 43 and
330 2757 115 29 arms
467 2743 48 42 in
537 2743 58 42 all
620 2743 238 43 directions
893 2743 207 56 possible,
1123 2744 107 43 each
1264 2744 168 43 muscle
1455 2745 133 56 being
1610 2746 127 42 made

73 2821 45 37 to
144 2821 199 37 contract
365 2816 112 41 from
511 2816 67 42 six
602 2820 44 38 to
680 2815 160 43 twelve
873 2815 131 43 times
1038 2815 110 43 with
1172 2816 304 43 considerable
1501 2817 126 42 force,
1650 2818 87 41 and

73 2887 107 43 with
204 2902 24 27 a
250 2902 134 41 pause
407 2893 113 37 after
543 2887 105 43 each
681 2892 266 38 movement,
970 2887 77 43 the
1071 2887 143 43 whole
1238 2888 194 42 exercise
1457 2893 78 37 not
1557 2889 182 43 exceed-

72 2958 77 57 ing
183 2959 139 56 thirty
347 2964 205 45 minutes,
574 2958 88 44 and
695 2958 207 43 repeated
936 2963 88 38 two
1057 2973 47 27 or
1136 2958 124 43 three
1293 2959 131 42 times
1458 2959 146 56 daily;
1637 2960 101 52 2nd,

72 3033 185 55 passive,
278 3032 46 42 in
349 3031 145 44 which
526 3032 77 42 the
627 3046 119 28 same
772 3036 274 37 movements
1070 3045 72 28 are
1176 3030 127 43 made
1328 3044 46 29 as
1398 3030 46 41 in
1469 3030 75 43 the
1567 3030 172 53 former,
