1972 3202
392 345 63 56 96

936 360 90 32 THE
1050 359 218 34 HOOLOCK.

392 492 183 48 tration,
610 492 47 40 to
689 486 147 46 which
870 502 69 29 we
968 486 118 45 have
1125 486 147 45 added
1304 485 80 46 the
1416 485 155 47 letters
1610 484 51 48 of
1691 486 67 46 Dr

396 563 233 46 Burrough
652 569 46 40 to
722 563 58 46 its
805 562 244 47 American
1073 562 230 46 describer.

465 640 46 45 It
546 640 38 45 is
624 646 200 55 strongly
863 639 323 45 characterised
1224 653 49 31 as
1312 637 184 47 distinct
1535 637 113 46 from
1679 638 79 45 the

394 716 127 45 other
547 715 283 61 long-armed
862 731 155 30 orangs
1051 730 48 31 or
1126 714 215 47 Gibbons.
1408 714 58 46 In
1489 714 126 54 form,
1652 714 104 54 size,

394 792 92 45 and
507 791 269 61 proportion,
801 792 36 44 it
860 792 38 45 is
920 798 118 39 most
1066 792 165 60 closely
1253 791 138 45 allied
1413 796 46 41 to
1490 791 78 45 the
1598 789 162 47 female

395 867 51 46 of
469 874 79 39 the
582 867 145 46 active
751 867 193 55 Gibbon,
977 867 68 46 H.
1069 869 133 59 agilis
1225 866 51 47 of
1301 868 52 45 F.
1382 867 198 54 Cuvier;
1617 868 82 44 but
1722 867 37 44 is

396 958 111 45 very
532 942 206 46 different
761 942 48 46 in
832 958 167 30 colours
1022 944 91 45 and
1142 944 244 60 markings,
1419 942 240 62 especially
1681 943 79 45 the

396 1034 154 46 young
585 1018 275 46 individuals
900 1018 50 47 of
979 1020 79 44 the
1092 1025 93 40 two
1225 1035 179 45 species,
1447 1019 149 45 which
1633 1018 129 46 differ

397 1096 166 60 totally
600 1094 48 47 in
682 1101 128 40 these
848 1101 207 55 respects.
1101 1096 99 44 The
1228 1111 120 30 male
1378 1096 90 45 and
1495 1095 162 46 female
1690 1111 71 30 re-

399 1173 169 44 semble
604 1171 110 46 each
753 1171 128 46 other
905 1171 49 46 in
992 1178 79 40 the
1106 1178 180 55 present
1325 1172 194 60 species;
1560 1174 84 44 but
1681 1173 80 45 the

404 1264 127 30 sexes
562 1247 52 47 of
637 1253 79 41 the
750 1247 146 47 active
920 1248 179 46 Gibbon
1138 1263 75 31 are
1240 1248 208 46 different
1481 1248 48 46 in
1559 1264 90 31 size
1673 1250 90 44 and

398 1325 160 45 colour.

481 1402 98 44 The
613 1401 224 46 specimen
864 1400 47 47 in
941 1401 79 46 the
1052 1401 264 47 Edinburgh
1339 1401 244 46 Collection
1614 1416 149 47 agrees

400 1493 159 45 nearly
582 1477 115 46 with
718 1478 104 45 that
845 1478 229 46 described
1094 1479 63 60 by
1180 1478 67 46 Dr
1270 1477 203 46 Harlan.

467 1555 98 45 The
588 1569 148 30 colour
758 1554 50 47 of
832 1560 78 40 the
933 1569 166 46 young,
1135 1554 231 61 according
1395 1560 46 39 to
1469 1554 67 45 Dr
1559 1553 202 54 Harlan,

409 1646 29 30 IS
460 1630 205 46 blackish
685 1631 170 54 brown,
882 1630 228 46 sprinkled
1137 1630 113 46 with
1278 1646 111 45 gray
1418 1645 57 31 on
1508 1630 79 46 the
1618 1630 146 45 hands

400 1707 90 45 and
503 1705 118 55 feet;
645 1707 79 45 the
741 1708 208 44 buttocks
973 1721 74 30 are
1069 1705 210 62 grayish;
1304 1721 28 31 a
1353 1713 93 39 tuft
1469 1705 51 47 of
1540 1712 78 39 the
1642 1721 122 30 same

400 1797 147 31 colour
577 1789 189 39 extends
796 1782 130 61 along
959 1789 79 38 the
1071 1782 171 45 middle
1272 1781 50 47 of
1346 1782 78 46 the
1457 1781 119 46 front
1605 1781 51 47 of
1684 1783 80 45 the

399 1859 151 60 body;
575 1858 79 46 the
676 1858 121 46 band
820 1857 50 46 of
884 1874 110 45 gray
1018 1873 104 31 over
1143 1864 80 40 the
1246 1873 105 30 eyes
1374 1857 50 46 of
1449 1865 79 38 the
1555 1858 144 54 adult,
1724 1858 40 46 is

401 1934 229 61 generally
653 1934 281 45 interrupted
955 1934 48 45 in
1025 1941 78 38 the
1126 1934 170 46 middle
1319 1933 50 47 of
1383 1935 78 44 the
1479 1933 206 47 forehead
1702 1936 62 60 by

403 2027 28 29 a
451 2012 92 44 line
567 2010 51 47 of
646 2011 131 46 black
814 2011 136 54 hairs,
988 2010 150 46 which
1171 2010 38 46 is
1243 2017 158 39 absent
1431 2010 48 46 in
1506 2017 79 39 the
1615 2026 152 46 young

404 2103 111 38 one;
541 2088 79 45 the
636 2087 122 46 band
779 2086 37 46 is
840 2088 185 45 broader
1047 2087 48 45 in
1118 2087 77 46 the
1217 2088 150 54 latter,
1387 2087 48 46 in
1457 2094 253 54 proportion
1725 2087 49 46 of

404 2169 315 39 seven-tenths
741 2169 46 40 to
810 2162 287 47 four-tenths.
1166 2164 56 45 In
1239 2163 92 46 this
1345 2163 266 55 individual,
1631 2179 135 30 about

404 2238 103 46 half
521 2246 78 38 the
622 2238 90 46 size
736 2238 49 46 of
800 2245 78 39 the
901 2240 143 55 adult,
1070 2255 28 29 a
1119 2241 277 44 remarkable
1420 2240 234 45 difference
1672 2255 93 29 was

405 2315 213 45 observed
650 2314 48 46 in
731 2321 79 38 the
844 2315 188 45 relative
1065 2322 274 54 proportions
1368 2314 50 47 of
1442 2322 79 38 the
1551 2331 97 29 arar
1676 2317 91 44 and

405 2391 224 46 fore-arm.
682 2391 56 45 In
754 2396 78 40 the
850 2406 151 46 young
1017 2391 184 53 animal,
1220 2391 78 45 the
1315 2390 211 47 fore-arm
1542 2391 38 46 is
1599 2399 170 39 shorter

405 2476 115 37 than
542 2477 78 36 the
644 2482 190 30 arm—a
855 2466 91 47 fact
969 2474 48 39 at
1040 2483 205 31 variance
1269 2467 114 45 with
1401 2474 78 39 the
1493 2469 275 61 proportions

408 2544 50 47 of
480 2551 126 38 those
629 2550 138 54 parts,
791 2550 80 39 not
899 2544 107 61 only
1035 2544 48 46 in
1115 2551 79 38 the
1228 2559 171 46 orangs,
1424 2546 83 44 but
1537 2544 47 46 in
1607 2545 61 45 all
1690 2546 78 46 the

408 2636 99 31 race
530 2619 50 50 of
594 2621 128 47 adult
740 2621 179 47 Simice.
987 2622 57 46 In
1061 2627 78 41 the
1161 2621 143 57 adult,
1321 2628 78 39 the
1423 2636 96 31 arm
1543 2622 90 46 and
1656 2620 113 48 fore-
