1933 3302
492 158 277 42 Geographische
794 163 225 43 Verbreitung
1045 167 59 31 des
1127 168 312 32 Hospitalbrandes.

170 155 78 39 104

170 263 70 37 der
262 263 289 39 Wirksamkeit
582 266 66 39 des
668 267 506 51 Hospitalbrandmicroben
1196 279 302 40 zuzuschreiben
1518 283 61 47 ist,
1608 285 152 41 können

169 330 72 24 wir
271 317 108 37 nicht
409 318 262 41 entscheiden.
730 322 89 38 Wir
850 328 172 35 müssten
1050 325 63 39 für
1143 329 131 39 diesen
1303 332 86 39 Fall
1417 335 226 50 annehmen,
1674 341 86 38 dass

169 371 127 37 dieser
317 370 383 53 Microorganismus,
727 376 99 39 ohne
847 378 39 37 in
908 379 66 37 das
997 378 169 42 Gewebe
1188 384 288 54 einzudringen,
1498 389 158 51 längere
1677 393 84 39 Zeit

166 424 40 38 in
238 425 74 37 den
342 423 312 43 Wundsecreten
699 429 115 39 leben
843 432 78 37 und
952 433 197 39 vielleicht
1179 437 117 39 durch
1326 441 105 37 seine
1462 441 201 42 Ptomaine
1701 448 59 37 die

167 477 361 41 Wundoberfläche
557 482 339 53 beeinträchtigen
926 485 159 40 könnte.
1134 489 147 41 Ferner
1312 494 224 40 erwähnten
1556 498 68 37 wir
1645 499 116 39 schon

167 531 67 39 des
264 530 258 51 Umstandes,
563 536 88 38 dass
680 537 40 37 in
751 537 68 39 der
849 537 180 40 Schwere
1060 542 68 38 der
1156 543 398 52 Hospitalbrandfälle
1585 552 61 37 ein
1674 553 88 38 sehr

166 598 158 37 grosser
346 586 264 41 Unterschied
639 591 168 47 besteht,
838 593 79 37 und
945 594 86 38 dass
1053 595 60 39 die
1144 600 224 47 sporadisch
1397 602 38 37 in
1463 603 72 37 den
1555 603 206 42 Friedens-

165 639 247 50 lazarethen,
452 643 118 38 sowie
600 644 52 38 im
686 644 160 52 Anfang
878 660 73 25 von
980 647 228 51 Epidemien
1240 654 243 40 auftretende
1514 656 107 40 Fälle
1652 660 109 38 einen

162 693 191 49 leichten,
387 696 61 38 die
478 697 40 37 in
549 697 68 38 der
637 698 114 38 Mitte
783 700 68 38 der
873 700 202 50 Epidemie
1106 704 93 39 aber
1230 708 111 38 einen
1361 709 210 49 schweren,
1602 713 160 39 raschen

163 746 172 40 Verlauf
360 763 47 24 zu
438 751 138 50 zeigen
605 752 186 50 pflegten.
850 754 114 38 Auch
994 756 60 38 die
1083 757 134 40 Dauer
1253 763 76 36 und
1361 762 179 40 Schwere
1570 766 68 38 der
1665 767 96 49 Epi-

166 801 158 40 demien
344 804 119 38 boten
486 805 59 37 die
560 809 181 47 grössten
757 807 399 43 Verschiedenheiten
1178 813 78 38 dar.
1293 815 202 41 Während
1511 833 47 23 an
1574 820 187 38 manchen

169 855 126 40 Orten
334 858 61 38 die
434 858 224 40 Krankheit
698 861 81 38 sich
816 862 54 37 im
908 862 169 40 Verlauf
1111 880 77 24 von
1218 867 224 42 Decennien
1478 873 106 38 nicht
1621 878 138 42 zeigte,

164 924 134 25 waren
336 913 144 37 andere
510 913 230 51 Hospitäler
769 915 241 41 Jahrzehnte
1051 919 191 39 hindurch
1271 923 78 37 und
1386 924 137 52 länger
1556 928 62 37 nie
1652 932 108 35 recht

163 965 75 38 frei
270 979 75 25 von
385 967 221 47 derselben,
647 969 146 39 welche
824 984 75 24 von
930 971 87 39 Zeit
1045 987 47 23 zu
1122 974 86 38 Zeit
1245 976 173 40 kleinere
1456 980 92 37 oder
1584 987 177 43 grössere

163 1019 234 50 Epidemien
426 1021 159 39 bildete,
644 1037 35 24 v.
712 1023 141 39 Pitha
890 1025 109 51 giebt
1037 1041 65 33 an,
1147 1029 70 37 auf
1249 1030 66 38 der
1346 1031 148 52 Prager
1523 1033 134 39 Khnik
1685 1036 76 38 fast

164 1073 224 51 alljährlich
427 1075 132 38 kleine
598 1075 319 54 Anmahnungen
962 1081 68 37 der
1069 1081 221 41 Krankheit
1329 1086 171 49 gesehen
1538 1102 45 24 zu
1622 1089 137 39 haben,

162 1128 148 38 welche
349 1129 248 50 gewöhnlich
636 1132 101 38 nach
776 1133 105 38 3—6
921 1133 178 40 Wochen
1137 1137 143 38 wieder
1318 1140 312 40 verschwanden.
1687 1143 75 38 Die

162 1182 158 38 kleinen
341 1183 234 50 Epidemien
604 1199 76 24 von
702 1187 180 50 wenigen
902 1187 186 40 Monaten
1120 1192 160 37 wurden
1310 1206 62 24 am
1400 1193 219 52 häufigsten
1640 1197 120 38 beob-

161 1236 152 46 achtet;
357 1238 60 38 die
456 1238 213 39 schwerste
707 1240 230 50 Epidemie,
982 1244 171 38 nämlich
1197 1245 60 38 die
1302 1246 261 51 Delpech's
1604 1250 159 38 dauerte

164 1291 46 37 11
234 1290 161 40 Monate
423 1292 107 51 lang.
566 1293 240 51 Vigaronx
835 1296 256 40 beobachtete
1112 1298 40 37 in
1173 1299 73 38 den
1268 1298 195 52 Spitälern
1483 1302 280 40 Montpellier's

162 1346 85 37 eine
278 1345 206 50 Epidemie
515 1360 76 25 von
622 1349 51 37 20
703 1348 198 40 Monaten.

393 1462 333 52 Geographische
757 1465 265 51 Verbreitung
1055 1467 73 40 des
1161 1467 375 42 Hospitalbrandes.

294 1561 90 38 Wir
425 1563 175 38 besitzen
645 1563 186 40 Berichte
874 1566 98 38 über
1007 1565 528 54 Hospitalbrandepidemien
1578 1585 67 25 aus
1689 1573 71 37 den

163 1615 349 40 verschiedensten
557 1616 215 52 Gegenden
817 1620 67 37 der
922 1619 326 47 Erdoberfläche,
1292 1636 42 24 so
1374 1637 73 25 von
1484 1624 276 47 Deutschland,

163 1669 256 48 Frankreich,
451 1671 177 52 Belgien,
659 1673 195 51 England,
885 1673 152 48 Italien,
1068 1674 166 52 Ungarn
1265 1675 45 50 (s.
1333 1677 65 49 o.),
1436 1692 67 24 aus
1525 1680 67 37 der
1614 1680 146 38 Türkei

164 1724 215 50 (Bourot,
422 1725 277 49 Tourraine,
739 1727 192 52 Riegler
971 1726 105 49 etc.),
1112 1743 68 24 aus
1214 1728 134 40 Indien
1385 1731 45 50 (s.
1467 1732 64 49 o.),
1575 1734 184 49 Egypten

164 1778 231 52 (Pruner),
428 1780 139 52 Algier
589 1781 264 50 (Baudens),
885 1782 189 38 Amerika
1104 1782 46 50 (s.
1173 1783 64 50 o.),
1269 1783 121 40 China
1420 1786 247 49 (Friedet)
1689 1791 72 35 etc.

537 2038 88 56 XL
692 2037 332 59 Historische
1064 2038 326 59 Uebersicht.

290 2168 54 39 Es
373 2169 107 38 kann
508 2182 109 25 nicht
644 2168 105 39 mein
778 2168 143 39 Zweck
950 2169 102 47 sein,
1090 2169 39 38 in
1160 2170 144 38 diesem
1334 2170 208 38 Abschnitt
1571 2171 84 38 eine
1686 2169 75 40 Ge-

154 2222 174 39 schichte
360 2224 66 38 des
447 2223 353 51 Hospitalbrandes
820 2224 314 38 niederzulegen.
1184 2222 68 40 Ich
1274 2224 262 51 beabsichtige
1566 2224 195 40 lediglich,

155 2277 89 38 dem
273 2277 123 39 Leser
427 2278 86 38 eine
543 2277 236 39 Uebersicht
809 2277 96 39 über
936 2279 66 37 das
1031 2277 177 39 zeitliche
1239 2278 208 38 Auftreten
1473 2279 65 37 des
1560 2279 200 49 Hospital-

152 2331 169 39 brandes
350 2332 39 38 in
412 2333 74 37 den
506 2332 177 52 Kriegen
703 2333 117 37 sowie
849 2332 40 38 in
909 2332 317 38 Friedenszeiten
1242 2347 47 23 zu
1309 2333 127 50 geben
1455 2333 78 37 und
1554 2333 206 38 denselben

153 2400 49 24 zu
232 2386 212 38 Orientiren
474 2387 97 38 über
600 2387 87 38 Zeit
715 2387 80 37 und
825 2385 237 48 Umstände,
1094 2386 305 38 Eigenschaften
1430 2387 75 37 und
1535 2385 225 52 Stellungen

152 2444 117 35 unter
299 2441 176 38 welchen
506 2442 60 38 die
597 2441 178 39 Autoren
803 2441 134 38 lebten
966 2441 78 37 und
1075 2441 178 37 wirkten,
1285 2441 119 37 deren
1431 2440 329 51 Beobachtungen

153 2496 79 38 und
261 2495 349 39 Beschreibungen
643 2496 196 38 entweder
874 2495 177 38 wörtlich
1087 2494 302 52 aufgenommen
1425 2495 92 37 oder
1551 2508 68 24 zur
1659 2495 102 37 Dar-

152 2549 174 39 stellung
355 2550 112 38 mehr
496 2551 94 37 oder
620 2550 173 51 weniger
823 2550 206 50 ausgiebig
1058 2549 161 38 benutzt
1247 2562 170 24 wurden.

284 2604 102 38 Dass
418 2605 68 37 der
517 2604 310 38 Hospitalbrand
859 2604 118 38 schon
1006 2604 53 37 im
1088 2603 225 38 Alterthum
1345 2602 246 50 aufgetreten
1619 2603 62 45 ist,
1712 2603 50 37 ist

152 2658 343 39 wahrscheinlich,
541 2672 40 25 es
628 2672 105 24 muss
768 2657 99 39 auch
907 2658 56 38 als
998 2657 171 51 möglich
1204 2657 227 50 zugegeben
1468 2657 171 46 werden,
1677 2657 85 37 dass

158 2712 396 52 ^Hippokrates"
590 2713 105 38 diese
717 2711 222 39 Krankheit
960 2711 172 51 gesehen
1151 2711 112 46 habe,
1294 2711 78 37 und
1394 2710 85 38 dass
1500 2710 53 38 sie
1584 2710 78 37 ihm
1692 2722 69 26 vor

152 2767 145 51 Augen
334 2767 229 51 geschwebt
598 2767 100 38 habe
737 2767 63 37 bei
835 2766 127 38 seiner
995 2765 296 38 Beschreibung
1326 2777 74 25 von
1439 2764 125 38 einem
1599 2764 162 38 weissen

152 2823 79 37 und
261 2822 257 51 schleimigen
548 2821 340 39 Fäulnissprocess
920 2821 67 37 der
1018 2819 181 38 Gewebe,
1231 2817 166 39 welcher
1426 2817 107 39 nicht
1561 2817 198 38 unmittel-

151 2875 72 39 bar
252 2877 121 38 tödte,
405 2877 95 38 aber
530 2878 172 36 äusserst
721 2874 238 39 hartnäckig
979 2874 55 38 sei
1055 2873 77 38 und
1154 2885 96 38 gern
1271 2871 204 39 recidivire
1497 2871 55 49 (ai
1572 2871 39 37 Ss
1631 2871 130 36 Xsuxat

339 2983 160 31 Beiträge
523 2993 60 21 zur
606 2983 188 31 Kenntniss
819 2981 58 32 des
902 2982 143 30 Klimas.
1091 2980 114 32 Berlin
1234 2978 91 33 1863.
