2107 3450
336 131 190 38 DEFECTS
559 132 53 30 OF
645 128 166 33 SPliFCII
845 127 46 30 IN
926 127 149 31 IDIOTS
1108 127 93 31 AND
1237 126 243 34 IMBECILES.

1657 115 81 42 125

83 255 139 46 Words
263 256 125 42 begin
428 260 105 34 with
577 263 246 30 explosives
867 246 76 42 she
986 246 122 41 often
1154 246 103 42 tries
1302 250 43 36 to
1389 259 229 28 overcome
1662 245 75 42 the

84 327 216 57 difficulty
324 327 55 40 by
406 338 148 28 means
573 323 45 41 of
638 325 19 16 "
675 318 231 43 drawback
927 317 278 55 phonation."
1270 317 136 45 Gives
1426 316 73 42 the
1518 316 224 42 numerals

84 413 70 30 as:
217 397 177 52 E-one,
448 394 141 49 T-oo,
638 390 203 48 Theree,
885 387 152 52 Four,
1088 387 139 48 Five,
1274 386 183 52 Ishish,
1516 386 222 52 Theven,

85 469 170 54 Eight,
281 466 142 48 Nine,
447 464 119 43 Ten.

144 608 118 43 Case
294 603 315 57 X.—{Larbert
641 600 289 60 Institution.)
992 602 270 41 Intelligence
1288 598 293 43 considerable.
1657 598 88 42 Un-

82 679 223 43 derstands
337 676 162 43 Speech.
559 675 68 42 No
658 674 206 57 babbling,
902 674 240 42 Echolalia,
1174 687 47 27 or
1257 670 268 58 'pronounced
1557 669 188 55 tailing;

82 751 72 43 but
185 763 112 28 slurs
328 746 355 56 slightly.—Boy,
716 745 108 57 aged
857 745 181 43 eleven;
1081 743 100 44 well
1214 742 152 53 made;
1409 741 149 43 rather
1591 741 155 54 small;

81 821 111 56 good
226 819 111 43 head
375 818 87 43 and
501 818 105 42 face.
670 817 47 43 Is
755 817 186 57 cleanly,
979 817 88 42 and
1101 816 37 42 is
1177 815 97 43 able
1309 820 44 37 to
1397 814 120 42 dress
1554 813 190 43 himself.

82 894 71 42 No
176 893 72 42 fits
271 892 46 42 of
346 905 154 42 crying
521 904 150 28 unless
697 889 124 43 when
856 889 203 43 meddled
1085 887 133 53 with;
1246 887 82 42 but
1349 887 37 41 is
1408 885 337 44 hot-tempered.

82 965 175 56 Laughs
291 963 163 57 freely;
497 962 179 43 blushes
709 961 307 44 occasionally.
1079 961 71 42 No
1183 959 210 56 babbling
1425 973 49 28 or
1504 958 240 44 Echolalia.

86 1036 307 45 Understands
443 1034 179 57 Speech,
665 1034 190 56 obeying
909 1046 254 30 commands
1215 1031 180 55 readily.
1482 1031 135 42 Gives
1671 1031 76 43 the

84 1123 222 28 numerals
329 1107 182 43 himself
539 1106 323 55 continuously,
895 1106 81 42 but
1008 1110 131 37 omits
1175 1103 54 45 17
1268 1103 88 42 and
1391 1103 54 42 18
1479 1103 47 42 in
1564 1104 183 55 naming

84 1181 122 42 them
230 1195 60 27 up
312 1184 44 38 to
381 1180 65 42 20.
511 1178 109 43 Says
643 1178 25 41 2
681 1184 41 43 +
733 1178 25 41 2
772 1198 38 14 =
824 1178 36 41 3.
925 1176 148 56 Slight
1099 1190 191 41 slurring
1314 1175 126 42 when
1473 1175 55 43 he
1561 1176 184 52 speaks;

84 1253 82 40 but
190 1267 53 26 no
267 1249 279 58 pronounced
568 1248 168 56 lalling.
802 1248 130 43 Sings
964 1248 46 41 in
1044 1251 165 39 correct
1239 1250 133 49 tune;
1404 1245 81 43 but
1511 1246 141 43 words
1674 1261 72 29 are

85 1323 147 42 mixed
259 1337 67 27 up.

144 1465 119 43 Cask
282 1463 341 55 X1.—(Larbert
640 1462 292 55 Institution.)
985 1461 272 56 Intelligence
1275 1475 94 29 now
1382 1462 152 42 almost
1552 1463 195 50 normal;

83 1536 149 56 Speech
274 1550 97 40 very
409 1533 133 56 good;
595 1534 191 41 excellent
828 1534 185 41 musical
1064 1547 103 38 ear;
1220 1532 117 56 sings
1385 1533 364 55 admirably.—A

83 1608 96 56 girl,
211 1607 107 56 aged
351 1606 183 43 twelve;
566 1606 148 42 rather
746 1605 134 43 short,
913 1605 81 42 but
1027 1605 101 42 well
1162 1604 153 54 made;
1352 1611 151 49 pretty
1533 1606 106 52 face,
1663 1607 86 43 fine

83 1695 104 28 eyes
210 1679 86 42 and
320 1679 133 42 teeth,
475 1679 81 41 but
589 1677 225 44 deformed
850 1677 157 56 palate.
1072 1677 269 56 Expression
1371 1678 191 57 dreamy.
1626 1679 124 56 Very

85 1753 275 42 affectionate
377 1767 9 37 ;
417 1751 37 42 is
477 1750 46 42 of
542 1750 149 56 happy
714 1750 263 56 disposition
1001 1749 86 43 and
1110 1749 203 57 pleasant
1334 1764 217 29 manners.
1616 1750 133 44 Likes

85 1831 44 35 to
153 1824 118 41 work
295 1824 85 41 and
402 1822 103 43 help
529 1822 75 43 the
626 1836 144 29 nurse.
835 1821 135 43 Talks
993 1822 285 56 exceedingly
1301 1822 110 52 well,
1431 1823 87 42 and
1540 1823 79 43 has
1636 1825 112 55 good

87 1910 193 29 memory
306 1897 65 40 for
403 1894 152 52 words,
578 1894 228 56 repeating
838 1893 106 43 each
977 1898 88 38 test
1097 1899 207 37 sentence
1327 1908 46 28 as
1406 1909 25 28 a
1454 1895 141 43 whole
1619 1896 129 43 when

85 1970 36 40 it
144 1969 36 41 is
204 1968 165 41 spoken
404 1972 44 37 to
483 1967 87 42 her.
636 1966 128 56 Sings
796 1966 282 56 remarkably
1101 1966 114 52 well,
1236 1966 166 57 having
1424 1981 25 28 a
1479 1968 112 56 good
1627 1970 123 42 voice

86 2040 86 43 and
206 2054 80 28 ear.
352 2039 55 41 In
445 2038 175 57 singing
653 2037 75 43 the
761 2052 109 41 song
916 2037 141 43 called
1094 2038 128 43 "The
1267 2039 223 52 Cobbler,"
1534 2041 215 54 performs

86 2111 280 58 appropriate
404 2111 168 42 actions
617 2114 107 37 with
765 2109 131 42 much
936 2110 206 56 vivacity.
1208 2110 46 43 Is
1292 2110 75 44 the
1405 2111 150 44 leader
1592 2113 47 42 of
1673 2114 76 43 the

85 2185 125 41 other
233 2183 195 43 children
455 2182 123 43 when
604 2182 106 56 they
734 2184 98 54 sing
855 2182 208 56 together.

145 2256 103 42 This
271 2271 83 40 girl
378 2254 77 43 has
475 2254 229 56 improved
727 2253 278 57 remarkably
1029 2254 119 43 since
1171 2254 77 43 she
1274 2270 87 28 was
1385 2256 190 58 brought
1604 2262 45 39 to
1673 2258 75 44 the

86 2325 262 44 Institution
388 2326 120 56 eight
544 2340 125 42 years
705 2339 89 43 ago.
861 2325 87 43 She
987 2326 107 43 then
1132 2327 136 56 spoke
1305 2328 319 59 incoherently,
1661 2332 89 42 and

86 2413 87 28 was
211 2403 248 51 passionate
497 2397 86 42 and
619 2397 305 43 mischievous.
990 2398 91 43 The
1119 2398 106 57 only
1263 2399 129 57 thing
1429 2401 135 43 about
1593 2402 79 43 her
1704 2409 46 37 at

84 2476 189 50 present,
296 2469 240 43 indicative
554 2475 44 36 to
621 2483 25 28 a
668 2473 212 52 stranger,
896 2469 45 42 of
963 2470 220 57 anything
1202 2472 191 42 unusual
1416 2472 47 43 in
1486 2473 79 44 her
1581 2475 169 43 mental

85 2541 291 43 constitution
399 2540 37 43 is
458 2540 80 42 her
560 2539 231 57 decidedly
816 2540 181 58 dreamy
1021 2543 269 44 expression.

146 2684 96 42 One
284 2683 44 42 of
371 2683 75 42 the
488 2689 116 37 most
646 2685 266 44 memorable
955 2686 222 44 incidents
1231 2690 242 43 connected
1518 2692 109 43 with
1675 2693 74 43 the

85 2770 202 42 pleasant
309 2755 86 42 and
428 2755 263 44 instructive
726 2757 84 56 day
835 2758 145 43 which
1014 2759 22 42 I
1070 2766 143 50 spent,
1236 2775 120 29 some
1387 2763 178 44 months
1588 2779 91 42 ago,
1703 2765 45 42 in

86 2829 74 42 the
184 2828 181 42 Larbert
389 2828 277 53 Institution,
689 2843 89 29 was
812 2829 76 44 the
911 2830 176 57 singing
1110 2833 44 41 of
1177 2833 75 43 the
1276 2833 214 53 children,
1512 2836 141 43 under
1676 2837 74 42 the

85 2900 249 56 leadership
356 2900 45 42 of
423 2900 75 43 the
521 2901 172 56 patient
717 2901 145 44 whose
885 2916 98 30 case
1006 2903 79 44 has
1113 2904 110 43 been
1247 2905 87 43 last
1356 2905 238 45 described.
1659 2908 91 42 The

86 2972 377 56 Superintendent
485 2972 165 57 having
673 2973 158 57 kindly
854 2974 136 43 asked
1015 2975 121 43 them
1160 2980 45 40 to
1228 2977 100 58 sing
1352 2983 43 38 to
1418 2992 64 38 us,
1513 2978 107 57 they
1643 2993 108 42 sang
