1478 2662
520 78 63 41 Dr
601 79 272 42 Abercrombie
886 98 48 25 on
953 87 58 38 the

71 77 50 38 10

59 188 199 32 continues
287 182 53 39 till
373 190 30 31 it
434 183 48 39 be
515 192 149 32 thrown
686 187 61 38 offi
803 188 126 41 There
956 192 30 38 is
1015 195 189 51 generally
1220 196 100 39 fever
1349 201 73 38 and

58 235 124 45 thirst,
216 235 75 39 and
325 244 212 31 sometimes
570 240 196 52 vomiting.
824 244 37 37 It
889 258 156 37 appears
1059 255 41 30 to
1119 248 47 37 be
1194 264 22 21 a
1248 264 173 26 common

58 288 77 38 and
166 289 89 38 fatal
285 289 142 39 disease
446 289 45 38 of
514 291 151 47 infants,
687 304 68 28 not
773 297 110 50 easily
905 298 275 53 distinguished
1200 303 37 37 in
1258 303 45 38 its
1322 305 101 50 early

62 350 123 44 stages
202 342 95 38 from
327 343 98 38 their
445 356 177 27 common
642 347 117 38 bowel
775 350 379 52 complaints,—very
1173 357 248 45 untractable,

57 396 76 37 and
168 396 211 51 frequently
399 398 248 54 terminating
675 400 47 51 by
741 415 118 25 coma.
913 404 45 38 In
980 406 121 37 adults
1121 406 63 38 the
1203 408 141 39 disease
1362 424 61 24 oc-

57 462 86 25 curs
165 450 90 37 both
279 449 37 36 in
337 462 48 24 an
406 464 110 25 acute
534 452 74 37 and
630 453 154 40 chronic
813 457 107 38 form.
969 457 88 39 The
1084 459 110 38 latter
1227 461 16 37 I
1277 469 147 31 suspect

56 501 31 38 is
108 511 67 29 not
199 515 245 25 uncommon.
502 505 19 37 I
542 505 93 38 shall
655 507 214 40 afterwards
888 511 169 38 describe
1075 513 138 37 several
1233 516 188 37 examples

57 555 45 38 of
124 556 42 44 it,
186 555 92 38 both
299 556 40 36 in
359 566 64 28 the
450 566 94 30 state
574 559 45 37 of
640 561 132 50 simple
797 562 273 39 inflammation
1100 565 76 38 and
1204 577 217 29 ulceration.

57 608 90 39 The
166 608 154 46 former,
342 608 17 37 I
381 609 151 48 believe,
554 612 29 37 is
609 627 105 24 more
746 628 227 26 uncommon
994 617 38 36 in
1053 617 121 39 adults
1193 633 39 23 as
1251 633 45 24 an
1326 621 95 37 idio-

53 661 131 52 pathic
203 662 155 45 disease,
379 663 67 38 but
466 664 29 38 it
514 679 116 24 seems
650 675 39 30 to
708 681 114 24 occur
846 683 40 23 as
913 683 23 24 a
963 680 264 40 symptomatic
1246 673 173 38 affection

54 716 39 37 in
113 729 104 24 cases
236 714 44 39 of
293 716 208 52 malignant
521 718 150 52 typhus.
730 720 17 38 I
773 734 108 25 mean
902 722 216 39 afterwards
1137 733 39 29 to
1194 733 159 43 attempt
1371 741 49 24 an

53 768 148 40 outline
234 769 46 38 of
301 769 74 38 this
402 770 211 51 important
641 773 160 51 subject,
823 775 75 37 and
928 789 87 38 only
1036 777 97 38 refer
1160 786 39 29 to
1228 778 28 38 it
1274 778 89 39 here
1382 780 38 37 in

53 823 76 39 this
150 822 212 40 superficial
383 836 174 33 manner,
578 826 39 37 in
645 836 227 29 connection
895 828 86 38 with
1016 838 64 30 the
1110 831 141 50 subject
1277 831 45 38 of
1348 835 72 35 this

53 889 135 38 paper,
208 885 40 30 to
281 877 199 39 introduce
508 887 63 29 the
604 879 234 40 remarkable
856 895 84 25 case
960 883 114 49 (Case
1103 883 108 50 13th)
1229 884 39 38 in
1298 885 122 40 which

52 929 75 40 this
145 930 175 39 afifection
340 931 149 38 seemed
508 939 40 31 to
567 945 84 38 pass
670 932 82 40 into
767 943 182 32 enteritis.

49 1135 226 38 Examples
293 1147 49 26 of
362 1145 85 27 the
466 1132 198 40 Leading
692 1132 221 41 Varieties
943 1147 50 27 of
1020 1136 322 42 Inflammation
1369 1156 48 22 of

469 1215 84 26 THE
580 1203 247 40 Intestinal
846 1204 157 41 Canal.

291 1316 298 42 I.—Extensive
610 1318 220 40 Peritonitis
848 1320 90 39 with
959 1322 216 41 Diarrhoea.

95 1414 108 37 Case
231 1412 116 36 I.—A
369 1425 149 32 woman,
539 1418 62 42 50,
618 1426 19 23 a
655 1427 149 30 servant,
836 1419 205 41 unmarried,
1059 1419 88 34 after
1177 1419 100 45 being
1304 1419 111 35 fever-

46 1463 53 34 ish
118 1464 57 34 for
193 1475 19 22 a
229 1464 67 46 day
315 1475 40 23 or
380 1469 86 37 two,
490 1475 68 23 was
575 1465 124 40 seized,
723 1477 45 21 on
790 1466 61 34 8th
873 1467 187 34 December
1089 1472 107 37 1817,
1218 1470 79 32 with
1326 1470 91 32 diar-

48 1524 112 33 rhoea,
179 1513 247 35 accompanied
447 1514 46 43 by
514 1515 237 33 considerable
772 1516 90 43 pain.
914 1516 55 33 On
991 1522 56 28 the
1076 1520 61 38 pth
1172 1519 54 32 the
1249 1519 164 32 diarrhoea

50 1563 219 43 continued;
311 1567 59 29 the
402 1563 79 43 pain
514 1574 66 22 was
606 1574 130 33 severe,
775 1565 67 33 and
871 1575 68 23 was
969 1565 170 35 increased
1168 1568 45 44 by
1244 1578 167 34 pressure.

48 1612 106 34 Pulse
172 1616 59 31 90.
282 1610 111 35 Took
426 1622 96 23 some
552 1617 178 40 purgative
748 1612 178 45 medicine,
946 1615 112 33 which
1077 1627 67 22 was
1164 1621 160 36 vomited,
1347 1616 67 33 and

47 1667 38 28 at
105 1662 99 32 night
222 1672 68 22 was
308 1661 76 33 bled
406 1665 36 29 to
460 1657 88 56 ^xii.
599 1661 18 34 I
645 1673 70 22 saw
747 1661 60 34 her
833 1662 57 34 for
909 1664 56 33 the
983 1664 74 33 first
1075 1669 79 30 time
1173 1677 45 21 on
1239 1665 55 33 the
1317 1665 94 41 10th,

49 1721 100 23 when
171 1709 13 34 1
207 1710 109 33 found
344 1711 61 32 her
426 1711 156 34 sinking.
635 1711 103 33 Pulse
765 1722 82 34 very
877 1711 176 46 frequent,
1088 1714 66 33 and
1182 1713 134 43 feeble;
1345 1711 71 35 fea-

50 1763 97 31 tures
181 1759 204 33 contracted
405 1771 11 31 ;
459 1771 20 21 a
505 1760 92 44 good
627 1760 76 33 deal
733 1759 40 34 of
803 1772 76 32 pain
903 1773 9 30 ;
953 1773 95 22 some
1074 1764 167 43 vomiting
1260 1772 9 32 ;
1318 1762 94 45 belly

49 1808 220 47 tympanitic.
320 1807 91 34 Died
428 1814 36 28 at
484 1809 109 44 night.
647 1809 373 35 Dissection.—There
1036 1823 87 22 were
1135 1817 88 28 most
1236 1810 178 35 extensive

49 1858 121 34 marks
190 1855 40 35 of
247 1856 202 44 peritunzeal
467 1858 249 34 inflammation
731 1870 10 30 ;
771 1859 118 45 nearly
909 1865 57 27 the
985 1861 112 32 whole
1126 1860 136 33 surface
1288 1859 41 34 of
1356 1859 57 33 the

49 1906 178 36 intestinal
259 1906 98 32 canal
389 1906 102 44 being
518 1908 148 33 covered
695 1908 45 44 by
759 1918 20 22 a
811 1912 139 41 coating
981 1909 40 32 of
1045 1909 202 34 coagulable
1277 1908 134 34 lymph,

50 1957 117 34 which
186 1954 167 36 extended
372 1965 74 22 also
466 1966 82 23 over
567 1961 57 29 the
643 1967 135 23 convex
797 1967 138 23 surface
967 1956 41 34 of
1030 1958 59 33 the
1117 1959 98 42 liver,
1234 1958 66 33 and
1331 1967 82 23 over

52 2010 62 30 the
132 2005 114 34 whole
265 2003 135 35 surface
425 2003 40 34 of
492 2009 57 28 the
566 2006 130 44 spleen.
748 2005 36 34 It
809 2016 66 23 was
898 2006 34 33 in
951 2011 148 39 greatest
1127 2012 161 40 quantity
1305 2008 111 31 about

51 2061 60 29 the
128 2055 95 35 right
239 2054 70 34 side
323 2053 40 35 of
379 2058 58 29 the
455 2053 117 34 colon.

102 2158 65 38 To
195 2155 75 41 this
298 2168 91 39 very
407 2154 210 53 important
634 2169 85 26 case
739 2157 21 38 I
782 2156 176 39 consider
976 2156 65 39 the
1060 2164 73 31 two
1162 2155 187 51 following
1375 2167 40 24 as

48 2210 220 54 analogous.

103 2318 105 35 Case
228 2317 138 35 II.—A
385 2316 82 46 girl,
486 2316 82 34 aged
593 2319 59 41 16,
672 2317 65 33 had
753 2317 84 33 been
857 2317 57 33 for
932 2328 19 21 a
969 2317 94 32 week
1092 2329 40 21 or
1158 2321 71 29 two
1247 2312 165 37 observed

53 2374 40 30 to
112 2368 42 32 be
173 2367 242 45 considerably
436 2366 103 33 fallen
560 2366 51 32 off
622 2367 32 33 in
676 2367 58 32 her
752 2377 231 31 appearance,
1000 2366 66 32 and
1088 2377 64 21 was
1169 2364 141 33 affected
1329 2361 81 33 with

51 2419 191 40 diarrhoea,
265 2417 111 31 which
400 2427 65 21 was
487 2415 160 33 frequent
664 2415 66 32 and
761 2425 128 33 severe,
920 2415 65 32 and
1016 2414 62 32 had
1109 2414 136 33 resisted
1276 2419 136 25 various

51 2467 174 35 remedies.
278 2465 84 43 (4th
387 2464 200 45 September
618 2464 255 34 1819.)—'Ibe
902 2464 165 32 diarrhoea
1100 2464 198 38 continued,
1331 2454 81 35 with

51 2514 236 39 considerable
303 2524 97 37 pain,
421 2514 113 38 which
556 2524 67 24 was
654 2520 91 28 most
762 2523 116 23 severe
898 2513 114 35 round
1031 2517 55 30 the
1103 2509 192 37 umbilicus.
1340 2503 75 33 'Ihe
