<?xml version="1.0" encoding="UTF-8"?>
<alto xmlns="http://www.loc.gov/standards/alto/ns-v2#" xmlns:xsi="http://www.w3.org/2001/XMLSchema-instance" xsi:schemaLocation="http://www.loc.gov/standards/alto/ns-v2# http://www.loc.gov/standards/alto/alto.xsd">
  <Description>
    <MeasurementUnit>pixel</MeasurementUnit>
    <sourceImageInformation>
      <fileName>b21273911_abbyy.xml</fileName>
    </sourceImageInformation>
    <OCRProcessing ID="OCR_1">
      <preProcessingStep>
        <processingDateTime>2014-10-24T02:15:27</processingDateTime>
        <processingAgency>intranda GmbH, www.intranda.com</processingAgency>
        <processingSoftware>
          <softwareCreator>intranda GmbH, Germany</softwareCreator>
          <softwareName>intranda OCR Module for TaskManager</softwareName>
          <softwareVersion>1.0r42</softwareVersion>
        </processingSoftware>
      </preProcessingStep>
      <ocrProcessingStep>
        <processingSoftware>
          <softwareCreator>ABBYY (BIT Software), Russia</softwareCreator>
          <softwareName>FineReader Engine</softwareName>
          <softwareVersion>10</softwareVersion>
        </processingSoftware>
      </ocrProcessingStep>
    </OCRProcessing>
  </Description>
  <Layout>
    <Page PHYSICAL_IMG_NR="168" ID="PAGE_168" WIDTH="2113" HEIGHT="3404">
      <TopMargin ID="TopMargin_1" HPOS="348" VPOS="248" WIDTH="1152" HEIGHT="59">
        <TextBlock ID="TextBlock_545" HPOS="348" VPOS="248" WIDTH="1152" HEIGHT="59">
          <TextLine ID="TextLine_6115" HPOS="348" VPOS="248" WIDTH="84" HEIGHT="49">
            <String ID="Word_61632" HPOS="348" VPOS="248" WIDTH="84" HEIGHT="49" CONTENT="152" />
          </TextLine>
          <TextLine ID="TextLine_6116" HPOS="848" VPOS="260" WIDTH="652" HEIGHT="47">
            <String ID="Word_61633" HPOS="848" VPOS="271" WIDTH="87" HEIGHT="31" CONTENT="THE" />
            <SP ID="SP_55522" HPOS="935" VPOS="265" WIDTH="31" HEIGHT="0" />
            <String ID="Word_61634" HPOS="966" VPOS="265" WIDTH="243" HEIGHT="40" CONTENT="DtSOKDERS" />
            <SP ID="SP_55523" HPOS="1209" VPOS="265" WIDTH="31" HEIGHT="0" />
            <String ID="Word_61635" HPOS="1240" VPOS="273" WIDTH="54" HEIGHT="33" CONTENT="OF" />
            <SP ID="SP_55524" HPOS="1294" VPOS="260" WIDTH="31" HEIGHT="0" />
            <String ID="Word_61636" HPOS="1325" VPOS="260" WIDTH="175" HEIGHT="47" CONTENT="SPEECtf." />
          </TextLine>
        </TextBlock>
      </TopMargin>
      <PrintSpace ID="PrintSpace_169" HPOS="338" VPOS="379" WIDTH="1629" HEIGHT="2745">
        <TextBlock ID="TextBlock_544" HPOS="338" VPOS="379" WIDTH="1629" HEIGHT="2745">
          <TextLine ID="TextLine_6117" HPOS="348" VPOS="385" WIDTH="1609" HEIGHT="61">
            <String ID="Word_61637" HPOS="348" VPOS="385" WIDTH="167" HEIGHT="45" CONTENT="carried" />
            <SP ID="SP_55525" HPOS="515" VPOS="385" WIDTH="22" HEIGHT="0" />
            <String ID="Word_61638" HPOS="537" VPOS="402" WIDTH="54" HEIGHT="28" CONTENT="on" />
            <SP ID="SP_55526" HPOS="591" VPOS="402" WIDTH="23" HEIGHT="0" />
            <String ID="Word_61639" HPOS="614" VPOS="403" WIDTH="157" HEIGHT="43" CONTENT="among" />
            <SP ID="SP_55527" HPOS="771" VPOS="390" WIDTH="21" HEIGHT="0" />
            <String ID="Word_61640" HPOS="792" VPOS="390" WIDTH="121" HEIGHT="44" CONTENT="these" />
            <SP ID="SP_55528" HPOS="913" VPOS="390" WIDTH="24" HEIGHT="0" />
            <String ID="Word_61641" HPOS="937" VPOS="392" WIDTH="148" HEIGHT="43" CONTENT="words," />
            <SP ID="SP_55529" HPOS="1085" VPOS="392" WIDTH="23" HEIGHT="0" />
            <String ID="Word_61642" HPOS="1108" VPOS="392" WIDTH="138" HEIGHT="43" CONTENT="which" />
            <SP ID="SP_55530" HPOS="1246" VPOS="392" WIDTH="24" HEIGHT="0" />
            <String ID="Word_61643" HPOS="1270" VPOS="393" WIDTH="71" HEIGHT="43" CONTENT="led" />
            <SP ID="SP_55531" HPOS="1341" VPOS="393" WIDTH="28" HEIGHT="0" />
            <String ID="Word_61644" HPOS="1369" VPOS="398" WIDTH="42" HEIGHT="38" CONTENT="to" />
            <SP ID="SP_55532" HPOS="1411" VPOS="394" WIDTH="27" HEIGHT="0" />
            <String ID="Word_61645" HPOS="1438" VPOS="394" WIDTH="70" HEIGHT="42" CONTENT="the" />
            <SP ID="SP_55533" HPOS="1508" VPOS="393" WIDTH="27" HEIGHT="0" />
            <String ID="Word_61646" HPOS="1535" VPOS="393" WIDTH="264" HEIGHT="44" CONTENT="destruction" />
            <SP ID="SP_55534" HPOS="1799" VPOS="393" WIDTH="21" HEIGHT="0" />
            <String ID="Word_61647" HPOS="1820" VPOS="397" WIDTH="44" HEIGHT="41" CONTENT="of" />
            <SP ID="SP_55535" HPOS="1864" VPOS="395" WIDTH="26" HEIGHT="0" />
            <String ID="Word_61648" HPOS="1890" VPOS="395" WIDTH="67" HEIGHT="50" CONTENT="the" />
          </TextLine>
          <TextLine ID="TextLine_6118" HPOS="347" VPOS="457" WIDTH="1609" HEIGHT="61">
            <String ID="Word_61649" HPOS="347" VPOS="457" WIDTH="85" HEIGHT="44" CONTENT="less" />
            <SP ID="SP_55536" HPOS="432" VPOS="457" WIDTH="24" HEIGHT="0" />
            <String ID="Word_61650" HPOS="456" VPOS="463" WIDTH="159" HEIGHT="52" CONTENT="strong," />
            <SP ID="SP_55537" HPOS="615" VPOS="460" WIDTH="23" HEIGHT="0" />
            <String ID="Word_61651" HPOS="638" VPOS="460" WIDTH="73" HEIGHT="43" CONTENT="the" />
            <SP ID="SP_55538" HPOS="711" VPOS="460" WIDTH="22" HEIGHT="0" />
            <String ID="Word_61652" HPOS="733" VPOS="461" WIDTH="84" HEIGHT="43" CONTENT="less" />
            <SP ID="SP_55539" HPOS="817" VPOS="461" WIDTH="22" HEIGHT="0" />
            <String ID="Word_61653" HPOS="839" VPOS="461" WIDTH="161" HEIGHT="57" CONTENT="happy," />
            <SP ID="SP_55540" HPOS="1000" VPOS="461" WIDTH="21" HEIGHT="0" />
            <String ID="Word_61654" HPOS="1021" VPOS="463" WIDTH="74" HEIGHT="43" CONTENT="the" />
            <SP ID="SP_55541" HPOS="1095" VPOS="463" WIDTH="21" HEIGHT="0" />
            <String ID="Word_61655" HPOS="1116" VPOS="463" WIDTH="85" HEIGHT="43" CONTENT="less" />
            <SP ID="SP_55542" HPOS="1201" VPOS="463" WIDTH="22" HEIGHT="0" />
            <String ID="Word_61656" HPOS="1223" VPOS="464" WIDTH="142" HEIGHT="42" CONTENT="fertile" />
            <SP ID="SP_55543" HPOS="1365" VPOS="464" WIDTH="22" HEIGHT="0" />
            <String ID="Word_61657" HPOS="1387" VPOS="464" WIDTH="151" HEIGHT="42" CONTENT="words," />
            <SP ID="SP_55544" HPOS="1538" VPOS="464" WIDTH="22" HEIGHT="0" />
            <String ID="Word_61658" HPOS="1560" VPOS="464" WIDTH="83" HEIGHT="42" CONTENT="and" />
            <SP ID="SP_55545" HPOS="1643" VPOS="464" WIDTH="23" HEIGHT="0" />
            <String ID="Word_61659" HPOS="1666" VPOS="465" WIDTH="136" HEIGHT="43" CONTENT="ended" />
            <SP ID="SP_55546" HPOS="1802" VPOS="465" WIDTH="21" HEIGHT="0" />
            <String ID="Word_61660" HPOS="1823" VPOS="467" WIDTH="45" HEIGHT="42" CONTENT="in" />
            <SP ID="SP_55547" HPOS="1868" VPOS="467" WIDTH="21" HEIGHT="0" />
            <String ID="Word_61661" HPOS="1889" VPOS="469" WIDTH="67" HEIGHT="45" CONTENT="the" />
          </TextLine>
          <TextLine ID="TextLine_6119" HPOS="349" VPOS="529" WIDTH="1609" HEIGHT="63">
            <String ID="Word_61662" HPOS="349" VPOS="529" WIDTH="193" HEIGHT="57" CONTENT="triumph" />
            <SP ID="SP_55548" HPOS="542" VPOS="529" WIDTH="25" HEIGHT="0" />
            <String ID="Word_61663" HPOS="567" VPOS="531" WIDTH="44" HEIGHT="42" CONTENT="of" />
            <SP ID="SP_55549" HPOS="611" VPOS="531" WIDTH="22" HEIGHT="0" />
            <String ID="Word_61664" HPOS="633" VPOS="546" WIDTH="92" HEIGHT="36" CONTENT="one," />
            <SP ID="SP_55550" HPOS="725" VPOS="546" WIDTH="17" HEIGHT="0" />
            <String ID="Word_61665" HPOS="742" VPOS="546" WIDTH="45" HEIGHT="28" CONTENT="as" />
            <SP ID="SP_55551" HPOS="787" VPOS="532" WIDTH="24" HEIGHT="0" />
            <String ID="Word_61666" HPOS="811" VPOS="532" WIDTH="73" HEIGHT="44" CONTENT="the" />
            <SP ID="SP_55552" HPOS="884" VPOS="532" WIDTH="21" HEIGHT="0" />
            <String ID="Word_61667" HPOS="905" VPOS="534" WIDTH="249" HEIGHT="55" CONTENT="recognised" />
            <SP ID="SP_55553" HPOS="1154" VPOS="534" WIDTH="17" HEIGHT="0" />
            <String ID="Word_61668" HPOS="1171" VPOS="534" WIDTH="84" HEIGHT="41" CONTENT="and" />
            <SP ID="SP_55554" HPOS="1255" VPOS="534" WIDTH="23" HEIGHT="0" />
            <String ID="Word_61669" HPOS="1278" VPOS="548" WIDTH="154" HEIGHT="41" CONTENT="proper" />
            <SP ID="SP_55555" HPOS="1432" VPOS="548" WIDTH="17" HEIGHT="0" />
            <String ID="Word_61670" HPOS="1449" VPOS="548" WIDTH="124" HEIGHT="29" CONTENT="name" />
            <SP ID="SP_55556" HPOS="1573" VPOS="535" WIDTH="24" HEIGHT="0" />
            <String ID="Word_61671" HPOS="1597" VPOS="535" WIDTH="62" HEIGHT="42" CONTENT="for" />
            <SP ID="SP_55557" HPOS="1659" VPOS="535" WIDTH="21" HEIGHT="0" />
            <String ID="Word_61672" HPOS="1680" VPOS="549" WIDTH="127" HEIGHT="43" CONTENT="every" />
            <SP ID="SP_55558" HPOS="1807" VPOS="538" WIDTH="18" HEIGHT="0" />
            <String ID="Word_61673" HPOS="1825" VPOS="546" WIDTH="133" HEIGHT="35" CONTENT="object" />
          </TextLine>
          <TextLine ID="TextLine_6120" HPOS="347" VPOS="600" WIDTH="1609" HEIGHT="60">
            <String ID="Word_61674" HPOS="347" VPOS="600" WIDTH="46" HEIGHT="42" CONTENT="in" />
            <SP ID="SP_55559" HPOS="393" VPOS="600" WIDTH="41" HEIGHT="0" />
            <String ID="Word_61675" HPOS="434" VPOS="615" WIDTH="131" HEIGHT="41" CONTENT="every" />
            <SP ID="SP_55560" HPOS="565" VPOS="601" WIDTH="41" HEIGHT="0" />
            <String ID="Word_61676" HPOS="606" VPOS="601" WIDTH="246" HEIGHT="57" CONTENT="language.&quot;" />
            <SP ID="SP_55561" HPOS="852" VPOS="601" WIDTH="62" HEIGHT="0" />
            <String ID="Word_61677" HPOS="914" VPOS="603" WIDTH="72" HEIGHT="42" CONTENT="He" />
            <SP ID="SP_55562" HPOS="986" VPOS="603" WIDTH="36" HEIGHT="0" />
            <String ID="Word_61678" HPOS="1022" VPOS="617" WIDTH="110" HEIGHT="41" CONTENT="says," />
            <SP ID="SP_55563" HPOS="1132" VPOS="603" WIDTH="37" HEIGHT="0" />
            <String ID="Word_61679" HPOS="1169" VPOS="603" WIDTH="125" HEIGHT="42" CONTENT="&quot;The" />
            <SP ID="SP_55564" HPOS="1294" VPOS="603" WIDTH="42" HEIGHT="0" />
            <String ID="Word_61680" HPOS="1336" VPOS="603" WIDTH="88" HEIGHT="43" CONTENT="fact" />
            <SP ID="SP_55565" HPOS="1424" VPOS="603" WIDTH="41" HEIGHT="0" />
            <String ID="Word_61681" HPOS="1465" VPOS="603" WIDTH="96" HEIGHT="43" CONTENT="that" />
            <SP ID="SP_55566" HPOS="1561" VPOS="603" WIDTH="40" HEIGHT="0" />
            <String ID="Word_61682" HPOS="1601" VPOS="618" WIDTH="128" HEIGHT="42" CONTENT="every" />
            <SP ID="SP_55567" HPOS="1729" VPOS="607" WIDTH="42" HEIGHT="0" />
            <String ID="Word_61683" HPOS="1771" VPOS="607" WIDTH="113" HEIGHT="42" CONTENT="word" />
            <SP ID="SP_55568" HPOS="1884" VPOS="607" WIDTH="39" HEIGHT="0" />
            <String ID="Word_61684" HPOS="1923" VPOS="609" WIDTH="33" HEIGHT="44" CONTENT="is" />
          </TextLine>
          <TextLine ID="TextLine_6121" HPOS="346" VPOS="671" WIDTH="1609" HEIGHT="59">
            <String ID="Word_61685" HPOS="346" VPOS="671" WIDTH="231" HEIGHT="56" CONTENT="originally" />
            <SP ID="SP_55569" HPOS="577" VPOS="671" WIDTH="36" HEIGHT="0" />
            <String ID="Word_61686" HPOS="613" VPOS="687" WIDTH="25" HEIGHT="27" CONTENT="a" />
            <SP ID="SP_55570" HPOS="638" VPOS="672" WIDTH="37" HEIGHT="0" />
            <String ID="Word_61687" HPOS="675" VPOS="672" WIDTH="228" HEIGHT="55" CONTENT="predicate," />
            <SP ID="SP_55571" HPOS="903" VPOS="672" WIDTH="36" HEIGHT="0" />
            <String ID="Word_61688" HPOS="939" VPOS="672" WIDTH="97" HEIGHT="42" CONTENT="that" />
            <SP ID="SP_55572" HPOS="1036" VPOS="672" WIDTH="42" HEIGHT="0" />
            <String ID="Word_61689" HPOS="1078" VPOS="687" WIDTH="161" HEIGHT="35" CONTENT="names," />
            <SP ID="SP_55573" HPOS="1239" VPOS="673" WIDTH="43" HEIGHT="0" />
            <String ID="Word_61690" HPOS="1282" VPOS="673" WIDTH="164" HEIGHT="55" CONTENT="though" />
            <SP ID="SP_55574" HPOS="1446" VPOS="673" WIDTH="43" HEIGHT="0" />
            <String ID="Word_61691" HPOS="1489" VPOS="674" WIDTH="118" HEIGHT="56" CONTENT="signs" />
            <SP ID="SP_55575" HPOS="1607" VPOS="674" WIDTH="37" HEIGHT="0" />
            <String ID="Word_61692" HPOS="1644" VPOS="675" WIDTH="46" HEIGHT="41" CONTENT="of" />
            <SP ID="SP_55576" HPOS="1690" VPOS="675" WIDTH="32" HEIGHT="0" />
            <String ID="Word_61693" HPOS="1722" VPOS="675" WIDTH="233" HEIGHT="47" CONTENT="individual" />
          </TextLine>
          <TextLine ID="TextLine_6122" HPOS="346" VPOS="742" WIDTH="1610" HEIGHT="59">
            <String ID="Word_61694" HPOS="346" VPOS="743" WIDTH="290" HEIGHT="55" CONTENT="conceptions," />
            <SP ID="SP_55577" HPOS="636" VPOS="743" WIDTH="22" HEIGHT="0" />
            <String ID="Word_61695" HPOS="658" VPOS="757" WIDTH="71" HEIGHT="28" CONTENT="are" />
            <SP ID="SP_55578" HPOS="729" VPOS="742" WIDTH="22" HEIGHT="0" />
            <String ID="Word_61696" HPOS="751" VPOS="742" WIDTH="59" HEIGHT="42" CONTENT="all" />
            <SP ID="SP_55579" HPOS="810" VPOS="742" WIDTH="32" HEIGHT="0" />
            <String ID="Word_61697" HPOS="842" VPOS="742" WIDTH="185" HEIGHT="42" CONTENT="without" />
            <SP ID="SP_55580" HPOS="1027" VPOS="742" WIDTH="23" HEIGHT="0" />
            <String ID="Word_61698" HPOS="1050" VPOS="742" WIDTH="229" HEIGHT="56" CONTENT="exception" />
            <SP ID="SP_55581" HPOS="1279" VPOS="742" WIDTH="30" HEIGHT="0" />
            <String ID="Word_61699" HPOS="1309" VPOS="743" WIDTH="175" HEIGHT="43" CONTENT="derived" />
            <SP ID="SP_55582" HPOS="1484" VPOS="743" WIDTH="23" HEIGHT="0" />
            <String ID="Word_61700" HPOS="1507" VPOS="745" WIDTH="107" HEIGHT="41" CONTENT="from" />
            <SP ID="SP_55583" HPOS="1614" VPOS="745" WIDTH="21" HEIGHT="0" />
            <String ID="Word_61701" HPOS="1635" VPOS="745" WIDTH="171" HEIGHT="56" CONTENT="general" />
            <SP ID="SP_55584" HPOS="1806" VPOS="745" WIDTH="30" HEIGHT="0" />
            <String ID="Word_61702" HPOS="1836" VPOS="746" WIDTH="120" HEIGHT="53" CONTENT="ideas," />
          </TextLine>
          <TextLine ID="TextLine_6123" HPOS="346" VPOS="812" WIDTH="1612" HEIGHT="60">
            <String ID="Word_61703" HPOS="346" VPOS="812" WIDTH="36" HEIGHT="42" CONTENT="is" />
            <SP ID="SP_55585" HPOS="382" VPOS="812" WIDTH="18" HEIGHT="0" />
            <String ID="Word_61704" HPOS="400" VPOS="826" WIDTH="80" HEIGHT="29" CONTENT="one" />
            <SP ID="SP_55586" HPOS="480" VPOS="813" WIDTH="18" HEIGHT="0" />
            <String ID="Word_61705" HPOS="498" VPOS="813" WIDTH="46" HEIGHT="41" CONTENT="of" />
            <SP ID="SP_55587" HPOS="544" VPOS="813" WIDTH="16" HEIGHT="0" />
            <String ID="Word_61706" HPOS="560" VPOS="813" WIDTH="71" HEIGHT="42" CONTENT="the" />
            <SP ID="SP_55588" HPOS="631" VPOS="813" WIDTH="18" HEIGHT="0" />
            <String ID="Word_61707" HPOS="649" VPOS="816" WIDTH="110" HEIGHT="38" CONTENT="most" />
            <SP ID="SP_55589" HPOS="759" VPOS="813" WIDTH="13" HEIGHT="0" />
            <String ID="Word_61708" HPOS="772" VPOS="813" WIDTH="237" HEIGHT="54" CONTENT="important" />
            <SP ID="SP_55590" HPOS="1009" VPOS="812" WIDTH="15" HEIGHT="0" />
            <String ID="Word_61709" HPOS="1024" VPOS="812" WIDTH="258" HEIGHT="43" CONTENT="discoveries" />
            <SP ID="SP_55591" HPOS="1282" VPOS="812" WIDTH="14" HEIGHT="0" />
            <String ID="Word_61710" HPOS="1296" VPOS="813" WIDTH="45" HEIGHT="41" CONTENT="in" />
            <SP ID="SP_55592" HPOS="1341" VPOS="813" WIDTH="15" HEIGHT="0" />
            <String ID="Word_61711" HPOS="1356" VPOS="813" WIDTH="74" HEIGHT="43" CONTENT="the" />
            <SP ID="SP_55593" HPOS="1430" VPOS="813" WIDTH="16" HEIGHT="0" />
            <String ID="Word_61712" HPOS="1446" VPOS="814" WIDTH="174" HEIGHT="43" CONTENT="Science" />
            <SP ID="SP_55594" HPOS="1620" VPOS="814" WIDTH="19" HEIGHT="0" />
            <String ID="Word_61713" HPOS="1639" VPOS="815" WIDTH="44" HEIGHT="41" CONTENT="of" />
            <SP ID="SP_55595" HPOS="1683" VPOS="814" WIDTH="18" HEIGHT="0" />
            <String ID="Word_61714" HPOS="1701" VPOS="814" WIDTH="257" HEIGHT="46" CONTENT="Language.&quot;" />
          </TextLine>
          <TextLine ID="TextLine_6124" HPOS="346" VPOS="882" WIDTH="1610" HEIGHT="56">
            <String ID="Word_61715" HPOS="346" VPOS="882" WIDTH="71" HEIGHT="42" CONTENT="He" />
            <SP ID="SP_55596" HPOS="417" VPOS="882" WIDTH="19" HEIGHT="0" />
            <String ID="Word_61716" HPOS="436" VPOS="883" WIDTH="36" HEIGHT="42" CONTENT="is" />
            <SP ID="SP_55597" HPOS="472" VPOS="882" WIDTH="23" HEIGHT="0" />
            <String ID="Word_61717" HPOS="495" VPOS="882" WIDTH="194" HEIGHT="56" CONTENT="strongly" />
            <SP ID="SP_55598" HPOS="689" VPOS="882" WIDTH="33" HEIGHT="0" />
            <String ID="Word_61718" HPOS="722" VPOS="882" WIDTH="188" HEIGHT="55" CONTENT="opposed" />
            <SP ID="SP_55599" HPOS="910" VPOS="882" WIDTH="32" HEIGHT="0" />
            <String ID="Word_61719" HPOS="942" VPOS="886" WIDTH="44" HEIGHT="38" CONTENT="to" />
            <SP ID="SP_55600" HPOS="986" VPOS="882" WIDTH="32" HEIGHT="0" />
            <String ID="Word_61720" HPOS="1018" VPOS="882" WIDTH="74" HEIGHT="43" CONTENT="the" />
            <SP ID="SP_55601" HPOS="1092" VPOS="882" WIDTH="32" HEIGHT="0" />
            <String ID="Word_61721" HPOS="1124" VPOS="882" WIDTH="194" HEIGHT="43" CONTENT="doctrine" />
            <SP ID="SP_55602" HPOS="1318" VPOS="882" WIDTH="32" HEIGHT="0" />
            <String ID="Word_61722" HPOS="1350" VPOS="884" WIDTH="46" HEIGHT="41" CONTENT="of" />
            <SP ID="SP_55603" HPOS="1396" VPOS="884" WIDTH="29" HEIGHT="0" />
            <String ID="Word_61723" HPOS="1425" VPOS="884" WIDTH="121" HEIGHT="42" CONTENT="those" />
            <SP ID="SP_55604" HPOS="1546" VPOS="884" WIDTH="23" HEIGHT="0" />
            <String ID="Word_61724" HPOS="1569" VPOS="885" WIDTH="94" HEIGHT="42" CONTENT="who" />
            <SP ID="SP_55605" HPOS="1663" VPOS="885" WIDTH="24" HEIGHT="0" />
            <String ID="Word_61725" HPOS="1687" VPOS="885" WIDTH="139" HEIGHT="42" CONTENT="would" />
            <SP ID="SP_55606" HPOS="1826" VPOS="885" WIDTH="24" HEIGHT="0" />
            <String ID="Word_61726" HPOS="1850" VPOS="891" WIDTH="106" HEIGHT="41" CONTENT="trace" />
          </TextLine>
          <TextLine ID="TextLine_6125" HPOS="346" VPOS="952" WIDTH="1612" HEIGHT="57">
            <String ID="Word_61727" HPOS="346" VPOS="952" WIDTH="74" HEIGHT="43" CONTENT="the" />
            <SP ID="SP_55607" HPOS="420" VPOS="952" WIDTH="42" HEIGHT="0" />
            <String ID="Word_61728" HPOS="462" VPOS="952" WIDTH="138" HEIGHT="56" CONTENT="origin" />
            <SP ID="SP_55608" HPOS="600" VPOS="952" WIDTH="43" HEIGHT="0" />
            <String ID="Word_61729" HPOS="643" VPOS="952" WIDTH="44" HEIGHT="42" CONTENT="of" />
            <SP ID="SP_55609" HPOS="687" VPOS="952" WIDTH="41" HEIGHT="0" />
            <String ID="Word_61730" HPOS="728" VPOS="952" WIDTH="210" HEIGHT="56" CONTENT="language" />
            <SP ID="SP_55610" HPOS="938" VPOS="952" WIDTH="45" HEIGHT="0" />
            <String ID="Word_61731" HPOS="983" VPOS="957" WIDTH="43" HEIGHT="37" CONTENT="to" />
            <SP ID="SP_55611" HPOS="1026" VPOS="953" WIDTH="42" HEIGHT="0" />
            <String ID="Word_61732" HPOS="1068" VPOS="953" WIDTH="172" HEIGHT="41" CONTENT="natural" />
            <SP ID="SP_55612" HPOS="1240" VPOS="953" WIDTH="41" HEIGHT="0" />
            <String ID="Word_61733" HPOS="1281" VPOS="953" WIDTH="299" HEIGHT="56" CONTENT="interjections" />
            <SP ID="SP_55613" HPOS="1580" VPOS="953" WIDTH="37" HEIGHT="0" />
            <String ID="Word_61734" HPOS="1617" VPOS="956" WIDTH="170" HEIGHT="43" CONTENT="uttered" />
            <SP ID="SP_55614" HPOS="1787" VPOS="956" WIDTH="43" HEIGHT="0" />
            <String ID="Word_61735" HPOS="1830" VPOS="958" WIDTH="128" HEIGHT="42" CONTENT="under" />
          </TextLine>
          <TextLine ID="TextLine_6126" HPOS="345" VPOS="1022" WIDTH="1611" HEIGHT="53">
            <String ID="Word_61736" HPOS="345" VPOS="1023" WIDTH="203" HEIGHT="52" CONTENT="emotion," />
            <SP ID="SP_55615" HPOS="548" VPOS="1023" WIDTH="22" HEIGHT="0" />
            <String ID="Word_61737" HPOS="570" VPOS="1023" WIDTH="86" HEIGHT="41" CONTENT="and" />
            <SP ID="SP_55616" HPOS="656" VPOS="1023" WIDTH="23" HEIGHT="0" />
            <String ID="Word_61738" HPOS="679" VPOS="1027" WIDTH="43" HEIGHT="37" CONTENT="to" />
            <SP ID="SP_55617" HPOS="722" VPOS="1022" WIDTH="22" HEIGHT="0" />
            <String ID="Word_61739" HPOS="744" VPOS="1022" WIDTH="74" HEIGHT="43" CONTENT="the" />
            <SP ID="SP_55618" HPOS="818" VPOS="1022" WIDTH="31" HEIGHT="0" />
            <String ID="Word_61740" HPOS="849" VPOS="1023" WIDTH="220" HEIGHT="41" CONTENT="imitation" />
            <SP ID="SP_55619" HPOS="1069" VPOS="1023" WIDTH="32" HEIGHT="0" />
            <String ID="Word_61741" HPOS="1101" VPOS="1023" WIDTH="44" HEIGHT="41" CONTENT="of" />
            <SP ID="SP_55620" HPOS="1145" VPOS="1023" WIDTH="30" HEIGHT="0" />
            <String ID="Word_61742" HPOS="1175" VPOS="1023" WIDTH="173" HEIGHT="42" CONTENT="natural" />
            <SP ID="SP_55621" HPOS="1348" VPOS="1023" WIDTH="31" HEIGHT="0" />
            <String ID="Word_61743" HPOS="1379" VPOS="1025" WIDTH="159" HEIGHT="42" CONTENT="sounds" />
            <SP ID="SP_55622" HPOS="1538" VPOS="1025" WIDTH="28" HEIGHT="0" />
            <String ID="Word_61744" HPOS="1566" VPOS="1025" WIDTH="104" HEIGHT="42" CONTENT="such" />
            <SP ID="SP_55623" HPOS="1670" VPOS="1025" WIDTH="23" HEIGHT="0" />
            <String ID="Word_61745" HPOS="1693" VPOS="1040" WIDTH="45" HEIGHT="28" CONTENT="as" />
            <SP ID="SP_55624" HPOS="1738" VPOS="1026" WIDTH="24" HEIGHT="0" />
            <String ID="Word_61746" HPOS="1762" VPOS="1026" WIDTH="71" HEIGHT="42" CONTENT="the" />
            <SP ID="SP_55625" HPOS="1833" VPOS="1026" WIDTH="23" HEIGHT="0" />
            <String ID="Word_61747" HPOS="1856" VPOS="1028" WIDTH="100" HEIGHT="44" CONTENT="cries" />
          </TextLine>
          <TextLine ID="TextLine_6127" HPOS="345" VPOS="1092" WIDTH="1610" HEIGHT="57">
            <String ID="Word_61748" HPOS="345" VPOS="1092" WIDTH="45" HEIGHT="42" CONTENT="of" />
            <SP ID="SP_55626" HPOS="390" VPOS="1092" WIDTH="21" HEIGHT="0" />
            <String ID="Word_61749" HPOS="411" VPOS="1092" WIDTH="194" HEIGHT="43" CONTENT="animals." />
            <SP ID="SP_55627" HPOS="605" VPOS="1092" WIDTH="63" HEIGHT="0" />
            <String ID="Word_61750" HPOS="668" VPOS="1092" WIDTH="181" HEIGHT="56" CONTENT="Though" />
            <SP ID="SP_55628" HPOS="849" VPOS="1092" WIDTH="32" HEIGHT="0" />
            <String ID="Word_61751" HPOS="881" VPOS="1093" WIDTH="269" HEIGHT="56" CONTENT="recognising" />
            <SP ID="SP_55629" HPOS="1150" VPOS="1093" WIDTH="32" HEIGHT="0" />
            <String ID="Word_61752" HPOS="1182" VPOS="1094" WIDTH="73" HEIGHT="42" CONTENT="the" />
            <SP ID="SP_55630" HPOS="1255" VPOS="1094" WIDTH="32" HEIGHT="0" />
            <String ID="Word_61753" HPOS="1287" VPOS="1094" WIDTH="217" HEIGHT="43" CONTENT="existence" />
            <SP ID="SP_55631" HPOS="1504" VPOS="1094" WIDTH="21" HEIGHT="0" />
            <String ID="Word_61754" HPOS="1525" VPOS="1095" WIDTH="46" HEIGHT="42" CONTENT="of" />
            <SP ID="SP_55632" HPOS="1571" VPOS="1095" WIDTH="28" HEIGHT="0" />
            <String ID="Word_61755" HPOS="1599" VPOS="1109" WIDTH="24" HEIGHT="28" CONTENT="a" />
            <SP ID="SP_55633" HPOS="1623" VPOS="1096" WIDTH="23" HEIGHT="0" />
            <String ID="Word_61756" HPOS="1646" VPOS="1096" WIDTH="82" HEIGHT="41" CONTENT="few" />
            <SP ID="SP_55634" HPOS="1728" VPOS="1096" WIDTH="24" HEIGHT="0" />
            <String ID="Word_61757" HPOS="1752" VPOS="1097" WIDTH="134" HEIGHT="42" CONTENT="words" />
            <SP ID="SP_55635" HPOS="1886" VPOS="1097" WIDTH="29" HEIGHT="0" />
            <String ID="Word_61758" HPOS="1915" VPOS="1100" WIDTH="40" HEIGHT="41" CONTENT="of" />
          </TextLine>
          <TextLine ID="TextLine_6128" HPOS="345" VPOS="1163" WIDTH="1611" HEIGHT="57">
            <String ID="Word_61759" HPOS="345" VPOS="1163" WIDTH="362" HEIGHT="56" CONTENT="onomatopoietic" />
            <SP ID="SP_55636" HPOS="707" VPOS="1163" WIDTH="33" HEIGHT="0" />
            <String ID="Word_61760" HPOS="740" VPOS="1163" WIDTH="139" HEIGHT="56" CONTENT="origin" />
            <SP ID="SP_55637" HPOS="879" VPOS="1163" WIDTH="34" HEIGHT="0" />
            <String ID="Word_61761" HPOS="913" VPOS="1163" WIDTH="46" HEIGHT="42" CONTENT="in" />
            <SP ID="SP_55638" HPOS="959" VPOS="1163" WIDTH="34" HEIGHT="0" />
            <String ID="Word_61762" HPOS="993" VPOS="1164" WIDTH="60" HEIGHT="42" CONTENT="all" />
            <SP ID="SP_55639" HPOS="1053" VPOS="1164" WIDTH="32" HEIGHT="0" />
            <String ID="Word_61763" HPOS="1085" VPOS="1164" WIDTH="245" HEIGHT="56" CONTENT="languages," />
            <SP ID="SP_55640" HPOS="1330" VPOS="1164" WIDTH="34" HEIGHT="0" />
            <String ID="Word_61764" HPOS="1364" VPOS="1165" WIDTH="54" HEIGHT="42" CONTENT="he" />
            <SP ID="SP_55641" HPOS="1418" VPOS="1165" WIDTH="37" HEIGHT="0" />
            <String ID="Word_61765" HPOS="1455" VPOS="1166" WIDTH="149" HEIGHT="42" CONTENT="thinks" />
            <SP ID="SP_55642" HPOS="1604" VPOS="1166" WIDTH="42" HEIGHT="0" />
            <String ID="Word_61766" HPOS="1646" VPOS="1166" WIDTH="119" HEIGHT="43" CONTENT="these" />
            <SP ID="SP_55643" HPOS="1765" VPOS="1166" WIDTH="32" HEIGHT="0" />
            <String ID="Word_61767" HPOS="1797" VPOS="1172" WIDTH="159" HEIGHT="40" CONTENT="neither" />
          </TextLine>
          <TextLine ID="TextLine_6129" HPOS="344" VPOS="1234" WIDTH="1611" HEIGHT="57">
            <String ID="Word_61768" HPOS="344" VPOS="1248" WIDTH="234" HEIGHT="29" CONTENT="numerous" />
            <SP ID="SP_55644" HPOS="578" VPOS="1248" WIDTH="22" HEIGHT="0" />
            <String ID="Word_61769" HPOS="600" VPOS="1249" WIDTH="79" HEIGHT="28" CONTENT="nor" />
            <SP ID="SP_55645" HPOS="679" VPOS="1234" WIDTH="20" HEIGHT="0" />
            <String ID="Word_61770" HPOS="699" VPOS="1234" WIDTH="246" HEIGHT="56" CONTENT="important." />
            <SP ID="SP_55646" HPOS="945" VPOS="1234" WIDTH="54" HEIGHT="0" />
            <String ID="Word_61771" HPOS="999" VPOS="1235" WIDTH="71" HEIGHT="42" CONTENT="He" />
            <SP ID="SP_55647" HPOS="1070" VPOS="1235" WIDTH="16" HEIGHT="0" />
            <String ID="Word_61772" HPOS="1086" VPOS="1235" WIDTH="125" HEIGHT="42" CONTENT="holds" />
            <SP ID="SP_55648" HPOS="1211" VPOS="1235" WIDTH="18" HEIGHT="0" />
            <String ID="Word_61773" HPOS="1229" VPOS="1235" WIDTH="95" HEIGHT="42" CONTENT="that" />
            <SP ID="SP_55649" HPOS="1324" VPOS="1235" WIDTH="17" HEIGHT="0" />
            <String ID="Word_61774" HPOS="1341" VPOS="1235" WIDTH="73" HEIGHT="43" CONTENT="the" />
            <SP ID="SP_55650" HPOS="1414" VPOS="1235" WIDTH="17" HEIGHT="0" />
            <String ID="Word_61775" HPOS="1431" VPOS="1240" WIDTH="107" HEIGHT="38" CONTENT="roots" />
            <SP ID="SP_55651" HPOS="1538" VPOS="1240" WIDTH="16" HEIGHT="0" />
            <String ID="Word_61776" HPOS="1554" VPOS="1241" WIDTH="116" HEIGHT="37" CONTENT="must" />
            <SP ID="SP_55652" HPOS="1670" VPOS="1237" WIDTH="17" HEIGHT="0" />
            <String ID="Word_61777" HPOS="1687" VPOS="1237" WIDTH="51" HEIGHT="42" CONTENT="be" />
            <SP ID="SP_55653" HPOS="1738" VPOS="1237" WIDTH="22" HEIGHT="0" />
            <String ID="Word_61778" HPOS="1760" VPOS="1239" WIDTH="195" HEIGHT="41" CONTENT="regarded" />
          </TextLine>
          <TextLine ID="TextLine_6130" HPOS="344" VPOS="1305" WIDTH="1612" HEIGHT="57">
            <String ID="Word_61779" HPOS="344" VPOS="1319" WIDTH="47" HEIGHT="28" CONTENT="as" />
            <SP ID="SP_55654" HPOS="391" VPOS="1305" WIDTH="37" HEIGHT="0" />
            <String ID="Word_61780" HPOS="428" VPOS="1305" WIDTH="202" HEIGHT="43" CONTENT="ultimate" />
            <SP ID="SP_55655" HPOS="630" VPOS="1305" WIDTH="37" HEIGHT="0" />
            <String ID="Word_61781" HPOS="667" VPOS="1306" WIDTH="110" HEIGHT="42" CONTENT="facts" />
            <SP ID="SP_55656" HPOS="777" VPOS="1305" WIDTH="37" HEIGHT="0" />
            <String ID="Word_61782" HPOS="814" VPOS="1305" WIDTH="47" HEIGHT="43" CONTENT="in" />
            <SP ID="SP_55657" HPOS="861" VPOS="1305" WIDTH="37" HEIGHT="0" />
            <String ID="Word_61783" HPOS="898" VPOS="1305" WIDTH="232" HEIGHT="56" CONTENT="philology." />
            <SP ID="SP_55658" HPOS="1130" VPOS="1305" WIDTH="63" HEIGHT="0" />
            <String ID="Word_61784" HPOS="1193" VPOS="1305" WIDTH="90" HEIGHT="43" CONTENT="The" />
            <SP ID="SP_55659" HPOS="1283" VPOS="1305" WIDTH="36" HEIGHT="0" />
            <String ID="Word_61785" HPOS="1319" VPOS="1306" WIDTH="103" HEIGHT="56" CONTENT="only" />
            <SP ID="SP_55660" HPOS="1422" VPOS="1306" WIDTH="32" HEIGHT="0" />
            <String ID="Word_61786" HPOS="1454" VPOS="1306" WIDTH="277" HEIGHT="55" CONTENT="explanation" />
            <SP ID="SP_55661" HPOS="1731" VPOS="1306" WIDTH="37" HEIGHT="0" />
            <String ID="Word_61787" HPOS="1768" VPOS="1307" WIDTH="43" HEIGHT="42" CONTENT="of" />
            <SP ID="SP_55662" HPOS="1811" VPOS="1307" WIDTH="41" HEIGHT="0" />
            <String ID="Word_61788" HPOS="1852" VPOS="1308" WIDTH="104" HEIGHT="43" CONTENT="their" />
          </TextLine>
          <TextLine ID="TextLine_6131" HPOS="345" VPOS="1376" WIDTH="1610" HEIGHT="57">
            <String ID="Word_61789" HPOS="345" VPOS="1376" WIDTH="139" HEIGHT="56" CONTENT="origin" />
            <SP ID="SP_55663" HPOS="484" VPOS="1376" WIDTH="32" HEIGHT="0" />
            <String ID="Word_61790" HPOS="516" VPOS="1376" WIDTH="96" HEIGHT="43" CONTENT="that" />
            <SP ID="SP_55664" HPOS="612" VPOS="1376" WIDTH="31" HEIGHT="0" />
            <String ID="Word_61791" HPOS="643" VPOS="1377" WIDTH="54" HEIGHT="42" CONTENT="he" />
            <SP ID="SP_55665" HPOS="697" VPOS="1376" WIDTH="33" HEIGHT="0" />
            <String ID="Word_61792" HPOS="730" VPOS="1376" WIDTH="124" HEIGHT="43" CONTENT="offers" />
            <SP ID="SP_55666" HPOS="854" VPOS="1376" WIDTH="31" HEIGHT="0" />
            <String ID="Word_61793" HPOS="885" VPOS="1376" WIDTH="38" HEIGHT="43" CONTENT="is" />
            <SP ID="SP_55667" HPOS="923" VPOS="1376" WIDTH="32" HEIGHT="0" />
            <String ID="Word_61794" HPOS="955" VPOS="1390" WIDTH="25" HEIGHT="28" CONTENT="a" />
            <SP ID="SP_55668" HPOS="980" VPOS="1376" WIDTH="32" HEIGHT="0" />
            <String ID="Word_61795" HPOS="1012" VPOS="1376" WIDTH="237" HEIGHT="43" CONTENT="somewhat" />
            <SP ID="SP_55669" HPOS="1249" VPOS="1376" WIDTH="31" HEIGHT="0" />
            <String ID="Word_61796" HPOS="1280" VPOS="1377" WIDTH="158" HEIGHT="55" CONTENT="mystic" />
            <SP ID="SP_55670" HPOS="1438" VPOS="1377" WIDTH="32" HEIGHT="0" />
            <String ID="Word_61797" HPOS="1470" VPOS="1391" WIDTH="90" HEIGHT="29" CONTENT="one." />
            <SP ID="SP_55671" HPOS="1560" VPOS="1378" WIDTH="63" HEIGHT="0" />
            <String ID="Word_61798" HPOS="1623" VPOS="1378" WIDTH="69" HEIGHT="42" CONTENT="He" />
            <SP ID="SP_55672" HPOS="1692" VPOS="1378" WIDTH="30" HEIGHT="0" />
            <String ID="Word_61799" HPOS="1722" VPOS="1392" WIDTH="108" HEIGHT="41" CONTENT="says," />
            <SP ID="SP_55673" HPOS="1830" VPOS="1379" WIDTH="23" HEIGHT="0" />
            <String ID="Word_61800" HPOS="1853" VPOS="1379" WIDTH="102" HEIGHT="41" CONTENT="&quot;All" />
          </TextLine>
          <TextLine ID="TextLine_6132" HPOS="346" VPOS="1447" WIDTH="1610" HEIGHT="56">
            <String ID="Word_61801" HPOS="346" VPOS="1447" WIDTH="96" HEIGHT="42" CONTENT="that" />
            <SP ID="SP_55674" HPOS="442" VPOS="1447" WIDTH="21" HEIGHT="0" />
            <String ID="Word_61802" HPOS="463" VPOS="1462" WIDTH="63" HEIGHT="28" CONTENT="we" />
            <SP ID="SP_55675" HPOS="526" VPOS="1447" WIDTH="22" HEIGHT="0" />
            <String ID="Word_61803" HPOS="548" VPOS="1447" WIDTH="110" HEIGHT="43" CONTENT="have" />
            <SP ID="SP_55676" HPOS="658" VPOS="1447" WIDTH="23" HEIGHT="0" />
            <String ID="Word_61804" HPOS="681" VPOS="1462" WIDTH="25" HEIGHT="28" CONTENT="a" />
            <SP ID="SP_55677" HPOS="706" VPOS="1447" WIDTH="30" HEIGHT="0" />
            <String ID="Word_61805" HPOS="736" VPOS="1447" WIDTH="116" HEIGHT="42" CONTENT="right" />
            <SP ID="SP_55678" HPOS="852" VPOS="1447" WIDTH="31" HEIGHT="0" />
            <String ID="Word_61806" HPOS="883" VPOS="1452" WIDTH="43" HEIGHT="37" CONTENT="to" />
            <SP ID="SP_55679" HPOS="926" VPOS="1451" WIDTH="32" HEIGHT="0" />
            <String ID="Word_61807" HPOS="958" VPOS="1451" WIDTH="136" HEIGHT="39" CONTENT="assert" />
            <SP ID="SP_55680" HPOS="1094" VPOS="1447" WIDTH="29" HEIGHT="0" />
            <String ID="Word_61808" HPOS="1123" VPOS="1447" WIDTH="36" HEIGHT="42" CONTENT="is" />
            <SP ID="SP_55681" HPOS="1159" VPOS="1447" WIDTH="23" HEIGHT="0" />
            <String ID="Word_61809" HPOS="1182" VPOS="1447" WIDTH="96" HEIGHT="42" CONTENT="that" />
            <SP ID="SP_55682" HPOS="1278" VPOS="1447" WIDTH="22" HEIGHT="0" />
            <String ID="Word_61810" HPOS="1300" VPOS="1447" WIDTH="209" HEIGHT="56" CONTENT="language" />
            <SP ID="SP_55683" HPOS="1509" VPOS="1447" WIDTH="23" HEIGHT="0" />
            <String ID="Word_61811" HPOS="1532" VPOS="1448" WIDTH="147" HEIGHT="42" CONTENT="begins" />
            <SP ID="SP_55684" HPOS="1679" VPOS="1448" WIDTH="24" HEIGHT="0" />
            <String ID="Word_61812" HPOS="1703" VPOS="1449" WIDTH="104" HEIGHT="41" CONTENT="with" />
            <SP ID="SP_55685" HPOS="1807" VPOS="1449" WIDTH="33" HEIGHT="0" />
            <String ID="Word_61813" HPOS="1840" VPOS="1453" WIDTH="116" HEIGHT="48" CONTENT="roots," />
          </TextLine>
          <TextLine ID="TextLine_6133" HPOS="345" VPOS="1516" WIDTH="1610" HEIGHT="57">
            <String ID="Word_61814" HPOS="345" VPOS="1516" WIDTH="86" HEIGHT="42" CONTENT="and" />
            <SP ID="SP_55686" HPOS="431" VPOS="1516" WIDTH="21" HEIGHT="0" />
            <String ID="Word_61815" HPOS="452" VPOS="1517" WIDTH="97" HEIGHT="42" CONTENT="that" />
            <SP ID="SP_55687" HPOS="549" VPOS="1517" WIDTH="21" HEIGHT="0" />
            <String ID="Word_61816" HPOS="570" VPOS="1517" WIDTH="120" HEIGHT="43" CONTENT="these" />
            <SP ID="SP_55688" HPOS="690" VPOS="1517" WIDTH="22" HEIGHT="0" />
            <String ID="Word_61817" HPOS="712" VPOS="1522" WIDTH="115" HEIGHT="37" CONTENT="roots" />
            <SP ID="SP_55689" HPOS="827" VPOS="1522" WIDTH="28" HEIGHT="0" />
            <String ID="Word_61818" HPOS="855" VPOS="1531" WIDTH="71" HEIGHT="28" CONTENT="are" />
            <SP ID="SP_55690" HPOS="926" VPOS="1517" WIDTH="23" HEIGHT="0" />
            <String ID="Word_61819" HPOS="949" VPOS="1517" WIDTH="170" HEIGHT="43" CONTENT="neither" />
            <SP ID="SP_55691" HPOS="1119" VPOS="1517" WIDTH="20" HEIGHT="0" />
            <String ID="Word_61820" HPOS="1139" VPOS="1531" WIDTH="117" HEIGHT="28" CONTENT="more" />
            <SP ID="SP_55692" HPOS="1256" VPOS="1531" WIDTH="23" HEIGHT="0" />
            <String ID="Word_61821" HPOS="1279" VPOS="1531" WIDTH="78" HEIGHT="28" CONTENT="nor" />
            <SP ID="SP_55693" HPOS="1357" VPOS="1517" WIDTH="21" HEIGHT="0" />
            <String ID="Word_61822" HPOS="1378" VPOS="1517" WIDTH="85" HEIGHT="43" CONTENT="less" />
            <SP ID="SP_55694" HPOS="1463" VPOS="1517" WIDTH="21" HEIGHT="0" />
            <String ID="Word_61823" HPOS="1484" VPOS="1517" WIDTH="106" HEIGHT="42" CONTENT="than" />
            <SP ID="SP_55695" HPOS="1590" VPOS="1517" WIDTH="21" HEIGHT="0" />
            <String ID="Word_61824" HPOS="1611" VPOS="1517" WIDTH="205" HEIGHT="55" CONTENT="phonetic" />
            <SP ID="SP_55696" HPOS="1816" VPOS="1517" WIDTH="23" HEIGHT="0" />
            <String ID="Word_61825" HPOS="1839" VPOS="1522" WIDTH="116" HEIGHT="51" CONTENT="types" />
          </TextLine>
          <TextLine ID="TextLine_6134" HPOS="345" VPOS="1587" WIDTH="1611" HEIGHT="56">
            <String ID="Word_61826" HPOS="345" VPOS="1601" WIDTH="48" HEIGHT="28" CONTENT="or" />
            <SP ID="SP_55697" HPOS="393" VPOS="1587" WIDTH="22" HEIGHT="0" />
            <String ID="Word_61827" HPOS="415" VPOS="1587" WIDTH="163" HEIGHT="56" CONTENT="typical" />
            <SP ID="SP_55698" HPOS="578" VPOS="1587" WIDTH="22" HEIGHT="0" />
            <String ID="Word_61828" HPOS="600" VPOS="1588" WIDTH="171" HEIGHT="42" CONTENT="sounds." />
            <SP ID="SP_55699" HPOS="771" VPOS="1588" WIDTH="62" HEIGHT="0" />
            <String ID="Word_61829" HPOS="833" VPOS="1588" WIDTH="136" HEIGHT="42" CONTENT="What" />
            <SP ID="SP_55700" HPOS="969" VPOS="1588" WIDTH="31" HEIGHT="0" />
            <String ID="Word_61830" HPOS="1000" VPOS="1588" WIDTH="80" HEIGHT="42" CONTENT="lies" />
            <SP ID="SP_55701" HPOS="1080" VPOS="1587" WIDTH="26" HEIGHT="0" />
            <String ID="Word_61831" HPOS="1106" VPOS="1587" WIDTH="170" HEIGHT="43" CONTENT="beyond" />
            <SP ID="SP_55702" HPOS="1276" VPOS="1587" WIDTH="22" HEIGHT="0" />
            <String ID="Word_61832" HPOS="1298" VPOS="1588" WIDTH="119" HEIGHT="42" CONTENT="them" />
            <SP ID="SP_55703" HPOS="1417" VPOS="1588" WIDTH="22" HEIGHT="0" />
            <String ID="Word_61833" HPOS="1439" VPOS="1588" WIDTH="36" HEIGHT="42" CONTENT="is" />
            <SP ID="SP_55704" HPOS="1475" VPOS="1588" WIDTH="23" HEIGHT="0" />
            <String ID="Word_61834" HPOS="1498" VPOS="1601" WIDTH="54" HEIGHT="29" CONTENT="no" />
            <SP ID="SP_55705" HPOS="1552" VPOS="1588" WIDTH="22" HEIGHT="0" />
            <String ID="Word_61835" HPOS="1574" VPOS="1588" WIDTH="159" HEIGHT="55" CONTENT="longer," />
            <SP ID="SP_55706" HPOS="1733" VPOS="1588" WIDTH="22" HEIGHT="0" />
            <String ID="Word_61836" HPOS="1755" VPOS="1603" WIDTH="59" HEIGHT="27" CONTENT="or," />
            <SP ID="SP_55707" HPOS="1814" VPOS="1588" WIDTH="20" HEIGHT="0" />
            <String ID="Word_61837" HPOS="1834" VPOS="1588" WIDTH="37" HEIGHT="42" CONTENT="if" />
            <SP ID="SP_55708" HPOS="1871" VPOS="1588" WIDTH="27" HEIGHT="0" />
            <String ID="Word_61838" HPOS="1898" VPOS="1603" WIDTH="58" HEIGHT="29" CONTENT="we" />
          </TextLine>
          <TextLine ID="TextLine_6135" HPOS="346" VPOS="1657" WIDTH="1609" HEIGHT="57">
            <String ID="Word_61839" HPOS="346" VPOS="1658" WIDTH="133" HEIGHT="54" CONTENT="speak" />
            <SP ID="SP_55709" HPOS="479" VPOS="1657" WIDTH="22" HEIGHT="0" />
            <String ID="Word_61840" HPOS="501" VPOS="1657" WIDTH="281" HEIGHT="57" CONTENT="historically," />
            <SP ID="SP_55710" HPOS="782" VPOS="1657" WIDTH="22" HEIGHT="0" />
            <String ID="Word_61841" HPOS="804" VPOS="1658" WIDTH="36" HEIGHT="42" CONTENT="is" />
            <SP ID="SP_55711" HPOS="840" VPOS="1658" WIDTH="22" HEIGHT="0" />
            <String ID="Word_61842" HPOS="862" VPOS="1662" WIDTH="78" HEIGHT="38" CONTENT="not" />
            <SP ID="SP_55712" HPOS="940" VPOS="1662" WIDTH="20" HEIGHT="0" />
            <String ID="Word_61843" HPOS="960" VPOS="1663" WIDTH="76" HEIGHT="51" CONTENT="yet" />
            <SP ID="SP_55713" HPOS="1036" VPOS="1658" WIDTH="27" HEIGHT="0" />
            <String ID="Word_61844" HPOS="1063" VPOS="1658" WIDTH="224" HEIGHT="55" CONTENT="language," />
            <SP ID="SP_55714" HPOS="1287" VPOS="1658" WIDTH="25" HEIGHT="0" />
            <String ID="Word_61845" HPOS="1312" VPOS="1658" WIDTH="196" HEIGHT="42" CONTENT="however" />
            <SP ID="SP_55715" HPOS="1508" VPOS="1658" WIDTH="20" HEIGHT="0" />
            <String ID="Word_61846" HPOS="1528" VPOS="1658" WIDTH="256" HEIGHT="43" CONTENT="interesting" />
            <SP ID="SP_55716" HPOS="1784" VPOS="1658" WIDTH="21" HEIGHT="0" />
            <String ID="Word_61847" HPOS="1805" VPOS="1659" WIDTH="36" HEIGHT="41" CONTENT="it" />
            <SP ID="SP_55717" HPOS="1841" VPOS="1659" WIDTH="22" HEIGHT="0" />
            <String ID="Word_61848" HPOS="1863" VPOS="1673" WIDTH="92" HEIGHT="41" CONTENT="may" />
          </TextLine>
          <TextLine ID="TextLine_6136" HPOS="345" VPOS="1728" WIDTH="1610" HEIGHT="56">
            <String ID="Word_61849" HPOS="345" VPOS="1729" WIDTH="53" HEIGHT="41" CONTENT="be" />
            <SP ID="SP_55718" HPOS="398" VPOS="1729" WIDTH="37" HEIGHT="0" />
            <String ID="Word_61850" HPOS="435" VPOS="1729" WIDTH="64" HEIGHT="41" CONTENT="for" />
            <SP ID="SP_55719" HPOS="499" VPOS="1728" WIDTH="40" HEIGHT="0" />
            <String ID="Word_61851" HPOS="539" VPOS="1728" WIDTH="320" HEIGHT="56" CONTENT="psychological" />
            <SP ID="SP_55720" HPOS="859" VPOS="1728" WIDTH="43" HEIGHT="0" />
            <String ID="Word_61852" HPOS="902" VPOS="1728" WIDTH="255" HEIGHT="43" CONTENT="researches." />
            <SP ID="SP_55721" HPOS="1157" VPOS="1728" WIDTH="64" HEIGHT="0" />
            <String ID="Word_61853" HPOS="1221" VPOS="1729" WIDTH="90" HEIGHT="42" CONTENT="But" />
            <SP ID="SP_55722" HPOS="1311" VPOS="1728" WIDTH="42" HEIGHT="0" />
            <String ID="Word_61854" HPOS="1353" VPOS="1728" WIDTH="217" HEIGHT="43" CONTENT="whatever" />
            <SP ID="SP_55723" HPOS="1570" VPOS="1728" WIDTH="41" HEIGHT="0" />
            <String ID="Word_61855" HPOS="1611" VPOS="1729" WIDTH="133" HEIGHT="42" CONTENT="exists" />
            <SP ID="SP_55724" HPOS="1744" VPOS="1729" WIDTH="43" HEIGHT="0" />
            <String ID="Word_61856" HPOS="1787" VPOS="1729" WIDTH="46" HEIGHT="41" CONTENT="in" />
            <SP ID="SP_55725" HPOS="1833" VPOS="1729" WIDTH="41" HEIGHT="0" />
            <String ID="Word_61857" HPOS="1874" VPOS="1729" WIDTH="81" HEIGHT="43" CONTENT="real" />
          </TextLine>
          <TextLine ID="TextLine_6137" HPOS="346" VPOS="1798" WIDTH="1609" HEIGHT="57">
            <String ID="Word_61858" HPOS="346" VPOS="1800" WIDTH="209" HEIGHT="55" CONTENT="language" />
            <SP ID="SP_55726" HPOS="555" VPOS="1800" WIDTH="21" HEIGHT="0" />
            <String ID="Word_61859" HPOS="576" VPOS="1800" WIDTH="37" HEIGHT="41" CONTENT="is" />
            <SP ID="SP_55727" HPOS="613" VPOS="1799" WIDTH="23" HEIGHT="0" />
            <String ID="Word_61860" HPOS="636" VPOS="1799" WIDTH="73" HEIGHT="42" CONTENT="the" />
            <SP ID="SP_55728" HPOS="709" VPOS="1799" WIDTH="24" HEIGHT="0" />
            <String ID="Word_61861" HPOS="733" VPOS="1799" WIDTH="159" HEIGHT="55" CONTENT="upshot" />
            <SP ID="SP_55729" HPOS="892" VPOS="1799" WIDTH="22" HEIGHT="0" />
            <String ID="Word_61862" HPOS="914" VPOS="1799" WIDTH="43" HEIGHT="42" CONTENT="of" />
            <SP ID="SP_55730" HPOS="957" VPOS="1799" WIDTH="31" HEIGHT="0" />
            <String ID="Word_61863" HPOS="988" VPOS="1799" WIDTH="122" HEIGHT="42" CONTENT="these" />
            <SP ID="SP_55731" HPOS="1110" VPOS="1799" WIDTH="28" HEIGHT="0" />
            <String ID="Word_61864" HPOS="1138" VPOS="1812" WIDTH="125" HEIGHT="29" CONTENT="roots." />
            <SP ID="SP_55732" HPOS="1263" VPOS="1798" WIDTH="63" HEIGHT="0" />
            <String ID="Word_61865" HPOS="1326" VPOS="1798" WIDTH="155" HEIGHT="43" CONTENT="Words" />
            <SP ID="SP_55733" HPOS="1481" VPOS="1798" WIDTH="22" HEIGHT="0" />
            <String ID="Word_61866" HPOS="1503" VPOS="1813" WIDTH="69" HEIGHT="28" CONTENT="are" />
            <SP ID="SP_55734" HPOS="1572" VPOS="1800" WIDTH="23" HEIGHT="0" />
            <String ID="Word_61867" HPOS="1595" VPOS="1800" WIDTH="170" HEIGHT="42" CONTENT="various" />
            <SP ID="SP_55735" HPOS="1765" VPOS="1799" WIDTH="21" HEIGHT="0" />
            <String ID="Word_61868" HPOS="1786" VPOS="1799" WIDTH="169" HEIGHT="43" CONTENT="impres-" />
          </TextLine>
          <TextLine ID="TextLine_6138" HPOS="345" VPOS="1869" WIDTH="1612" HEIGHT="57">
            <String ID="Word_61869" HPOS="345" VPOS="1871" WIDTH="117" HEIGHT="41" CONTENT="sions" />
            <SP ID="SP_55736" HPOS="462" VPOS="1870" WIDTH="22" HEIGHT="0" />
            <String ID="Word_61870" HPOS="484" VPOS="1870" WIDTH="133" HEIGHT="42" CONTENT="taken" />
            <SP ID="SP_55737" HPOS="617" VPOS="1870" WIDTH="23" HEIGHT="0" />
            <String ID="Word_61871" HPOS="640" VPOS="1871" WIDTH="109" HEIGHT="41" CONTENT="from" />
            <SP ID="SP_55738" HPOS="749" VPOS="1870" WIDTH="19" HEIGHT="0" />
            <String ID="Word_61872" HPOS="768" VPOS="1870" WIDTH="120" HEIGHT="42" CONTENT="these" />
            <SP ID="SP_55739" HPOS="888" VPOS="1870" WIDTH="16" HEIGHT="0" />
            <String ID="Word_61873" HPOS="904" VPOS="1883" WIDTH="205" HEIGHT="42" CONTENT="phonetic" />
            <SP ID="SP_55740" HPOS="1109" VPOS="1869" WIDTH="17" HEIGHT="0" />
            <String ID="Word_61874" HPOS="1126" VPOS="1869" WIDTH="206" HEIGHT="43" CONTENT="moulds.&quot;" />
            <SP ID="SP_55741" HPOS="1332" VPOS="1869" WIDTH="62" HEIGHT="0" />
            <String ID="Word_61875" HPOS="1394" VPOS="1870" WIDTH="54" HEIGHT="41" CONTENT="In" />
            <SP ID="SP_55742" HPOS="1448" VPOS="1870" WIDTH="17" HEIGHT="0" />
            <String ID="Word_61876" HPOS="1465" VPOS="1870" WIDTH="241" HEIGHT="42" CONTENT="indicating" />
            <SP ID="SP_55743" HPOS="1706" VPOS="1870" WIDTH="20" HEIGHT="0" />
            <String ID="Word_61877" HPOS="1726" VPOS="1870" WIDTH="96" HEIGHT="42" CONTENT="how" />
            <SP ID="SP_55744" HPOS="1822" VPOS="1870" WIDTH="22" HEIGHT="0" />
            <String ID="Word_61878" HPOS="1844" VPOS="1870" WIDTH="113" HEIGHT="43" CONTENT="these" />
          </TextLine>
          <TextLine ID="TextLine_6139" HPOS="345" VPOS="1940" WIDTH="1615" HEIGHT="56">
            <String ID="Word_61879" HPOS="345" VPOS="1941" WIDTH="206" HEIGHT="55" CONTENT="phonetic" />
            <SP ID="SP_55745" HPOS="551" VPOS="1941" WIDTH="22" HEIGHT="0" />
            <String ID="Word_61880" HPOS="573" VPOS="1945" WIDTH="126" HEIGHT="51" CONTENT="types" />
            <SP ID="SP_55746" HPOS="699" VPOS="1945" WIDTH="32" HEIGHT="0" />
            <String ID="Word_61881" HPOS="731" VPOS="1955" WIDTH="99" HEIGHT="27" CONTENT="may" />
            <SP ID="SP_55747" HPOS="830" VPOS="1940" WIDTH="23" HEIGHT="0" />
            <String ID="Word_61882" HPOS="853" VPOS="1940" WIDTH="109" HEIGHT="42" CONTENT="have" />
            <SP ID="SP_55748" HPOS="962" VPOS="1940" WIDTH="35" HEIGHT="0" />
            <String ID="Word_61883" HPOS="997" VPOS="1940" WIDTH="93" HEIGHT="42" CONTENT="first" />
            <SP ID="SP_55749" HPOS="1090" VPOS="1940" WIDTH="30" HEIGHT="0" />
            <String ID="Word_61884" HPOS="1120" VPOS="1940" WIDTH="227" HEIGHT="55" CONTENT="displayed" />
            <SP ID="SP_55750" HPOS="1347" VPOS="1940" WIDTH="31" HEIGHT="0" />
            <String ID="Word_61885" HPOS="1378" VPOS="1940" WIDTH="273" HEIGHT="43" CONTENT="themselves," />
            <SP ID="SP_55751" HPOS="1651" VPOS="1940" WIDTH="20" HEIGHT="0" />
            <String ID="Word_61886" HPOS="1671" VPOS="1940" WIDTH="54" HEIGHT="42" CONTENT="he" />
            <SP ID="SP_55752" HPOS="1725" VPOS="1940" WIDTH="32" HEIGHT="0" />
            <String ID="Word_61887" HPOS="1757" VPOS="1954" WIDTH="108" HEIGHT="42" CONTENT="says," />
            <SP ID="SP_55753" HPOS="1865" VPOS="1945" WIDTH="20" HEIGHT="0" />
            <String ID="Word_61888" HPOS="1885" VPOS="1945" WIDTH="21" HEIGHT="16" CONTENT="&quot;" />
            <SP ID="SP_55754" HPOS="1906" VPOS="1941" WIDTH="14" HEIGHT="0" />
            <String ID="Word_61889" HPOS="1920" VPOS="1941" WIDTH="40" HEIGHT="41" CONTENT="If" />
          </TextLine>
          <TextLine ID="TextLine_6140" HPOS="345" VPOS="2010" WIDTH="1612" HEIGHT="57">
            <String ID="Word_61890" HPOS="345" VPOS="2025" WIDTH="66" HEIGHT="29" CONTENT="we" />
            <SP ID="SP_55755" HPOS="411" VPOS="2016" WIDTH="31" HEIGHT="0" />
            <String ID="Word_61891" HPOS="442" VPOS="2016" WIDTH="119" HEIGHT="38" CONTENT="must" />
            <SP ID="SP_55756" HPOS="561" VPOS="2011" WIDTH="30" HEIGHT="0" />
            <String ID="Word_61892" HPOS="591" VPOS="2011" WIDTH="101" HEIGHT="42" CONTENT="look" />
            <SP ID="SP_55757" HPOS="692" VPOS="2011" WIDTH="31" HEIGHT="0" />
            <String ID="Word_61893" HPOS="723" VPOS="2011" WIDTH="67" HEIGHT="42" CONTENT="for" />
            <SP ID="SP_55758" HPOS="790" VPOS="2011" WIDTH="31" HEIGHT="0" />
            <String ID="Word_61894" HPOS="821" VPOS="2011" WIDTH="228" HEIGHT="56" CONTENT="analogies," />
            <SP ID="SP_55759" HPOS="1049" VPOS="2011" WIDTH="33" HEIGHT="0" />
            <String ID="Word_61895" HPOS="1082" VPOS="2011" WIDTH="200" HEIGHT="42" CONTENT="however" />
            <SP ID="SP_55760" HPOS="1282" VPOS="2011" WIDTH="30" HEIGHT="0" />
            <String ID="Word_61896" HPOS="1312" VPOS="2011" WIDTH="239" HEIGHT="55" CONTENT="imperfect," />
            <SP ID="SP_55761" HPOS="1551" VPOS="2010" WIDTH="28" HEIGHT="0" />
            <String ID="Word_61897" HPOS="1579" VPOS="2010" WIDTH="106" HEIGHT="43" CONTENT="they" />
            <SP ID="SP_55762" HPOS="1685" VPOS="2010" WIDTH="33" HEIGHT="0" />
            <String ID="Word_61898" HPOS="1718" VPOS="2011" WIDTH="109" HEIGHT="41" CONTENT="have" />
            <SP ID="SP_55763" HPOS="1827" VPOS="2011" WIDTH="30" HEIGHT="0" />
            <String ID="Word_61899" HPOS="1857" VPOS="2011" WIDTH="100" HEIGHT="41" CONTENT="been" />
          </TextLine>
          <TextLine ID="TextLine_6141" HPOS="347" VPOS="2080" WIDTH="1609" HEIGHT="58">
            <String ID="Word_61900" HPOS="347" VPOS="2082" WIDTH="179" HEIGHT="55" CONTENT="pointed" />
            <SP ID="SP_55764" HPOS="526" VPOS="2082" WIDTH="31" HEIGHT="0" />
            <String ID="Word_61901" HPOS="557" VPOS="2086" WIDTH="77" HEIGHT="38" CONTENT="out" />
            <SP ID="SP_55765" HPOS="634" VPOS="2082" WIDTH="30" HEIGHT="0" />
            <String ID="Word_61902" HPOS="664" VPOS="2082" WIDTH="59" HEIGHT="56" CONTENT="by" />
            <SP ID="SP_55766" HPOS="723" VPOS="2081" WIDTH="30" HEIGHT="0" />
            <String ID="Word_61903" HPOS="753" VPOS="2081" WIDTH="155" HEIGHT="43" CONTENT="others." />
            <SP ID="SP_55767" HPOS="908" VPOS="2081" WIDTH="63" HEIGHT="0" />
            <String ID="Word_61904" HPOS="971" VPOS="2081" WIDTH="137" HEIGHT="43" CONTENT="There" />
            <SP ID="SP_55768" HPOS="1108" VPOS="2081" WIDTH="30" HEIGHT="0" />
            <String ID="Word_61905" HPOS="1138" VPOS="2081" WIDTH="38" HEIGHT="42" CONTENT="is" />
            <SP ID="SP_55769" HPOS="1176" VPOS="2081" WIDTH="31" HEIGHT="0" />
            <String ID="Word_61906" HPOS="1207" VPOS="2095" WIDTH="25" HEIGHT="28" CONTENT="a" />
            <SP ID="SP_55770" HPOS="1232" VPOS="2081" WIDTH="30" HEIGHT="0" />
            <String ID="Word_61907" HPOS="1262" VPOS="2081" WIDTH="96" HEIGHT="42" CONTENT="law," />
            <SP ID="SP_55771" HPOS="1358" VPOS="2080" WIDTH="30" HEIGHT="0" />
            <String ID="Word_61908" HPOS="1388" VPOS="2080" WIDTH="36" HEIGHT="42" CONTENT="it" />
            <SP ID="SP_55772" HPOS="1424" VPOS="2080" WIDTH="30" HEIGHT="0" />
            <String ID="Word_61909" HPOS="1454" VPOS="2080" WIDTH="76" HEIGHT="43" CONTENT="has" />
            <SP ID="SP_55773" HPOS="1530" VPOS="2080" WIDTH="32" HEIGHT="0" />
            <String ID="Word_61910" HPOS="1562" VPOS="2080" WIDTH="108" HEIGHT="43" CONTENT="been" />
            <SP ID="SP_55774" HPOS="1670" VPOS="2080" WIDTH="28" HEIGHT="0" />
            <String ID="Word_61911" HPOS="1698" VPOS="2080" WIDTH="105" HEIGHT="43" CONTENT="said," />
            <SP ID="SP_55775" HPOS="1803" VPOS="2080" WIDTH="20" HEIGHT="0" />
            <String ID="Word_61912" HPOS="1823" VPOS="2081" WIDTH="133" HEIGHT="41" CONTENT="which" />
          </TextLine>
          <TextLine ID="TextLine_6142" HPOS="348" VPOS="2150" WIDTH="1608" HEIGHT="59">
            <String ID="Word_61913" HPOS="348" VPOS="2167" WIDTH="103" HEIGHT="29" CONTENT="runs" />
            <SP ID="SP_55776" HPOS="451" VPOS="2153" WIDTH="23" HEIGHT="0" />
            <String ID="Word_61914" HPOS="474" VPOS="2153" WIDTH="188" HEIGHT="56" CONTENT="through" />
            <SP ID="SP_55777" HPOS="662" VPOS="2152" WIDTH="22" HEIGHT="0" />
            <String ID="Word_61915" HPOS="684" VPOS="2152" WIDTH="149" HEIGHT="43" CONTENT="nearly" />
            <SP ID="SP_55778" HPOS="833" VPOS="2152" WIDTH="24" HEIGHT="0" />
            <String ID="Word_61916" HPOS="857" VPOS="2152" WIDTH="73" HEIGHT="43" CONTENT="the" />
            <SP ID="SP_55779" HPOS="930" VPOS="2152" WIDTH="23" HEIGHT="0" />
            <String ID="Word_61917" HPOS="953" VPOS="2152" WIDTH="137" HEIGHT="42" CONTENT="whole" />
            <SP ID="SP_55780" HPOS="1090" VPOS="2152" WIDTH="23" HEIGHT="0" />
            <String ID="Word_61918" HPOS="1113" VPOS="2152" WIDTH="45" HEIGHT="42" CONTENT="of" />
            <SP ID="SP_55781" HPOS="1158" VPOS="2152" WIDTH="26" HEIGHT="0" />
            <String ID="Word_61919" HPOS="1184" VPOS="2165" WIDTH="164" HEIGHT="29" CONTENT="nature," />
            <SP ID="SP_55782" HPOS="1348" VPOS="2151" WIDTH="21" HEIGHT="0" />
            <String ID="Word_61920" HPOS="1369" VPOS="2154" WIDTH="96" HEIGHT="39" CONTENT="that" />
            <SP ID="SP_55783" HPOS="1465" VPOS="2150" WIDTH="23" HEIGHT="0" />
            <String ID="Word_61921" HPOS="1488" VPOS="2150" WIDTH="256" HEIGHT="56" CONTENT="everything" />
            <SP ID="SP_55784" HPOS="1744" VPOS="2150" WIDTH="21" HEIGHT="0" />
            <String ID="Word_61922" HPOS="1765" VPOS="2150" WIDTH="139" HEIGHT="42" CONTENT="which" />
            <SP ID="SP_55785" HPOS="1904" VPOS="2150" WIDTH="19" HEIGHT="0" />
            <String ID="Word_61923" HPOS="1923" VPOS="2150" WIDTH="33" HEIGHT="41" CONTENT="is" />
          </TextLine>
          <TextLine ID="TextLine_6143" HPOS="347" VPOS="2221" WIDTH="1610" HEIGHT="59">
            <String ID="Word_61924" HPOS="347" VPOS="2224" WIDTH="150" HEIGHT="43" CONTENT="struck" />
            <SP ID="SP_55786" HPOS="497" VPOS="2224" WIDTH="22" HEIGHT="0" />
            <String ID="Word_61925" HPOS="519" VPOS="2224" WIDTH="127" HEIGHT="56" CONTENT="rings." />
            <SP ID="SP_55787" HPOS="646" VPOS="2224" WIDTH="45" HEIGHT="0" />
            <String ID="Word_61926" HPOS="691" VPOS="2224" WIDTH="119" HEIGHT="42" CONTENT="Each" />
            <SP ID="SP_55788" HPOS="810" VPOS="2224" WIDTH="22" HEIGHT="0" />
            <String ID="Word_61927" HPOS="832" VPOS="2227" WIDTH="230" HEIGHT="39" CONTENT="substance" />
            <SP ID="SP_55789" HPOS="1062" VPOS="2223" WIDTH="18" HEIGHT="0" />
            <String ID="Word_61928" HPOS="1080" VPOS="2223" WIDTH="77" HEIGHT="42" CONTENT="has" />
            <SP ID="SP_55790" HPOS="1157" VPOS="2223" WIDTH="22" HEIGHT="0" />
            <String ID="Word_61929" HPOS="1179" VPOS="2223" WIDTH="56" HEIGHT="42" CONTENT="its" />
            <SP ID="SP_55791" HPOS="1235" VPOS="2222" WIDTH="23" HEIGHT="0" />
            <String ID="Word_61930" HPOS="1258" VPOS="2222" WIDTH="190" HEIGHT="56" CONTENT="peculiar" />
            <SP ID="SP_55792" HPOS="1448" VPOS="2222" WIDTH="20" HEIGHT="0" />
            <String ID="Word_61931" HPOS="1468" VPOS="2222" WIDTH="114" HEIGHT="56" CONTENT="ring;" />
            <SP ID="SP_55793" HPOS="1582" VPOS="2222" WIDTH="26" HEIGHT="0" />
            <String ID="Word_61932" HPOS="1608" VPOS="2236" WIDTH="63" HEIGHT="28" CONTENT="we" />
            <SP ID="SP_55794" HPOS="1671" VPOS="2236" WIDTH="22" HEIGHT="0" />
            <String ID="Word_61933" HPOS="1693" VPOS="2236" WIDTH="78" HEIGHT="28" CONTENT="can" />
            <SP ID="SP_55795" HPOS="1771" VPOS="2221" WIDTH="23" HEIGHT="0" />
            <String ID="Word_61934" HPOS="1794" VPOS="2221" WIDTH="76" HEIGHT="43" CONTENT="tell" />
            <SP ID="SP_55796" HPOS="1870" VPOS="2221" WIDTH="21" HEIGHT="0" />
            <String ID="Word_61935" HPOS="1891" VPOS="2221" WIDTH="66" HEIGHT="42" CONTENT="the" />
          </TextLine>
          <TextLine ID="TextLine_6144" HPOS="348" VPOS="2291" WIDTH="1608" HEIGHT="59">
            <String ID="Word_61936" HPOS="348" VPOS="2309" WIDTH="117" HEIGHT="28" CONTENT="more" />
            <SP ID="SP_55797" HPOS="465" VPOS="2308" WIDTH="22" HEIGHT="0" />
            <String ID="Word_61937" HPOS="487" VPOS="2309" WIDTH="47" HEIGHT="27" CONTENT="or" />
            <SP ID="SP_55798" HPOS="534" VPOS="2295" WIDTH="20" HEIGHT="0" />
            <String ID="Word_61938" HPOS="554" VPOS="2295" WIDTH="84" HEIGHT="42" CONTENT="less" />
            <SP ID="SP_55799" HPOS="638" VPOS="2295" WIDTH="22" HEIGHT="0" />
            <String ID="Word_61939" HPOS="660" VPOS="2295" WIDTH="164" HEIGHT="55" CONTENT="perfect" />
            <SP ID="SP_55800" HPOS="824" VPOS="2295" WIDTH="22" HEIGHT="0" />
            <String ID="Word_61940" HPOS="846" VPOS="2298" WIDTH="216" HEIGHT="38" CONTENT="structure" />
            <SP ID="SP_55801" HPOS="1062" VPOS="2293" WIDTH="23" HEIGHT="0" />
            <String ID="Word_61941" HPOS="1085" VPOS="2293" WIDTH="47" HEIGHT="42" CONTENT="of" />
            <SP ID="SP_55802" HPOS="1132" VPOS="2293" WIDTH="20" HEIGHT="0" />
            <String ID="Word_61942" HPOS="1152" VPOS="2293" WIDTH="155" HEIGHT="43" CONTENT="metals" />
            <SP ID="SP_55803" HPOS="1307" VPOS="2293" WIDTH="23" HEIGHT="0" />
            <String ID="Word_61943" HPOS="1330" VPOS="2293" WIDTH="56" HEIGHT="55" CONTENT="by" />
            <SP ID="SP_55804" HPOS="1386" VPOS="2292" WIDTH="22" HEIGHT="0" />
            <String ID="Word_61944" HPOS="1408" VPOS="2292" WIDTH="112" HEIGHT="42" CONTENT="their" />
            <SP ID="SP_55805" HPOS="1520" VPOS="2292" WIDTH="21" HEIGHT="0" />
            <String ID="Word_61945" HPOS="1541" VPOS="2292" WIDTH="249" HEIGHT="52" CONTENT="vibrations," />
            <SP ID="SP_55806" HPOS="1790" VPOS="2292" WIDTH="23" HEIGHT="0" />
            <String ID="Word_61946" HPOS="1813" VPOS="2292" WIDTH="56" HEIGHT="55" CONTENT="by" />
            <SP ID="SP_55807" HPOS="1869" VPOS="2291" WIDTH="21" HEIGHT="0" />
            <String ID="Word_61947" HPOS="1890" VPOS="2291" WIDTH="66" HEIGHT="41" CONTENT="the" />
          </TextLine>
          <TextLine ID="TextLine_6145" HPOS="350" VPOS="2359" WIDTH="1607" HEIGHT="60">
            <String ID="Word_61948" HPOS="350" VPOS="2378" WIDTH="165" HEIGHT="28" CONTENT="answer" />
            <SP ID="SP_55808" HPOS="515" VPOS="2363" WIDTH="33" HEIGHT="0" />
            <String ID="Word_61949" HPOS="548" VPOS="2363" WIDTH="141" HEIGHT="43" CONTENT="which" />
            <SP ID="SP_55809" HPOS="689" VPOS="2363" WIDTH="30" HEIGHT="0" />
            <String ID="Word_61950" HPOS="719" VPOS="2363" WIDTH="106" HEIGHT="55" CONTENT="they" />
            <SP ID="SP_55810" HPOS="825" VPOS="2363" WIDTH="30" HEIGHT="0" />
            <String ID="Word_61951" HPOS="855" VPOS="2363" WIDTH="108" HEIGHT="56" CONTENT="give." />
            <SP ID="SP_55811" HPOS="963" VPOS="2363" WIDTH="64" HEIGHT="0" />
            <String ID="Word_61952" HPOS="1027" VPOS="2363" WIDTH="113" HEIGHT="42" CONTENT="Gold" />
            <SP ID="SP_55812" HPOS="1140" VPOS="2363" WIDTH="31" HEIGHT="0" />
            <String ID="Word_61953" HPOS="1171" VPOS="2377" WIDTH="117" HEIGHT="41" CONTENT="rings" />
            <SP ID="SP_55813" HPOS="1288" VPOS="2361" WIDTH="33" HEIGHT="0" />
            <String ID="Word_61954" HPOS="1321" VPOS="2361" WIDTH="247" HEIGHT="43" CONTENT="differently" />
            <SP ID="SP_55814" HPOS="1568" VPOS="2361" WIDTH="30" HEIGHT="0" />
            <String ID="Word_61955" HPOS="1598" VPOS="2362" WIDTH="110" HEIGHT="41" CONTENT="from" />
            <SP ID="SP_55815" HPOS="1708" VPOS="2362" WIDTH="32" HEIGHT="0" />
            <String ID="Word_61956" HPOS="1740" VPOS="2362" WIDTH="77" HEIGHT="51" CONTENT="tin," />
            <SP ID="SP_55816" HPOS="1817" VPOS="2359" WIDTH="29" HEIGHT="0" />
            <String ID="Word_61957" HPOS="1846" VPOS="2359" WIDTH="111" HEIGHT="43" CONTENT="wood" />
          </TextLine>
          <TextLine ID="TextLine_6146" HPOS="350" VPOS="2429" WIDTH="1607" HEIGHT="60">
            <String ID="Word_61958" HPOS="350" VPOS="2435" WIDTH="116" HEIGHT="54" CONTENT="rings" />
            <SP ID="SP_55817" HPOS="466" VPOS="2434" WIDTH="38" HEIGHT="0" />
            <String ID="Word_61959" HPOS="504" VPOS="2434" WIDTH="246" HEIGHT="42" CONTENT="differently" />
            <SP ID="SP_55818" HPOS="750" VPOS="2434" WIDTH="39" HEIGHT="0" />
            <String ID="Word_61960" HPOS="789" VPOS="2435" WIDTH="111" HEIGHT="40" CONTENT="from" />
            <SP ID="SP_55819" HPOS="900" VPOS="2435" WIDTH="38" HEIGHT="0" />
            <String ID="Word_61961" HPOS="938" VPOS="2438" WIDTH="133" HEIGHT="37" CONTENT="stone," />
            <SP ID="SP_55820" HPOS="1071" VPOS="2433" WIDTH="38" HEIGHT="0" />
            <String ID="Word_61962" HPOS="1109" VPOS="2433" WIDTH="85" HEIGHT="42" CONTENT="and" />
            <SP ID="SP_55821" HPOS="1194" VPOS="2433" WIDTH="38" HEIGHT="0" />
            <String ID="Word_61963" HPOS="1232" VPOS="2433" WIDTH="199" HEIGHT="42" CONTENT="different" />
            <SP ID="SP_55822" HPOS="1431" VPOS="2431" WIDTH="31" HEIGHT="0" />
            <String ID="Word_61964" HPOS="1462" VPOS="2431" WIDTH="158" HEIGHT="43" CONTENT="sounds" />
            <SP ID="SP_55823" HPOS="1620" VPOS="2431" WIDTH="32" HEIGHT="0" />
            <String ID="Word_61965" HPOS="1652" VPOS="2446" WIDTH="70" HEIGHT="28" CONTENT="are" />
            <SP ID="SP_55824" HPOS="1722" VPOS="2429" WIDTH="31" HEIGHT="0" />
            <String ID="Word_61966" HPOS="1753" VPOS="2429" WIDTH="204" HEIGHT="57" CONTENT="produced" />
          </TextLine>
          <TextLine ID="TextLine_6147" HPOS="350" VPOS="2503" WIDTH="1607" HEIGHT="57">
            <String ID="Word_61967" HPOS="350" VPOS="2504" WIDTH="228" HEIGHT="43" CONTENT="according" />
            <SP ID="SP_55825" HPOS="578" VPOS="2504" WIDTH="22" HEIGHT="0" />
            <String ID="Word_61968" HPOS="600" VPOS="2510" WIDTH="43" HEIGHT="37" CONTENT="to" />
            <SP ID="SP_55826" HPOS="643" VPOS="2505" WIDTH="23" HEIGHT="0" />
            <String ID="Word_61969" HPOS="666" VPOS="2505" WIDTH="73" HEIGHT="42" CONTENT="the" />
            <SP ID="SP_55827" HPOS="739" VPOS="2505" WIDTH="18" HEIGHT="0" />
            <String ID="Word_61970" HPOS="757" VPOS="2509" WIDTH="153" HEIGHT="37" CONTENT="nature" />
            <SP ID="SP_55828" HPOS="910" VPOS="2504" WIDTH="22" HEIGHT="0" />
            <String ID="Word_61971" HPOS="932" VPOS="2504" WIDTH="45" HEIGHT="42" CONTENT="of" />
            <SP ID="SP_55829" HPOS="977" VPOS="2504" WIDTH="21" HEIGHT="0" />
            <String ID="Word_61972" HPOS="998" VPOS="2504" WIDTH="103" HEIGHT="42" CONTENT="each" />
            <SP ID="SP_55830" HPOS="1101" VPOS="2503" WIDTH="23" HEIGHT="0" />
            <String ID="Word_61973" HPOS="1124" VPOS="2503" WIDTH="261" HEIGHT="55" CONTENT="percussion." />
            <SP ID="SP_55831" HPOS="1385" VPOS="2503" WIDTH="63" HEIGHT="0" />
            <String ID="Word_61974" HPOS="1448" VPOS="2503" WIDTH="44" HEIGHT="41" CONTENT="It" />
            <SP ID="SP_55832" HPOS="1492" VPOS="2503" WIDTH="22" HEIGHT="0" />
            <String ID="Word_61975" HPOS="1514" VPOS="2503" WIDTH="36" HEIGHT="41" CONTENT="is" />
            <SP ID="SP_55833" HPOS="1550" VPOS="2503" WIDTH="24" HEIGHT="0" />
            <String ID="Word_61976" HPOS="1574" VPOS="2503" WIDTH="71" HEIGHT="42" CONTENT="the" />
            <SP ID="SP_55834" HPOS="1645" VPOS="2503" WIDTH="23" HEIGHT="0" />
            <String ID="Word_61977" HPOS="1668" VPOS="2516" WIDTH="126" HEIGHT="36" CONTENT="same," />
            <SP ID="SP_55835" HPOS="1794" VPOS="2516" WIDTH="19" HEIGHT="0" />
            <String ID="Word_61978" HPOS="1813" VPOS="2516" WIDTH="60" HEIGHT="27" CONTENT="we" />
            <SP ID="SP_55836" HPOS="1873" VPOS="2514" WIDTH="21" HEIGHT="0" />
            <String ID="Word_61979" HPOS="1894" VPOS="2514" WIDTH="63" HEIGHT="27" CONTENT="are" />
          </TextLine>
          <TextLine ID="TextLine_6148" HPOS="351" VPOS="2571" WIDTH="1606" HEIGHT="58">
            <String ID="Word_61980" HPOS="351" VPOS="2575" WIDTH="104" HEIGHT="42" CONTENT="told," />
            <SP ID="SP_55837" HPOS="455" VPOS="2575" WIDTH="36" HEIGHT="0" />
            <String ID="Word_61981" HPOS="491" VPOS="2575" WIDTH="108" HEIGHT="42" CONTENT="with" />
            <SP ID="SP_55838" HPOS="599" VPOS="2575" WIDTH="37" HEIGHT="0" />
            <String ID="Word_61982" HPOS="636" VPOS="2589" WIDTH="114" HEIGHT="27" CONTENT="man," />
            <SP ID="SP_55839" HPOS="750" VPOS="2574" WIDTH="38" HEIGHT="0" />
            <String ID="Word_61983" HPOS="788" VPOS="2574" WIDTH="74" HEIGHT="42" CONTENT="the" />
            <SP ID="SP_55840" HPOS="862" VPOS="2574" WIDTH="37" HEIGHT="0" />
            <String ID="Word_61984" HPOS="899" VPOS="2578" WIDTH="114" HEIGHT="38" CONTENT="most" />
            <SP ID="SP_55841" HPOS="1013" VPOS="2573" WIDTH="34" HEIGHT="0" />
            <String ID="Word_61985" HPOS="1047" VPOS="2573" WIDTH="153" HEIGHT="56" CONTENT="highly" />
            <SP ID="SP_55842" HPOS="1200" VPOS="2573" WIDTH="34" HEIGHT="0" />
            <String ID="Word_61986" HPOS="1234" VPOS="2573" WIDTH="227" HEIGHT="56" CONTENT="organized" />
            <SP ID="SP_55843" HPOS="1461" VPOS="2573" WIDTH="38" HEIGHT="0" />
            <String ID="Word_61987" HPOS="1499" VPOS="2574" WIDTH="46" HEIGHT="41" CONTENT="of" />
            <SP ID="SP_55844" HPOS="1545" VPOS="2572" WIDTH="31" HEIGHT="0" />
            <String ID="Word_61988" HPOS="1576" VPOS="2572" WIDTH="198" HEIGHT="43" CONTENT="Nature's" />
            <SP ID="SP_55845" HPOS="1774" VPOS="2571" WIDTH="42" HEIGHT="0" />
            <String ID="Word_61989" HPOS="1816" VPOS="2583" WIDTH="141" HEIGHT="30" CONTENT="works." />
          </TextLine>
          <TextLine ID="TextLine_6149" HPOS="351" VPOS="2641" WIDTH="1607" HEIGHT="59">
            <String ID="Word_61990" HPOS="351" VPOS="2645" WIDTH="108" HEIGHT="42" CONTENT="Man" />
            <SP ID="SP_55846" HPOS="459" VPOS="2644" WIDTH="31" HEIGHT="0" />
            <String ID="Word_61991" HPOS="490" VPOS="2644" WIDTH="216" HEIGHT="43" CONTENT="responds." />
            <SP ID="SP_55847" HPOS="706" VPOS="2644" WIDTH="78" HEIGHT="0" />
            <String ID="Word_61992" HPOS="784" VPOS="2644" WIDTH="108" HEIGHT="41" CONTENT="Man" />
            <SP ID="SP_55848" HPOS="892" VPOS="2644" WIDTH="31" HEIGHT="0" />
            <String ID="Word_61993" HPOS="923" VPOS="2644" WIDTH="126" HEIGHT="55" CONTENT="rings." />
            <SP ID="SP_55849" HPOS="1049" VPOS="2643" WIDTH="78" HEIGHT="0" />
            <String ID="Word_61994" HPOS="1127" VPOS="2643" WIDTH="109" HEIGHT="42" CONTENT="Man" />
            <SP ID="SP_55850" HPOS="1236" VPOS="2643" WIDTH="31" HEIGHT="0" />
            <String ID="Word_61995" HPOS="1267" VPOS="2644" WIDTH="47" HEIGHT="41" CONTENT="in" />
            <SP ID="SP_55851" HPOS="1314" VPOS="2643" WIDTH="31" HEIGHT="0" />
            <String ID="Word_61996" HPOS="1345" VPOS="2643" WIDTH="68" HEIGHT="42" CONTENT="his" />
            <SP ID="SP_55852" HPOS="1413" VPOS="2642" WIDTH="31" HEIGHT="0" />
            <String ID="Word_61997" HPOS="1444" VPOS="2642" WIDTH="219" HEIGHT="56" CONTENT="primitive" />
            <SP ID="SP_55853" HPOS="1663" VPOS="2642" WIDTH="31" HEIGHT="0" />
            <String ID="Word_61998" HPOS="1694" VPOS="2642" WIDTH="84" HEIGHT="42" CONTENT="and" />
            <SP ID="SP_55854" HPOS="1778" VPOS="2641" WIDTH="27" HEIGHT="0" />
            <String ID="Word_61999" HPOS="1805" VPOS="2654" WIDTH="153" HEIGHT="43" CONTENT="perfect" />
          </TextLine>
          <TextLine ID="TextLine_6150" HPOS="351" VPOS="2708" WIDTH="1610" HEIGHT="62">
            <String ID="Word_62000" HPOS="351" VPOS="2721" WIDTH="111" HEIGHT="37" CONTENT="state" />
            <SP ID="SP_55855" HPOS="462" VPOS="2721" WIDTH="37" HEIGHT="0" />
            <String ID="Word_62001" HPOS="499" VPOS="2729" WIDTH="87" HEIGHT="28" CONTENT="was" />
            <SP ID="SP_55856" HPOS="586" VPOS="2720" WIDTH="36" HEIGHT="0" />
            <String ID="Word_62002" HPOS="622" VPOS="2720" WIDTH="76" HEIGHT="37" CONTENT="not" />
            <SP ID="SP_55857" HPOS="698" VPOS="2714" WIDTH="37" HEIGHT="0" />
            <String ID="Word_62003" HPOS="735" VPOS="2728" WIDTH="103" HEIGHT="28" CONTENT="only" />
            <SP ID="SP_55858" HPOS="838" VPOS="2713" WIDTH="37" HEIGHT="0" />
            <String ID="Word_62004" HPOS="875" VPOS="2713" WIDTH="206" HEIGHT="43" CONTENT="endowed" />
            <SP ID="SP_55859" HPOS="1081" VPOS="2713" WIDTH="35" HEIGHT="0" />
            <String ID="Word_62005" HPOS="1116" VPOS="2713" WIDTH="90" HEIGHT="43" CONTENT="like" />
            <SP ID="SP_55860" HPOS="1206" VPOS="2713" WIDTH="32" HEIGHT="0" />
            <String ID="Word_62006" HPOS="1238" VPOS="2714" WIDTH="74" HEIGHT="42" CONTENT="the" />
            <SP ID="SP_55861" HPOS="1312" VPOS="2714" WIDTH="32" HEIGHT="0" />
            <String ID="Word_62007" HPOS="1344" VPOS="2714" WIDTH="125" HEIGHT="41" CONTENT="brute" />
            <SP ID="SP_55862" HPOS="1469" VPOS="2713" WIDTH="33" HEIGHT="0" />
            <String ID="Word_62008" HPOS="1502" VPOS="2719" WIDTH="105" HEIGHT="36" CONTENT="with" />
            <SP ID="SP_55863" HPOS="1607" VPOS="2712" WIDTH="33" HEIGHT="0" />
            <String ID="Word_62009" HPOS="1640" VPOS="2712" WIDTH="72" HEIGHT="43" CONTENT="the" />
            <SP ID="SP_55864" HPOS="1712" VPOS="2712" WIDTH="36" HEIGHT="0" />
            <String ID="Word_62010" HPOS="1748" VPOS="2725" WIDTH="140" HEIGHT="42" CONTENT="power" />
            <SP ID="SP_55865" HPOS="1888" VPOS="2708" WIDTH="32" HEIGHT="0" />
            <String ID="Word_62011" HPOS="1920" VPOS="2708" WIDTH="41" HEIGHT="43" CONTENT="of" />
          </TextLine>
          <TextLine ID="TextLine_6151" HPOS="351" VPOS="2779" WIDTH="1607" HEIGHT="62">
            <String ID="Word_62012" HPOS="351" VPOS="2785" WIDTH="251" HEIGHT="56" CONTENT="expressing" />
            <SP ID="SP_55866" HPOS="602" VPOS="2785" WIDTH="21" HEIGHT="0" />
            <String ID="Word_62013" HPOS="623" VPOS="2785" WIDTH="69" HEIGHT="43" CONTENT="his" />
            <SP ID="SP_55867" HPOS="692" VPOS="2784" WIDTH="31" HEIGHT="0" />
            <String ID="Word_62014" HPOS="723" VPOS="2784" WIDTH="243" HEIGHT="43" CONTENT="sensations" />
            <SP ID="SP_55868" HPOS="966" VPOS="2784" WIDTH="33" HEIGHT="0" />
            <String ID="Word_62015" HPOS="999" VPOS="2784" WIDTH="56" HEIGHT="54" CONTENT="by" />
            <SP ID="SP_55869" HPOS="1055" VPOS="2783" WIDTH="23" HEIGHT="0" />
            <String ID="Word_62016" HPOS="1078" VPOS="2783" WIDTH="309" HEIGHT="55" CONTENT="interjections," />
            <SP ID="SP_55870" HPOS="1387" VPOS="2782" WIDTH="22" HEIGHT="0" />
            <String ID="Word_62017" HPOS="1409" VPOS="2782" WIDTH="86" HEIGHT="43" CONTENT="and" />
            <SP ID="SP_55871" HPOS="1495" VPOS="2782" WIDTH="29" HEIGHT="0" />
            <String ID="Word_62018" HPOS="1524" VPOS="2782" WIDTH="68" HEIGHT="43" CONTENT="his" />
            <SP ID="SP_55872" HPOS="1592" VPOS="2782" WIDTH="29" HEIGHT="0" />
            <String ID="Word_62019" HPOS="1621" VPOS="2782" WIDTH="264" HEIGHT="56" CONTENT="perceptions" />
            <SP ID="SP_55873" HPOS="1885" VPOS="2779" WIDTH="21" HEIGHT="0" />
            <String ID="Word_62020" HPOS="1906" VPOS="2779" WIDTH="52" HEIGHT="54" CONTENT="by" />
          </TextLine>
          <TextLine ID="TextLine_6152" HPOS="351" VPOS="2853" WIDTH="1606" HEIGHT="59">
            <String ID="Word_62021" HPOS="351" VPOS="2856" WIDTH="326" HEIGHT="44" CONTENT="onomatopoeia." />
            <SP ID="SP_55874" HPOS="677" VPOS="2856" WIDTH="63" HEIGHT="0" />
            <String ID="Word_62022" HPOS="740" VPOS="2856" WIDTH="70" HEIGHT="42" CONTENT="He" />
            <SP ID="SP_55875" HPOS="810" VPOS="2854" WIDTH="33" HEIGHT="0" />
            <String ID="Word_62023" HPOS="843" VPOS="2854" WIDTH="221" HEIGHT="56" CONTENT="possessed" />
            <SP ID="SP_55876" HPOS="1064" VPOS="2853" WIDTH="31" HEIGHT="0" />
            <String ID="Word_62024" HPOS="1095" VPOS="2853" WIDTH="194" HEIGHT="42" CONTENT="likewise" />
            <SP ID="SP_55877" HPOS="1289" VPOS="2853" WIDTH="33" HEIGHT="0" />
            <String ID="Word_62025" HPOS="1322" VPOS="2853" WIDTH="74" HEIGHT="42" CONTENT="the" />
            <SP ID="SP_55878" HPOS="1396" VPOS="2853" WIDTH="30" HEIGHT="0" />
            <String ID="Word_62026" HPOS="1426" VPOS="2853" WIDTH="166" HEIGHT="42" CONTENT="faculty" />
            <SP ID="SP_55879" HPOS="1592" VPOS="2853" WIDTH="23" HEIGHT="0" />
            <String ID="Word_62027" HPOS="1615" VPOS="2854" WIDTH="46" HEIGHT="41" CONTENT="of" />
            <SP ID="SP_55880" HPOS="1661" VPOS="2853" WIDTH="20" HEIGHT="0" />
            <String ID="Word_62028" HPOS="1681" VPOS="2853" WIDTH="148" HEIGHT="56" CONTENT="giving" />
            <SP ID="SP_55881" HPOS="1829" VPOS="2853" WIDTH="20" HEIGHT="0" />
            <String ID="Word_62029" HPOS="1849" VPOS="2861" WIDTH="108" HEIGHT="31" CONTENT="more" />
          </TextLine>
          <TextLine ID="TextLine_6153" HPOS="351" VPOS="2920" WIDTH="1606" HEIGHT="62">
            <String ID="Word_62030" HPOS="351" VPOS="2927" WIDTH="227" HEIGHT="43" CONTENT="articulate" />
            <SP ID="SP_55882" HPOS="578" VPOS="2926" WIDTH="23" HEIGHT="0" />
            <String ID="Word_62031" HPOS="601" VPOS="2926" WIDTH="250" HEIGHT="44" CONTENT="expression" />
            <SP ID="SP_55883" HPOS="851" VPOS="2926" WIDTH="23" HEIGHT="0" />
            <String ID="Word_62032" HPOS="874" VPOS="2930" WIDTH="43" HEIGHT="37" CONTENT="to" />
            <SP ID="SP_55884" HPOS="917" VPOS="2924" WIDTH="18" HEIGHT="0" />
            <String ID="Word_62033" HPOS="935" VPOS="2924" WIDTH="73" HEIGHT="42" CONTENT="the" />
            <SP ID="SP_55885" HPOS="1008" VPOS="2924" WIDTH="16" HEIGHT="0" />
            <String ID="Word_62034" HPOS="1024" VPOS="2924" WIDTH="173" HEIGHT="55" CONTENT="general" />
            <SP ID="SP_55886" HPOS="1197" VPOS="2923" WIDTH="19" HEIGHT="0" />
            <String ID="Word_62035" HPOS="1216" VPOS="2923" WIDTH="274" HEIGHT="43" CONTENT="conceptions" />
            <SP ID="SP_55887" HPOS="1490" VPOS="2923" WIDTH="23" HEIGHT="0" />
            <String ID="Word_62036" HPOS="1513" VPOS="2924" WIDTH="43" HEIGHT="41" CONTENT="of" />
            <SP ID="SP_55888" HPOS="1556" VPOS="2923" WIDTH="22" HEIGHT="0" />
            <String ID="Word_62037" HPOS="1578" VPOS="2923" WIDTH="66" HEIGHT="42" CONTENT="his" />
            <SP ID="SP_55889" HPOS="1644" VPOS="2922" WIDTH="22" HEIGHT="0" />
            <String ID="Word_62038" HPOS="1666" VPOS="2922" WIDTH="129" HEIGHT="42" CONTENT="mind." />
            <SP ID="SP_55890" HPOS="1795" VPOS="2920" WIDTH="61" HEIGHT="0" />
            <String ID="Word_62039" HPOS="1856" VPOS="2920" WIDTH="101" HEIGHT="42" CONTENT="That" />
          </TextLine>
          <TextLine ID="TextLine_6154" HPOS="348" VPOS="2989" WIDTH="1608" HEIGHT="66">
            <String ID="Word_62040" HPOS="348" VPOS="2998" WIDTH="167" HEIGHT="44" CONTENT="faculty" />
            <SP ID="SP_55891" HPOS="515" VPOS="2998" WIDTH="18" HEIGHT="0" />
            <String ID="Word_62041" HPOS="533" VPOS="3012" WIDTH="86" HEIGHT="29" CONTENT="was" />
            <SP ID="SP_55892" HPOS="619" VPOS="3001" WIDTH="17" HEIGHT="0" />
            <String ID="Word_62042" HPOS="636" VPOS="3001" WIDTH="77" HEIGHT="39" CONTENT="not" />
            <SP ID="SP_55893" HPOS="713" VPOS="2997" WIDTH="17" HEIGHT="0" />
            <String ID="Word_62043" HPOS="730" VPOS="2997" WIDTH="46" HEIGHT="43" CONTENT="of" />
            <SP ID="SP_55894" HPOS="776" VPOS="2996" WIDTH="18" HEIGHT="0" />
            <String ID="Word_62044" HPOS="794" VPOS="2996" WIDTH="68" HEIGHT="42" CONTENT="his" />
            <SP ID="SP_55895" HPOS="862" VPOS="2996" WIDTH="23" HEIGHT="0" />
            <String ID="Word_62045" HPOS="885" VPOS="3009" WIDTH="96" HEIGHT="29" CONTENT="own" />
            <SP ID="SP_55896" HPOS="981" VPOS="2994" WIDTH="23" HEIGHT="0" />
            <String ID="Word_62046" HPOS="1004" VPOS="2994" WIDTH="188" HEIGHT="42" CONTENT="making." />
            <SP ID="SP_55897" HPOS="1192" VPOS="2994" WIDTH="56" HEIGHT="0" />
            <String ID="Word_62047" HPOS="1248" VPOS="2994" WIDTH="43" HEIGHT="41" CONTENT="It" />
            <SP ID="SP_55898" HPOS="1291" VPOS="2994" WIDTH="18" HEIGHT="0" />
            <String ID="Word_62048" HPOS="1309" VPOS="3007" WIDTH="86" HEIGHT="28" CONTENT="was" />
            <SP ID="SP_55899" HPOS="1395" VPOS="3007" WIDTH="22" HEIGHT="0" />
            <String ID="Word_62049" HPOS="1417" VPOS="3007" WIDTH="55" HEIGHT="28" CONTENT="an" />
            <SP ID="SP_55900" HPOS="1472" VPOS="2993" WIDTH="22" HEIGHT="0" />
            <String ID="Word_62050" HPOS="1494" VPOS="2993" WIDTH="194" HEIGHT="42" CONTENT="instinct," />
            <SP ID="SP_55901" HPOS="1688" VPOS="2993" WIDTH="23" HEIGHT="0" />
            <String ID="Word_62051" HPOS="1711" VPOS="3007" WIDTH="52" HEIGHT="27" CONTENT="an" />
            <SP ID="SP_55902" HPOS="1763" VPOS="2989" WIDTH="23" HEIGHT="0" />
            <String ID="Word_62052" HPOS="1786" VPOS="2990" WIDTH="170" HEIGHT="43" CONTENT="instinct" />
          </TextLine>
          <TextLine ID="TextLine_6155" HPOS="351" VPOS="3053" WIDTH="1604" HEIGHT="65">
            <String ID="Word_62053" HPOS="351" VPOS="3068" WIDTH="44" HEIGHT="43" CONTENT="of" />
            <SP ID="SP_55903" HPOS="395" VPOS="3067" WIDTH="22" HEIGHT="0" />
            <String ID="Word_62054" HPOS="417" VPOS="3067" WIDTH="74" HEIGHT="44" CONTENT="the" />
            <SP ID="SP_55904" HPOS="491" VPOS="3066" WIDTH="22" HEIGHT="0" />
            <String ID="Word_62055" HPOS="513" VPOS="3066" WIDTH="122" HEIGHT="44" CONTENT="mind" />
            <SP ID="SP_55905" HPOS="635" VPOS="3066" WIDTH="31" HEIGHT="0" />
            <String ID="Word_62056" HPOS="666" VPOS="3080" WIDTH="47" HEIGHT="29" CONTENT="as" />
            <SP ID="SP_55906" HPOS="713" VPOS="3063" WIDTH="31" HEIGHT="0" />
            <String ID="Word_62057" HPOS="744" VPOS="3063" WIDTH="253" HEIGHT="45" CONTENT="irresistible" />
            <SP ID="SP_55907" HPOS="997" VPOS="3063" WIDTH="31" HEIGHT="0" />
            <String ID="Word_62058" HPOS="1028" VPOS="3076" WIDTH="46" HEIGHT="29" CONTENT="as" />
            <SP ID="SP_55908" HPOS="1074" VPOS="3075" WIDTH="32" HEIGHT="0" />
            <String ID="Word_62059" HPOS="1106" VPOS="3075" WIDTH="85" HEIGHT="43" CONTENT="any" />
            <SP ID="SP_55909" HPOS="1191" VPOS="3061" WIDTH="32" HEIGHT="0" />
            <String ID="Word_62060" HPOS="1223" VPOS="3061" WIDTH="124" HEIGHT="43" CONTENT="other" />
            <SP ID="SP_55910" HPOS="1347" VPOS="3060" WIDTH="27" HEIGHT="0" />
            <String ID="Word_62061" HPOS="1374" VPOS="3060" WIDTH="194" HEIGHT="44" CONTENT="instinct." />
            <SP ID="SP_55911" HPOS="1568" VPOS="3060" WIDTH="20" HEIGHT="0" />
            <String ID="Word_62062" HPOS="1630" VPOS="3060" WIDTH="106" HEIGHT="44" CONTENT="Man" />
            <SP ID="SP_55912" HPOS="1736" VPOS="3059" WIDTH="23" HEIGHT="0" />
            <String ID="Word_62063" HPOS="1759" VPOS="3059" WIDTH="106" HEIGHT="42" CONTENT="loses" />
            <SP ID="SP_55913" HPOS="1865" VPOS="3053" WIDTH="30" HEIGHT="0" />
            <String ID="Word_62064" HPOS="1895" VPOS="3053" WIDTH="60" HEIGHT="43" CONTENT="his" />
          </TextLine>
        </TextBlock>
      </PrintSpace>
    </Page>
  </Layout>
</alto>
