2125 3524
315 259 55 41 46

800 275 87 31 THE
921 276 241 33 DISORDEltS
1194 279 53 31 OF
1280 280 173 31 SPEECH.

377 389 23 41 I
425 388 126 44 think
573 391 36 43 it
640 393 279 44 unfortunate
943 396 94 42 that
1070 397 184 42 Charcot
1285 397 76 42 has
1392 399 107 41 been
1530 398 71 42 led
1630 402 44 38 to
1696 400 131 54 adopt
1857 400 72 43 the

318 460 111 43 view
452 462 47 40 of
526 461 122 44 those
680 463 306 55 physiologists
1020 466 94 42 who
1145 468 150 54 regard
1327 468 239 54 whispered
1599 470 153 53 speech
1784 483 45 28 as
1859 470 71 41 the

317 531 183 54 product
521 533 46 40 of
591 533 74 43 the
688 534 90 42 oval
800 536 264 42 mechanism
1087 537 134 51 alone,
1245 538 183 41 without
1458 552 84 40 any
1564 539 299 53 participation
1888 541 42 40 of

317 601 74 42 the
408 602 230 56 laryngeal.
700 604 69 42 He
788 619 108 41 says,
911 605 44 42 in
974 606 72 42 the
1065 607 92 41 first
1171 606 160 42 lecture
1346 607 185 41 referred
1546 612 56 44 to,
1617 608 315 50 "Whispering,

316 673 260 54 gentlemen,
598 675 36 40 is
656 675 182 55 nothing
860 676 86 41 else
969 676 103 41 than
1098 691 24 27 a
1142 676 209 56 language
1374 677 161 55 spoken
1559 677 84 41 and
1665 678 267 43 articulated.

315 742 103 41 This
469 743 532 55 phenomenon—remark
1023 746 35 40 it
1082 747 192 41 well—is
1306 746 239 53 absolutely
1567 747 290 54 independent
1890 747 42 43 of

314 812 224 56 laryngeal
569 815 143 41 voice:
744 815 87 41 this
862 815 88 41 fact
981 815 76 42 has
1084 816 107 42 been
1224 817 319 41 demonstrated
1575 822 356 50 experimentally

315 882 45 41 in
384 884 73 40 the
480 888 113 36 most
621 884 246 42 conclusive
899 898 190 37 manner,
1110 886 44 40 in
1187 886 72 41 the
1287 887 239 55 laboratory
1545 888 43 41 of
1619 888 60 41 M.
1712 888 152 55 Marey
1886 890 46 40 in

318 952 127 51 1876,
473 953 86 42 and
590 953 89 42 also
711 955 58 53 by
801 954 60 41 M.
896 955 168 41 Boudet
1095 956 43 40 of
1170 956 120 41 Paris
1322 958 44 39 in
1401 959 124 42 1879.
1585 958 134 42 These
1756 958 174 42 authors

315 1023 123 50 have,
461 1024 56 54 by
539 1037 148 28 means
710 1024 45 40 of
774 1024 73 41 the
868 1024 177 55 graphic
1067 1025 187 50 method,
1277 1027 289 55 conclusively
1588 1028 160 54 proved
1771 1028 94 41 that
1886 1029 45 40 in

316 1093 262 55 whispering
609 1093 74 41 the
705 1093 156 55 larynx
883 1094 122 41 takes
1028 1108 55 28 no
1109 1100 109 49 part,
1239 1095 73 41 the
1335 1096 120 40 vocal
1487 1097 119 41 cords
1629 1102 75 36 not
1735 1098 194 54 entering

315 1165 93 40 into
441 1164 227 42 vibration.
731 1165 89 41 The
852 1164 63 41 air
936 1165 104 40 then
1073 1169 212 37 traverses
1307 1165 73 41 the
1411 1166 154 54 larynx
1591 1180 45 27 as
1658 1167 36 40 it
1723 1171 209 37 traverses

316 1235 73 41 the
414 1234 191 42 trachea:
638 1235 36 40 it
705 1238 211 37 traverses
942 1248 54 27 an
1019 1235 113 41 inert
1164 1235 113 41 tube.
1339 1236 111 40 That
1480 1236 36 41 is
1539 1235 90 42 all."
1691 1236 240 47 According

317 1311 45 36 to
393 1306 88 40 this
519 1305 261 41 conclusion,
803 1304 61 42 M.
898 1305 186 41 Charcot
1121 1310 116 36 must
1267 1306 150 54 regard
1448 1306 73 41 the
1552 1306 153 41 larynx
1742 1320 45 27 as
1818 1307 113 40 inert

319 1378 116 41 alike
471 1376 46 41 in
557 1375 188 42 aphonia
786 1375 85 41 and
912 1375 47 41 in
996 1376 191 50 mutism,
1224 1376 84 41 and
1345 1376 54 41 he
1437 1376 76 41 has
1549 1380 43 37 to
1635 1376 146 42 search
1823 1376 104 42 else-

319 1461 142 27 where
484 1447 105 40 than
623 1446 44 41 in
698 1446 74 41 the
803 1445 155 55 larynx
991 1446 64 40 for
1087 1445 73 42 the
1192 1460 125 27 cause
1349 1447 46 40 of
1422 1447 73 41 the
1527 1447 232 41 dumbness
1792 1448 136 39 which

319 1518 311 42 distinguishes
679 1517 74 41 the
799 1516 130 41 latter
971 1517 109 40 from
1128 1516 73 42 the
1248 1517 158 41 former
1451 1517 229 41 condition.
1743 1517 70 40 He
1856 1517 76 40 has

319 1595 43 36 to
400 1602 184 41 suppose
621 1588 95 40 that
751 1588 45 39 in
833 1600 128 28 every
999 1600 93 28 case
1130 1587 46 40 of
1214 1587 175 41 mutism
1429 1587 73 41 the
1538 1587 88 41 oral
1663 1586 269 42 articulative

319 1659 266 42 mechanism
608 1658 36 40 is
676 1671 89 27 also
797 1656 204 42 disabled.
1064 1656 69 41 He
1166 1656 272 55 accordingly
1469 1656 120 42 looks
1619 1662 39 35 to
1690 1656 74 41 the
1787 1656 147 41 higher

320 1743 139 28 motor
481 1742 167 28 centres
669 1728 65 41 for
755 1727 167 55 speech,
939 1726 84 41 and
1045 1727 54 41 he
1121 1726 185 42 believes
1329 1727 94 40 that
1444 1727 44 40 in
1511 1727 176 40 mutism
1713 1726 118 42 there
1852 1726 36 41 is
1910 1740 24 26 a

320 1799 177 44 cortical
529 1798 287 42 disablement
852 1797 96 41 that
981 1797 36 41 is
1053 1802 78 36 not
1167 1801 173 50 present
1375 1797 45 40 in
1458 1797 194 41 aphonia.
1730 1797 70 41 He
1837 1810 97 28 con-

320 1871 160 48 cludes,
502 1883 106 41 page
630 1867 331 45 427,—"There
992 1867 36 41 is
1051 1867 98 41 here
1180 1867 118 41 then,
1319 1867 44 40 in
1387 1866 131 42 short,
1539 1881 24 27 a
1584 1871 137 37 motor
1746 1866 186 52 aphasia,

320 1941 99 43 and,
442 1941 21 40 I
486 1940 96 49 add,
605 1939 152 54 purely
781 1942 160 37 motor:
973 1951 25 27 a
1019 1938 164 53 variety
1207 1951 103 36 rare,
1332 1951 102 40 very
1457 1951 103 37 rare,
1582 1938 44 40 in
1660 1937 72 41 the
1765 1937 169 41 domain

322 2013 47 41 of
388 2012 72 41 the
484 2024 197 28 common
708 2022 173 42 organic
903 2008 197 54 aphasias,
1124 2012 104 36 with
1252 2007 139 41 which
1416 2007 118 41 there
1560 2022 69 26 are
1661 2007 133 41 found
1826 2012 111 36 most

322 2081 249 57 frequently
612 2079 237 43 associated
890 2079 46 40 in
978 2078 165 41 diverse
1191 2078 269 54 proportions
1502 2077 121 41 other
1668 2077 186 42 troubles
1895 2078 46 40 of

323 2154 179 42 interior
532 2152 223 54 language,
787 2149 105 42 such
929 2163 46 27 as
1013 2148 372 50 word-blindness,
1420 2162 46 26 or
1505 2147 341 50 word-deafness,
1881 2161 56 34 or,

323 2224 138 56 again,
483 2221 238 55 agraphia."

383 2293 123 43 With
531 2296 120 51 great
681 2295 167 37 respect
869 2290 65 40 for
955 2289 73 41 the
1061 2288 173 42 opinion
1259 2288 46 41 of
1332 2302 54 27 an
1419 2288 218 55 authority
1659 2302 45 28 so
1736 2292 202 46 eminent,

326 2366 23 41 I
373 2369 117 37 must
510 2364 52 40 be
585 2361 178 42 allowed
787 2365 44 37 to
853 2373 173 29 express
1049 2360 73 40 the
1144 2358 134 42 belief
1307 2358 93 42 that
1430 2359 87 41 this
1541 2364 273 36 explanation
1839 2358 99 41 does

326 2439 78 37 not
435 2447 125 29 cover
581 2432 74 41 the
687 2430 139 42 whole
857 2429 188 55 ground:
1076 2428 48 41 in
1155 2428 233 54 particular
1418 2428 36 40 it
1484 2428 96 42 fails
1614 2433 42 36 to
1689 2429 171 53 explain
1894 2428 43 39 in

326 2519 87 41 any
435 2518 95 27 way
552 2502 73 42 the
647 2515 106 27 very
775 2513 113 28 close
910 2498 240 42 connexion
1173 2498 96 41 that
1291 2498 36 41 is
1349 2498 157 41 known
1530 2502 43 37 to
1605 2498 113 41 exist
1746 2499 192 40 between

326 2574 209 43 Aphonia
556 2572 83 41 and
662 2571 197 41 Mutism.
942 2567 44 42 It
1007 2581 178 41 appears
1207 2571 44 37 to
1274 2581 68 28 me
1362 2567 107 51 that,
1492 2581 53 27 on
1568 2567 86 42 this
1677 2567 179 55 subject,
1876 2567 60 40 M.

327 2646 184 42 Charcot
532 2643 77 41 has
641 2642 107 40 been
770 2638 154 42 misled
955 2642 45 37 to
1022 2651 116 28 some
1160 2641 150 37 extent
1340 2637 57 54 by
1420 2637 73 42 the
1522 2651 224 28 erroneous
1769 2637 169 41 conclu-

327 2730 115 28 sions
480 2714 46 40 of
564 2712 73 41 the
678 2722 308 43 physiologists
1026 2707 140 42 whose
1204 2707 131 41 views
1371 2707 54 41 he
1462 2707 106 41 cites
1603 2707 222 55 regarding
1866 2707 72 41 the

327 2800 154 28 nature
511 2784 46 41 of
585 2779 270 57 whispering.
916 2778 64 42 As
1011 2777 175 54 already
1219 2777 240 55 explained,
1482 2777 22 41 I
1537 2777 260 54 thoroughly
1818 2791 120 28 agree

327 2856 106 42 with
466 2854 123 42 those
620 2849 308 57 physiologists
964 2847 97 42 who
1094 2847 101 41 hold
1226 2846 96 41 that
1354 2846 72 42 the
1457 2847 304 53 participation
1793 2847 42 41 of
1867 2847 71 40 the

325 2929 155 41 larynx
504 2925 37 40 is
563 2937 45 28 as
629 2934 226 30 necessary
877 2919 65 41 for
964 2917 237 42 whispered
1227 2931 45 27 as
1294 2917 65 41 for
1380 2916 200 55 ordinary
1603 2916 164 54 speech.
1829 2917 44 40 It
1903 2917 35 40 is

327 3013 24 27 a
383 2997 123 56 point
537 3007 118 28 upon
687 2990 141 43 which
866 2989 74 41 the
976 2988 148 41 reader
1156 3001 98 40 may
1287 2986 137 41 arrive
1461 2990 45 37 at
1541 3000 24 27 a
1601 2987 243 40 conclusion
1884 2985 53 56 by

326 3080 271 31 observation
615 3063 44 43 of
682 3061 71 43 the
774 3073 170 43 process
962 3058 44 42 of
1027 3057 259 55 whispering
1309 3057 119 41 when
1451 3056 209 57 practised
1684 3057 55 54 by
1756 3055 180 42 himself.
