2113 3404
451 258 87 43 428

954 278 85 30 THE
1072 279 240 34 DISORDERS
1344 283 54 31 OF
1429 284 173 32 SPEECH.

513 388 129 43 From
666 391 72 43 the
760 393 131 57 study
914 396 45 40 of
991 396 71 43 the
1085 411 116 30 cases
1223 400 45 41 of
1297 400 84 42 this
1406 415 161 29 disease
1591 402 224 54 published
1840 403 53 54 by
1919 403 143 42 Fried-

452 459 140 42 reich1
615 462 84 42 and
722 463 156 52 others,
896 465 35 41 it
956 480 95 42 may
1070 468 51 42 be
1139 483 99 28 seen
1263 471 94 42 that
1374 471 72 42 the
1461 471 315 43 characteristic
1792 473 271 43 disturbance

453 530 47 40 of
527 532 155 54 speech
717 533 75 43 has
813 534 46 42 in
891 536 47 52 it,
959 537 157 43 almost
1147 539 172 56 always,
1344 555 113 27 more
1494 556 46 26 or
1575 542 84 42 less
1692 544 46 39 of
1768 543 95 41 that
1894 548 172 36 staccato

454 600 188 43 element
665 604 140 42 which
827 605 36 43 is
895 620 46 28 so
973 608 225 56 markedly
1221 615 173 49 present
1428 611 39 40 in
1502 612 73 40 the
1606 612 152 41 speech
1791 614 46 39 of
1868 618 196 53 multiple

453 671 207 43 sclerosis.
726 674 88 42 But
836 675 86 42 this
945 677 187 43 element
1154 693 99 41 may
1276 686 75 35 not
1374 681 51 41 be
1449 695 101 40 very
1571 682 194 54 striking.
1828 682 130 42 Often
1992 682 72 42 the

453 745 220 40 utterance
711 744 35 42 is
785 746 160 54 merely
982 746 104 42 slow
1119 749 84 41 and
1235 750 219 54 drawling,
1489 751 102 40 with
1631 751 94 41 that
1761 751 218 42 thickness
2017 766 45 27 or

452 810 299 55 imperfection
785 816 44 39 of
860 815 278 43 articulation
1173 818 139 41 which
1346 819 47 41 is,
1425 819 22 40 I
1479 819 139 50 think,
1640 820 95 41 best
1765 820 219 42 described
2016 836 46 26 as

452 881 263 57 "slurring,"
737 884 77 41 but
833 884 140 42 which
992 886 245 42 Friedreich
1257 888 43 40 in
1324 888 66 41 his
1413 888 259 55 description
1697 895 129 36 terms
1847 890 220 42 "hilling."

454 951 44 41 It
532 952 36 41 is
602 966 24 27 a
662 954 121 41 thick
817 955 187 56 slurring
1038 957 275 42 articulation
1348 959 88 41 like
1470 959 96 41 that
1603 960 43 40 of
1682 960 270 41 inebriation,
1991 962 76 39 but

454 1021 200 57 differing
690 1025 111 40 from
839 1026 35 40 it
910 1026 45 40 in
1001 1027 125 55 being
1163 1027 154 42 slower
1359 1029 84 41 and
1488 1043 115 29 more
1644 1029 225 43 laborious,
1905 1031 83 41 and
2026 1031 42 40 in

454 1092 163 56 having
639 1095 116 41 often
779 1095 46 41 in
846 1095 36 42 it
911 1110 24 28 a
968 1110 116 29 more
1116 1111 46 27 or
1193 1097 84 42 less
1310 1099 272 53 pronounced
1615 1099 186 42 element
1825 1100 44 41 of
1897 1105 173 37 staccato

455 1164 289 43 enunciation.
807 1166 245 42 Friedreich
1078 1167 99 42 tells
1200 1167 96 42 that
1317 1182 116 28 some
1456 1169 44 41 of
1532 1169 64 42 his
1618 1170 187 54 patients
1832 1170 82 41 had
1936 1184 133 28 some-

456 1233 127 42 times
627 1239 42 37 to
711 1239 186 51 attempt
939 1236 184 41 difficult
1161 1238 137 41 words
1339 1252 102 27 over
1481 1238 84 41 and
1609 1252 100 28 over
1749 1239 136 54 again,
1928 1239 141 41 before

458 1304 257 55 succeeding
738 1306 43 40 in
807 1306 115 42 their
943 1312 288 36 enunciation.

515 1374 53 41 In
593 1375 72 42 the
690 1390 100 41 very
814 1377 174 42 chronic
1010 1392 145 27 course
1179 1378 43 41 of
1254 1379 278 42 Friedreich's
1564 1379 175 42 disease,
1762 1379 72 42 the
1866 1379 201 55 derange-

458 1449 121 37 ment
600 1445 46 42 of
663 1447 154 54 speech
841 1448 37 41 is
901 1453 75 36 not
998 1462 81 28 one
1100 1448 44 42 of
1166 1448 73 42 the
1271 1450 93 41 first
1395 1454 239 50 symptoms
1667 1455 43 35 to
1743 1450 50 41 be
1825 1449 242 55 developed.

460 1514 64 41 Its
546 1529 265 40 appearance
833 1517 36 42 is
891 1524 119 35 often
1033 1517 182 42 delayed
1238 1519 64 40 for
1323 1532 24 27 a
1368 1532 102 41 year
1486 1533 47 27 or
1550 1518 160 42 several
1733 1532 124 41 years
1874 1526 109 34 after
2000 1519 71 41 the

458 1585 318 44 characteristic
814 1588 143 41 ataxia
994 1588 76 41 has
1102 1588 149 41 shown
1284 1589 117 41 itself
1432 1589 45 40 in
1510 1589 73 41 the
1613 1588 139 42 limbs.
1828 1589 239 41 Friedreich

459 1656 232 43 attributes
714 1658 73 42 the
811 1659 307 41 derangement
1140 1659 43 41 of
1214 1659 154 55 speech
1400 1664 43 36 to
1475 1659 183 41 changes
1690 1659 45 40 in
1768 1659 71 41 the
1872 1659 199 49 medulla,

459 1727 85 40 and
567 1728 232 55 especially
823 1732 42 38 to
888 1743 24 27 a
933 1729 261 54 descending
1216 1730 182 41 neuritis
1421 1730 45 40 in
1489 1729 73 41 the
1584 1733 113 37 roots
1727 1729 84 41 and
1843 1729 153 41 trunks
2027 1731 46 39 of

460 1798 72 41 the
554 1797 276 56 hypoglossal
852 1813 175 28 nerves;
1059 1800 77 41 but
1159 1800 85 41 this
1266 1800 248 41 conclusion
1537 1799 99 41 does
1659 1804 76 36 not
1756 1813 113 27 seem
1892 1804 43 36 to
1961 1799 109 42 have

461 1868 104 41 been
590 1869 234 42 confirmed
844 1870 55 54 by
916 1869 123 42 other
1060 1870 232 41 observers,
1307 1883 44 27 as
1375 1870 175 42 Gowers
1572 1869 189 41 remarks
1794 1869 172 41 that—"
1982 1869 89 41 The

459 1939 162 54 precise
644 1940 137 41 origin
805 1940 43 41 of
871 1940 72 41 the
966 1940 199 41 affection
1187 1940 46 41 of
1253 1940 274 41 articulation
1550 1939 84 41 and
1656 1939 44 41 of
1728 1939 74 42 the
1823 1944 250 50 nystagmus

460 2009 77 41 has
561 2015 75 36 not
657 2015 74 50 yet
752 2010 107 42 been
883 2010 201 41 traced."3

518 2078 54 43 In
610 2081 167 41 tracing
808 2081 125 40 down
967 2080 72 42 the
1072 2080 297 42 speech-tract.
1405 2080 18 40 I
1464 2094 94 40 may
1597 2093 95 28 now
1730 2093 95 41 pass
1862 2093 99 28 over
1997 2080 71 40 the

461 2152 136 40 Crura
626 2151 173 42 Cerebri
833 2151 104 41 with
969 2166 24 26 a
1028 2165 100 27 very
1150 2150 112 42 brief
1290 2154 109 37 note.
1461 2150 136 41 There
1627 2149 48 52 is,
1699 2149 164 50 indeed,
1886 2148 183 56 scarcely

462 2221 213 55 anything
697 2226 42 37 to
763 2222 51 41 be
836 2221 92 42 said
950 2235 132 28 about
1104 2221 73 42 the
1199 2221 147 41 effects
1368 2221 46 40 of
1432 2220 158 42 lesions
1611 2220 45 40 in
1688 2233 79 28 one
1799 2234 47 27 or
1877 2219 121 42 other
2028 2220 44 40 of

464 2290 72 42 the
568 2305 134 27 crura,
727 2291 167 41 further
925 2291 105 40 than
1066 2295 93 36 that
1192 2290 102 54 they
1319 2303 158 28 closely
1500 2288 207 42 resemble
1739 2288 73 42 the
1849 2288 143 42 effects
2031 2290 45 39 of

463 2360 229 41 unilateral
714 2360 158 42 lesions
894 2360 46 41 of
971 2360 71 41 the
1066 2365 108 36 tract
1207 2360 45 40 in
1287 2359 71 41 the
1391 2359 186 41 internal
1610 2358 181 54 capsule.
1852 2358 41 40 A
1929 2357 142 56 dysar-

462 2428 112 43 thria
596 2429 275 42 disturbance
895 2430 45 40 of
959 2429 166 55 speech,
1148 2429 45 41 of
1222 2428 73 41 the
1318 2432 151 36 nature
1493 2428 45 39 of
1571 2427 194 53 slurring,
1788 2426 83 41 and
1904 2426 166 50 usually

463 2501 47 41 of
529 2505 245 49 temporary
792 2500 211 41 duration,
1022 2500 34 40 is
1078 2505 75 35 apt
1176 2504 42 36 to
1242 2499 50 41 be
1317 2497 212 56 produced
1555 2497 122 42 when
1695 2497 73 41 the
1789 2501 285 50 speech-tract

463 2571 38 40 is
524 2574 74 37 cut
619 2583 141 28 across
781 2570 45 40 in
850 2574 137 37 either
1004 2568 73 42 the
1099 2568 116 41 right
1237 2581 46 27 or
1306 2567 71 42 the
1399 2567 80 41 left
1500 2580 106 27 cms.
1668 2565 63 42 As
1753 2565 44 41 in
1821 2565 73 41 the
1915 2578 95 28 case
2031 2565 44 40 of

463 2640 137 42 lesion
624 2641 46 39 in
695 2639 71 42 the
787 2639 187 42 internal
992 2637 184 55 capsule,
1190 2637 36 41 it
1243 2637 36 41 is
1295 2635 217 57 generally
1532 2640 112 37 most
1661 2634 272 56 pronounced
1953 2634 122 42 when

464 2710 73 42 the
574 2709 137 43 lesion
749 2709 197 41 involves
981 2708 73 42 the
1091 2707 80 41 left
1207 2721 119 27 crus;
1370 2707 76 40 but
1480 2706 36 41 it
1550 2719 97 41 may
1683 2705 50 41 be
1766 2718 116 28 more
1914 2718 46 27 or
1993 2704 82 42 less

463 2781 228 54 distinctly
711 2785 183 50 present,
910 2780 62 40 for
993 2793 25 27 a
1040 2778 103 42 time
1166 2782 45 37 at
1232 2777 119 42 least,
1371 2776 124 42 when
1516 2775 36 42 it
1572 2775 36 42 is
1631 2775 73 42 the
1726 2775 117 55 right
1865 2788 95 28 crus
1982 2774 96 41 that

464 2852 37 41 is
524 2851 214 42 involved.

512 2945 13 22 1
557 2942 188 37 Virchow's
769 2941 147 45 Archiv,
937 2942 102 34 1863,
1059 2939 66 36 Bel.
1151 2939 98 35 xxvi.
1268 2936 72 39 and
1366 2937 111 36 xxvii.
1496 2950 9 31 ;
1529 2936 76 37 also
1630 2936 98 46 ibid.,
1749 2938 101 43 1876,
1869 2935 66 35 Bd.
1962 2934 116 36 lxviii.

462 3004 74 36 and
553 3003 74 36 lxx.

507 3064 14 22 'l
546 3063 158 35 Diseases
722 3062 40 36 of
777 3063 53 35 the
849 3061 161 36 Nervous
1026 3061 143 45 System,
1188 3057 72 37 vol.
1280 3056 49 47 ii.,
1347 3069 35 36 p.
1402 3059 79 33 355.
