1895 3217
1428 325 85 39 141

597 333 90 31 THE
711 333 153 32 GREEN
890 332 214 33 MONKEY.

219 461 96 43 The
349 459 146 46 colour
527 458 37 47 is
602 459 391 62 greenish-yellow
1028 459 154 54 above,
1214 456 165 63 arising
1409 457 109 47 from

160 542 77 38 the
263 535 174 62 ringing
459 535 50 47 of
522 537 78 45 the
627 536 119 46 hairs
770 537 112 45 with
907 552 176 30 various
1109 535 158 46 shades
1292 535 50 46 of
1356 536 166 60 yellow

158 613 90 45 and
270 614 144 54 black,
430 615 83 44 but
532 629 198 30 assumes
744 629 121 31 more
884 613 50 47 of
948 629 27 30 a
998 613 110 46 dark
1125 612 192 63 grizzled
1335 628 188 45 appear-

159 705 108 30 ance
300 705 56 31 on
389 696 78 40 the
499 690 115 46 sides
638 690 50 46 of
702 691 78 45 the
802 691 134 53 bodv,
964 691 90 44 and
1081 705 127 30 outer
1231 690 115 45 sides
1371 688 49 46 of
1443 690 79 44 the

158 765 147 56 limbs,
344 767 150 45 which
532 769 178 44 become
746 767 236 61 gradually
1014 767 160 45 darker
1211 772 195 39 towards
1443 767 79 44 the

158 843 158 46 hands.
367 844 96 45 The
481 843 107 55 face,
606 860 108 38 ears,
732 844 90 45 and
838 844 148 45 naked
1000 849 99 55 part
1115 842 50 46 of
1173 842 79 46 the
1269 843 159 53 hands,
1450 858 73 30 are

160 919 50 46 of
235 936 27 30 a
279 921 67 61 jet
370 922 129 44 black
517 937 15 38 ;
583 921 79 46 the
685 921 161 45 former
882 920 38 46 is
959 920 51 46 of
1040 936 27 29 a
1089 919 247 47 triangular
1370 919 152 55 shape,

160 998 208 45 bounded
382 999 143 45 above
544 1004 77 39 the
640 1013 105 46 eyes
763 999 62 61 by
849 1013 27 30 a
900 997 187 46 straight
1105 997 91 46 line
1214 996 50 46 of
1279 995 100 47 stiff
1396 997 129 45 black

161 1075 135 53 hairs,
313 1076 89 45 and
417 1091 56 30 on
491 1082 78 39 the
584 1075 115 46 sides
713 1077 61 59 by
794 1075 233 61 spreading
1049 1080 115 39 tufts
1188 1072 50 47 of
1250 1073 115 46 light
1388 1073 135 55 hairs,

163 1152 114 45 with
300 1168 28 30 a
350 1153 235 60 yellowish
602 1159 137 55 tinge,
755 1152 196 61 meeting
966 1151 48 46 in
1037 1166 27 30 a
1086 1150 125 62 point
1229 1151 196 46 beneath
1447 1152 79 44 the

163 1230 116 46 chin.
317 1230 97 45 The
429 1230 112 44 neck
564 1229 90 46 and
676 1230 123 45 chest
823 1245 73 29 are
913 1229 163 53 white;
1100 1234 79 39 the
1193 1243 142 30 under
1347 1243 122 46 parts
1483 1227 52 47 of

163 1306 80 46 the
259 1307 119 61 body
401 1307 115 45 have
540 1322 27 30 a
589 1306 235 61 yellowish
846 1312 147 54 tinge;
1019 1305 90 45 and
1125 1305 78 45 the
1218 1304 143 46 inside
1385 1304 50 47 of
1448 1305 78 45 the

163 1383 134 46 limbs
321 1383 37 46 is
386 1399 126 46 gray.
594 1383 97 46 The
724 1383 156 45 length
914 1382 50 47 of
988 1382 79 46 the
1095 1382 117 45 head
1235 1382 90 45 and
1347 1382 119 61 body
1489 1382 37 46 is

164 1460 175 45 sixteen
372 1475 47 30 or
441 1460 205 45 eighteen
671 1459 167 52 inches,
864 1460 90 46 and
975 1465 102 39 that
1108 1458 51 47 of
1176 1465 79 39 the
1277 1457 83 47 tail
1384 1474 144 31 some-

168 1536 125 46 what
315 1537 164 45 more.”

233 1614 110 44 This
367 1613 182 54 animal,
585 1629 48 30 or
666 1619 47 39 at
735 1614 114 45 least
879 1628 82 31 one
983 1612 144 46 under
1149 1618 78 40 the
1249 1610 102 48 title
1375 1611 50 48 of
1450 1613 77 46 the

224 1689 148 46 Green
397 1690 244 45 Monkey”
664 1690 82 45 has
769 1691 112 44 been
903 1689 260 46 mentioned
1190 1690 63 60 by
1270 1705 142 46 many
1434 1696 95 39 tra-

164 1766 176 55 vellers,
369 1782 101 30 who
503 1766 100 62 give
637 1782 206 31 accounts
878 1766 50 47 of
952 1773 79 39 the
1063 1772 101 40 vast
1197 1772 148 40 troops
1379 1767 150 45 which

167 1844 217 45 assemble
406 1844 215 45 together.
683 1844 57 45 In
763 1843 255 47 Adanson’s
1043 1843 189 61 Voyage
1255 1849 46 40 to
1323 1843 203 55 Senegal,

166 1919 38 46 it
226 1920 38 45 is
286 1920 109 45 thus
418 1919 355 46 introduced:—

291 1997 92 44 But
407 1997 125 44 what
566 1997 151 43 struck
746 2011 73 29 me
851 2011 132 37 most,
1016 2010 94 30 was
1144 2001 78 40 the
1253 2002 205 56 shooting
1488 1996 50 47 of

170 2087 235 46 monkeys,
430 2072 149 45 which
602 2072 23 45 I
650 2072 190 60 enjoyed
858 2078 161 38 within
1037 2071 68 45 six
1123 2071 178 62 leagues
1319 2073 92 45 this
1435 2074 94 45 side

171 2148 50 46 of
237 2150 155 49 Podor,
419 2164 55 30 on
497 2149 78 45 the
607 2148 130 45 lands
770 2155 46 38 to
850 2154 78 39 the
952 2148 132 45 south
1108 2147 50 46 of
1182 2149 161 54 Donai,
1380 2150 148 45 other-

172 2226 108 45 wise
304 2226 142 45 called
468 2225 123 60 Coq;
627 2225 90 45 and
741 2225 22 45 I
787 2224 55 46 do
875 2230 79 39 not
987 2224 133 45 think
1153 2230 127 40 there
1308 2241 104 30 ever
1434 2242 94 30 was

172 2304 147 45 better
341 2309 132 40 sport.
543 2303 97 44 The
673 2302 143 45 vessel
848 2302 132 60 being
1013 2301 172 46 obliged
1207 2307 46 40 to
1277 2308 103 56 stay
1402 2303 126 46 there

171 2395 82 31 one
285 2379 218 61 morning,
528 2379 24 45 I
575 2385 126 40 went
736 2395 55 29 on
825 2378 140 54 shore,
989 2384 46 39 to
1060 2378 146 46 divert
1228 2378 172 62 myself
1415 2387 113 39 with

170 2472 81 45 my
273 2472 104 46 gun.
446 2457 96 44 The
590 2455 124 61 place
753 2470 94 30 was
880 2471 110 45 very
1029 2470 175 46 woody,
1240 2455 90 45 and
1367 2454 84 47 full
1487 2457 50 45 of

171 2548 131 45 green
323 2548 235 46 monkeys,
583 2532 148 45 which
755 2532 23 45 I
802 2532 78 45 did
900 2538 78 39 not
1000 2531 199 61 perceive
1221 2532 83 45 but
1327 2532 62 60 by
1413 2533 117 45 their

172 2609 213 62 breaking
418 2610 79 46 the
531 2611 169 46 boughs
737 2624 56 31 on
826 2615 78 40 the
937 2615 99 55 tops
1070 2608 50 48 of
1144 2608 78 46 the
1251 2614 130 49 trees,
1413 2608 112 47 from
