2125 3612
1665 277 59 45 47

639 284 279 31 HYSTERICAL
952 285 187 32 MUTISM.

70 406 71 44 Let
186 408 89 40 him
316 405 189 45 whisper
542 405 43 41 in
626 419 24 27 a
693 408 158 52 "stage
896 405 227 55 whisper,"
1168 405 140 42 which
1355 407 37 41 is
1437 407 166 56 merely
1647 409 76 41 the

60 478 204 58 ordinary
289 479 187 54 whisper
508 476 301 57 exaggerated,
832 476 85 42 and
953 476 22 42 I
999 490 72 28 am
1096 476 220 43 mistaken
1340 477 37 41 if
1407 477 54 42 lie
1485 479 92 40 will
1612 480 111 42 have

58 550 74 42 the
155 550 111 42 least
298 549 263 42 inclination
587 555 43 36 to
653 548 154 56 regard
842 548 269 56 whispering
1143 562 47 29 as
1214 563 55 27 an
1292 554 71 37 act
1396 549 142 42 which
1564 565 81 27 can
1669 551 53 43 be

56 622 164 42 carried
243 636 53 27 on
324 621 188 42 without
533 621 75 42 the
631 620 311 56 participation
966 620 48 42 of
1033 620 75 43 the
1132 620 170 56 larynx.
1369 621 72 42 Or,
1455 621 94 42 still
1568 622 158 52 better,

53 693 63 42 let
139 693 91 42 him
253 694 99 41 sing
372 694 47 41 in
441 707 26 28 a
490 692 217 55 whisper;
741 691 156 52 which,
920 693 114 41 after
1056 706 24 28 a
1102 692 119 43 little
1245 693 206 55 practice,
1474 693 55 43 he
1555 694 89 42 will
1668 695 53 42 be

54 765 98 42 able
175 771 44 36 to
243 765 66 42 do,
332 766 46 40 in
402 771 119 36 tune,
544 764 86 42 and
652 767 76 51 yet
751 763 189 43 entirely
965 764 190 42 without
1181 765 129 42 voice.

115 837 211 55 Holding,
369 851 46 28 as
458 836 23 42 I
525 836 66 42 do,
636 835 98 42 that
767 835 124 43 there
927 850 82 28 can
1044 836 54 42 be
1136 851 56 27 no
1232 836 157 43 speech
1424 837 190 42 without
1647 837 76 43 the

55 910 295 42 co-operation
395 909 45 42 of
486 908 108 42 both
635 907 311 51 mechanisms,
990 908 24 42 I
1060 908 170 43 believe
1277 909 97 42 that
1419 909 75 43 the
1533 909 189 43 disable-

54 987 123 36 ment
209 981 46 42 of
289 981 142 42 either
468 980 76 43 the
582 994 82 28 one
701 980 275 43 mechanism
1024 995 48 28 or
1115 981 76 43 the
1228 982 127 42 other
1390 996 100 42 may
1530 982 192 56 produce

54 1054 192 41 mutism.
312 1054 23 41 I
358 1053 168 43 believe
560 1058 97 37 that
690 1052 47 42 in
773 1053 75 42 the
882 1053 210 56 majority
1115 1054 48 41 of
1194 1068 121 28 cases
1350 1054 37 42 it
1423 1055 37 42 is
1496 1055 76 42 the
1597 1055 127 42 vocal

55 1125 273 43 mechanism
350 1126 97 42 that
469 1126 37 42 is
530 1131 45 37 at
598 1124 126 44 fault,
747 1125 88 42 and
858 1125 99 42 that
979 1125 50 42 in
1052 1126 108 42 such
1184 1140 120 29 cases
1327 1126 75 43 the
1425 1127 229 42 condition
1677 1127 45 42 of

56 1198 238 54 hysterical
331 1199 184 42 mutism
549 1199 37 42 is
624 1198 259 43 essentially
919 1197 76 43 the
1034 1212 120 29 same
1192 1212 48 29 as
1273 1198 98 43 that
1402 1200 46 41 of
1479 1199 241 42 hysterical

54 1270 203 55 aphonia,
279 1270 106 56 only
417 1285 119 28 more
574 1270 236 43 advanced.
875 1269 106 42 This
1018 1270 114 42 view
1172 1270 202 55 explains
1413 1277 45 36 at
1496 1286 107 27 once
1643 1272 77 41 the

54 1343 258 41 transitions
335 1344 112 40 from
472 1343 75 42 the
570 1357 82 28 one
685 1349 43 36 to
762 1343 75 41 the
871 1342 128 41 other
1031 1341 178 56 already
1234 1342 191 43 referred
1451 1349 58 36 to,
1533 1342 87 42 and
1642 1343 77 42 the

53 1414 222 42 existence
299 1415 47 41 of
374 1428 46 28 so
454 1428 133 41 many
611 1415 191 41 features
827 1413 144 42 which
997 1427 72 28 are
1103 1427 203 28 common
1328 1419 45 37 to
1396 1414 117 43 both.
1578 1416 142 42 These

53 1485 257 43 transitions
333 1485 87 42 and
443 1499 202 28 common
667 1486 191 42 features
881 1499 73 28 are
975 1484 99 42 well
1097 1484 252 44 illustrated
1373 1486 59 56 by
1449 1486 75 43 the
1550 1492 171 52 twenty

52 1571 119 28 cases
194 1557 212 43 collected
430 1557 58 55 by
510 1557 63 44 M.
598 1557 171 43 Cartaz,
791 1557 88 42 and
902 1556 234 56 appended
1162 1561 45 38 to
1232 1557 74 42 the
1330 1557 118 43 third
1471 1558 179 44 volume
1673 1560 50 42 of

54 1628 74 43 the
159 1629 155 57 Legons
345 1629 178 56 already
555 1629 165 56 quoted
752 1629 123 42 from.
941 1628 61 42 M.
1038 1628 168 52 Cartaz,
1240 1628 215 54 however,
1488 1630 128 43 holds
1643 1632 75 43 the

53 1716 119 29 same
194 1701 317 56 physiological
533 1701 149 43 views,
704 1701 88 42 and
817 1701 76 42 has
915 1700 76 43 the
1006 1714 120 29 same
1149 1700 191 43 theories
1364 1716 46 28 as
1429 1702 61 42 M.
1517 1703 201 44 Charcot.

112 1774 133 52 Quite
267 1773 197 43 recently
488 1773 75 43 the
586 1773 174 56 subject
792 1773 80 42 has
906 1773 112 42 been
1051 1772 258 44 considered
1343 1774 58 56 by
1424 1775 185 43 another
1631 1776 88 42 dis-

50 1847 253 56 tinguished
342 1845 121 57 pupil
502 1846 47 42 of
577 1845 62 43 M.
667 1845 446 56 Charcot—namely,
1144 1846 226 42 Professor
1404 1846 51 43 A.
1494 1847 145 44 Pitres
1674 1849 49 42 of

52 1918 341 42 Bordeaux—in
415 1918 69 42 his
514 1922 149 38 recent
686 1918 122 42 work
832 1933 56 26 on
923 1917 242 56 Hysteria.1
1229 1918 71 42 He
1324 1918 218 44 describes
1565 1935 25 27 a
1612 1935 107 42 very

51 1990 263 57 interesting
337 2005 108 28 case,
469 1990 86 42 and
578 1990 107 43 cites
721 1990 76 42 the
833 1989 180 43 treatise
1048 1989 45 42 of
1126 1989 63 43 M.
1212 1990 169 52 Natier,
1407 1991 97 43 who
1527 1991 79 44 has
1629 1992 88 43 col-

49 2061 143 43 lected
217 2062 114 42 from
353 2062 175 42 various
551 2076 174 28 sources
749 2076 25 27 a
795 2066 123 51 great
950 2075 136 42 many
1109 2076 120 28 cases
1267 2062 46 42 of
1350 2063 90 43 this
1476 2065 241 45 condition.

54 2134 91 41 But
166 2134 62 42 M.
253 2134 141 43 Pitres
424 2133 337 56 unfortunately
789 2134 103 42 does
917 2138 77 37 not
1017 2138 126 38 enter
1164 2134 95 42 into
1283 2148 87 43 any
1388 2135 248 44 discussion
1660 2152 58 28 on

54 2206 75 42 the
152 2211 127 38 exact
302 2206 311 43 relationships
636 2206 46 42 of
700 2206 186 42 mutism
908 2205 88 42 and
1019 2206 202 42 aphonia.

114 2279 90 42 The
247 2293 135 41 paper
419 2278 58 56 by
510 2278 61 42 M.
606 2278 159 42 Natier
796 2278 38 42 is
867 2292 57 27 an
956 2277 245 56 important
1244 2292 93 30 one.
1403 2278 72 44 He
1511 2280 79 44 has
1629 2282 87 42 col-

51 2350 154 43 lected,
238 2351 46 41 in
317 2350 71 52 all,
421 2356 291 37 seventy-one
743 2364 129 28 cases.
937 2349 233 56 Although
1203 2350 76 43 the
1313 2351 136 43 views
1482 2355 235 41 expressed

50 2422 58 55 by
132 2422 93 43 him
246 2423 231 56 regarding
500 2422 74 43 the
597 2426 159 38 nature
778 2421 87 43 and
890 2421 191 57 etiology
1106 2422 44 42 of
1184 2422 74 43 the
1291 2424 228 43 condition
1542 2440 71 29 are
1638 2432 78 37 not

50 2495 45 40 in
120 2510 87 41 any
232 2511 95 26 way
351 2495 205 42 different
578 2494 114 43 from
717 2494 125 43 those
864 2493 105 44 held
992 2494 58 57 by
1069 2495 224 43 Professor
1317 2496 202 53 Charcot,
1539 2499 21 42 I
1585 2499 131 43 think

50 2583 25 27 a
119 2567 165 43 careful
321 2567 133 43 study
491 2567 48 42 of
579 2567 75 42 the
697 2581 120 28 cases
860 2566 154 43 makes
1052 2566 37 42 it
1131 2567 183 43 evident
1351 2568 99 43 that
1488 2570 109 43 they
1635 2586 82 27 can

49 2639 53 43 be
125 2639 193 57 grouped
340 2639 95 43 into
465 2639 168 43 several
664 2639 173 42 classes.
902 2638 45 42 It
979 2652 141 29 seems
1154 2639 116 43 clear
1302 2646 45 37 to
1382 2643 198 55 me—(1)
1606 2643 112 51 that,

50 2712 46 42 in
120 2727 25 27 a
177 2712 185 42 number
394 2712 45 42 of
471 2712 75 42 the
580 2725 133 29 cases,
735 2711 75 42 the
844 2711 182 42 mutism
1052 2725 103 43 may
1187 2712 53 43 be
1276 2712 236 57 explained
1548 2714 58 56 by
1640 2715 77 42 the

51 2784 159 42 simple
243 2784 294 42 disablement
559 2784 47 41 of
625 2783 77 43 the
734 2782 141 44 Vocal
906 2782 281 43 Mechanism
1207 2800 9 37 ;
1250 2785 63 56 (2)
1346 2784 110 43 that,
1478 2785 45 42 in
1556 2786 161 53 others,

51 2856 75 42 the
150 2857 182 41 mutism
356 2856 77 42 has
456 2855 195 44 resulted
675 2856 112 42 from
811 2870 25 27 a
869 2854 295 44 disablement
1197 2856 45 42 of
1276 2856 77 43 the
1376 2858 273 42 mechanism
1673 2859 47 41 of

54 2928 102 41 Oral
179 2928 315 43 Articulation,
517 2928 76 43 the
615 2928 126 43 vocal
764 2928 274 43 mechanism
1062 2927 133 57 being
1217 2928 166 54 intact;
1408 2929 62 56 (3)
1497 2930 170 42 that,in
1691 2945 25 28 a

52 3002 96 42 few,
183 3001 113 42 Both
335 3000 303 44 Mechanisms
675 3015 72 28 are
784 2999 211 43 involved
1015 3015 9 38 ;
1056 2999 100 52 and,
1188 3000 150 58 lastly,
1372 3002 110 42 that,
1514 3002 45 42 in
1594 3016 120 29 some

479 3142 11 22 1
518 3142 135 48 Legons
673 3142 183 37 Cliniqucs
872 3154 63 24 sur
953 3138 203 49 I'Hyste'rie,
1178 3143 105 35 1891.
