2107 3450
425 149 86 34 THE
544 148 144 30 TUKEE
723 144 249 32 FUNCTIONS
1007 143 54 31 OF
1094 142 88 36 THE
1216 143 143 31 VOICE.

1639 131 80 41 Ill

695 749 280 43 CHAPTER
1024 748 49 43 V.

70 909 97 42 The
199 910 157 42 Three
387 909 264 43 Functions
684 917 53 32 of
769 917 90 31 the
892 905 157 43 Voice.
1114 903 179 45 Speech
1327 915 54 32 of
1415 905 157 42 Idiots
1605 913 95 33 and

755 979 260 43 Imbeciles.

117 1133 50 41 It
191 1130 90 44 will
305 1130 214 57 probably
541 1130 250 43 contribute
815 1134 44 37 to
893 1127 216 43 clearness
1132 1127 48 42 of
1205 1126 270 56 description
1498 1127 47 50 if,
1569 1126 145 43 before

55 1203 201 55 entering
278 1216 118 41 upon
419 1202 75 41 the
516 1200 321 43 consideration
861 1199 45 42 of
927 1199 75 41 the
1020 1197 371 56 Developmental
1413 1197 235 43 Disorders
1671 1196 48 43 of

55 1274 181 55 Speech,
259 1273 23 41 I
314 1286 140 28 make,
476 1271 47 42 in
556 1271 76 42 the
664 1271 96 41 first
791 1270 213 42 instance,
1027 1284 56 27 an
1111 1269 251 42 endeavour
1394 1274 45 36 to
1471 1268 75 56 lay
1569 1269 146 42 before

54 1345 75 43 the
152 1359 162 28 reader,
337 1343 47 43 in
409 1343 122 42 brief,
553 1357 119 28 some
696 1342 44 42 of
772 1341 75 43 the
881 1341 119 42 main
1030 1340 112 42 facts
1165 1341 233 55 regarding
1421 1340 75 42 the
1528 1340 187 42 Normal

51 1416 326 43 Development
400 1414 47 42 of
472 1413 167 43 Speech
658 1413 98 42 that
779 1427 110 28 were
912 1411 238 43 discussed,
1172 1415 46 39 at
1240 1426 119 28 some
1383 1412 167 56 length,
1569 1412 46 41 in
1641 1412 75 43 the

51 1487 87 43 last
175 1501 192 41 chapter.
433 1485 117 42 This,
590 1485 22 41 I
646 1485 144 50 think,
830 1498 102 28 may
971 1484 52 42 be
1057 1483 113 43 done
1202 1487 116 39 most
1357 1483 177 57 simply,
1569 1484 36 42 if
1650 1499 65 28 we

51 1563 278 39 concentrate
362 1557 220 43 attention
614 1557 214 57 specially
851 1571 120 41 upon
995 1556 75 42 the
1093 1555 263 57 production
1380 1556 48 42 of
1453 1554 151 46 Voice,
1627 1557 87 43 and

49 1637 71 37 try
152 1636 46 38 to
235 1630 157 44 realize
424 1630 75 42 the
534 1629 175 43 various
742 1629 226 42 functions
1002 1628 100 42 that
1138 1642 85 39 are,
1257 1642 83 30 one
1372 1628 113 44 after
1517 1629 197 52 another,

48 1703 207 44 assumed
278 1704 57 55 by
359 1703 74 42 the
458 1701 132 44 Voice
613 1701 48 42 in
682 1701 77 43 the
782 1715 151 29 course
956 1700 45 43 of
1024 1700 322 44 development.

475 1871 86 42 The
588 1871 129 41 Three
742 1870 231 42 Functions
995 1869 52 56 of
1061 1870 66 42 the
1162 1869 130 44 Voice.

116 1994 33 39 1.
184 1992 74 42 An
298 1993 192 41 Exercise
521 1992 79 55 for
638 1991 65 41 the
746 1989 148 57 Lungs
931 1991 92 41 and
1058 1991 281 55 Respiratory
1371 1992 344 44 Muscles.—The

51 2065 155 55 crying
239 2065 45 41 of
316 2079 24 27 a
373 2064 229 42 new-born
634 2063 120 42 child
788 2070 162 35 cannot
982 2063 207 55 properly
1227 2063 53 43 be
1313 2063 231 44 described
1578 2080 46 28 as
1657 2066 60 43 its

52 2136 181 44 method
257 2138 47 41 of
332 2136 255 56 expressing
618 2135 204 43 emotion.
887 2135 64 42 At
984 2135 88 42 this
1105 2135 121 57 early
1251 2136 152 56 period
1425 2137 45 41 of
1499 2137 58 44 its
1580 2144 136 38 exist-

52 2223 118 29 ence,
203 2209 122 42 there
358 2209 37 42 is
426 2208 213 56 probably
664 2222 56 28 no
754 2207 192 43 emotion
982 2213 44 37 to
1060 2208 53 42 be
1146 2209 246 55 expressed.
1458 2210 91 43 The
1582 2225 134 29 nerve

49 2282 117 42 force
189 2280 142 43 which
363 2281 94 41 first
490 2279 106 43 calls
630 2280 75 42 the
738 2280 154 55 crying
924 2279 190 43 muscles
1150 2280 95 42 into
1278 2281 159 53 action,
1461 2281 91 45 has,
1573 2283 47 42 in
1655 2284 60 42 all

49 2354 282 55 probability,
354 2352 110 43 been
500 2351 241 43 furnished,
775 2356 79 38 not
892 2351 59 57 by
985 2351 74 43 the
1093 2352 124 42 brain
1251 2356 47 38 at
1329 2352 71 53 all,
1429 2353 81 43 but
1542 2354 60 56 by
1640 2354 74 44 the

51 2426 154 56 Spinal
243 2424 129 52 Cord,
410 2440 59 28 or,
493 2430 44 37 to
570 2425 53 42 be
656 2439 120 28 more
808 2425 179 56 precise,
1015 2425 59 56 by
1107 2424 75 43 the
1216 2425 203 43 Medulla
1455 2427 259 43 Oblongata.

49 2499 125 43 Even
207 2498 352 57 anencephalous
592 2498 212 43 children,
828 2498 38 42 if
893 2498 129 43 alive,
1047 2498 91 42 will
1172 2513 74 28 cry
1270 2504 46 37 at
1343 2499 133 53 birth,
1499 2507 215 50 although

49 2572 106 55 they
177 2584 101 42 may
302 2571 52 42 be
377 2569 226 57 possessed
627 2569 44 43 of
694 2583 56 29 no
775 2575 117 38 trace
916 2570 44 42 of
987 2570 125 42 brain
1135 2575 187 38 texture.
1387 2572 92 43 The
1503 2586 212 42 purposes

48 2645 48 42 of
126 2643 182 42 Nature,
342 2643 46 42 in
427 2642 103 43 thus
566 2641 163 57 calling
767 2642 75 43 the
877 2641 136 43 Vocal
1049 2642 280 43 Mechanism
1364 2644 94 42 into
1491 2644 146 42 action
1668 2658 47 29 so

49 2716 121 44 early
193 2715 45 43 in
261 2716 88 42 life,
373 2729 117 29 seem
523 2714 180 56 capable
726 2715 48 42 of
802 2729 103 42 easy
927 2714 302 57 explanation.
1300 2716 44 42 It
1376 2731 141 28 seems
1547 2717 168 42 certain

49 2788 98 42 that
170 2788 74 42 the
267 2787 224 43 increased
514 2787 287 56 air-pressure
825 2791 82 52 put
930 2801 115 42 upon
1071 2787 75 43 the
1169 2787 131 57 lungs
1323 2788 59 56 by
1406 2788 74 43 the
1509 2789 137 42 strain
1670 2789 49 41 of

50 2860 153 55 crying
235 2864 130 48 must,
387 2859 302 43 immediately
714 2864 114 38 after
860 2858 131 53 birth,
1016 2858 103 56 play
1142 2873 25 28 a
1199 2874 109 42 very
1340 2861 244 55 important
1616 2866 99 50 part

51 2933 45 41 in
131 2932 190 56 opening
354 2946 58 28 up
440 2931 75 43 the
548 2931 64 42 air
649 2931 184 43 vesicles
872 2931 69 43 for
975 2931 76 43 the
1086 2936 208 38 entrance
1327 2933 48 41 of
1404 2933 74 41 air.
1544 2933 63 41 At
1639 2932 74 42 the

49 3019 119 29 same
192 3005 119 42 time,
334 3004 122 43 there
488 3019 81 28 can
603 3004 52 43 be
678 3018 56 28 no
767 3003 140 43 doubt
929 3003 98 43 that
1050 3003 75 44 the
1148 3012 71 35 act
1242 3004 45 43 of
1319 3005 156 56 crying
1497 3004 159 42 affords
1688 3017 26 29 a
