1933 3217
401 245 93 42 204

753 253 213 32 SYNOPSIS
990 253 53 32 OF
1068 253 91 30 THE
1183 253 226 31 SIMIAD.E.

648 227 29 20 T’

451 383 38 37 2.
515 383 92 38 Sub.
643 383 101 36 Fam.
788 383 126 38 SiMiiE
945 395 297 33 PLATYRRHiNi,
1273 383 198 36 Moukeys
1501 381 46 46 of
1568 380 63 37 the
1658 381 105 36 New

511 449 150 37 World.
717 449 172 36 Number
915 450 42 35 of
978 449 102 37 teeth
1109 449 62 37 36.
1228 448 125 37 Molar
1379 448 101 36 teeth
1510 459 45 25 on
1583 446 87 37 each
1690 447 74 36 side

503 516 67 35 six.
627 514 159 37 Nostrils
805 516 183 35 separated
1007 516 48 46 by
1074 527 20 23 a
1112 516 109 35 broad
1248 515 164 35 division.
1468 512 80 37 The
1568 512 64 36 tail
1651 512 86 47 long
1751 524 13 31 ;

504 581 99 36 often
621 582 216 46 prehensile.
904 579 63 37 No
980 580 115 37 cheek
1110 593 157 35 pouches
1287 592 39 24 or
1344 579 203 36 callosities.
1616 577 150 37 Inhabit

504 652 63 30 the
585 659 110 23 warm
715 659 94 35 parts
829 647 40 35 of
892 645 182 38 Southern
1095 646 183 36 America.

675 763 33 36 I.
739 762 344 38 SUB-FAMILY
1115 762 369 39 CATARRHINI.

964 854 235 39 ORANGS.

691 946 137 37 Genus
851 947 19 36 I
950 947 252 48 Troglodites^
1227 946 233 38 Geoffroy.

454 1024 150 38 Muzzle
623 1026 126 45 short;
780 1026 103 36 facial
904 1027 104 47 angle
1029 1027 98 45 50°;
1156 1039 77 24 ears
1255 1026 112 48 large,
1393 1027 70 35 and
1488 1025 101 48 lying
1614 1025 94 36 close
1729 1031 38 29 to

400 1091 63 37 the
482 1091 93 36 head
590 1104 12 33 *,
630 1104 94 24 arms
752 1094 281 46 comparatively
1052 1093 112 44 short,
1178 1092 169 47 reaching
1366 1097 38 31 to
1423 1091 62 36 the
1504 1091 112 36 lower
1634 1097 78 41 part
1731 1091 40 35 of

399 1163 63 31 the
479 1157 119 48 thighs
617 1170 10 32 ;
648 1159 78 44 tail,
746 1157 303 48 cheek-pouches,
1071 1159 71 35 and
1162 1158 192 36 callosities
1389 1158 165 46 wanting.

401 1222 134 37 Plate
558 1223 165 49 I.-f-—1.
745 1223 44 37 T.
812 1236 137 33 nicer.
970 1223 117 37 Black
1100 1237 39 23 or
1150 1223 151 37 Afiican
1317 1221 318 50 Orang.—Geoff.
1649 1221 111 37 Ann.

559 1289 55 36 du
631 1289 115 37 Mus.
770 1290 76 36 xix.
875 1288 48 40 87
941 1302 11 33 ;
970 1290 134 36 Desm.
1128 1290 169 36 Mamm.
1318 1289 62 36 49.
1428 1288 95 37 Hair
1540 1287 120 46 black,
1679 1287 87 47 long

558 1356 72 34 and
658 1368 132 35 shaggy
815 1367 96 36 upon
942 1356 62 36 the
1033 1356 91 36 back
1152 1356 71 35 and
1251 1355 187 36 shoulders
1456 1367 11 33 ;
1494 1354 127 36 height
1640 1354 41 35 of
1703 1353 63 37 the

557 1420 133 45 adults,
714 1421 23 35 5
759 1427 36 30 to
816 1421 21 36 6
859 1422 100 44 feet;
988 1423 41 34 of
1052 1428 62 29 the
1141 1434 120 35 young
1287 1433 84 24 seen
1397 1421 39 35 in
1463 1421 246 35 confinement
1727 1420 39 35 in

561 1486 156 48 Europe,
741 1487 24 36 2
792 1493 37 30 to
859 1487 21 36 3
909 1488 84 35 feet.
1054 1487 166 36 Inhabits
1247 1493 62 30 the
1333 1499 112 25 coasts
1470 1487 40 36 of
1530 1485 147 37 Angola
1695 1486 70 35 and

560 1551 133 48 Congo.

710 1670 138 38 Genus
871 1671 322 47 ll.—Pithecus^
1214 1671 234 38 Geoffroy.

454 1748 147 37 Muzzle
626 1761 100 25 more
756 1749 221 49 lengthened
1003 1751 88 36 than
1123 1751 40 36 in
1191 1750 62 36 the
1280 1749 97 46 last;
1403 1749 104 37 facial
1535 1749 105 36 angle
1667 1749 69 36 65°
1753 1762 11 32 ;

399 1827 122 23 centre
540 1827 112 35 upper
671 1821 139 42 cutting
828 1816 98 36 teeth
944 1816 133 37 double
1096 1817 39 35 in
1151 1816 153 36 breadth
1324 1821 37 31 to
1380 1822 102 30 those
1502 1821 38 31 at
1558 1815 87 37 each
1664 1815 74 37 side
1754 1828 11 32 ;

399 1882 127 34 canine
552 1880 99 36 teeth
671 1881 38 36 in
729 1888 62 30 the
810 1894 121 35 young
947 1888 66 30 not
1031 1883 196 46 exceeding
1246 1888 63 30 the
1335 1881 120 37 others
1481 1883 38 34 in
1545 1880 127 48 length
1691 1893 11 32 ;
1727 1881 38 36 in

399 1952 63 30 the
489 1946 121 36 adults
635 1952 102 30 twice
763 1959 37 24 as
828 1947 98 47 long,
954 1949 161 46 straight,
1142 1948 71 35 and
1242 1960 86 34 very
1348 1953 122 41 strong
1487 1960 11 32 ;
1526 1959 76 24 eare
1628 1946 106 36 small
1753 1959 12 31 ;

400 2024 94 24 arms
513 2011 111 49 long;
645 2013 77 44 tail,
744 2012 303 48 cheek-pouches,
1065 2014 70 34 and
1156 2013 192 37 callosities
1369 2014 169 46 wanting.

401 2076 153 38 Plates
583 2077 56 37 II.
664 2079 71 35 and
756 2077 70 37 II*
902 2078 31 36 1.
967 2078 43 36 P.
1040 2091 192 33 satyrus.
1256 2078 83 37 Red
1358 2091 40 24 or
1415 2078 141 36 Asiatic
1576 2077 123 39 Orang

560 2142 124 49 Geoff.
714 2143 112 37 Ann.
861 2144 55 36 du
943 2144 114 36 Mus.
1091 2157 77 24 xix.
1198 2157 33 36 p.
1263 2144 48 37 33
1328 2157 12 32 ;
1367 2145 135 35 Desm.
1533 2144 169 36 Mamm.
1724 2157 33 34 p.

558 2206 50 40 50
626 2221 13 33 ;
665 2209 133 37 AbeVs
825 2210 178 36 Embass.
1038 2223 34 34 p.
1105 2210 73 36 319
1209 2211 71 35 and
1310 2210 89 37 365.
1456 2209 95 37 Hair
1574 2210 87 46 long
1692 2210 71 35 and

559 2275 143 47 shaggy,
735 2275 144 47 shining
907 2276 144 35 reddish
1087 2277 124 35 brown
1229 2289 10 31 ;
1276 2277 121 36 adults
1427 2288 89 35 very
1544 2288 122 34 strong
1691 2276 71 35 and

557 2341 202 48 powerful;
786 2341 126 47 height
930 2341 94 36 from
1043 2341 22 36 5
1087 2347 37 30 to
1146 2339 21 41 7
1187 2343 73 35 feet
1274 2355 12 32 •,
1305 2355 119 35 young
1442 2354 84 24 seen
1546 2343 37 34 in
1604 2341 158 36 confine-

558 2411 104 33 ment
680 2407 39 36 in
738 2405 143 38 Europe
899 2407 95 36 from
1013 2407 23 37 3
1069 2413 38 30 to
1140 2407 24 36 4
1194 2408 84 36 feet.
1341 2407 165 37 Inhabits
1534 2408 61 36 the
1614 2407 149 36 interior

764 2533 18 39 t
804 2534 100 31 Refer
917 2538 35 29 to
965 2535 107 39 plates
1086 2536 33 31 in
1134 2536 65 31 this
1214 2536 141 31 volume.
