2113 3404
847 183 86 31 THE
968 185 240 33 D1SOUUEKS
1240 188 52 30 OF
1324 187 173 34 SPEECH.

350 167 81 40 100

349 295 73 42 the
453 296 152 44 child's
642 298 146 45 Mimic
821 303 195 56 Heading
1046 306 44 40 of
1122 305 131 42 books
1282 306 85 41 and
1395 317 279 44 newspapers.
1737 303 107 43 This
1877 320 78 30 was

348 364 93 47 first
492 370 170 42 noticed
709 372 56 55 by
818 371 156 59 Preyer
1024 375 157 55 during
1232 376 74 41 the
1358 375 196 41 fifteenth,
1607 375 82 41 and
1743 379 211 40 sixteenth

350 438 184 43 months.
596 440 70 42 He
697 454 111 42 says,
840 446 20 18 "
877 443 89 42 The
999 444 115 42 child
1156 445 109 41 likes
1297 449 43 37 to
1373 444 98 42 take
1513 458 24 27 a
1573 458 249 41 newspaper
1853 458 44 28 or
1935 462 22 27 a

349 506 111 43 book
493 509 44 40 in
576 509 66 42 his
674 510 137 42 hands
847 513 84 40 and
964 513 102 41 hold
1098 514 72 41 the
1201 514 119 54 print
1352 515 142 41 before
1528 513 67 42 his
1629 514 101 49 face,
1761 514 198 57 babbling

346 587 94 40 a-e,
462 575 92 53 a-S,
577 591 93 37 a-e,
695 581 222 56 evidently
938 581 46 43 in
1005 583 217 41 imitation
1245 583 43 41 of
1310 583 73 42 the
1407 583 173 42 reading
1601 583 127 42 aloud
1747 583 135 42 which
1906 585 50 43 he

349 647 76 43 has
457 650 119 41 often
609 651 213 42 observed.
886 652 65 54 By
973 653 148 54 giving
1153 653 72 42 the
1252 653 240 42 command,
1519 680 4 2 -
1538 653 139 42 Read,'
1701 654 35 40 it
1758 667 84 27 was
1863 668 93 42 easy

349 723 43 37 to
413 723 72 51 get
517 720 87 42 this
636 721 291 54 performance
959 721 243 43 repeated."
1266 723 43 41 It
1333 737 85 28 was
1449 723 124 56 again
1595 723 204 42 observed
1822 723 43 41 in
1888 725 68 42 the

350 789 251 43 nineteenth
634 791 163 50 month,
819 791 124 42 when
975 792 73 41 the
1071 792 128 51 child,
1221 793 227 42 spreading
1478 807 25 28 a
1533 807 248 41 newspaper
1812 807 53 27 on
1889 794 67 43 the

347 859 114 50 floor,
493 859 173 42 "read"
695 875 100 27 over
837 862 35 40 it
915 863 62 39 for
1018 876 23 27 a
1072 862 101 54 long
1215 863 103 41 time
1355 863 45 41 in
1442 878 25 26 a
1509 877 280 28 monotonous
1830 864 124 50 voice,

346 926 272 56 e-ja-e-e-ja
651 941 209 30 nanana
891 941 282 32 ana-na-na
1202 932 241 42 atta-ana
1472 932 153 54 aje-ja
1663 944 70 30 sa.
1798 933 43 41 It
1877 947 80 29 was

348 997 104 54 kept
488 1011 59 41 up
584 998 45 40 in
668 999 72 41 the
774 1014 115 26 same
927 1014 177 28 manner
1137 1001 45 40 in
1220 1001 74 41 the
1331 1002 224 41 twentieth
1594 1003 161 41 month.
1817 1003 52 41 In
1887 1004 69 42 the

346 1068 284 53 twenty-first
659 1069 165 51 month,
847 1069 72 42 the
951 1070 176 56 reading
1157 1071 173 41 became
1361 1071 91 41 still
1484 1086 114 28 more
1620 1073 221 54 frequent;
1872 1073 83 51 but,

345 1135 238 56 singularly
635 1138 182 55 enough,
871 1139 71 41 the
989 1140 171 41 sounds,
1207 1140 111 41 from
1365 1140 74 42 the
1491 1141 298 55 eighty-ninth
1841 1143 113 41 week

345 1218 68 38 on,
447 1206 172 43 became
651 1207 211 52 different,
905 1209 72 42 the
1009 1216 258 36 consonants
1309 1211 225 54 becoming
1570 1225 116 28 more
1717 1220 240 46 prominent

345 1275 105 42 than
485 1277 104 55 they
626 1278 85 41 had
752 1278 187 42 hitherto
974 1280 119 41 been.
1181 1280 53 40 In
1277 1279 73 42 the
1391 1280 366 54 twenty-seventh
1799 1282 157 49 month,

344 1346 37 41 it
434 1346 38 44 is
533 1348 130 42 noted
721 1348 94 42 that
876 1349 205 49 babbling
1142 1350 275 48 monologues
1471 1364 71 27 are
1601 1350 220 48 becoming
1876 1350 79 42 less

1054 1387 25 18 o
1313 1387 25 18 o
1796 1387 24 18 o

345 1418 209 41 frequent.

402 1488 53 42 D.
489 1489 432 43 Echolalia.—This
944 1491 168 41 curious
1134 1491 299 55 phenomenon
1455 1504 148 28 seems,
1618 1490 44 41 in
1680 1490 74 42 the
1768 1504 187 41 progress

346 1559 44 39 of
406 1558 312 56 development,
734 1561 224 54 gradually
974 1566 44 36 to
1035 1561 100 41 take
1149 1562 73 40 the
1240 1562 132 53 place,
1389 1565 43 37 to
1450 1575 24 26 a
1491 1560 291 42 considerable
1800 1568 156 43 extent,

345 1629 46 40 of
402 1628 72 42 the
489 1629 204 56 babbling
708 1631 272 54 monologues
995 1632 132 41 above
1141 1631 232 41 described.
1424 1631 88 41 The
1530 1630 116 42 child
1662 1644 96 41 may
1774 1630 123 41 begin
1915 1636 40 35 to

345 1699 183 53 practise
542 1700 35 41 it
594 1714 106 28 even
717 1701 143 41 before
877 1701 53 41 he
948 1701 75 41 has
1041 1701 201 41 acquired
1259 1701 73 41 the
1349 1715 141 40 power
1504 1701 45 41 of
1562 1700 295 55 pronouncing
1873 1715 79 40 any

344 1770 143 40 actual
511 1770 146 52 words,
680 1771 337 54 spontaneously
1043 1785 46 27 or
1110 1776 44 36 at
1176 1771 252 41 command;
1458 1771 74 41 the
1563 1771 328 54 pronunciation
1913 1772 42 39 of

344 1840 138 41 words
506 1841 56 54 by
583 1841 222 41 Echolalia
827 1855 136 27 seems
986 1846 43 36 at
1051 1842 92 41 first
1166 1847 42 36 to
1230 1846 91 37 cost
1342 1841 89 41 him
1456 1841 127 41 much
1605 1841 84 41 less
1711 1840 120 42 effort
1853 1840 99 41 than

343 1909 73 42 the
439 1911 329 53 pronunciation
792 1911 43 41 of
866 1911 135 41 words
1023 1916 44 36 at
1089 1911 251 42 command;
1371 1911 85 41 and
1488 1912 73 41 the
1583 1911 136 41 words
1743 1924 209 41 produced

343 1980 55 55 by
422 1981 221 41 Echolalia
664 1995 81 28 are,
767 1982 46 40 in
833 1981 73 42 the
928 1982 92 41 first
1041 1982 195 41 instance
1258 1985 44 37 at
1323 1981 120 50 least,
1466 1981 213 54 produced
1701 1981 46 40 in
1769 1995 24 27 a
1809 1986 140 48 parrot

343 2051 182 50 fashion,
548 2052 183 41 without
753 2052 72 41 the
848 2052 199 55 slightest
1079 2051 171 42 inkling
1271 2052 44 40 of
1348 2051 112 41 their
1482 2052 212 54 meaning,
1716 2051 83 41 and
1832 2056 119 35 with-

342 2131 76 37 out
440 2141 85 41 any
543 2134 208 48 apparent
768 2128 124 41 effort
909 2142 54 26 on
982 2127 73 42 the
1077 2132 96 49 part
1195 2127 42 41 of
1256 2127 72 41 the
1346 2127 116 41 child
1480 2131 43 37 to
1542 2140 260 28 understand
1827 2126 123 42 them.

343 2197 118 55 They
504 2211 70 28 are
615 2211 115 28 mere
771 2198 414 41 sound-imitations,
1229 2197 84 41 and
1357 2198 65 40 for
1463 2196 73 42 the
1579 2201 112 37 most
1740 2203 97 48 part
1885 2210 66 26 are

342 2268 254 41 repetitions
623 2268 46 41 of
696 2268 74 42 the
800 2267 85 41 last
916 2267 138 41 words
1087 2268 45 40 in
1156 2272 223 36 sentences
1401 2267 96 41 that
1529 2267 73 41 the
1624 2267 115 41 child
1762 2267 74 41 has
1863 2267 87 53 just

343 2337 131 42 heard
511 2338 163 41 spoken
707 2338 46 40 in
790 2338 67 40 his
895 2337 195 54 vicinity.
1153 2337 89 41 The
1275 2337 115 41 child
1422 2351 168 27 repeats
1622 2337 72 41 the
1726 2337 83 41 last
1841 2335 109 42 word

343 2421 125 40 again
490 2406 85 42 and
606 2407 124 56 again
756 2407 323 41 mechanically.
1142 2407 70 41 No
1234 2407 134 41 doubt
1400 2407 86 41 this
1510 2407 263 41 mechanical
1803 2406 146 55 repeti-

342 2478 93 41 tion
471 2477 124 54 plays
632 2491 55 27 an
721 2477 238 54 important
992 2480 110 51 part,
1133 2490 46 28 as
1211 2490 25 28 a
1268 2477 280 54 preliminary
1580 2477 196 41 exercise,
1802 2477 44 39 in
1880 2475 68 41 the

341 2548 304 42 development
686 2547 44 41 of
770 2547 144 42 actual
955 2547 164 53 speech.
1183 2548 89 41 The
1309 2547 139 41 words
1492 2547 90 41 will
1624 2547 241 54 by-and-by
1902 2545 48 41 be

341 2632 215 41 produced
579 2616 292 56 intelligently
896 2616 102 41 with
1023 2616 59 42 all
1106 2617 71 41 the
1198 2621 167 50 greater
1387 2631 106 27 ease,
1515 2617 36 41 if
1570 2617 111 42 their
1701 2629 246 42 pronuncia-

340 2690 93 40 tion
475 2689 76 41 has
594 2687 173 42 already
804 2687 107 41 been
953 2686 213 54 practised
1208 2686 324 55 mechanically.
1596 2687 169 54 Preyer,
1801 2687 43 40 in
1881 2684 68 42 the

341 2758 246 43 fourteenth
620 2757 162 42 month,
805 2757 93 40 first
930 2756 129 41 noted
1090 2756 87 41 this
1200 2756 252 54 parrot-like
1483 2757 227 54 repetition
1729 2771 8 37 ;
1769 2755 71 42 the
1863 2755 86 40 first

339 2829 221 45 examples
582 2829 43 42 of
656 2828 36 42 it
713 2827 129 55 being
863 2827 127 54 given
1013 2826 45 41 in
1081 2827 72 40 the
1185 2826 229 54 repetition
1448 2827 43 40 of
1522 2825 203 42 syllables
1757 2829 94 37 that
1881 2824 68 40 the

338 2901 118 42 child
478 2899 85 43 had
586 2899 45 42 in
657 2897 70 43 the
751 2898 91 40 first
874 2898 194 39 instance
1093 2895 168 42 uttered
1283 2895 46 41 of
1358 2894 66 42 his
1447 2908 96 27 own
1564 2895 159 49 accord,
1747 2894 81 40 and
1861 2896 88 37 that

345 2973 69 42 his
433 2971 151 51 father,
606 2969 160 55 Preyer
787 2965 188 44 himself,
996 2965 83 42 had
1101 2964 292 43 immediately
1417 2972 247 34 afterwards
1689 2959 263 60 pronounced
