2113 3404
809 218 87 32 THE
922 219 243 34 DISORDERS
1197 221 53 33 OF
1281 222 176 34 SPEECH.

309 199 83 43 286

366 331 52 41 In
438 333 87 42 this
543 336 311 54 conversation,
870 338 74 43 the
967 341 295 57 commencing
1283 343 315 56 improvement
1618 346 43 41 in
1686 346 72 43 the
1777 350 143 40 condi-

307 399 90 42 tion
420 401 44 41 of
495 402 74 43 the
599 403 170 55 patient
800 405 36 42 is
864 406 150 42 shown
1037 408 57 55 by
1117 408 75 43 her
1213 410 262 57 recognition
1498 413 43 40 of
1562 412 73 42 the
1659 415 200 55 meaning
1880 417 45 41 of

306 470 73 43 the
422 472 94 42 first
557 475 213 54 question,
801 489 25 28 a
867 478 305 42 conventional
1214 494 103 29 one;
1359 481 85 42 and
1484 483 44 41 in
1561 483 76 42 her
1669 484 127 55 being
1826 485 93 43 able

306 546 43 37 to
372 545 230 54 recognise,
627 545 165 56 though
817 547 102 41 with
944 547 225 57 difficulty,
1190 549 75 43 the
1288 564 124 29 name
1435 552 44 42 of
1501 553 75 42 her
1597 567 76 28 son
1696 553 197 44 Eichard.

364 611 128 43 From
524 613 73 42 the
629 615 201 42 recorded
864 630 117 28 cases
1013 618 45 41 of
1089 619 199 55 auditory
1310 621 188 54 aphasia,
1520 622 36 42 it
1578 622 141 42 would
1740 623 53 43 be
1822 637 99 42 easy

306 686 43 37 to
391 683 208 55 multiply
641 685 220 55 examples
905 687 42 41 of
987 687 396 55 Word-Deafness;
1418 691 80 42 but
1539 706 79 28 one
1653 693 123 42 other
1812 694 110 42 brief

304 752 216 44 reference
556 758 44 37 to
637 769 24 27 a
698 769 94 29 case
829 770 100 42 may
965 757 147 43 suffice
1149 759 64 42 for
1249 761 159 54 special
1448 762 263 43 illustration
1752 764 44 42 of
1837 766 85 42 this

305 829 231 50 symptom.

365 939 116 42 Case
514 938 63 44 II.
611 940 61 54 (A
698 942 171 53 patient
889 942 137 41 under
1047 943 63 41 the
1132 957 91 28 care
1245 945 50 54 of
1317 945 216 55 Meynert,
1553 948 46 41 in
1632 948 194 53 Vienna;
1859 951 63 42 the

303 1024 85 28 case
410 1010 118 55 being
548 1011 191 41 recorded
761 1012 50 55 by
826 1025 73 28 one
919 1012 50 56 of
982 1013 66 42 his
1069 1015 227 42 assistants.
1358 1016 46 41 It
1423 1018 89 40 will
1529 1017 42 42 be
1580 1018 146 55 found
1746 1033 48 30 m
1811 1021 109 42 Mile.

302 1081 172 42 Nadine
496 1081 277 56 Slcwortzoff's
797 1082 218 42 Collection
1043 1084 50 54 of
1120 1084 131 57 Cases,
1276 1085 69 55 Op.
1369 1087 81 51 cit.,
1465 1101 43 41 p.
1535 1088 188 54 88).—A
1744 1104 178 38 woman,

303 1152 106 55 aged
452 1153 65 41 23.
597 1152 138 42 Could
779 1157 76 38 not
890 1153 266 43 understand
1198 1169 108 28 even
1343 1158 303 42 conventional
1687 1161 232 54 questions.

301 1223 61 42 To
387 1223 72 43 the
481 1223 201 56 question
705 1227 20 17 "
740 1224 113 42 How
876 1224 54 42 do
955 1238 87 42 you
1064 1225 53 42 do
1135 1225 50 42 ?"
1208 1226 74 42 she
1304 1227 173 55 replied,
1500 1231 20 17 "
1535 1228 80 55 My
1638 1236 179 50 country
1839 1231 36 43 is
1897 1246 25 28 a

303 1295 214 42 beautiful
548 1294 140 53 one;"
721 1295 84 42 and
828 1295 126 42 when
986 1296 75 42 she
1085 1310 84 28 was
1193 1296 131 43 asked
1353 1302 44 37 to
1429 1303 79 49 put
1539 1304 75 37 out
1645 1299 75 43 her
1750 1305 170 38 tongue,

301 1365 77 43 she
419 1366 235 51 remarked,
697 1367 20 20 "
731 1365 83 55 My
844 1365 176 42 brother
1060 1366 155 52 John,"
1257 1372 102 37 etc.;
1400 1368 85 41 and
1527 1375 74 49 yet
1641 1369 75 43 she
1757 1371 162 42 replied

300 1437 296 55 intelligently
619 1444 43 34 to
696 1436 222 55 questions
952 1437 37 40 if
1019 1436 104 56 they
1154 1451 111 29 were
1299 1439 305 55 accompanied
1638 1440 56 56 by
1727 1446 192 50 gestures

302 1512 94 37 that
418 1506 180 43 enabled
621 1506 75 42 her
719 1513 43 34 to
784 1506 267 42 understand
1073 1507 132 42 them.

361 1637 35 41 2.
430 1637 254 41 Reception
716 1647 91 30 and
850 1636 388 41 Interpretation
1271 1647 52 31 of
1353 1637 172 42 Words
1558 1639 245 41 seen.—As
1844 1639 74 42 the

302 1708 200 54 auditory
529 1707 293 50 word-centre,
840 1707 52 51 A,
907 1706 84 42 and
1014 1706 73 43 the
1111 1706 140 42 visual
1269 1707 114 42 word
1402 1713 155 45 centre,
1576 1709 44 41 C,
1637 1709 55 41 lie
1709 1709 42 41 in
1772 1709 144 55 juxta-

301 1778 199 56 position,
524 1778 104 42 they
660 1792 70 27 are
763 1791 102 41 very
895 1782 75 50 apt
1001 1782 43 37 to
1076 1777 53 42 be
1159 1777 205 42 involved
1394 1779 195 41 together
1619 1779 45 40 in
1697 1779 73 42 the
1802 1793 114 28 same

300 1850 161 41 lesion;
483 1850 73 41 the
573 1849 169 55 patient
761 1848 127 42 being
911 1848 104 41 then
1034 1847 208 42 rendered
1265 1848 259 42 word-blind
1547 1863 44 28 as
1609 1849 97 41 well
1724 1863 44 27 as
1784 1850 131 40 word-

300 1921 106 41 deaf.
471 1921 89 40 But
590 1920 46 40 in
669 1933 116 28 some
819 1932 116 28 cases
967 1919 73 40 the
1063 1918 140 42 visual
1225 1918 282 43 word-centre
1544 1919 32 42 C
1610 1919 37 42 is
1668 1919 80 42 left
1769 1920 146 51 intact,

300 1990 165 43 though
483 1990 74 42 the
574 1989 199 42 auditory
792 2002 283 29 word-centre
1092 1987 43 42 A
1165 1988 38 42 is
1221 1988 235 42 destroyed.
1519 1989 53 41 In
1595 1989 120 42 these
1737 2003 179 28 circum-

300 2068 181 36 stances,
502 2074 81 29 can
614 2061 74 41 the
721 2064 169 50 patient
921 2059 100 41 read
1045 2059 154 41 visible
1222 2059 138 42 words
1377 2061 14 39 ?
1453 2059 129 55 Upon
1605 2059 86 42 this
1717 2060 198 54 question

299 2133 121 42 there
452 2132 36 42 is
521 2132 230 41 difference
783 2131 43 41 of
858 2130 187 42 opinion.
1111 2129 43 41 It
1185 2133 118 38 must
1333 2129 53 42 be
1417 2130 289 42 remembered
1737 2131 106 52 that,
1870 2132 43 41 in

299 2203 73 43 the
395 2203 203 41 ordinary
617 2201 221 43 condition
856 2201 43 41 of
921 2200 158 55 things,
1098 2200 73 42 the
1193 2199 141 42 visual
1356 2204 144 38 centre
1525 2201 32 41 C
1580 2201 35 41 is
1637 2205 75 37 not
1734 2201 180 55 directly

298 2273 236 44 connected
559 2277 105 36 with
699 2272 71 41 the
798 2271 209 42 meaning.
1071 2271 65 41 Its
1163 2270 240 42 connexion
1426 2270 103 42 with
1553 2271 73 42 the
1657 2272 201 56 meaning
1878 2273 37 42 is

299 2357 103 41 only
423 2343 195 51 indirect,
639 2340 187 43 through
849 2339 43 42 A
924 2340 85 42 and
1041 2341 46 41 B.
1151 2340 238 49 Therefore,
1411 2339 123 42 when
1556 2340 43 41 A
1620 2340 36 42 is
1678 2341 237 42 destroyed,

299 2429 80 28 one
397 2415 45 41 of
460 2413 75 41 the
553 2418 85 36 two
656 2412 117 41 links
792 2410 257 43 connecting
1068 2411 32 41 C
1121 2410 103 41 with
1244 2410 73 41 the
1336 2410 199 55 meaning
1550 2410 36 41 is
1603 2410 172 43 broken.
1828 2412 87 41 But

299 2485 120 41 there
451 2483 187 42 remains
671 2482 74 41 the
778 2481 123 42 other
931 2480 108 51 link,
1062 2481 61 51 B;
1155 2479 84 42 and
1262 2480 72 41 the
1367 2480 200 54 question
1596 2480 77 42 has
1704 2486 75 50 yet
1800 2486 43 37 to
1863 2482 51 41 be

298 2555 224 43 definitely
545 2552 178 43 decided
753 2551 98 42 how
873 2552 76 51 far,
971 2551 46 42 in
1051 2551 72 41 the
1154 2550 182 42 absence
1368 2551 44 41 of
1441 2550 53 52 A,
1516 2550 73 43 the
1618 2550 140 43 visual
1779 2552 134 41 word-

298 2628 150 54 image,
470 2623 176 44 revived
679 2627 45 37 at
756 2622 45 43 C,
824 2636 78 28 can
937 2622 82 42 call
1052 2635 57 41 up
1142 2620 74 42 the
1247 2621 211 55 meaning,
1481 2621 55 55 by
1559 2621 144 56 acting
1727 2635 115 41 upon
1865 2621 45 43 B.

297 2693 267 46 Lichtheim1
587 2693 84 42 and
705 2691 262 44 Wernicke2
994 2691 127 42 think
1154 2694 96 38 that
1279 2690 36 42 it
1346 2695 158 37 cannot
1535 2690 53 43 do
1620 2705 57 28 so,
1699 2691 85 42 and
1816 2691 95 42 that

297 2769 74 42 the
402 2765 267 44 destruction
701 2763 45 42 of
776 2762 42 43 A
849 2761 259 44 necessarily
1130 2775 147 29 causes
1309 2761 73 43 the
1414 2761 170 55 patient
1615 2766 44 38 to
1681 2762 52 42 be
1755 2761 155 43 unable

297 2849 42 33 to
357 2835 265 46 understand
642 2833 155 44 visible
811 2847 46 29 as
872 2833 97 42 well
986 2846 45 28 as
1046 2831 171 43 audible
1232 2831 166 56 speech.
1445 2832 117 55 They
1579 2832 110 52 hold,
1704 2832 206 51 however,

527 2959 12 23 1
565 2957 129 37 Brain,
713 2955 81 37 Jun.
818 2957 102 43 1885,
940 2966 32 36 p.
994 2955 79 35 439.

525 3019 14 22 2
564 3016 177 38 Fortschr.
761 3016 60 35 der
838 3014 107 36 Med.,
964 3013 40 36 ii.
1029 3015 102 42 1885,
1158 3023 34 37 p.
1214 3014 78 34 828.
1345 3012 69 37 See
1430 3010 58 37 his
1506 3011 173 37 diagram.
