2125 3524
839 291 86 33 THE
963 292 237 36 DISOUDERS
1234 295 51 33 OF
1318 297 175 35 SPEECIf.

357 282 54 39 18

831 448 207 56 Analysis
1068 450 50 54 of
1142 451 64 41 the
1236 450 273 45 Phenomena.

417 556 182 56 Passing
621 571 97 28 now
740 561 44 38 to
807 557 73 43 the
902 572 115 28 more
1040 558 188 42 detailed
1253 560 190 54 analysis
1474 562 44 40 of
1549 562 72 42 the
1644 564 267 54 phenomena
1932 568 45 40 of

359 627 283 54 stammering
663 640 46 28 as
742 626 222 43 exhibited
995 627 45 41 in
1064 627 73 42 the
1168 628 137 42 Vocal
1336 629 86 42 and
1454 629 102 43 Oral
1588 631 301 53 Mechanisms,
1911 649 62 28 we

358 709 101 40 may
482 695 128 55 begin
633 694 106 44 with
762 695 74 42 the
862 695 131 43 Vocal
1015 696 283 52 Mechanism,
1321 699 141 42 whose
1485 706 114 36 want
1621 702 45 40 of
1685 710 290 48 promptitude

359 765 39 42 is
422 765 73 42 the
518 766 192 54 primary
732 779 127 28 cause
881 766 46 41 of
947 766 71 41 the
1040 766 224 43 difficulty.

419 837 44 40 It
484 836 157 42 should
659 836 52 41 be
733 835 261 42 understood
1017 836 96 41 that
1135 836 153 42 within
1314 838 72 42 the
1409 843 108 37 term
1539 840 134 42 Vocal
1704 841 269 44 Mechanism

359 905 37 41 is
419 911 44 36 to
485 905 53 43 be
561 905 205 42 included
789 911 76 35 not
888 905 160 55 merely
1070 906 73 41 the
1166 907 184 53 Larynx,
1374 909 138 41 which
1542 911 36 40 is
1610 911 73 41 the
1714 913 262 41 instrument

359 975 46 41 of
446 975 131 49 voice,
609 975 81 41 but
720 974 89 41 also
833 974 74 41 the
931 974 143 55 Lungs
1106 975 85 41 and
1223 976 190 42 Muscles
1446 979 46 39 of
1526 979 283 54 Respiration,
1836 982 139 40 which

360 1044 160 55 supply
542 1045 74 41 the
634 1044 154 41 larynx
812 1044 105 41 with
939 1044 74 41 the
1035 1058 224 42 necessary
1281 1046 114 42 blast
1415 1048 44 40 of
1480 1048 72 42 air.

417 1115 53 41 A.
502 1115 150 41 Faults
683 1116 49 39 in
765 1114 65 41 the
873 1114 125 41 Vocal
1029 1114 270 52 Mechanism,
1331 1116 83 42 due
1446 1121 44 37 to
1522 1118 226 55 imperfect
1779 1119 196 43 innerva-

361 1186 104 41 tion.

421 1259 37 39 1.
492 1255 138 42 Want
671 1255 47 41 of
756 1254 302 55 Promptitude
1100 1254 46 41 in
1183 1255 75 41 the
1299 1256 157 54 supply
1490 1257 46 41 of
1564 1258 116 42 voice
1713 1258 155 56 during
1905 1260 72 42 the

360 1326 335 56 pronunciation
718 1326 44 41 of
784 1325 73 41 the
889 1324 145 41 initial
1057 1324 192 42 syllable.

419 1398 90 41 The
530 1397 121 42 voice
673 1396 91 55 lags
787 1395 173 51 behind,
982 1394 85 42 and
1089 1395 73 41 the
1185 1395 191 56 energies
1402 1410 71 28 are
1495 1397 273 42 misdirected
1791 1398 91 42 into
1905 1398 73 42 the

360 1468 91 41 oral
470 1467 278 42 mechanism,
771 1480 45 27 as
839 1465 173 54 already
1035 1465 240 54 explained.
1338 1465 254 43 Sometimes
1615 1467 85 42 this
1722 1468 37 41 is
1781 1467 73 43 the
1876 1469 103 54 only

362 1538 114 42 fault
506 1539 45 40 in
584 1538 74 41 the
690 1537 122 41 vocal
843 1535 267 42 mechanism
1129 1550 9 37 ;
1170 1535 73 42 the
1274 1535 172 55 lagging
1477 1537 118 42 voice
1627 1537 141 56 being,
1795 1538 46 41 in
1872 1539 107 41 such

366 1622 132 36 cases,
521 1621 148 41 strong
691 1606 168 42 enough
883 1606 44 40 in
952 1611 112 44 tone,
1085 1605 124 41 when
1232 1605 35 41 it
1290 1606 34 40 is
1346 1606 226 54 produced.

421 1679 37 40 2.
491 1678 90 41 The
604 1677 118 41 voice
746 1690 98 28 may
871 1676 51 41 be
944 1679 78 37 not
1043 1675 102 55 only
1167 1675 183 55 lagging,
1373 1676 77 41 but
1472 1676 89 42 also
1585 1677 136 42 feeble
1743 1677 44 41 in
1810 1679 169 55 quality

359 1747 136 42 —the
516 1748 114 40 Leise
651 1746 181 42 Sprache
854 1746 47 40 of
930 1745 74 41 the
1027 1744 220 42 Germans.
1310 1745 44 41 It
1375 1746 36 40 is
1432 1745 81 41 low
1537 1746 85 41 and
1644 1747 135 42 feeble
1804 1748 176 42 because

361 1818 74 42 the
458 1817 181 42 speaker
660 1823 119 35 often
801 1815 191 42 neglects
1014 1820 43 35 to
1080 1814 62 41 fill
1164 1815 66 41 his
1252 1814 126 56 lungs
1402 1815 104 41 with
1527 1816 75 52 air,
1619 1817 85 41 and
1724 1817 37 42 is
1778 1824 202 49 attempt-

363 1890 75 40 ing
459 1893 45 37 to
527 1888 133 41 speak
684 1888 109 40 from
816 1901 24 26 a
862 1885 93 42 half
976 1889 150 50 empty
1147 1889 130 38 chest.

424 1960 36 39 3.
494 1958 136 41 There
653 1957 35 41 is
711 1957 120 41 often
854 1970 23 26 a
900 1954 178 42 marked
1101 1968 122 28 sense
1245 1955 46 40 of
1310 1955 161 55 fatigue
1500 1955 45 42 in
1577 1956 74 42 the
1682 1956 121 42 walls
1835 1957 46 41 of
1909 1957 72 42 the

367 2027 122 42 chest
520 2034 111 34 after
663 2026 74 41 the
768 2026 123 41 effort
923 2025 46 41 of
998 2024 219 55 speaking,
1239 2024 83 42 due
1355 2031 42 35 to
1430 2025 73 41 the
1525 2025 219 42 condition
1766 2027 45 40 of
1839 2026 144 42 things

365 2103 97 36 that
484 2096 78 41 has
579 2096 95 54 just
697 2096 106 40 been
826 2094 240 42 explained.

422 2167 39 42 4.
494 2167 172 41 During
698 2165 73 42 the
804 2164 212 56 struggles
1057 2164 47 42 of
1140 2163 74 43 the
1246 2168 262 48 stammerer,
1541 2165 73 42 the
1645 2165 118 42 voice
1794 2178 111 41 may,
1937 2166 44 40 in

364 2251 118 28 some
505 2250 128 36 cases,
657 2234 212 43 suddenly
894 2234 132 41 break
1049 2234 108 41 from
1181 2234 56 41 its
1261 2234 164 41 normal
1449 2235 191 41 baritone
1662 2249 46 27 or
1728 2235 96 41 bass
1845 2235 91 40 into
1958 2248 24 27 a

363 2307 154 55 piping
538 2306 205 41 Falsetto,
765 2303 73 42 the
860 2304 125 41 effect
1016 2303 44 41 of
1091 2303 140 41 which
1264 2303 36 42 is
1333 2304 246 41 sometimes
1609 2317 106 40 very
1744 2308 235 49 grotesque.

366 2378 103 40 This
494 2389 86 28 was
602 2373 281 56 particularly
905 2372 177 41 marked
1103 2372 45 41 in
1171 2386 80 28 one
1273 2373 43 40 of
1339 2386 73 41 my
1433 2386 95 27 own
1552 2385 127 28 cases.

424 2448 40 41 5.
495 2447 136 40 There
660 2458 100 27 may
785 2445 50 40 be
865 2443 243 41 Drawback
1138 2443 252 41 Phonation.
1453 2442 101 42 This
1576 2442 36 42 is
1634 2442 73 41 the
1729 2449 253 47 production

366 2518 45 42 of
437 2516 154 56 speecli
615 2515 157 53 during
792 2519 264 49 inspiratory
1079 2513 150 41 effort;
1258 2513 73 41 the
1354 2512 120 41 vocal
1497 2512 119 42 cords
1639 2512 127 54 being
1786 2513 196 54 approxi-

366 2588 158 41 mated,
547 2586 85 41 and
663 2585 125 41 made
820 2589 43 36 to
898 2584 177 48 vibrate,
1097 2583 125 41 when
1253 2583 64 41 air
1348 2582 35 42 is
1405 2583 128 54 being
1554 2583 146 40 drawn
1723 2583 43 40 in
1791 2583 191 42 between

366 2659 131 40 them.
562 2657 44 40 It
636 2656 36 40 is
704 2669 24 26 a
760 2666 196 29 common
989 2653 297 54 phenomenon
1311 2666 155 41 among
1487 2658 279 37 stammerers.
1829 2653 22 41 I
1874 2653 107 42 have

367 2733 124 36 notes
508 2727 46 41 of
572 2739 80 27 one
669 2723 186 43 striking
873 2736 94 28 case
985 2722 44 41 in
1047 2722 138 41 which
1203 2722 34 41 it
1253 2723 202 41 formerly
1470 2722 166 42 existed
1654 2723 117 41 with,
1785 2723 83 40 and
1886 2736 95 27 now

367 2799 135 41 exists
524 2811 73 40 "per
611 2809 38 27 se
665 2808 46 28 as
729 2793 71 41 the
820 2792 286 41 troublesome
1127 2796 200 37 remnant
1344 2793 53 51 of,
1414 2806 25 27 a
1460 2806 145 28 severe
1622 2798 203 36 stammer
1846 2792 45 41 of
1909 2792 72 41 the

365 2869 200 53 ordinary
591 2875 111 45 type.
755 2863 89 41 The
867 2862 168 55 patient
1057 2861 172 42 himself
1246 2876 104 40 gave
1373 2876 22 27 a
1419 2876 101 28 very
1543 2862 177 42 distinct
1741 2866 180 37 account
1937 2861 44 41 of

363 2940 75 42 the
462 2936 302 43 development
786 2934 45 41 of
861 2933 72 41 the
955 2932 241 41 Drawback
1219 2932 241 42 Phonation
1482 2933 45 41 in
1559 2932 73 42 the
1664 2946 144 28 course
1839 2931 46 42 of
1913 2931 65 41 his

364 3023 106 29 case.
523 3007 71 42 He
611 3005 82 42 had
709 3002 259 45 stammered
987 3002 43 41 in
1051 3001 71 42 the
1140 3001 123 42 usual
1283 3016 177 28 manner
1476 3016 56 41 up
1552 3009 41 34 to
1609 3002 71 41 the
1700 3016 74 41 age
1791 3001 46 41 of
1849 3006 129 36 about

362 3081 174 42 fifteen;
567 3077 79 42 but
669 3079 44 39 at
735 3077 95 40 that
854 3073 145 56 period
1022 3073 46 41 of
1089 3072 72 42 life
1185 3071 51 43 he
1261 3072 132 55 began
1419 3076 43 38 to
1487 3072 122 42 make
1631 3078 117 49 great
1769 3071 142 42 efforts
1935 3075 41 37 to
