2113 3404
952 271 87 31 THIS
1070 272 242 32 DISORDERS
1344 273 53 31 OF
1428 273 174 32 SPEECH.

455 256 83 41 242

455 385 259 59 that:—(1.)
744 389 159 43 Words
935 405 100 42 may
1057 391 174 44 become
1258 391 192 43 changed
1473 393 45 41 in
1549 393 200 56 meaning
1769 394 57 56 by
1848 396 221 55 acquiring

453 471 25 28 a
500 458 288 56 signification
809 475 213 29 narrower
1043 462 106 43 than
1174 466 94 39 that
1290 462 142 42 which
1462 462 102 55 they
1587 463 228 56 originally
1838 466 233 53 possessed.

454 528 130 52 Thus,
630 535 44 37 to
726 531 100 43 take
878 545 80 29 one
1010 533 46 41 of
1103 533 68 42 his
1222 533 232 55 examples,
1501 533 74 42 the
1627 534 114 41 word
1788 535 87 53 girl
1927 542 143 35 meant

454 599 230 57 originally
707 615 24 28 a
752 615 146 42 young
925 616 156 41 person
1113 603 46 41 of
1187 603 139 42 either
1357 617 86 28 sex,
1465 603 79 42 but
1574 603 36 43 is
1643 617 95 28 now
1773 605 218 42 narrowed
2025 610 44 38 to

455 669 95 42 half
567 671 97 42 that
687 671 136 42 width
846 673 43 41 of
911 673 298 54 signification.
1262 674 78 54 (2.)
1367 672 158 43 Words
1547 688 98 41 may
1660 674 223 55 gradually
1899 676 169 41 acquire

454 753 25 29 a
510 742 202 55 meaning
742 742 130 42 much
903 743 131 41 wider
1065 743 85 41 and
1182 757 116 29 more
1328 743 173 55 general
1534 743 105 42 than
1670 744 96 41 that
1797 744 139 42 which
1967 745 102 56 they

454 811 229 55 originally
707 812 231 54 possessed.
1002 813 128 52 Thus,
1152 813 177 42 bombast
1351 814 227 55 originally
1602 819 145 37 meant
1768 815 72 42 the
1871 815 124 43 down
2026 817 45 41 of

454 882 74 41 the
551 887 146 36 cotton
721 881 148 55 plant;
890 883 106 41 then
1019 883 35 41 it
1072 884 172 41 became
1264 883 72 42 the
1357 884 199 41 wadding
1574 884 105 41 with
1699 884 137 42 which
1854 892 215 48 garments

455 965 108 28 were
585 951 159 42 stuffed
766 957 76 36 out
864 952 84 41 and
971 952 131 51 lined,
1123 953 86 41 and
1231 953 44 41 in
1299 953 87 42 this
1408 967 122 28 sense
1558 954 37 41 it
1625 954 36 41 is
1694 954 104 42 used
1830 955 56 54 by
1909 955 160 43 Shake-

453 1035 147 42 speare
617 1037 8 36 ;
657 1022 96 51 and,
769 1022 175 55 thirdly,
968 1025 20 19 "
1005 1023 196 42 bombast
1219 1037 85 28 was
1326 1023 259 42 transferred
1606 1023 45 41 in
1674 1037 25 28 a
1722 1024 194 55 vigorous
1934 1026 135 42 image

453 1098 43 35 to
519 1092 74 41 the
616 1092 72 55 big
711 1092 137 42 words
877 1093 185 42 without
1093 1094 202 41 meaning
1327 1108 46 27 or
1404 1093 176 43 solidity
1602 1094 246 42 wherewith
1881 1096 73 41 the
1985 1096 84 41 dis-

453 1176 170 28 courses
646 1162 45 42 of
713 1177 117 28 some
855 1177 110 29 were
988 1164 157 42 stuffed
1169 1169 87 36 out,
1287 1163 85 42 and
1405 1164 150 42 knows
1586 1169 45 37 at
1661 1170 174 49 present
1866 1179 53 27 no
1951 1166 120 42 other

450 1234 204 55 meaning
689 1234 80 42 but
805 1234 123 43 this."
1005 1234 79 56 (3.)
1114 1234 169 42 Words,
1320 1234 102 42 thus
1461 1234 158 56 sliding
1656 1248 121 28 away
1814 1235 108 41 from
1958 1237 112 41 their

452 1304 181 55 original
658 1305 214 55 meaning,
889 1319 99 41 may
1006 1310 45 37 at
1072 1305 85 42 last
1178 1304 171 42 acquire
1372 1318 25 28 a
1418 1305 199 55 meaning
1641 1306 219 53 altogether
1880 1306 190 54 different

452 1374 111 41 from
585 1374 74 41 the
683 1374 183 55 original
890 1388 91 28 one.
1043 1374 118 42 Thus
1184 1388 23 28 a
1230 1379 181 37 country
1434 1374 87 41 serf
1549 1388 46 27 or
1616 1380 179 49 peasant
1817 1388 84 28 was
1924 1381 44 35 at
1990 1389 79 28 one

451 1444 106 42 time
575 1444 143 43 styled
741 1458 23 28 a
785 1445 158 41 villain
964 1444 181 43 because
1167 1445 53 41 he
1254 1457 86 29 was
1372 1443 201 43 attached
1605 1450 43 35 to
1681 1457 24 28 a
1736 1443 105 42 villa
1872 1458 46 28 or
1949 1445 120 43 farm.

450 1515 226 55 Secondly,
692 1515 74 42 the
786 1515 114 42 word
922 1529 118 28 came
1063 1519 44 37 to
1132 1529 124 27 mean
1279 1529 24 27 a
1326 1514 85 42 serf
1433 1528 45 27 or
1499 1520 180 49 peasant
1702 1514 94 41 who
1822 1529 84 27 was
1928 1520 45 36 at
1995 1515 72 42 the

450 1600 117 28 same
590 1586 105 41 time
717 1600 25 27 a
763 1586 83 41 bad
868 1592 228 35 character.
1160 1585 193 55 Thirdly,
1371 1599 85 40 any
1473 1584 258 55 thoroughly
1750 1584 83 42 bad
1855 1590 215 37 character

450 1671 120 27 came
591 1660 45 38 to
658 1656 52 42 be
732 1656 143 56 styled
898 1671 23 27 a
942 1657 166 49 villain,
1132 1656 164 41 though
1318 1656 54 41 he
1404 1655 139 55 might
1573 1659 77 37 not
1680 1655 52 42 be
1763 1669 24 27 a
1818 1661 178 49 peasant
2026 1662 45 36 at

449 1727 68 42 all.
581 1728 84 41 For
706 1727 168 42 further
916 1727 300 42 illustrations,
1258 1727 22 40 I
1325 1729 115 38 must
1477 1726 108 41 refer
1621 1726 74 42 the
1728 1726 147 42 reader
1911 1731 44 37 to
1995 1727 73 42 the

449 1798 259 42 interesting
731 1798 118 41 work
874 1798 109 41 from
1007 1798 141 40 which
1171 1796 73 42 the
1268 1796 133 42 above
1424 1809 70 28 are
1517 1795 140 42 taken.

507 1869 90 41 But
618 1869 121 41 there
763 1869 35 41 is
821 1882 24 28 a
866 1868 130 42 lower
1018 1868 133 41 depth
1175 1872 43 37 to
1243 1866 140 42 which
1405 1866 209 55 language
1636 1880 99 42 may
1750 1866 108 43 sink.
1912 1867 156 42 Words

449 1939 85 42 and
557 1939 188 55 phrases,
766 1939 140 55 losing
939 1938 184 43 entirely
1147 1938 113 42 their
1291 1937 177 42 definite
1500 1937 235 55 meanings,
1757 1951 97 42 may
1878 1951 117 29 come
2027 1943 43 37 at

448 2011 85 41 last
555 2015 44 37 to
622 2011 52 41 be
698 2011 105 42 used
825 2024 45 28 as
894 2024 106 28 mere
1020 2010 153 42 sounds
1195 2013 43 37 to
1260 2008 97 55 give
1379 2022 55 27 an
1456 2007 215 55 emphasis
1701 2013 42 36 to
1776 2008 167 55 speech,
1965 2008 104 43 such

449 2096 46 28 as
518 2082 140 56 might
680 2082 227 41 otherwise
930 2082 51 41 be
1003 2094 129 42 given
1154 2080 58 41 by
1231 2093 111 27 mere
1360 2077 202 43 loudness
1580 2080 46 39 of
1644 2082 122 48 tone;
1788 2092 46 27 or
1851 2078 103 55 they
1970 2093 98 41 may

449 2168 121 28 come
593 2158 44 38 to
666 2153 53 42 be
751 2153 106 42 used
889 2166 45 29 as
967 2166 115 28 mere
1114 2149 234 44 emotional
1378 2163 47 27 or
1456 2148 303 42 conventional
1791 2149 279 50 expressions,

451 2225 143 42 whose
617 2225 202 42 meaning
842 2224 35 41 is
900 2222 229 43 contained
1151 2236 46 27 as
1220 2220 128 42 much
1371 2220 46 41 in
1439 2219 72 42 the
1534 2223 100 38 tone
1657 2219 45 41 of
1722 2219 70 41 the
1815 2219 119 42 voice
1957 2233 45 28 as
2023 2219 46 41 in

451 2296 72 41 the
540 2296 137 41 words
695 2308 238 41 employed.
983 2292 219 43 Swearing
1215 2291 96 41 best
1328 2289 189 43 exhibits
1534 2288 105 42 both
1656 2289 44 41 of
1722 2288 120 42 these
1860 2288 209 55 degraded

450 2380 99 28 uses
571 2366 44 41 of
638 2379 150 28 words.
850 2363 186 42 Nobody
1059 2363 77 40 has
1159 2363 139 40 better
1320 2359 164 43 treated
1506 2360 46 40 of
1571 2359 118 41 these
1712 2359 295 54 degradations
2028 2359 44 41 of

453 2450 138 28 words
633 2436 93 41 into
769 2449 116 27 mere
926 2432 305 44 conventional
1269 2431 85 41 and
1396 2428 231 44 emotional
1665 2429 269 54 expressions
1966 2429 103 41 than

451 2508 66 42 Dr
550 2504 477 58 Hughlings-Jackson.
1103 2503 54 41 In
1189 2500 259 44 concluding
1478 2514 55 28 an
1565 2499 214 42 excelleut
1809 2499 187 55 analysis
2028 2500 46 40 of

453 2591 198 30 common
674 2589 221 42 swearing,
915 2574 53 42 he
991 2571 366 57 says,—"Vulgar
1378 2584 152 41 people
1552 2569 136 42 insert
1709 2583 53 28 an
1786 2569 100 41 oath
1908 2574 68 36 'at
1996 2568 74 43 the

452 2662 157 43 proper
629 2646 208 42 intervals
860 2645 43 41 of
934 2644 112 42 their
1072 2640 178 44 speech'
1282 2655 45 27 as
1359 2655 24 27 a
1415 2645 88 37 sort
1534 2641 46 40 of
1610 2640 252 54 detonating
1895 2653 175 37 comma,

454 2719 85 42 and
563 2718 100 42 thus
690 2717 103 42 they
815 2728 157 29 render
1004 2712 190 43 forcible,
1216 2716 255 37 statements
1506 2709 138 42 which
1678 2709 138 56 might
1846 2709 224 42 otherwise

455 2790 135 42 strike
614 2788 112 42 their
749 2787 170 41 hearers
942 2798 45 28 as
1009 2780 405 57 common-place."1

646 2922 11 23 1
683 2921 111 39 Lond.
815 2920 110 36 Hosp.
947 2918 95 37 Clin.
1062 2917 90 36 Lect.
1170 2915 74 37 and
1262 2915 154 49 Reports,
1434 2913 70 38 vol.
1525 2914 38 47 i.,
1586 2916 100 43 1864,
1705 2925 90 27 page
1812 2916 79 33 453.
