1933 3302
1649 177 74 37 105

444 184 210 33 Historische
677 182 209 31 Uebersicht.
932 179 240 40 Hippokrates,
1196 178 207 31 Paracelsus.

129 295 64 36 xal
223 293 183 51 [lu^toSssc
434 304 68 25 Ttöv
534 290 209 38 ar,7rs36v(ov
773 303 37 23 n.
833 301 29 25 s.
885 301 45 23 w.
977 284 226 39 Praedictor
1234 284 44 38 L.
1302 285 34 37 1.
1369 285 116 49 caput
1514 283 62 37 21.
1609 296 55 24 nr.
1688 284 35 36 3.

130 348 98 38 nach
257 348 36 38 J.
326 347 272 45 Thomson).

258 401 91 38 Man
378 400 67 38 hat
474 411 300 37 angenommen,
814 396 86 37 dass
931 391 99 41 auch
1060 389 147 40 Galen
1236 404 49 24 an
1315 391 73 38 den
1418 390 308 50 Hospitalbrand

131 455 167 51 gedacht
326 454 99 37 habe
459 453 62 37 bei
557 452 87 36 dem
679 451 162 37 Passus:
905 459 152 35 ,Wenn
1092 444 169 38 nämlich
1299 444 61 38 ein
1401 443 212 39 Geschwür
1651 457 75 25 von

132 510 154 38 einigen
316 508 55 38 als
402 506 121 38 faulig
562 505 77 37 und
677 502 225 40 abfressend
944 498 229 53 [eigentlich
1203 511 226 24 abweidend
1461 495 264 52 (depascens)]

131 562 225 39 bezeichnet
385 561 107 37 wird,
523 572 41 24 so
580 559 51 38 ist
660 559 67 37 das
756 557 89 39 kein
877 552 389 42 charakteristischer
1295 550 259 40 Unterschied
1575 552 63 37 für
1659 552 68 37 das

132 615 230 39 Geschwür,
402 626 163 26 sondern
596 612 84 38 eine
710 608 352 41 Krankheitsform,
1094 605 145 38 welche
1275 618 68 24 aus
1374 605 67 37 der
1469 605 258 51 Verbindung

132 683 103 25 eines
266 668 252 39 Geschwüres
552 665 71 37 mit
664 665 125 38 einem
819 663 360 39 Fäulnissprocesse
1219 658 183 38 entsteht.
1462 658 88 38 Wir
1587 672 140 25 wissen

131 736 109 25 aber,
283 723 85 37 dass
397 720 129 38 solche
556 718 379 50 Faulungsprocesse
974 714 98 40 auch
1107 726 98 26 ohne
1247 711 234 39 Geschwüre
1525 726 99 36 ganz
1665 712 63 38 für

130 776 81 38 sich
248 789 47 24 an
333 786 187 26 manchen
548 772 300 39 Körpertheilen
879 769 238 40 entstehen."
1180 766 243 50 (Aphorismi
1469 765 259 50 Hippokratis

132 829 146 39 Graece
310 830 38 35 et
376 827 156 38 Latiue;
572 840 76 24 una
682 839 85 26 cum
805 824 157 39 Galenis
998 821 284 40 commentariis
1317 820 213 49 interprete
1566 819 162 38 Nicoiao

130 882 218 38 Leoniceno
376 880 232 38 Vincentino
642 880 113 37 1542.
814 879 74 37 Die
917 877 301 39 Uebersetzung
1247 875 66 37 des
1351 873 142 38 Passus
1531 874 197 37 verdanke

129 936 61 37 ich
221 935 129 37 Herrn
382 934 199 38 Professor
612 932 293 40 Schambach
934 932 40 37 in
1003 926 254 52 Altenburg.)

258 988 290 38 Blackadder
576 988 84 38 hält
689 1001 39 25 es
755 986 100 39 nach
893 998 132 26 seinen
1057 982 258 39 historischen
1353 981 281 50 Forschungen
1666 980 64 38 für

130 1042 338 39 wahrscheinlich,
513 1043 86 37 dass
651 1042 59 37 die
760 1043 104 35 alten
907 1036 299 41 Schriftsteller:
1264 1035 214 47 Aetius,
1518 1034 210 47 Paulus,

130 1096 191 38 Roland
332 1110 73 32 US,
453 1095 251 39 Avicenna
750 1095 39 37 in
836 1094 110 37 ihren
988 1091 345 39 Beschreibungen
1376 1103 74 25 von
1488 1089 241 46 schlimmen,

131 1155 290 45 gangränösen,
451 1149 211 37 blutenden
693 1147 261 39 Geschwüren
981 1147 73 37 den
1083 1144 307 50 Hospitalbrand
1411 1145 173 49 gemeint
1603 1142 127 38 haben

130 1217 168 25 müssen.
355 1203 148 38 Heine
539 1202 109 52 giebt
685 1216 68 24 an,
793 1202 86 37 dass
927 1200 169 38 Paulus
1132 1212 75 25 von
1242 1198 155 50 Aegina
1433 1211 68 24 zur
1539 1197 190 38 örtlichen

131 1257 258 38 Behandlung
418 1256 149 38 solcher
598 1255 234 39 Geschwüre
864 1253 255 40 Terpentinöl
1146 1253 79 37 und
1255 1251 226 51 egyptische
1510 1250 116 39 Salbe
1647 1264 83 25 em-

131 1311 119 49 pfahl.
309 1310 99 38 Dass
437 1310 237 38 Avicenna
704 1311 72 36 den
805 1308 104 39 Rath
929 1308 108 51 giebt
1076 1307 143 47 „Porro
1241 1320 87 24 cum
1348 1305 223 51 hujusmodi
1599 1304 132 39 ulcera

131 1365 204 37 immodica
362 1364 178 37 laborant
581 1367 263 46 corruptione,
886 1375 156 25 necesse
1084 1364 58 35 est
1179 1362 43 36 ut
1258 1360 227 38 auferantur
1526 1361 204 48 corruptae

132 1419 196 48 portiones
359 1418 169 37 cauterio
558 1417 141 38 actuali
729 1420 66 35 aut
823 1416 303 38 medicamenine
1149 1415 90 45 acri,
1270 1417 66 35 aut
1357 1413 203 47 excisioue,
1591 1415 44 36 ut
1654 1426 77 24 non

132 1474 199 35 remaneat
359 1472 72 37 nisi
461 1485 87 24 caro
570 1485 103 32 sana,
705 1485 115 35 quam
842 1483 186 25 agnosces
1050 1483 48 24 ex
1117 1469 173 37 bonitate
1313 1468 137 38 coloris
1472 1470 38 36 et
1531 1467 199 51 sanguinis

135 1527 117 48 ejus."
313 1524 84 38 Ihm
428 1525 121 38 sollen
578 1525 80 37 sich
687 1524 203 47 Rhaces,
922 1523 276 46 Abulcasis,
1228 1521 216 51 Argelas
1474 1522 78 37 und
1573 1521 157 38 Andere

133 1578 269 38 anschliessen.
447 1578 159 38 Heine
637 1578 177 38 schliesst
832 1578 168 37 hieraus,
1033 1577 87 37 dass
1141 1577 104 37 diese
1265 1575 145 38 Aerzte
1433 1576 74 37 den
1526 1574 204 51 Hospital-

131 1633 122 36 brand
282 1635 173 44 gekannt
482 1632 128 37 haben
639 1634 184 36 müssten.

261 1685 54 37 Ei-
334 1685 154 38 bezieht
509 1685 186 38 ebenfalls
713 1685 59 38 die
787 1685 231 38 Ausdrücke
1041 1685 65 37 des
1124 1683 147 39 Guido
1293 1683 51 38 de
1360 1682 222 39 Gauliaco
1601 1695 131 33 „ulcus

132 1739 195 38 sordidum
356 1739 78 37 und
463 1739 108 37 ulcus
601 1741 134 47 putre"
762 1738 69 38 auf
847 1739 155 37 niedere
1024 1739 76 36 und
1121 1737 146 38 höhere
1290 1735 128 40 Grade
1440 1737 66 38 des
1527 1736 204 50 Hospital-

134 1793 186 37 brandes:
366 1792 141 45 „Ulcus
538 1793 195 37 sordidum
756 1795 38 35 et
814 1795 112 47 putre
947 1806 77 24 non
1046 1792 183 37 diiferunt
1250 1791 72 37 nisi
1342 1791 149 37 ratione
1512 1791 160 49 majoris
1694 1793 39 35 et

132 1859 170 24 minoris.
358 1845 102 38 Nam
491 1847 89 37 dum
608 1847 109 37 nlcus
748 1847 195 37 sordidum
973 1860 77 23 non
1078 1846 119 37 habet
1224 1845 75 37 nisi
1328 1845 153 38 sordera
1513 1847 38 35 et
1585 1858 147 24 saniem

134 1913 168 24 crassam
331 1913 43 24 ac
403 1899 187 38 viscosam
621 1900 138 37 dicitur
789 1901 216 36 sordidum:
1037 1902 205 47 postquam
1265 1901 130 35 autem
1415 1901 166 48 augetur
1610 1899 121 49 ipsius

133 1953 148 37 malitia
309 1952 54 38 ita
392 1955 42 35 ut
463 1953 183 49 putrefiat
668 1956 38 35 et
725 1954 231 37 morteficiat
986 1967 153 24 carnem
1170 1953 228 38 dimittendo
1421 1952 169 38 eschara,
1613 1967 22 23 a
1656 1966 76 36 qua

135 2006 169 38 elevatar
317 2006 128 38 fumus
458 2006 165 38 foetidus
641 2009 38 35 et
695 2007 265 38 cadaverosus,
977 2008 139 37 dicitur
1131 2007 199 49 putridum
1347 2009 38 35 et
1400 2006 326 39 fraudulentum."

135 2058 147 50 (Tract.
313 2059 66 39 IV.
411 2060 110 37 Doct.
552 2059 30 38 I.
614 2059 91 51 Cap.
737 2060 52 38 3.)
849 2061 109 37 Auch
999 2059 363 51 HiIsenburg^)
1395 2063 104 35 citirt
1528 2060 84 38 eine
1642 2059 90 39 sehr

136 2113 175 37 ähnliche
329 2112 118 39 Stelle
464 2127 75 24 von
557 2113 147 38 Guido
726 2115 49 37 de
791 2113 224 39 Ganliaco
1037 2115 77 37 und
1137 2115 133 37 deutet
1285 2114 53 38 sie
1356 2114 70 38 auf
1440 2115 72 36 den
1526 2113 204 50 Hospital-

135 2167 134 36 brand.
320 2165 110 39 Ohne
452 2167 59 37 die
532 2167 256 50 Möglichkeit
807 2168 170 38 leugnen
998 2182 47 24 zu
1066 2168 151 38 wollen,
1240 2169 86 37 dass
1349 2168 59 37 die
1430 2167 104 38 alten
1554 2167 176 38 Autoren

137 2219 304 49 Hospitalbrand
483 2220 231 39 beobachtet
755 2222 78 37 und
877 2222 99 37 auch
1014 2222 64 37 bei
1119 2222 132 37 diesen
1289 2222 79 36 und
1409 2221 204 37 ähnlichen
1651 2221 78 38 Be-

137 2272 285 50 schreibungen
451 2286 69 24 vor
547 2273 143 50 Augen
719 2274 146 50 gehabt
893 2275 146 38 haben,
1070 2275 95 38 lässt
1194 2275 81 37 sich
1311 2275 40 37 in
1389 2274 209 38 denselben
1634 2274 98 38 doch

136 2326 115 37 keine
282 2325 367 47 characteristische,
677 2328 40 49 ja
746 2327 106 38 nicht
882 2328 141 38 einmal
1052 2329 84 37 eine
1167 2328 225 38 annähernd
1413 2327 193 39 deutliche
1628 2328 101 37 Hin-

137 2379 174 38 weisung
340 2379 69 37 auf
435 2380 59 37 die
524 2380 220 38 Krankheit
774 2381 207 38 erkennen.

268 2431 134 39 Geben
431 2433 69 37 wir
529 2434 134 37 weiter
693 2447 46 24 zu
769 2434 291 47 Paracelsus,
1092 2448 41 25 so
1162 2435 121 38 findet
1304 2434 80 38 sich
1403 2435 40 37 in
1464 2435 136 39 dessen
1620 2435 109 38 Buch

140 2486 66 37 der
226 2498 158 37 grossen
416 2486 261 39 Wundarznei
708 2487 71 37 Th.
810 2487 29 38 I.
871 2487 91 39 Cap.
994 2489 22 37 6
1047 2488 60 38 die
1138 2502 74 24 von
1243 2488 388 50 Trendelenburg
1660 2489 68 38 be-

139 2539 107 37 treffs
277 2540 66 36 der
372 2539 258 50 Diphtheritis
655 2540 320 51 herangezogene
1005 2541 132 47 Stelle,
1169 2556 67 24 aus
1266 2542 166 38 welcher
1461 2542 99 37 nach
1581 2541 148 39 Heine

140 2592 287 38 imzweifelhaft
454 2593 269 50 hervorgehen
753 2594 87 38 soll,
881 2595 85 37 dass
1004 2595 274 38 Paracelsus
1309 2596 83 37 eine
1422 2595 203 49 Epidemie
1655 2609 75 25 von

141 2644 1213 53 HospitalbrandmitSchleimhaut-Diphtheritisbeobachtete.
1374 2648 201 38 DieStelle
1589 2648 139 39 lautet:

147 2697 74 45 „Es
249 2698 51 37 ist
328 2699 95 37 auch
454 2700 114 38 etlich
607 2700 78 38 mal
720 2701 217 50 begegnet,
978 2703 87 37 dass
1104 2703 61 37 ein
1203 2715 175 38 gemeine
1409 2702 154 38 Brenne
1600 2702 39 38 in
1669 2703 61 38 die

142 2750 225 50 Krieg.sleut
387 2752 180 38 kommen
586 2754 66 45 ist;
683 2755 98 37 auch
801 2755 79 37 also
902 2755 70 38 mit
992 2755 101 38 allen
1115 2756 167 37 Zeichen
1311 2756 39 36 in
1372 2756 59 37 die
1453 2756 150 45 wunde,
1635 2769 93 32 also,

142 2804 87 37 dass
250 2804 110 37 dicke
380 2804 94 38 heut
494 2806 47 37 ab
573 2807 70 37 den
676 2808 163 37 wunden
870 2821 155 37 gangen
1055 2809 96 46 sind,
1183 2810 71 37 wie
1275 2822 90 24 man
1386 2822 75 24 von
1483 2809 73 37 den
1577 2823 152 25 zungen

142 2856 174 50 gescheit
343 2856 78 47 hat,
453 2859 121 45 derer,
606 2874 40 24 so
677 2861 60 37 die
758 2861 153 38 Brenne
940 2862 153 38 hatten;
1125 2862 80 38 also
1232 2863 87 37 dass
1340 2861 185 38 Wunden
1554 2863 78 37 und
1663 2863 67 38 der

278 2971 23 40 ')
326 2972 48 30 Hi
387 2972 93 30 Isen
496 2973 126 41 bürg,
645 2975 200 32 Dissertatio
871 2976 41 31 de
936 2986 193 31 gangraena
1152 2986 72 21 nos.
1269 2976 114 31 Berlin
1411 2978 91 32 1828.
