1933 3217
412 292 94 41 214

761 301 215 31 SYNOPSIS
1000 301 51 31 OF
1077 300 91 30 THE
1193 299 225 32 S1MIAD.I:.

569 430 198 47 Gardens^
790 429 25 35 i.
850 443 33 35 p.
915 429 85 37 169.
1075 429 167 47 Entirely
1270 430 136 43 black;
1433 430 57 34 fur
1518 429 159 48 woolly;
1712 429 61 37 tho

567 497 80 36 hair
665 510 46 23 on
731 497 62 36 the
818 496 95 36 head
937 496 99 46 long,
1068 495 130 47 falling
1216 496 106 43 hack,
1344 496 70 34 and
1442 496 156 46 fonning
1619 508 21 22 a
1657 501 117 38 crest;

567 562 65 36 tail
659 575 22 23 a
707 562 175 36 tubercle.
949 561 167 36 Inhabits
1142 562 135 34 islands
1296 561 40 35 of
1361 560 131 36 Indian
1522 559 251 38 Archipelago.

563 628 134 36 Desm.

596 690 118 30 Differs
727 689 85 30 from
826 689 57 30 the
897 692 76 35 type
987 689 33 29 in
1035 691 56 27 the
1106 688 186 30 elongation
1314 688 37 30 of
1370 691 56 27 the
1448 687 140 35 muzzle,
1607 688 66 30 and
1688 690 88 27 want

632 740 37 30 of
688 741 80 34 tail;
791 741 43 37 by
856 740 56 30 the
936 740 121 29 former
1079 739 100 31 allied
1200 743 34 26 to
1251 740 54 30 the
1320 740 160 34 baboons,
1502 740 42 37 by
1558 739 56 30 the
1628 738 101 30 latter
1742 742 34 26 to

633 794 57 26 the
704 794 81 26 next
797 800 102 29 genus
914 792 119 28 Inuus.

766 882 138 37 Genus
926 880 318 48 XIV.—Inuus^
1264 881 164 38 Cuvier.

467 974 121 37 Facial
607 987 105 35 angle
732 975 110 35 about
871 975 70 35 40°
960 988 11 31 ;
999 987 142 23 muzzle
1167 975 190 46 elongated
1374 988 12 31 ;
1414 976 63 35 the
1501 975 115 37 hands
1634 975 143 48 length-

418 1042 89 35 ened
526 1054 11 32 ;
557 1041 63 36 tail
640 1054 107 31 none,
768 1053 39 23 or
825 1053 21 22 a
865 1040 172 36 tubercle.

416 1106 128 37 Plate
567 1106 77 36 XV
715 1105 32 37 1.
771 1106 32 36 I.
824 1118 217 33 sylvanus.
1063 1105 160 48 Barbary
1241 1104 264 49 Ape.—Simla
1519 1107 120 44 inuus,
1653 1106 122 36 Linn.

568 1171 130 36 Magot
712 1170 166 47 African,
893 1171 125 50 Geoff.
1035 1173 110 34 Ann.
1163 1172 54 35 du
1231 1172 113 35 Mus.
1358 1184 74 23 xix.
1447 1184 32 34 p.
1500 1171 82 37 100.
1632 1172 143 44 Magot,

564 1238 50 35 F.
651 1237 99 37 Cuv.
782 1237 109 36 Hist.
925 1238 102 35 Hat.
1060 1237 65 36 des
1162 1237 206 36 Mammif.
1427 1236 180 37 Macaque
1643 1244 135 36 magot,

569 1302 172 36 Macacus
773 1303 121 45 inuus,
923 1304 134 35 Desm.
1084 1303 157 35 Mamm
1267 1315 33 35 p.
1325 1303 61 38 67.
1441 1302 131 36 Above
1598 1303 180 46 greenish,

565 1381 110 33 gi-ay;
694 1381 100 34 paler
812 1369 226 35 underneath
1059 1370 71 33 and
1150 1369 37 35 in
1203 1369 62 35 the
1281 1369 104 35 inner
1404 1369 91 35 sides
1515 1370 40 34 of
1577 1369 62 35 the
1658 1368 118 36 limbs.

568 1433 83 36 Tail
670 1446 21 23 a
709 1434 100 36 short
828 1440 197 30 cutaneous
1043 1434 175 36 tubercle.

964 1551 266 38 BABOONS.

677 1642 150 38 Genus.
851 1642 77 36 XV
999 1643 314 46 Cynoccphalus,
1338 1643 185 36 Brisson.

471 1735 120 36 Facial
611 1735 104 35 angle
739 1736 95 34 from
862 1735 68 36 30°
960 1741 36 29 to
1021 1735 75 36 35®
1112 1749 11 31 ;
1151 1736 230 46 superciliary
1405 1737 117 45 ridges
1544 1736 206 46 prominent
1769 1748 11 30 ;

416 1801 141 36 muzzle
582 1801 99 47 long,
700 1802 188 34 truncated
908 1807 36 29 at
963 1807 62 29 the
1046 1802 70 35 end
1136 1801 119 36 where
1282 1808 62 29 the
1366 1802 146 35 nostrils
1539 1813 59 23 are
1626 1801 125 47 placed
1769 1814 11 30 ;

410 1867 68 35 tail
498 1879 37 23 as
553 1866 87 47 long
657 1878 37 24 as
713 1866 62 35 the
794 1867 105 45 body.

524 1931 32 36 1.
577 1930 41 38 C.
640 1943 162 34 BABuiN,
832 1931 116 36 Little
974 1930 148 37 Baboon
1193 1931 102 37 Petit
1312 1933 141 46 papion.
1471 1930 112 52 Buff.
1641 1931 139 49 Papion

570 1997 255 47 cynocephale,
855 1995 125 51 Geoff.
1008 1998 110 36 Ann.
1152 1998 55 35 du
1233 1999 115 35 Mus.
1381 2011 75 23 xix.
1486 2011 33 35 p.
1550 1998 84 36 102.
1709 1998 71 35 Ba-

571 2063 102 44 buin,
695 2063 48 34 F.
776 2062 98 36 Cuv.
903 2064 109 35 Hist.
1044 2064 102 35 Nat.
1176 2064 66 35 des
1269 2063 203 46 Mammif.
1528 2063 252 48 Cynocephale

571 2128 147 43 babuin,
733 2128 133 35 Desm.
880 2129 167 35 Mamm.
1061 2142 33 34 p.
1112 2129 61 35 68.
1195 2128 117 46 Male,
1328 2142 112 23 above
1452 2129 325 47 yellowish-green,

571 2192 156 37 beneath
747 2206 99 34 paler
863 2207 11 30 ;
903 2195 62 35 the
983 2195 75 35 face
1078 2195 89 35 Imd
1185 2208 11 31 ;
1216 2196 167 34 cartilage
1403 2196 40 34 of
1465 2201 62 30 the
1546 2197 145 34 nostrils
1718 2202 64 28 not

572 2258 127 36 longer
717 2264 88 29 than
826 2265 61 29 the
907 2272 112 35 upper
1043 2261 83 47 jaw.
1189 2259 150 37 Female
1358 2261 197 35 unknown.
1617 2261 165 35 Inhabits

573 2323 189 36 Northern
784 2325 135 35 Africa.

521 2389 37 37 2.
579 2387 40 39 C.
635 2401 128 32 PAPio,
776 2388 144 37 Guinea
937 2390 369 47 Baboon.—Papion,
1325 2389 149 37 Audeb.
1514 2389 113 36 Papio
1639 2392 143 41 sphinx,

575 2453 125 51 Geoff.
721 2455 109 35 Ann.
851 2455 54 35 du
926 2456 112 35 Mus.
1060 2468 74 23 xix.
1156 2469 33 34 p.
1213 2455 85 36 103.
1355 2454 252 48 Cymocephale
1635 2456 143 46 papion,

574 2520 133 36 Desm.
740 2521 167 36 Mamm.
938 2534 32 34 p.
1003 2521 61 36 69.
1133 2521 131 36 Above
1296 2523 136 43 brown,
1464 2521 100 47 paler
1600 2521 153 36 beneath
1774 2536 9 25 ;

575 2585 133 37 checks
725 2586 187 48 yellowish
931 2600 11 31 ;
969 2588 89 45 face,
1077 2599 89 35 cars,
1196 2588 67 35 and
1295 2587 126 44 hands,
1453 2587 133 46 black;
1614 2586 171 47 cartilage
