<?xml version="1.0" encoding="UTF-8"?>
<alto xmlns="http://www.loc.gov/standards/alto/ns-v2#" xmlns:xsi="http://www.w3.org/2001/XMLSchema-instance" xsi:schemaLocation="http://www.loc.gov/standards/alto/ns-v2# http://www.loc.gov/standards/alto/alto.xsd">
  <Description>
    <MeasurementUnit>pixel</MeasurementUnit>
    <sourceImageInformation>
      <fileName>b20392321_abbyy.xml</fileName>
    </sourceImageInformation>
    <OCRProcessing ID="OCR_1">
      <preProcessingStep>
        <processingDateTime>2015-06-16T02:11:33</processingDateTime>
        <processingAgency>intranda GmbH, www.intranda.com</processingAgency>
        <processingSoftware>
          <softwareCreator>intranda GmbH, Germany</softwareCreator>
          <softwareName>intranda OCR Module for TaskManager</softwareName>
          <softwareVersion>1.0r42</softwareVersion>
        </processingSoftware>
      </preProcessingStep>
      <ocrProcessingStep>
        <processingSoftware>
          <softwareCreator>ABBYY (BIT Software), Russia</softwareCreator>
          <softwareName>FineReader Engine</softwareName>
          <softwareVersion>10</softwareVersion>
        </processingSoftware>
      </ocrProcessingStep>
    </OCRProcessing>
  </Description>
  <Layout>
    <Page PHYSICAL_IMG_NR="47" ID="PAGE_47" WIDTH="1933" HEIGHT="3302">
      <TopMargin ID="TopMargin_1" HPOS="422" VPOS="166" WIDTH="1267" HEIGHT="44">
        <TextBlock ID="TextBlock_182" HPOS="422" VPOS="166" WIDTH="1267" HEIGHT="44">
          <TextLine ID="TextLine_1912" HPOS="422" VPOS="167" WIDTH="931" HEIGHT="43">
            <String ID="Word_16819" HPOS="422" VPOS="170" WIDTH="407" HEIGHT="40" CONTENT="Widerstandslahigkeit" />
            <SP ID="SP_14912" HPOS="829" VPOS="170" WIDTH="22" HEIGHT="0" />
            <String ID="Word_16820" HPOS="851" VPOS="178" WIDTH="107" HEIGHT="32" CONTENT="gegen" />
            <SP ID="SP_14913" HPOS="958" VPOS="168" WIDTH="26" HEIGHT="0" />
            <String ID="Word_16821" HPOS="984" VPOS="168" WIDTH="63" HEIGHT="31" CONTENT="den" />
            <SP ID="SP_14914" HPOS="1047" VPOS="167" WIDTH="27" HEIGHT="0" />
            <String ID="Word_16822" HPOS="1074" VPOS="167" WIDTH="279" HEIGHT="41" CONTENT="Hospitalbrand." />
          </TextLine>
          <TextLine ID="TextLine_1913" HPOS="1638" VPOS="166" WIDTH="51" HEIGHT="38">
            <String ID="Word_16823" HPOS="1638" VPOS="166" WIDTH="51" HEIGHT="38" CONTENT="27" />
          </TextLine>
        </TextBlock>
      </TopMargin>
      <PrintSpace ID="PrintSpace_48" HPOS="74" VPOS="265" WIDTH="1623" HEIGHT="2733">
        <TextBlock ID="TextBlock_181" HPOS="74" VPOS="265" WIDTH="1623" HEIGHT="2733">
          <TextLine ID="TextLine_1914" HPOS="87" VPOS="271" WIDTH="1602" HEIGHT="56">
            <String ID="Word_16824" HPOS="87" VPOS="280" WIDTH="136" HEIGHT="38" CONTENT="rethen" />
            <SP ID="SP_14915" HPOS="223" VPOS="279" WIDTH="29" HEIGHT="0" />
            <String ID="Word_16825" HPOS="252" VPOS="279" WIDTH="53" HEIGHT="38" CONTENT="im" />
            <SP ID="SP_14916" HPOS="305" VPOS="278" WIDTH="29" HEIGHT="0" />
            <String ID="Word_16826" HPOS="334" VPOS="278" WIDTH="260" HEIGHT="49" CONTENT="Krimkriege," />
            <SP ID="SP_14917" HPOS="594" VPOS="278" WIDTH="43" HEIGHT="0" />
            <String ID="Word_16827" HPOS="637" VPOS="291" WIDTH="41" HEIGHT="24" CONTENT="so" />
            <SP ID="SP_14918" HPOS="678" VPOS="283" WIDTH="31" HEIGHT="0" />
            <String ID="Word_16828" HPOS="709" VPOS="290" WIDTH="138" HEIGHT="26" CONTENT="mögen" />
            <SP ID="SP_14919" HPOS="847" VPOS="277" WIDTH="31" HEIGHT="0" />
            <String ID="Word_16829" HPOS="878" VPOS="277" WIDTH="116" HEIGHT="37" CONTENT="daran" />
            <SP ID="SP_14920" HPOS="994" VPOS="274" WIDTH="31" HEIGHT="0" />
            <String ID="Word_16830" HPOS="1025" VPOS="274" WIDTH="235" HEIGHT="50" CONTENT="ungünstige" />
            <SP ID="SP_14921" HPOS="1260" VPOS="273" WIDTH="30" HEIGHT="0" />
            <String ID="Word_16831" HPOS="1290" VPOS="273" WIDTH="285" HEIGHT="44" CONTENT="Verhältnisse," />
            <SP ID="SP_14922" HPOS="1575" VPOS="271" WIDTH="41" HEIGHT="0" />
            <String ID="Word_16832" HPOS="1616" VPOS="285" WIDTH="73" HEIGHT="24" CONTENT="wie" />
          </TextLine>
          <TextLine ID="TextLine_1915" HPOS="88" VPOS="326" WIDTH="1602" HEIGHT="58">
            <String ID="Word_16833" HPOS="88" VPOS="334" WIDTH="51" HEIGHT="38" CONTENT="im" />
            <SP ID="SP_14923" HPOS="139" VPOS="333" WIDTH="31" HEIGHT="0" />
            <String ID="Word_16834" HPOS="170" VPOS="333" WIDTH="160" HEIGHT="51" CONTENT="Kriege," />
            <SP ID="SP_14924" HPOS="330" VPOS="332" WIDTH="42" HEIGHT="0" />
            <String ID="Word_16835" HPOS="372" VPOS="332" WIDTH="142" HEIGHT="39" CONTENT="Schuld" />
            <SP ID="SP_14925" HPOS="514" VPOS="332" WIDTH="31" HEIGHT="0" />
            <String ID="Word_16836" HPOS="545" VPOS="334" WIDTH="155" HEIGHT="47" CONTENT="tragen;" />
            <SP ID="SP_14926" HPOS="700" VPOS="332" WIDTH="40" HEIGHT="0" />
            <String ID="Word_16837" HPOS="740" VPOS="344" WIDTH="92" HEIGHT="24" CONTENT="aber" />
            <SP ID="SP_14927" HPOS="832" VPOS="331" WIDTH="30" HEIGHT="0" />
            <String ID="Word_16838" HPOS="862" VPOS="331" WIDTH="72" HEIGHT="37" CONTENT="den" />
            <SP ID="SP_14928" HPOS="934" VPOS="331" WIDTH="29" HEIGHT="0" />
            <String ID="Word_16839" HPOS="963" VPOS="332" WIDTH="178" HEIGHT="47" CONTENT="grössteu" />
            <SP ID="SP_14929" HPOS="1141" VPOS="327" WIDTH="31" HEIGHT="0" />
            <String ID="Word_16840" HPOS="1172" VPOS="327" WIDTH="112" HEIGHT="38" CONTENT="Theil" />
            <SP ID="SP_14930" HPOS="1284" VPOS="327" WIDTH="30" HEIGHT="0" />
            <String ID="Word_16841" HPOS="1314" VPOS="329" WIDTH="67" HEIGHT="37" CONTENT="der" />
            <SP ID="SP_14931" HPOS="1381" VPOS="326" WIDTH="29" HEIGHT="0" />
            <String ID="Word_16842" HPOS="1410" VPOS="326" WIDTH="143" HEIGHT="40" CONTENT="Schuld" />
            <SP ID="SP_14932" HPOS="1553" VPOS="326" WIDTH="31" HEIGHT="0" />
            <String ID="Word_16843" HPOS="1584" VPOS="327" WIDTH="106" HEIGHT="48" CONTENT="trägt" />
          </TextLine>
          <TextLine ID="TextLine_1916" HPOS="89" VPOS="379" WIDTH="1602" HEIGHT="58">
            <String ID="Word_16844" HPOS="89" VPOS="388" WIDTH="66" HEIGHT="37" CONTENT="der" />
            <SP ID="SP_14933" HPOS="155" VPOS="387" WIDTH="31" HEIGHT="0" />
            <String ID="Word_16845" HPOS="186" VPOS="387" WIDTH="190" HEIGHT="38" CONTENT="damalige" />
            <SP ID="SP_14934" HPOS="376" VPOS="385" WIDTH="30" HEIGHT="0" />
            <String ID="Word_16846" HPOS="406" VPOS="385" WIDTH="170" HEIGHT="38" CONTENT="Zustand" />
            <SP ID="SP_14935" HPOS="576" VPOS="385" WIDTH="30" HEIGHT="0" />
            <String ID="Word_16847" HPOS="606" VPOS="385" WIDTH="66" HEIGHT="37" CONTENT="der" />
            <SP ID="SP_14936" HPOS="672" VPOS="384" WIDTH="30" HEIGHT="0" />
            <String ID="Word_16848" HPOS="702" VPOS="384" WIDTH="289" HEIGHT="50" CONTENT="chirurgischen" />
            <SP ID="SP_14937" HPOS="991" VPOS="381" WIDTH="29" HEIGHT="0" />
            <String ID="Word_16849" HPOS="1020" VPOS="381" WIDTH="397" HEIGHT="51" CONTENT="Wundbehandlung," />
            <SP ID="SP_14938" HPOS="1417" VPOS="380" WIDTH="60" HEIGHT="0" />
            <String ID="Word_16850" HPOS="1477" VPOS="380" WIDTH="116" HEIGHT="38" CONTENT="Trotz" />
            <SP ID="SP_14939" HPOS="1593" VPOS="379" WIDTH="30" HEIGHT="0" />
            <String ID="Word_16851" HPOS="1623" VPOS="379" WIDTH="68" HEIGHT="38" CONTENT="der" />
          </TextLine>
          <TextLine ID="TextLine_1917" HPOS="88" VPOS="433" WIDTH="1602" HEIGHT="58">
            <String ID="Word_16852" HPOS="88" VPOS="440" WIDTH="274" HEIGHT="51" CONTENT="Erfahrungen" />
            <SP ID="SP_14940" HPOS="362" VPOS="438" WIDTH="43" HEIGHT="0" />
            <String ID="Word_16853" HPOS="405" VPOS="438" WIDTH="251" HEIGHT="50" CONTENT="Delpech's," />
            <SP ID="SP_14941" HPOS="656" VPOS="437" WIDTH="49" HEIGHT="0" />
            <String ID="Word_16854" HPOS="705" VPOS="437" WIDTH="340" HEIGHT="44" CONTENT="Blackadder's," />
            <SP ID="SP_14942" HPOS="1045" VPOS="435" WIDTH="47" HEIGHT="0" />
            <String ID="Word_16855" HPOS="1092" VPOS="435" WIDTH="262" HEIGHT="49" CONTENT="Brugman's" />
            <SP ID="SP_14943" HPOS="1354" VPOS="435" WIDTH="49" HEIGHT="0" />
            <String ID="Word_16856" HPOS="1403" VPOS="435" WIDTH="78" HEIGHT="37" CONTENT="und" />
            <SP ID="SP_14944" HPOS="1481" VPOS="433" WIDTH="46" HEIGHT="0" />
            <String ID="Word_16857" HPOS="1527" VPOS="446" WIDTH="163" HEIGHT="25" CONTENT="anderer" />
          </TextLine>
          <TextLine ID="TextLine_1918" HPOS="88" VPOS="487" WIDTH="1599" HEIGHT="55">
            <String ID="Word_16858" HPOS="88" VPOS="494" WIDTH="218" HEIGHT="38" CONTENT="namhafter" />
            <SP ID="SP_14945" HPOS="306" VPOS="493" WIDTH="30" HEIGHT="0" />
            <String ID="Word_16859" HPOS="336" VPOS="493" WIDTH="212" HEIGHT="49" CONTENT="Chirurgen" />
            <SP ID="SP_14946" HPOS="548" VPOS="492" WIDTH="44" HEIGHT="0" />
            <String ID="Word_16860" HPOS="592" VPOS="492" WIDTH="76" HEIGHT="49" CONTENT="gab" />
            <SP ID="SP_14947" HPOS="668" VPOS="492" WIDTH="32" HEIGHT="0" />
            <String ID="Word_16861" HPOS="700" VPOS="505" WIDTH="38" HEIGHT="24" CONTENT="es" />
            <SP ID="SP_14948" HPOS="738" VPOS="494" WIDTH="31" HEIGHT="0" />
            <String ID="Word_16862" HPOS="769" VPOS="495" WIDTH="92" HEIGHT="34" CONTENT="stets" />
            <SP ID="SP_14949" HPOS="861" VPOS="490" WIDTH="31" HEIGHT="0" />
            <String ID="Word_16863" HPOS="892" VPOS="490" WIDTH="185" HEIGHT="38" CONTENT="Autoren," />
            <SP ID="SP_14950" HPOS="1077" VPOS="488" WIDTH="38" HEIGHT="0" />
            <String ID="Word_16864" HPOS="1115" VPOS="488" WIDTH="144" HEIGHT="38" CONTENT="Avelche" />
            <SP ID="SP_14951" HPOS="1259" VPOS="488" WIDTH="39" HEIGHT="0" />
            <String ID="Word_16865" HPOS="1298" VPOS="488" WIDTH="59" HEIGHT="38" CONTENT="die" />
            <SP ID="SP_14952" HPOS="1357" VPOS="487" WIDTH="30" HEIGHT="0" />
            <String ID="Word_16866" HPOS="1387" VPOS="487" WIDTH="300" HEIGHT="49" CONTENT="Ansteckungs-" />
          </TextLine>
          <TextLine ID="TextLine_1919" HPOS="86" VPOS="541" WIDTH="1600" HEIGHT="57">
            <String ID="Word_16867" HPOS="86" VPOS="548" WIDTH="194" HEIGHT="38" CONTENT="fähigkeit" />
            <SP ID="SP_14953" HPOS="280" VPOS="548" WIDTH="43" HEIGHT="0" />
            <String ID="Word_16868" HPOS="323" VPOS="548" WIDTH="64" HEIGHT="36" CONTENT="des" />
            <SP ID="SP_14954" HPOS="387" VPOS="545" WIDTH="42" HEIGHT="0" />
            <String ID="Word_16869" HPOS="429" VPOS="545" WIDTH="349" HEIGHT="49" CONTENT="Hospitalbrandes" />
            <SP ID="SP_14955" HPOS="778" VPOS="544" WIDTH="44" HEIGHT="0" />
            <String ID="Word_16870" HPOS="822" VPOS="544" WIDTH="225" HEIGHT="50" CONTENT="leugneten," />
            <SP ID="SP_14956" HPOS="1047" VPOS="543" WIDTH="45" HEIGHT="0" />
            <String ID="Word_16871" HPOS="1092" VPOS="556" WIDTH="69" HEIGHT="24" CONTENT="wie" />
            <SP ID="SP_14957" HPOS="1161" VPOS="541" WIDTH="44" HEIGHT="0" />
            <String ID="Word_16872" HPOS="1205" VPOS="541" WIDTH="114" HEIGHT="39" CONTENT="Rieh" />
            <SP ID="SP_14958" HPOS="1319" VPOS="541" WIDTH="9" HEIGHT="0" />
            <String ID="Word_16873" HPOS="1328" VPOS="555" WIDTH="44" HEIGHT="24" CONTENT="er" />
            <SP ID="SP_14959" HPOS="1372" VPOS="543" WIDTH="7" HEIGHT="0" />
            <String ID="Word_16874" HPOS="1379" VPOS="543" WIDTH="104" HEIGHT="44" CONTENT="and," />
            <SP ID="SP_14960" HPOS="1483" VPOS="541" WIDTH="43" HEIGHT="0" />
            <String ID="Word_16875" HPOS="1526" VPOS="541" WIDTH="160" HEIGHT="45" CONTENT="Begin," />
          </TextLine>
          <TextLine ID="TextLine_1920" HPOS="87" VPOS="594" WIDTH="1601" HEIGHT="55">
            <String ID="Word_16876" HPOS="87" VPOS="601" WIDTH="148" HEIGHT="45" CONTENT="Allee," />
            <SP ID="SP_14961" HPOS="235" VPOS="600" WIDTH="31" HEIGHT="0" />
            <String ID="Word_16877" HPOS="266" VPOS="600" WIDTH="140" HEIGHT="38" CONTENT="Percy" />
            <SP ID="SP_14962" HPOS="406" VPOS="599" WIDTH="29" HEIGHT="0" />
            <String ID="Word_16878" HPOS="435" VPOS="599" WIDTH="77" HEIGHT="37" CONTENT="und" />
            <SP ID="SP_14963" HPOS="512" VPOS="598" WIDTH="29" HEIGHT="0" />
            <String ID="Word_16879" HPOS="541" VPOS="598" WIDTH="221" HEIGHT="38" CONTENT="Laurent," />
            <SP ID="SP_14964" HPOS="762" VPOS="598" WIDTH="39" HEIGHT="0" />
            <String ID="Word_16880" HPOS="801" VPOS="598" WIDTH="127" HEIGHT="38" CONTENT="ferner" />
            <SP ID="SP_14965" HPOS="928" VPOS="597" WIDTH="30" HEIGHT="0" />
            <String ID="Word_16881" HPOS="958" VPOS="597" WIDTH="191" HEIGHT="49" CONTENT="Marmy," />
            <SP ID="SP_14966" HPOS="1149" VPOS="597" WIDTH="43" HEIGHT="0" />
            <String ID="Word_16882" HPOS="1192" VPOS="609" WIDTH="34" HEIGHT="24" CONTENT="v." />
            <SP ID="SP_14967" HPOS="1226" VPOS="594" WIDTH="32" HEIGHT="0" />
            <String ID="Word_16883" HPOS="1258" VPOS="594" WIDTH="138" HEIGHT="39" CONTENT="Pitha" />
            <SP ID="SP_14968" HPOS="1396" VPOS="594" WIDTH="28" HEIGHT="0" />
            <String ID="Word_16884" HPOS="1424" VPOS="609" WIDTH="36" HEIGHT="24" CONTENT="u." />
            <SP ID="SP_14969" HPOS="1460" VPOS="595" WIDTH="32" HEIGHT="0" />
            <String ID="Word_16885" HPOS="1492" VPOS="595" WIDTH="47" HEIGHT="38" CONTENT="A." />
            <SP ID="SP_14970" HPOS="1539" VPOS="594" WIDTH="61" HEIGHT="0" />
            <String ID="Word_16886" HPOS="1600" VPOS="594" WIDTH="88" HEIGHT="38" CONTENT="Wie" />
          </TextLine>
          <TextLine ID="TextLine_1921" HPOS="88" VPOS="648" WIDTH="1599" HEIGHT="53">
            <String ID="Word_16887" HPOS="88" VPOS="668" WIDTH="40" HEIGHT="25" CONTENT="es" />
            <SP ID="SP_14971" HPOS="128" VPOS="654" WIDTH="30" HEIGHT="0" />
            <String ID="Word_16888" HPOS="158" VPOS="667" WIDTH="91" HEIGHT="24" CONTENT="aber" />
            <SP ID="SP_14972" HPOS="249" VPOS="653" WIDTH="28" HEIGHT="0" />
            <String ID="Word_16889" HPOS="277" VPOS="653" WIDTH="38" HEIGHT="37" CONTENT="in" />
            <SP ID="SP_14973" HPOS="315" VPOS="653" WIDTH="30" HEIGHT="0" />
            <String ID="Word_16890" HPOS="345" VPOS="653" WIDTH="123" HEIGHT="37" CONTENT="einem" />
            <SP ID="SP_14974" HPOS="468" VPOS="651" WIDTH="28" HEIGHT="0" />
            <String ID="Word_16891" HPOS="496" VPOS="651" WIDTH="204" HEIGHT="38" CONTENT="Hospitale" />
            <SP ID="SP_14975" HPOS="700" VPOS="651" WIDTH="30" HEIGHT="0" />
            <String ID="Word_16892" HPOS="730" VPOS="652" WIDTH="70" HEIGHT="37" CONTENT="mit" />
            <SP ID="SP_14976" HPOS="800" VPOS="652" WIDTH="29" HEIGHT="0" />
            <String ID="Word_16893" HPOS="829" VPOS="652" WIDTH="67" HEIGHT="37" CONTENT="der" />
            <SP ID="SP_14977" HPOS="896" VPOS="650" WIDTH="20" HEIGHT="0" />
            <String ID="Word_16894" HPOS="916" VPOS="650" WIDTH="306" HEIGHT="38" CONTENT="Durchführung" />
            <SP ID="SP_14978" HPOS="1222" VPOS="650" WIDTH="30" HEIGHT="0" />
            <String ID="Word_16895" HPOS="1252" VPOS="650" WIDTH="98" HEIGHT="37" CONTENT="auch" />
            <SP ID="SP_14979" HPOS="1350" VPOS="650" WIDTH="28" HEIGHT="0" />
            <String ID="Word_16896" HPOS="1378" VPOS="662" WIDTH="73" HEIGHT="24" CONTENT="nur" />
            <SP ID="SP_14980" HPOS="1451" VPOS="649" WIDTH="30" HEIGHT="0" />
            <String ID="Word_16897" HPOS="1481" VPOS="649" WIDTH="66" HEIGHT="38" CONTENT="der" />
            <SP ID="SP_14981" HPOS="1547" VPOS="648" WIDTH="20" HEIGHT="0" />
            <String ID="Word_16898" HPOS="1567" VPOS="648" WIDTH="120" HEIGHT="51" CONTENT="gröb-" />
          </TextLine>
          <TextLine ID="TextLine_1922" HPOS="88" VPOS="701" WIDTH="1601" HEIGHT="55">
            <String ID="Word_16899" HPOS="88" VPOS="711" WIDTH="84" HEIGHT="35" CONTENT="sten" />
            <SP ID="SP_14982" HPOS="172" VPOS="705" WIDTH="30" HEIGHT="0" />
            <String ID="Word_16900" HPOS="202" VPOS="705" WIDTH="263" HEIGHT="51" CONTENT="Maassregeln" />
            <SP ID="SP_14983" HPOS="465" VPOS="705" WIDTH="29" HEIGHT="0" />
            <String ID="Word_16901" HPOS="494" VPOS="718" WIDTH="126" HEIGHT="36" CONTENT="gegen" />
            <SP ID="SP_14984" HPOS="620" VPOS="706" WIDTH="32" HEIGHT="0" />
            <String ID="Word_16902" HPOS="652" VPOS="706" WIDTH="58" HEIGHT="37" CONTENT="die" />
            <SP ID="SP_14985" HPOS="710" VPOS="705" WIDTH="30" HEIGHT="0" />
            <String ID="Word_16903" HPOS="740" VPOS="705" WIDTH="300" HEIGHT="49" CONTENT="Uebertragung" />
            <SP ID="SP_14986" HPOS="1040" VPOS="705" WIDTH="29" HEIGHT="0" />
            <String ID="Word_16904" HPOS="1069" VPOS="717" WIDTH="75" HEIGHT="25" CONTENT="von" />
            <SP ID="SP_14987" HPOS="1144" VPOS="702" WIDTH="24" HEIGHT="0" />
            <String ID="Word_16905" HPOS="1168" VPOS="702" WIDTH="130" HEIGHT="39" CONTENT="Seiten" />
            <SP ID="SP_14988" HPOS="1298" VPOS="702" WIDTH="30" HEIGHT="0" />
            <String ID="Word_16906" HPOS="1328" VPOS="703" WIDTH="67" HEIGHT="38" CONTENT="der" />
            <SP ID="SP_14989" HPOS="1395" VPOS="701" WIDTH="29" HEIGHT="0" />
            <String ID="Word_16907" HPOS="1424" VPOS="701" WIDTH="141" HEIGHT="39" CONTENT="Aerzte" />
            <SP ID="SP_14990" HPOS="1565" VPOS="701" WIDTH="31" HEIGHT="0" />
            <String ID="Word_16908" HPOS="1596" VPOS="715" WIDTH="93" HEIGHT="25" CONTENT="oder" />
          </TextLine>
          <TextLine ID="TextLine_1923" HPOS="87" VPOS="756" WIDTH="1600" HEIGHT="55">
            <String ID="Word_16909" HPOS="87" VPOS="774" WIDTH="71" HEIGHT="37" CONTENT="gar" />
            <SP ID="SP_14991" HPOS="158" VPOS="761" WIDTH="29" HEIGHT="0" />
            <String ID="Word_16910" HPOS="187" VPOS="761" WIDTH="66" HEIGHT="36" CONTENT="der" />
            <SP ID="SP_14992" HPOS="253" VPOS="758" WIDTH="29" HEIGHT="0" />
            <String ID="Word_16911" HPOS="282" VPOS="758" WIDTH="178" HEIGHT="39" CONTENT="Gehilfen" />
            <SP ID="SP_14993" HPOS="460" VPOS="758" WIDTH="28" HEIGHT="0" />
            <String ID="Word_16912" HPOS="488" VPOS="759" WIDTH="213" HEIGHT="50" CONTENT="gestanden" />
            <SP ID="SP_14994" HPOS="701" VPOS="759" WIDTH="25" HEIGHT="0" />
            <String ID="Word_16913" HPOS="726" VPOS="759" WIDTH="128" HEIGHT="38" CONTENT="haben" />
            <SP ID="SP_14995" HPOS="854" VPOS="759" WIDTH="27" HEIGHT="0" />
            <String ID="Word_16914" HPOS="881" VPOS="759" WIDTH="105" HEIGHT="37" CONTENT="wird," />
            <SP ID="SP_14996" HPOS="986" VPOS="759" WIDTH="43" HEIGHT="0" />
            <String ID="Word_16915" HPOS="1029" VPOS="771" WIDTH="111" HEIGHT="25" CONTENT="wenn" />
            <SP ID="SP_14997" HPOS="1140" VPOS="758" WIDTH="30" HEIGHT="0" />
            <String ID="Word_16916" HPOS="1170" VPOS="758" WIDTH="66" HEIGHT="37" CONTENT="der" />
            <SP ID="SP_14998" HPOS="1236" VPOS="757" WIDTH="29" HEIGHT="0" />
            <String ID="Word_16917" HPOS="1265" VPOS="757" WIDTH="181" HEIGHT="38" CONTENT="Dirigent" />
            <SP ID="SP_14999" HPOS="1446" VPOS="756" WIDTH="29" HEIGHT="0" />
            <String ID="Word_16918" HPOS="1475" VPOS="756" WIDTH="121" HEIGHT="38" CONTENT="selbst" />
            <SP ID="SP_15000" HPOS="1596" VPOS="756" WIDTH="30" HEIGHT="0" />
            <String ID="Word_16919" HPOS="1626" VPOS="756" WIDTH="61" HEIGHT="38" CONTENT="die" />
          </TextLine>
          <TextLine ID="TextLine_1924" HPOS="86" VPOS="810" WIDTH="1601" HEIGHT="53">
            <String ID="Word_16920" HPOS="86" VPOS="813" WIDTH="284" HEIGHT="39" CONTENT="Contagiosität" />
            <SP ID="SP_15001" HPOS="370" VPOS="813" WIDTH="37" HEIGHT="0" />
            <String ID="Word_16921" HPOS="407" VPOS="813" WIDTH="66" HEIGHT="37" CONTENT="des" />
            <SP ID="SP_15002" HPOS="473" VPOS="812" WIDTH="37" HEIGHT="0" />
            <String ID="Word_16922" HPOS="510" VPOS="812" WIDTH="324" HEIGHT="50" CONTENT="Hospitalbrands" />
            <SP ID="SP_15003" HPOS="834" VPOS="812" WIDTH="38" HEIGHT="0" />
            <String ID="Word_16923" HPOS="872" VPOS="812" WIDTH="190" HEIGHT="51" CONTENT="geradezu" />
            <SP ID="SP_15004" HPOS="1062" VPOS="811" WIDTH="34" HEIGHT="0" />
            <String ID="Word_16924" HPOS="1096" VPOS="811" WIDTH="200" HEIGHT="50" CONTENT="leugnete," />
            <SP ID="SP_15005" HPOS="1296" VPOS="811" WIDTH="40" HEIGHT="0" />
            <String ID="Word_16925" HPOS="1336" VPOS="811" WIDTH="105" HEIGHT="36" CONTENT="kann" />
            <SP ID="SP_15006" HPOS="1441" VPOS="811" WIDTH="36" HEIGHT="0" />
            <String ID="Word_16926" HPOS="1477" VPOS="823" WIDTH="91" HEIGHT="24" CONTENT="man" />
            <SP ID="SP_15007" HPOS="1568" VPOS="810" WIDTH="37" HEIGHT="0" />
            <String ID="Word_16927" HPOS="1605" VPOS="810" WIDTH="82" HEIGHT="37" CONTENT="sich" />
          </TextLine>
          <TextLine ID="TextLine_1925" HPOS="84" VPOS="863" WIDTH="1603" HEIGHT="42">
            <String ID="Word_16928" HPOS="84" VPOS="866" WIDTH="102" HEIGHT="39" CONTENT="wohl" />
            <SP ID="SP_15008" HPOS="186" VPOS="866" WIDTH="30" HEIGHT="0" />
            <String ID="Word_16929" HPOS="216" VPOS="866" WIDTH="160" HEIGHT="38" CONTENT="denken." />
            <SP ID="SP_15009" HPOS="376" VPOS="866" WIDTH="58" HEIGHT="0" />
            <String ID="Word_16930" HPOS="434" VPOS="866" WIDTH="129" HEIGHT="38" CONTENT="Wenn" />
            <SP ID="SP_15010" HPOS="563" VPOS="866" WIDTH="29" HEIGHT="0" />
            <String ID="Word_16931" HPOS="592" VPOS="866" WIDTH="61" HEIGHT="38" CONTENT="ich" />
            <SP ID="SP_15011" HPOS="653" VPOS="866" WIDTH="29" HEIGHT="0" />
            <String ID="Word_16932" HPOS="682" VPOS="866" WIDTH="99" HEIGHT="38" CONTENT="auch" />
            <SP ID="SP_15012" HPOS="781" VPOS="865" WIDTH="21" HEIGHT="0" />
            <String ID="Word_16933" HPOS="802" VPOS="865" WIDTH="217" HEIGHT="39" CONTENT="Genaueres" />
            <SP ID="SP_15013" HPOS="1019" VPOS="865" WIDTH="29" HEIGHT="0" />
            <String ID="Word_16934" HPOS="1048" VPOS="865" WIDTH="95" HEIGHT="37" CONTENT="über" />
            <SP ID="SP_15014" HPOS="1143" VPOS="865" WIDTH="31" HEIGHT="0" />
            <String ID="Word_16935" HPOS="1174" VPOS="865" WIDTH="60" HEIGHT="37" CONTENT="die" />
            <SP ID="SP_15015" HPOS="1234" VPOS="863" WIDTH="21" HEIGHT="0" />
            <String ID="Word_16936" HPOS="1255" VPOS="863" WIDTH="74" HEIGHT="39" CONTENT="Art" />
            <SP ID="SP_15016" HPOS="1329" VPOS="863" WIDTH="29" HEIGHT="0" />
            <String ID="Word_16937" HPOS="1358" VPOS="864" WIDTH="65" HEIGHT="38" CONTENT="des" />
            <SP ID="SP_15017" HPOS="1423" VPOS="863" WIDTH="19" HEIGHT="0" />
            <String ID="Word_16938" HPOS="1442" VPOS="863" WIDTH="245" HEIGHT="38" CONTENT="Verbindens" />
          </TextLine>
          <TextLine ID="TextLine_1926" HPOS="84" VPOS="917" WIDTH="1602" HEIGHT="52">
            <String ID="Word_16939" HPOS="84" VPOS="921" WIDTH="40" HEIGHT="37" CONTENT="in" />
            <SP ID="SP_15018" HPOS="124" VPOS="921" WIDTH="28" HEIGHT="0" />
            <String ID="Word_16940" HPOS="152" VPOS="934" WIDTH="34" HEIGHT="23" CONTENT="V." />
            <SP ID="SP_15019" HPOS="186" VPOS="919" WIDTH="32" HEIGHT="0" />
            <String ID="Word_16941" HPOS="218" VPOS="919" WIDTH="169" HEIGHT="38" CONTENT="Pitha's" />
            <SP ID="SP_15020" HPOS="387" VPOS="918" WIDTH="29" HEIGHT="0" />
            <String ID="Word_16942" HPOS="416" VPOS="918" WIDTH="139" HEIGHT="40" CONTENT="Arbeit" />
            <SP ID="SP_15021" HPOS="555" VPOS="918" WIDTH="27" HEIGHT="0" />
            <String ID="Word_16943" HPOS="582" VPOS="919" WIDTH="109" HEIGHT="39" CONTENT="nicht" />
            <SP ID="SP_15022" HPOS="691" VPOS="919" WIDTH="27" HEIGHT="0" />
            <String ID="Word_16944" HPOS="718" VPOS="919" WIDTH="130" HEIGHT="39" CONTENT="finden" />
            <SP ID="SP_15023" HPOS="848" VPOS="919" WIDTH="29" HEIGHT="0" />
            <String ID="Word_16945" HPOS="877" VPOS="920" WIDTH="123" HEIGHT="37" CONTENT="kann," />
            <SP ID="SP_15024" HPOS="1000" VPOS="920" WIDTH="41" HEIGHT="0" />
            <String ID="Word_16946" HPOS="1041" VPOS="932" WIDTH="41" HEIGHT="25" CONTENT="so" />
            <SP ID="SP_15025" HPOS="1082" VPOS="919" WIDTH="35" HEIGHT="0" />
            <String ID="Word_16947" HPOS="1117" VPOS="931" WIDTH="102" HEIGHT="25" CONTENT="zeigt" />
            <SP ID="SP_15026" HPOS="1219" VPOS="917" WIDTH="29" HEIGHT="0" />
            <String ID="Word_16948" HPOS="1248" VPOS="917" WIDTH="98" HEIGHT="39" CONTENT="doch" />
            <SP ID="SP_15027" HPOS="1346" VPOS="917" WIDTH="31" HEIGHT="0" />
            <String ID="Word_16949" HPOS="1377" VPOS="918" WIDTH="67" HEIGHT="38" CONTENT="der" />
            <SP ID="SP_15028" HPOS="1444" VPOS="917" WIDTH="29" HEIGHT="0" />
            <String ID="Word_16950" HPOS="1473" VPOS="917" WIDTH="120" HEIGHT="38" CONTENT="schon" />
            <SP ID="SP_15029" HPOS="1593" VPOS="917" WIDTH="31" HEIGHT="0" />
            <String ID="Word_16951" HPOS="1624" VPOS="930" WIDTH="62" HEIGHT="25" CONTENT="er-" />
          </TextLine>
          <TextLine ID="TextLine_1927" HPOS="84" VPOS="970" WIDTH="1603" HEIGHT="47">
            <String ID="Word_16952" HPOS="84" VPOS="975" WIDTH="154" HEIGHT="36" CONTENT="wähnte" />
            <SP ID="SP_15030" HPOS="238" VPOS="972" WIDTH="28" HEIGHT="0" />
            <String ID="Word_16953" HPOS="266" VPOS="972" WIDTH="202" HEIGHT="39" CONTENT="Umstand," />
            <SP ID="SP_15031" HPOS="468" VPOS="972" WIDTH="33" HEIGHT="0" />
            <String ID="Word_16954" HPOS="501" VPOS="974" WIDTH="86" HEIGHT="37" CONTENT="dass" />
            <SP ID="SP_15032" HPOS="587" VPOS="973" WIDTH="31" HEIGHT="0" />
            <String ID="Word_16955" HPOS="618" VPOS="973" WIDTH="59" HEIGHT="38" CONTENT="die" />
            <SP ID="SP_15033" HPOS="677" VPOS="973" WIDTH="29" HEIGHT="0" />
            <String ID="Word_16956" HPOS="706" VPOS="973" WIDTH="182" HEIGHT="38" CONTENT="Wunden" />
            <SP ID="SP_15034" HPOS="888" VPOS="972" WIDTH="30" HEIGHT="0" />
            <String ID="Word_16957" HPOS="918" VPOS="972" WIDTH="118" HEIGHT="39" CONTENT="schon" />
            <SP ID="SP_15035" HPOS="1036" VPOS="972" WIDTH="30" HEIGHT="0" />
            <String ID="Word_16958" HPOS="1066" VPOS="972" WIDTH="99" HEIGHT="38" CONTENT="nach" />
            <SP ID="SP_15036" HPOS="1165" VPOS="972" WIDTH="29" HEIGHT="0" />
            <String ID="Word_16959" HPOS="1194" VPOS="973" WIDTH="70" HEIGHT="37" CONTENT="den" />
            <SP ID="SP_15037" HPOS="1264" VPOS="973" WIDTH="33" HEIGHT="0" />
            <String ID="Word_16960" HPOS="1297" VPOS="974" WIDTH="128" HEIGHT="36" CONTENT="ersten" />
            <SP ID="SP_15038" HPOS="1425" VPOS="970" WIDTH="29" HEIGHT="0" />
            <String ID="Word_16961" HPOS="1454" VPOS="970" WIDTH="233" HEIGHT="39" CONTENT="Verbänden" />
          </TextLine>
          <TextLine ID="TextLine_1928" HPOS="84" VPOS="1024" WIDTH="1603" HEIGHT="53">
            <String ID="Word_16962" HPOS="84" VPOS="1027" WIDTH="142" HEIGHT="38" CONTENT="inficirt" />
            <SP ID="SP_15039" HPOS="226" VPOS="1027" WIDTH="28" HEIGHT="0" />
            <String ID="Word_16963" HPOS="254" VPOS="1040" WIDTH="46" HEIGHT="24" CONTENT="zu" />
            <SP ID="SP_15040" HPOS="300" VPOS="1026" WIDTH="20" HEIGHT="0" />
            <String ID="Word_16964" HPOS="320" VPOS="1026" WIDTH="81" HEIGHT="38" CONTENT="sein" />
            <SP ID="SP_15041" HPOS="401" VPOS="1026" WIDTH="19" HEIGHT="0" />
            <String ID="Word_16965" HPOS="420" VPOS="1027" WIDTH="181" HEIGHT="49" CONTENT="pflegten," />
            <SP ID="SP_15042" HPOS="601" VPOS="1026" WIDTH="32" HEIGHT="0" />
            <String ID="Word_16966" HPOS="633" VPOS="1026" WIDTH="128" HEIGHT="38" CONTENT="ferner" />
            <SP ID="SP_15043" HPOS="761" VPOS="1026" WIDTH="21" HEIGHT="0" />
            <String ID="Word_16967" HPOS="782" VPOS="1027" WIDTH="58" HEIGHT="37" CONTENT="die" />
            <SP ID="SP_15044" HPOS="840" VPOS="1026" WIDTH="22" HEIGHT="0" />
            <String ID="Word_16968" HPOS="862" VPOS="1026" WIDTH="348" HEIGHT="38" CONTENT="ausserordentlich" />
            <SP ID="SP_15045" HPOS="1210" VPOS="1026" WIDTH="21" HEIGHT="0" />
            <String ID="Word_16969" HPOS="1231" VPOS="1026" WIDTH="208" HEIGHT="38" CONTENT="schweren," />
            <SP ID="SP_15046" HPOS="1439" VPOS="1026" WIDTH="27" HEIGHT="0" />
            <String ID="Word_16970" HPOS="1466" VPOS="1038" WIDTH="87" HEIGHT="24" CONTENT="zum" />
            <SP ID="SP_15047" HPOS="1553" VPOS="1024" WIDTH="22" HEIGHT="0" />
            <String ID="Word_16971" HPOS="1575" VPOS="1024" WIDTH="112" HEIGHT="38" CONTENT="Theil" />
          </TextLine>
          <TextLine ID="TextLine_1929" HPOS="83" VPOS="1079" WIDTH="1604" HEIGHT="52">
            <String ID="Word_16972" HPOS="83" VPOS="1081" WIDTH="133" HEIGHT="37" CONTENT="rapide" />
            <SP ID="SP_15048" HPOS="216" VPOS="1080" WIDTH="30" HEIGHT="0" />
            <String ID="Word_16973" HPOS="246" VPOS="1080" WIDTH="273" HEIGHT="38" CONTENT="verlaufenden" />
            <SP ID="SP_15049" HPOS="519" VPOS="1080" WIDTH="28" HEIGHT="0" />
            <String ID="Word_16974" HPOS="547" VPOS="1080" WIDTH="178" HEIGHT="38" CONTENT="Formen," />
            <SP ID="SP_15050" HPOS="725" VPOS="1080" WIDTH="33" HEIGHT="0" />
            <String ID="Word_16975" HPOS="758" VPOS="1081" WIDTH="86" HEIGHT="37" CONTENT="dass" />
            <SP ID="SP_15051" HPOS="844" VPOS="1081" WIDTH="31" HEIGHT="0" />
            <String ID="Word_16976" HPOS="875" VPOS="1081" WIDTH="67" HEIGHT="37" CONTENT="der" />
            <SP ID="SP_15052" HPOS="942" VPOS="1079" WIDTH="30" HEIGHT="0" />
            <String ID="Word_16977" HPOS="972" VPOS="1079" WIDTH="140" HEIGHT="39" CONTENT="Schutz" />
            <SP ID="SP_15053" HPOS="1112" VPOS="1079" WIDTH="29" HEIGHT="0" />
            <String ID="Word_16978" HPOS="1141" VPOS="1093" WIDTH="127" HEIGHT="38" CONTENT="gegen" />
            <SP ID="SP_15054" HPOS="1268" VPOS="1079" WIDTH="19" HEIGHT="0" />
            <String ID="Word_16979" HPOS="1287" VPOS="1079" WIDTH="305" HEIGHT="51" CONTENT="Uebertragung" />
            <SP ID="SP_15055" HPOS="1592" VPOS="1079" WIDTH="20" HEIGHT="0" />
            <String ID="Word_16980" HPOS="1612" VPOS="1092" WIDTH="75" HEIGHT="24" CONTENT="nur" />
          </TextLine>
          <TextLine ID="TextLine_1930" HPOS="84" VPOS="1132" WIDTH="1600" HEIGHT="52">
            <String ID="Word_16981" HPOS="84" VPOS="1134" WIDTH="138" HEIGHT="50" CONTENT="gering" />
            <SP ID="SP_15056" HPOS="222" VPOS="1133" WIDTH="28" HEIGHT="0" />
            <String ID="Word_16982" HPOS="250" VPOS="1133" WIDTH="82" HEIGHT="38" CONTENT="sein" />
            <SP ID="SP_15057" HPOS="332" VPOS="1133" WIDTH="28" HEIGHT="0" />
            <String ID="Word_16983" HPOS="360" VPOS="1134" WIDTH="157" HEIGHT="37" CONTENT="konnte." />
            <SP ID="SP_15058" HPOS="517" VPOS="1133" WIDTH="59" HEIGHT="0" />
            <String ID="Word_16984" HPOS="576" VPOS="1133" WIDTH="115" HEIGHT="38" CONTENT="Trotz" />
            <SP ID="SP_15059" HPOS="691" VPOS="1133" WIDTH="30" HEIGHT="0" />
            <String ID="Word_16985" HPOS="721" VPOS="1134" WIDTH="163" HEIGHT="37" CONTENT="alledem" />
            <SP ID="SP_15060" HPOS="884" VPOS="1133" WIDTH="29" HEIGHT="0" />
            <String ID="Word_16986" HPOS="913" VPOS="1133" WIDTH="119" HEIGHT="38" CONTENT="sehen" />
            <SP ID="SP_15061" HPOS="1032" VPOS="1133" WIDTH="28" HEIGHT="0" />
            <String ID="Word_16987" HPOS="1060" VPOS="1134" WIDTH="71" HEIGHT="38" CONTENT="wir" />
            <SP ID="SP_15062" HPOS="1131" VPOS="1134" WIDTH="30" HEIGHT="0" />
            <String ID="Word_16988" HPOS="1161" VPOS="1134" WIDTH="99" HEIGHT="38" CONTENT="doch" />
            <SP ID="SP_15063" HPOS="1260" VPOS="1134" WIDTH="19" HEIGHT="0" />
            <String ID="Word_16989" HPOS="1279" VPOS="1146" WIDTH="112" HEIGHT="25" CONTENT="unter" />
            <SP ID="SP_15064" HPOS="1391" VPOS="1133" WIDTH="21" HEIGHT="0" />
            <String ID="Word_16990" HPOS="1412" VPOS="1133" WIDTH="73" HEIGHT="37" CONTENT="den" />
            <SP ID="SP_15065" HPOS="1485" VPOS="1132" WIDTH="21" HEIGHT="0" />
            <String ID="Word_16991" HPOS="1506" VPOS="1132" WIDTH="178" HEIGHT="38" CONTENT="schlech-" />
          </TextLine>
          <TextLine ID="TextLine_1931" HPOS="86" VPOS="1186" WIDTH="1601" HEIGHT="52">
            <String ID="Word_16992" HPOS="86" VPOS="1189" WIDTH="126" HEIGHT="37" CONTENT="testen" />
            <SP ID="SP_15066" HPOS="212" VPOS="1187" WIDTH="19" HEIGHT="0" />
            <String ID="Word_16993" HPOS="231" VPOS="1187" WIDTH="305" HEIGHT="38" CONTENT="Verhältnissen," />
            <SP ID="SP_15067" HPOS="536" VPOS="1187" WIDTH="33" HEIGHT="0" />
            <String ID="Word_16994" HPOS="569" VPOS="1187" WIDTH="86" HEIGHT="38" CONTENT="dass" />
            <SP ID="SP_15068" HPOS="655" VPOS="1187" WIDTH="29" HEIGHT="0" />
            <String ID="Word_16995" HPOS="684" VPOS="1188" WIDTH="138" HEIGHT="37" CONTENT="immer" />
            <SP ID="SP_15069" HPOS="822" VPOS="1187" WIDTH="19" HEIGHT="0" />
            <String ID="Word_16996" HPOS="841" VPOS="1187" WIDTH="100" HEIGHT="38" CONTENT="noch" />
            <SP ID="SP_15070" HPOS="941" VPOS="1187" WIDTH="21" HEIGHT="0" />
            <String ID="Word_16997" HPOS="962" VPOS="1188" WIDTH="83" HEIGHT="37" CONTENT="eine" />
            <SP ID="SP_15071" HPOS="1045" VPOS="1187" WIDTH="16" HEIGHT="0" />
            <String ID="Word_16998" HPOS="1061" VPOS="1187" WIDTH="175" HEIGHT="51" CONTENT="gewisse," />
            <SP ID="SP_15072" HPOS="1236" VPOS="1187" WIDTH="33" HEIGHT="0" />
            <String ID="Word_16999" HPOS="1269" VPOS="1187" WIDTH="109" HEIGHT="37" CONTENT="mehr" />
            <SP ID="SP_15073" HPOS="1378" VPOS="1187" WIDTH="24" HEIGHT="0" />
            <String ID="Word_17000" HPOS="1402" VPOS="1187" WIDTH="93" HEIGHT="37" CONTENT="oder" />
            <SP ID="SP_15074" HPOS="1495" VPOS="1186" WIDTH="19" HEIGHT="0" />
            <String ID="Word_17001" HPOS="1514" VPOS="1186" WIDTH="173" HEIGHT="51" CONTENT="weniger" />
          </TextLine>
          <TextLine ID="TextLine_1932" HPOS="80" VPOS="1240" WIDTH="1605" HEIGHT="52">
            <String ID="Word_17002" HPOS="80" VPOS="1254" WIDTH="138" HEIGHT="38" CONTENT="grosse" />
            <SP ID="SP_15075" HPOS="218" VPOS="1240" WIDTH="38" HEIGHT="0" />
            <String ID="Word_17003" HPOS="256" VPOS="1240" WIDTH="95" HEIGHT="38" CONTENT="Zahl" />
            <SP ID="SP_15076" HPOS="351" VPOS="1240" WIDTH="38" HEIGHT="0" />
            <String ID="Word_17004" HPOS="389" VPOS="1254" WIDTH="74" HEIGHT="24" CONTENT="von" />
            <SP ID="SP_15077" HPOS="463" VPOS="1240" WIDTH="37" HEIGHT="0" />
            <String ID="Word_17005" HPOS="500" VPOS="1240" WIDTH="183" HEIGHT="38" CONTENT="Kranken" />
            <SP ID="SP_15078" HPOS="683" VPOS="1240" WIDTH="37" HEIGHT="0" />
            <String ID="Word_17006" HPOS="720" VPOS="1241" WIDTH="70" HEIGHT="37" CONTENT="mit" />
            <SP ID="SP_15079" HPOS="790" VPOS="1241" WIDTH="36" HEIGHT="0" />
            <String ID="Word_17007" HPOS="826" VPOS="1241" WIDTH="133" HEIGHT="38" CONTENT="reinen" />
            <SP ID="SP_15080" HPOS="959" VPOS="1241" WIDTH="30" HEIGHT="0" />
            <String ID="Word_17008" HPOS="989" VPOS="1241" WIDTH="181" HEIGHT="38" CONTENT="Wunden" />
            <SP ID="SP_15081" HPOS="1170" VPOS="1241" WIDTH="37" HEIGHT="0" />
            <String ID="Word_17009" HPOS="1207" VPOS="1241" WIDTH="125" HEIGHT="37" CONTENT="neben" />
            <SP ID="SP_15082" HPOS="1332" VPOS="1241" WIDTH="39" HEIGHT="0" />
            <String ID="Word_17010" HPOS="1371" VPOS="1241" WIDTH="73" HEIGHT="37" CONTENT="den" />
            <SP ID="SP_15083" HPOS="1444" VPOS="1240" WIDTH="37" HEIGHT="0" />
            <String ID="Word_17011" HPOS="1481" VPOS="1240" WIDTH="204" HEIGHT="50" CONTENT="Hospital-" />
          </TextLine>
          <TextLine ID="TextLine_1933" HPOS="84" VPOS="1294" WIDTH="1601" HEIGHT="52">
            <String ID="Word_17012" HPOS="84" VPOS="1294" WIDTH="212" HEIGHT="51" CONTENT="brandigen" />
            <SP ID="SP_15084" HPOS="296" VPOS="1294" WIDTH="29" HEIGHT="0" />
            <String ID="Word_17013" HPOS="325" VPOS="1294" WIDTH="125" HEIGHT="51" CONTENT="lagen." />
            <SP ID="SP_15085" HPOS="450" VPOS="1294" WIDTH="57" HEIGHT="0" />
            <String ID="Word_17014" HPOS="507" VPOS="1294" WIDTH="67" HEIGHT="38" CONTENT="Ich" />
            <SP ID="SP_15086" HPOS="574" VPOS="1294" WIDTH="29" HEIGHT="0" />
            <String ID="Word_17015" HPOS="603" VPOS="1294" WIDTH="179" HEIGHT="38" CONTENT="brauche," />
            <SP ID="SP_15087" HPOS="782" VPOS="1294" WIDTH="32" HEIGHT="0" />
            <String ID="Word_17016" HPOS="814" VPOS="1308" WIDTH="65" HEIGHT="24" CONTENT="um" />
            <SP ID="SP_15088" HPOS="879" VPOS="1295" WIDTH="29" HEIGHT="0" />
            <String ID="Word_17017" HPOS="908" VPOS="1295" WIDTH="80" HEIGHT="37" CONTENT="dies" />
            <SP ID="SP_15089" HPOS="988" VPOS="1295" WIDTH="30" HEIGHT="0" />
            <String ID="Word_17018" HPOS="1018" VPOS="1308" WIDTH="46" HEIGHT="24" CONTENT="zu" />
            <SP ID="SP_15090" HPOS="1064" VPOS="1295" WIDTH="30" HEIGHT="0" />
            <String ID="Word_17019" HPOS="1094" VPOS="1295" WIDTH="180" HEIGHT="51" CONTENT="belegen," />
            <SP ID="SP_15091" HPOS="1274" VPOS="1295" WIDTH="39" HEIGHT="0" />
            <String ID="Word_17020" HPOS="1313" VPOS="1308" WIDTH="73" HEIGHT="24" CONTENT="nur" />
            <SP ID="SP_15092" HPOS="1386" VPOS="1294" WIDTH="37" HEIGHT="0" />
            <String ID="Word_17021" HPOS="1423" VPOS="1294" WIDTH="70" HEIGHT="38" CONTENT="auf" />
            <SP ID="SP_15093" HPOS="1493" VPOS="1294" WIDTH="33" HEIGHT="0" />
            <String ID="Word_17022" HPOS="1526" VPOS="1294" WIDTH="59" HEIGHT="38" CONTENT="die" />
            <SP ID="SP_15094" HPOS="1585" VPOS="1294" WIDTH="31" HEIGHT="0" />
            <String ID="Word_17023" HPOS="1616" VPOS="1307" WIDTH="69" HEIGHT="24" CONTENT="an-" />
          </TextLine>
          <TextLine ID="TextLine_1934" HPOS="86" VPOS="1346" WIDTH="1599" HEIGHT="52">
            <String ID="Word_17024" HPOS="86" VPOS="1348" WIDTH="208" HEIGHT="49" CONTENT="geführten" />
            <SP ID="SP_15095" HPOS="294" VPOS="1348" WIDTH="28" HEIGHT="0" />
            <String ID="Word_17025" HPOS="322" VPOS="1348" WIDTH="180" HEIGHT="37" CONTENT="Berichte" />
            <SP ID="SP_15096" HPOS="502" VPOS="1348" WIDTH="28" HEIGHT="0" />
            <String ID="Word_17026" HPOS="530" VPOS="1361" WIDTH="75" HEIGHT="25" CONTENT="von" />
            <SP ID="SP_15097" HPOS="605" VPOS="1348" WIDTH="28" HEIGHT="0" />
            <String ID="Word_17027" HPOS="633" VPOS="1348" WIDTH="164" HEIGHT="38" CONTENT="Moore" />
            <SP ID="SP_15098" HPOS="797" VPOS="1348" WIDTH="37" HEIGHT="0" />
            <String ID="Word_17028" HPOS="834" VPOS="1349" WIDTH="78" HEIGHT="37" CONTENT="und" />
            <SP ID="SP_15099" HPOS="912" VPOS="1348" WIDTH="29" HEIGHT="0" />
            <String ID="Word_17029" HPOS="941" VPOS="1348" WIDTH="186" HEIGHT="38" CONTENT="Marmy" />
            <SP ID="SP_15100" HPOS="1127" VPOS="1348" WIDTH="39" HEIGHT="0" />
            <String ID="Word_17030" HPOS="1166" VPOS="1348" WIDTH="347" HEIGHT="38" CONTENT="zurückzuweisen." />
            <SP ID="SP_15101" HPOS="1513" VPOS="1346" WIDTH="58" HEIGHT="0" />
            <String ID="Word_17031" HPOS="1571" VPOS="1346" WIDTH="114" HEIGHT="39" CONTENT="Auch" />
          </TextLine>
          <TextLine ID="TextLine_1935" HPOS="85" VPOS="1401" WIDTH="1600" HEIGHT="51">
            <String ID="Word_17032" HPOS="85" VPOS="1401" WIDTH="221" HEIGHT="49" CONTENT="Delpech" />
            <SP ID="SP_15102" HPOS="306" VPOS="1401" WIDTH="32" HEIGHT="0" />
            <String ID="Word_17033" HPOS="338" VPOS="1401" WIDTH="108" HEIGHT="51" CONTENT="giebt" />
            <SP ID="SP_15103" HPOS="446" VPOS="1401" WIDTH="37" HEIGHT="0" />
            <String ID="Word_17034" HPOS="483" VPOS="1415" WIDTH="66" HEIGHT="24" CONTENT="an:" />
            <SP ID="SP_15104" HPOS="549" VPOS="1401" WIDTH="45" HEIGHT="0" />
            <String ID="Word_17035" HPOS="594" VPOS="1401" WIDTH="121" HEIGHT="46" CONTENT="„Legt" />
            <SP ID="SP_15105" HPOS="715" VPOS="1401" WIDTH="35" HEIGHT="0" />
            <String ID="Word_17036" HPOS="750" VPOS="1415" WIDTH="89" HEIGHT="24" CONTENT="man" />
            <SP ID="SP_15106" HPOS="839" VPOS="1402" WIDTH="30" HEIGHT="0" />
            <String ID="Word_17037" HPOS="869" VPOS="1402" WIDTH="74" HEIGHT="38" CONTENT="alle" />
            <SP ID="SP_15107" HPOS="943" VPOS="1402" WIDTH="37" HEIGHT="0" />
            <String ID="Word_17038" HPOS="980" VPOS="1415" WIDTH="88" HEIGHT="25" CONTENT="vom" />
            <SP ID="SP_15108" HPOS="1068" VPOS="1402" WIDTH="37" HEIGHT="0" />
            <String ID="Word_17039" HPOS="1105" VPOS="1402" WIDTH="306" HEIGHT="50" CONTENT="Hospitalbrand" />
            <SP ID="SP_15109" HPOS="1411" VPOS="1401" WIDTH="39" HEIGHT="0" />
            <String ID="Word_17040" HPOS="1450" VPOS="1401" WIDTH="235" HEIGHT="50" CONTENT="ergriffenen" />
          </TextLine>
          <TextLine ID="TextLine_1936" HPOS="84" VPOS="1454" WIDTH="1603" HEIGHT="52">
            <String ID="Word_17041" HPOS="84" VPOS="1454" WIDTH="185" HEIGHT="38" CONTENT="Kranken" />
            <SP ID="SP_15110" HPOS="269" VPOS="1454" WIDTH="28" HEIGHT="0" />
            <String ID="Word_17042" HPOS="297" VPOS="1454" WIDTH="40" HEIGHT="38" CONTENT="in" />
            <SP ID="SP_15111" HPOS="337" VPOS="1454" WIDTH="30" HEIGHT="0" />
            <String ID="Word_17043" HPOS="367" VPOS="1455" WIDTH="71" HEIGHT="37" CONTENT="den" />
            <SP ID="SP_15112" HPOS="438" VPOS="1455" WIDTH="21" HEIGHT="0" />
            <String ID="Word_17044" HPOS="459" VPOS="1455" WIDTH="158" HEIGHT="38" CONTENT="Winkel" />
            <SP ID="SP_15113" HPOS="617" VPOS="1455" WIDTH="30" HEIGHT="0" />
            <String ID="Word_17045" HPOS="647" VPOS="1456" WIDTH="102" HEIGHT="37" CONTENT="eines" />
            <SP ID="SP_15114" HPOS="749" VPOS="1456" WIDTH="20" HEIGHT="0" />
            <String ID="Word_17046" HPOS="769" VPOS="1456" WIDTH="251" HEIGHT="49" CONTENT="geräumigen" />
            <SP ID="SP_15115" HPOS="1020" VPOS="1455" WIDTH="22" HEIGHT="0" />
            <String ID="Word_17047" HPOS="1042" VPOS="1455" WIDTH="119" HEIGHT="38" CONTENT="Saals," />
            <SP ID="SP_15116" HPOS="1161" VPOS="1455" WIDTH="31" HEIGHT="0" />
            <String ID="Word_17048" HPOS="1192" VPOS="1469" WIDTH="41" HEIGHT="24" CONTENT="so" />
            <SP ID="SP_15117" HPOS="1233" VPOS="1456" WIDTH="30" HEIGHT="0" />
            <String ID="Word_17049" HPOS="1263" VPOS="1456" WIDTH="156" HEIGHT="37" CONTENT="können" />
            <SP ID="SP_15118" HPOS="1419" VPOS="1455" WIDTH="20" HEIGHT="0" />
            <String ID="Word_17050" HPOS="1439" VPOS="1455" WIDTH="59" HEIGHT="37" CONTENT="die" />
            <SP ID="SP_15119" HPOS="1498" VPOS="1455" WIDTH="21" HEIGHT="0" />
            <String ID="Word_17051" HPOS="1519" VPOS="1455" WIDTH="168" HEIGHT="50" CONTENT="übrigen" />
          </TextLine>
          <TextLine ID="TextLine_1937" HPOS="83" VPOS="1507" WIDTH="1597" HEIGHT="52">
            <String ID="Word_17052" HPOS="83" VPOS="1507" WIDTH="204" HEIGHT="45" CONTENT="Kranken," />
            <SP ID="SP_15120" HPOS="287" VPOS="1507" WIDTH="38" HEIGHT="0" />
            <String ID="Word_17053" HPOS="325" VPOS="1508" WIDTH="231" HEIGHT="50" CONTENT="wenigstens" />
            <SP ID="SP_15121" HPOS="556" VPOS="1508" WIDTH="39" HEIGHT="0" />
            <String ID="Word_17054" HPOS="595" VPOS="1509" WIDTH="69" HEIGHT="37" CONTENT="auf" />
            <SP ID="SP_15122" HPOS="664" VPOS="1509" WIDTH="33" HEIGHT="0" />
            <String ID="Word_17055" HPOS="697" VPOS="1509" WIDTH="125" HEIGHT="50" CONTENT="einige" />
            <SP ID="SP_15123" HPOS="822" VPOS="1509" WIDTH="30" HEIGHT="0" />
            <String ID="Word_17056" HPOS="852" VPOS="1509" WIDTH="99" HEIGHT="38" CONTENT="Zeit," />
            <SP ID="SP_15124" HPOS="951" VPOS="1509" WIDTH="40" HEIGHT="0" />
            <String ID="Word_17057" HPOS="991" VPOS="1523" WIDTH="75" HEIGHT="23" CONTENT="von" />
            <SP ID="SP_15125" HPOS="1066" VPOS="1509" WIDTH="28" HEIGHT="0" />
            <String ID="Word_17058" HPOS="1094" VPOS="1509" WIDTH="256" HEIGHT="38" CONTENT="Ansteckung" />
            <SP ID="SP_15126" HPOS="1350" VPOS="1508" WIDTH="36" HEIGHT="0" />
            <String ID="Word_17059" HPOS="1386" VPOS="1508" WIDTH="74" HEIGHT="38" CONTENT="frei" />
            <SP ID="SP_15127" HPOS="1460" VPOS="1508" WIDTH="27" HEIGHT="0" />
            <String ID="Word_17060" HPOS="1487" VPOS="1508" WIDTH="193" HEIGHT="38" CONTENT="bleiben.&quot;" />
          </TextLine>
          <TextLine ID="TextLine_1938" HPOS="84" VPOS="1561" WIDTH="1599" HEIGHT="50">
            <String ID="Word_17061" HPOS="84" VPOS="1561" WIDTH="45" HEIGHT="37" CONTENT="In" />
            <SP ID="SP_15128" HPOS="129" VPOS="1561" WIDTH="31" HEIGHT="0" />
            <String ID="Word_17062" HPOS="160" VPOS="1562" WIDTH="65" HEIGHT="36" CONTENT="der" />
            <SP ID="SP_15129" HPOS="225" VPOS="1562" WIDTH="29" HEIGHT="0" />
            <String ID="Word_17063" HPOS="254" VPOS="1564" WIDTH="179" HEIGHT="46" CONTENT="späteren" />
            <SP ID="SP_15130" HPOS="433" VPOS="1561" WIDTH="31" HEIGHT="0" />
            <String ID="Word_17064" HPOS="464" VPOS="1561" WIDTH="94" HEIGHT="45" CONTENT="Zeit," />
            <SP ID="SP_15131" HPOS="558" VPOS="1561" WIDTH="32" HEIGHT="0" />
            <String ID="Word_17065" HPOS="590" VPOS="1562" WIDTH="101" HEIGHT="38" CONTENT="noch" />
            <SP ID="SP_15132" HPOS="691" VPOS="1562" WIDTH="27" HEIGHT="0" />
            <String ID="Word_17066" HPOS="718" VPOS="1562" WIDTH="115" HEIGHT="49" CONTENT="lange" />
            <SP ID="SP_15133" HPOS="833" VPOS="1562" WIDTH="31" HEIGHT="0" />
            <String ID="Word_17067" HPOS="864" VPOS="1576" WIDTH="67" HEIGHT="24" CONTENT="vor" />
            <SP ID="SP_15134" HPOS="931" VPOS="1563" WIDTH="30" HEIGHT="0" />
            <String ID="Word_17068" HPOS="961" VPOS="1563" WIDTH="87" HEIGHT="37" CONTENT="dem" />
            <SP ID="SP_15135" HPOS="1048" VPOS="1563" WIDTH="30" HEIGHT="0" />
            <String ID="Word_17069" HPOS="1078" VPOS="1565" WIDTH="126" HEIGHT="35" CONTENT="ersten" />
            <SP ID="SP_15136" HPOS="1204" VPOS="1562" WIDTH="29" HEIGHT="0" />
            <String ID="Word_17070" HPOS="1233" VPOS="1562" WIDTH="212" HEIGHT="38" CONTENT="Dämmern" />
            <SP ID="SP_15137" HPOS="1445" VPOS="1562" WIDTH="38" HEIGHT="0" />
            <String ID="Word_17071" HPOS="1483" VPOS="1562" WIDTH="67" HEIGHT="37" CONTENT="der" />
            <SP ID="SP_15138" HPOS="1550" VPOS="1562" WIDTH="30" HEIGHT="0" />
            <String ID="Word_17072" HPOS="1580" VPOS="1562" WIDTH="103" HEIGHT="37" CONTENT="anti-" />
          </TextLine>
          <TextLine ID="TextLine_1939" HPOS="82" VPOS="1614" WIDTH="1602" HEIGHT="52">
            <String ID="Word_17073" HPOS="82" VPOS="1614" WIDTH="218" HEIGHT="49" CONTENT="septischen" />
            <SP ID="SP_15139" HPOS="300" VPOS="1614" WIDTH="30" HEIGHT="0" />
            <String ID="Word_17074" HPOS="330" VPOS="1614" WIDTH="397" HEIGHT="52" CONTENT="Wundbehandlung," />
            <SP ID="SP_15140" HPOS="727" VPOS="1614" WIDTH="38" HEIGHT="0" />
            <String ID="Word_17075" HPOS="765" VPOS="1616" WIDTH="131" HEIGHT="37" CONTENT="wurde" />
            <SP ID="SP_15141" HPOS="896" VPOS="1616" WIDTH="39" HEIGHT="0" />
            <String ID="Word_17076" HPOS="935" VPOS="1616" WIDTH="59" HEIGHT="37" CONTENT="die" />
            <SP ID="SP_15142" HPOS="994" VPOS="1615" WIDTH="39" HEIGHT="0" />
            <String ID="Word_17077" HPOS="1033" VPOS="1615" WIDTH="281" HEIGHT="39" CONTENT="Contagiosität" />
            <SP ID="SP_15143" HPOS="1314" VPOS="1615" WIDTH="37" HEIGHT="0" />
            <String ID="Word_17078" HPOS="1351" VPOS="1616" WIDTH="78" HEIGHT="37" CONTENT="und" />
            <SP ID="SP_15144" HPOS="1429" VPOS="1615" WIDTH="40" HEIGHT="0" />
            <String ID="Word_17079" HPOS="1469" VPOS="1615" WIDTH="121" HEIGHT="38" CONTENT="damit" />
            <SP ID="SP_15145" HPOS="1590" VPOS="1615" WIDTH="34" HEIGHT="0" />
            <String ID="Word_17080" HPOS="1624" VPOS="1616" WIDTH="60" HEIGHT="37" CONTENT="die" />
          </TextLine>
          <TextLine ID="TextLine_1940" HPOS="83" VPOS="1667" WIDTH="1600" HEIGHT="53">
            <String ID="Word_17081" HPOS="83" VPOS="1667" WIDTH="407" HEIGHT="38" CONTENT="Verantwortlichkeit" />
            <SP ID="SP_15146" HPOS="490" VPOS="1667" WIDTH="28" HEIGHT="0" />
            <String ID="Word_17082" HPOS="518" VPOS="1669" WIDTH="67" HEIGHT="37" CONTENT="der" />
            <SP ID="SP_15147" HPOS="585" VPOS="1668" WIDTH="27" HEIGHT="0" />
            <String ID="Word_17083" HPOS="612" VPOS="1668" WIDTH="301" HEIGHT="51" CONTENT="Uebertragung" />
            <SP ID="SP_15148" HPOS="913" VPOS="1668" WIDTH="35" HEIGHT="0" />
            <String ID="Word_17084" HPOS="948" VPOS="1669" WIDTH="138" HEIGHT="38" CONTENT="immer" />
            <SP ID="SP_15149" HPOS="1086" VPOS="1669" WIDTH="35" HEIGHT="0" />
            <String ID="Word_17085" HPOS="1121" VPOS="1669" WIDTH="108" HEIGHT="38" CONTENT="mehr" />
            <SP ID="SP_15150" HPOS="1229" VPOS="1669" WIDTH="30" HEIGHT="0" />
            <String ID="Word_17086" HPOS="1259" VPOS="1670" WIDTH="217" HEIGHT="37" CONTENT="anerkannt" />
            <SP ID="SP_15151" HPOS="1476" VPOS="1670" WIDTH="28" HEIGHT="0" />
            <String ID="Word_17087" HPOS="1504" VPOS="1670" WIDTH="80" HEIGHT="37" CONTENT="und" />
            <SP ID="SP_15152" HPOS="1584" VPOS="1669" WIDTH="30" HEIGHT="0" />
            <String ID="Word_17088" HPOS="1614" VPOS="1669" WIDTH="69" HEIGHT="38" CONTENT="be-" />
          </TextLine>
          <TextLine ID="TextLine_1941" HPOS="84" VPOS="1720" WIDTH="1598" HEIGHT="41">
            <String ID="Word_17089" HPOS="84" VPOS="1723" WIDTH="97" HEIGHT="35" CONTENT="tont." />
            <SP ID="SP_15153" HPOS="181" VPOS="1720" WIDTH="59" HEIGHT="0" />
            <String ID="Word_17090" HPOS="240" VPOS="1720" WIDTH="70" HEIGHT="38" CONTENT="Die" />
            <SP ID="SP_15154" HPOS="310" VPOS="1720" WIDTH="20" HEIGHT="0" />
            <String ID="Word_17091" HPOS="330" VPOS="1721" WIDTH="266" HEIGHT="38" CONTENT="Verhältnisse" />
            <SP ID="SP_15155" HPOS="596" VPOS="1721" WIDTH="30" HEIGHT="0" />
            <String ID="Word_17092" HPOS="626" VPOS="1723" WIDTH="197" HEIGHT="37" CONTENT="besserten" />
            <SP ID="SP_15156" HPOS="823" VPOS="1722" WIDTH="30" HEIGHT="0" />
            <String ID="Word_17093" HPOS="853" VPOS="1722" WIDTH="82" HEIGHT="38" CONTENT="sich" />
            <SP ID="SP_15157" HPOS="935" VPOS="1722" WIDTH="30" HEIGHT="0" />
            <String ID="Word_17094" HPOS="965" VPOS="1723" WIDTH="169" HEIGHT="38" CONTENT="dadurch" />
            <SP ID="SP_15158" HPOS="1134" VPOS="1723" WIDTH="21" HEIGHT="0" />
            <String ID="Word_17095" HPOS="1155" VPOS="1723" WIDTH="208" HEIGHT="38" CONTENT="erheblich." />
            <SP ID="SP_15159" HPOS="1363" VPOS="1723" WIDTH="58" HEIGHT="0" />
            <String ID="Word_17096" HPOS="1421" VPOS="1723" WIDTH="46" HEIGHT="37" CONTENT="In" />
            <SP ID="SP_15160" HPOS="1467" VPOS="1723" WIDTH="30" HEIGHT="0" />
            <String ID="Word_17097" HPOS="1497" VPOS="1724" WIDTH="87" HEIGHT="36" CONTENT="dem" />
            <SP ID="SP_15161" HPOS="1584" VPOS="1722" WIDTH="20" HEIGHT="0" />
            <String ID="Word_17098" HPOS="1604" VPOS="1722" WIDTH="78" HEIGHT="38" CONTENT="La-" />
          </TextLine>
          <TextLine ID="TextLine_1942" HPOS="85" VPOS="1774" WIDTH="1597" HEIGHT="52">
            <String ID="Word_17099" HPOS="85" VPOS="1774" WIDTH="131" HEIGHT="38" CONTENT="zareth" />
            <SP ID="SP_15162" HPOS="216" VPOS="1774" WIDTH="40" HEIGHT="0" />
            <String ID="Word_17100" HPOS="256" VPOS="1788" WIDTH="45" HEIGHT="23" CONTENT="zu" />
            <SP ID="SP_15163" HPOS="301" VPOS="1774" WIDTH="36" HEIGHT="0" />
            <String ID="Word_17101" HPOS="337" VPOS="1774" WIDTH="252" HEIGHT="39" CONTENT="Weissenfeis" />
            <SP ID="SP_15164" HPOS="589" VPOS="1774" WIDTH="39" HEIGHT="0" />
            <String ID="Word_17102" HPOS="628" VPOS="1774" WIDTH="134" HEIGHT="50" CONTENT="(1866)" />
            <SP ID="SP_15165" HPOS="762" VPOS="1774" WIDTH="31" HEIGHT="0" />
            <String ID="Word_17103" HPOS="793" VPOS="1789" WIDTH="29" HEIGHT="24" CONTENT="z." />
            <SP ID="SP_15166" HPOS="822" VPOS="1776" WIDTH="32" HEIGHT="0" />
            <String ID="Word_17104" HPOS="854" VPOS="1776" WIDTH="44" HEIGHT="37" CONTENT="B." />
            <SP ID="SP_15167" HPOS="898" VPOS="1776" WIDTH="41" HEIGHT="0" />
            <String ID="Word_17105" HPOS="939" VPOS="1776" WIDTH="117" HEIGHT="38" CONTENT="brach" />
            <SP ID="SP_15168" HPOS="1056" VPOS="1776" WIDTH="37" HEIGHT="0" />
            <String ID="Word_17106" HPOS="1093" VPOS="1791" WIDTH="100" HEIGHT="23" CONTENT="zwar" />
            <SP ID="SP_15169" HPOS="1193" VPOS="1777" WIDTH="41" HEIGHT="0" />
            <String ID="Word_17107" HPOS="1234" VPOS="1777" WIDTH="84" HEIGHT="37" CONTENT="eine" />
            <SP ID="SP_15170" HPOS="1318" VPOS="1776" WIDTH="35" HEIGHT="0" />
            <String ID="Word_17108" HPOS="1353" VPOS="1776" WIDTH="329" HEIGHT="39" CONTENT="Hospitalbrand-" />
          </TextLine>
          <TextLine ID="TextLine_1943" HPOS="89" VPOS="1828" WIDTH="1595" HEIGHT="48">
            <String ID="Word_17109" HPOS="89" VPOS="1828" WIDTH="186" HEIGHT="48" CONTENT="epidemie" />
            <SP ID="SP_15171" HPOS="275" VPOS="1828" WIDTH="34" HEIGHT="0" />
            <String ID="Word_17110" HPOS="309" VPOS="1842" WIDTH="86" HEIGHT="31" CONTENT="aus," />
            <SP ID="SP_15172" HPOS="395" VPOS="1829" WIDTH="40" HEIGHT="0" />
            <String ID="Word_17111" HPOS="435" VPOS="1829" WIDTH="91" HEIGHT="37" CONTENT="aber" />
            <SP ID="SP_15173" HPOS="526" VPOS="1829" WIDTH="37" HEIGHT="0" />
            <String ID="Word_17112" HPOS="563" VPOS="1843" WIDTH="73" HEIGHT="24" CONTENT="von" />
            <SP ID="SP_15174" HPOS="636" VPOS="1830" WIDTH="38" HEIGHT="0" />
            <String ID="Word_17113" HPOS="674" VPOS="1830" WIDTH="74" HEIGHT="37" CONTENT="den" />
            <SP ID="SP_15175" HPOS="748" VPOS="1829" WIDTH="37" HEIGHT="0" />
            <String ID="Word_17114" HPOS="785" VPOS="1829" WIDTH="77" HEIGHT="38" CONTENT="400" />
            <SP ID="SP_15176" HPOS="862" VPOS="1829" WIDTH="39" HEIGHT="0" />
            <String ID="Word_17115" HPOS="901" VPOS="1830" WIDTH="286" HEIGHT="39" CONTENT="Verwundeten" />
            <SP ID="SP_15177" HPOS="1187" VPOS="1830" WIDTH="39" HEIGHT="0" />
            <String ID="Word_17116" HPOS="1226" VPOS="1831" WIDTH="235" HEIGHT="38" CONTENT="erkrankten" />
            <SP ID="SP_15178" HPOS="1461" VPOS="1831" WIDTH="37" HEIGHT="0" />
            <String ID="Word_17117" HPOS="1498" VPOS="1831" WIDTH="186" HEIGHT="38" CONTENT="während" />
          </TextLine>
          <TextLine ID="TextLine_1944" HPOS="87" VPOS="1881" WIDTH="394" HEIGHT="39">
            <String ID="Word_17118" HPOS="87" VPOS="1881" WIDTH="198" HEIGHT="38" CONTENT="derselben" />
            <SP ID="SP_15179" HPOS="285" VPOS="1881" WIDTH="31" HEIGHT="0" />
            <String ID="Word_17119" HPOS="316" VPOS="1895" WIDTH="74" HEIGHT="24" CONTENT="nur" />
            <SP ID="SP_15180" HPOS="390" VPOS="1882" WIDTH="29" HEIGHT="0" />
            <String ID="Word_17120" HPOS="419" VPOS="1882" WIDTH="62" HEIGHT="38" CONTENT="37." />
          </TextLine>
          <TextLine ID="TextLine_1945" HPOS="238" VPOS="2026" WIDTH="1292" HEIGHT="54">
            <String ID="Word_17121" HPOS="238" VPOS="2026" WIDTH="480" HEIGHT="52" CONTENT="Widerstandsfähigkeit" />
            <SP ID="SP_15181" HPOS="718" VPOS="2026" WIDTH="31" HEIGHT="0" />
            <String ID="Word_17122" HPOS="749" VPOS="2040" WIDTH="125" HEIGHT="39" CONTENT="gegen" />
            <SP ID="SP_15182" HPOS="874" VPOS="2030" WIDTH="32" HEIGHT="0" />
            <String ID="Word_17123" HPOS="906" VPOS="2030" WIDTH="62" HEIGHT="40" CONTENT="die" />
            <SP ID="SP_15183" HPOS="968" VPOS="2029" WIDTH="34" HEIGHT="0" />
            <String ID="Word_17124" HPOS="1002" VPOS="2029" WIDTH="528" HEIGHT="42" CONTENT="Hospitalbrandinfection." />
          </TextLine>
          <TextLine ID="TextLine_1946" HPOS="216" VPOS="2134" WIDTH="1465" HEIGHT="55">
            <String ID="Word_17125" HPOS="216" VPOS="2134" WIDTH="126" HEIGHT="39" CONTENT="Selbst" />
            <SP ID="SP_15184" HPOS="342" VPOS="2134" WIDTH="26" HEIGHT="0" />
            <String ID="Word_17126" HPOS="368" VPOS="2135" WIDTH="65" HEIGHT="39" CONTENT="bei" />
            <SP ID="SP_15185" HPOS="433" VPOS="2135" WIDTH="26" HEIGHT="0" />
            <String ID="Word_17127" HPOS="459" VPOS="2137" WIDTH="239" HEIGHT="38" CONTENT="notorischer" />
            <SP ID="SP_15186" HPOS="698" VPOS="2137" WIDTH="19" HEIGHT="0" />
            <String ID="Word_17128" HPOS="717" VPOS="2137" WIDTH="299" HEIGHT="52" CONTENT="Uebertragung" />
            <SP ID="SP_15187" HPOS="1016" VPOS="2137" WIDTH="27" HEIGHT="0" />
            <String ID="Word_17129" HPOS="1043" VPOS="2152" WIDTH="75" HEIGHT="24" CONTENT="von" />
            <SP ID="SP_15188" HPOS="1118" VPOS="2139" WIDTH="21" HEIGHT="0" />
            <String ID="Word_17130" HPOS="1139" VPOS="2139" WIDTH="445" HEIGHT="49" CONTENT="Hospitalbrandjauche" />
            <SP ID="SP_15189" HPOS="1584" VPOS="2139" WIDTH="27" HEIGHT="0" />
            <String ID="Word_17131" HPOS="1611" VPOS="2139" WIDTH="70" HEIGHT="37" CONTENT="sah" />
          </TextLine>
          <TextLine ID="TextLine_1947" HPOS="87" VPOS="2188" WIDTH="1594" HEIGHT="53">
            <String ID="Word_17132" HPOS="87" VPOS="2200" WIDTH="91" HEIGHT="25" CONTENT="man" />
            <SP ID="SP_15190" HPOS="178" VPOS="2188" WIDTH="19" HEIGHT="0" />
            <String ID="Word_17133" HPOS="197" VPOS="2188" WIDTH="189" HEIGHT="38" CONTENT="dauernde" />
            <SP ID="SP_15191" HPOS="386" VPOS="2188" WIDTH="19" HEIGHT="0" />
            <String ID="Word_17134" HPOS="405" VPOS="2189" WIDTH="235" HEIGHT="38" CONTENT="Immunität." />
            <SP ID="SP_15192" HPOS="640" VPOS="2189" WIDTH="57" HEIGHT="0" />
            <String ID="Word_17135" HPOS="697" VPOS="2191" WIDTH="172" HEIGHT="50" CONTENT="Marmy" />
            <SP ID="SP_15193" HPOS="869" VPOS="2191" WIDTH="28" HEIGHT="0" />
            <String ID="Word_17136" HPOS="897" VPOS="2192" WIDTH="131" HEIGHT="38" CONTENT="betraf" />
            <SP ID="SP_15194" HPOS="1028" VPOS="2192" WIDTH="15" HEIGHT="0" />
            <String ID="Word_17137" HPOS="1043" VPOS="2193" WIDTH="64" HEIGHT="37" CONTENT="bei" />
            <SP ID="SP_15195" HPOS="1107" VPOS="2193" WIDTH="20" HEIGHT="0" />
            <String ID="Word_17138" HPOS="1127" VPOS="2193" WIDTH="66" HEIGHT="37" CONTENT="der" />
            <SP ID="SP_15196" HPOS="1193" VPOS="2192" WIDTH="20" HEIGHT="0" />
            <String ID="Word_17139" HPOS="1213" VPOS="2192" WIDTH="125" HEIGHT="38" CONTENT="Visite" />
            <SP ID="SP_15197" HPOS="1338" VPOS="2192" WIDTH="25" HEIGHT="0" />
            <String ID="Word_17140" HPOS="1363" VPOS="2192" WIDTH="110" HEIGHT="38" CONTENT="einen" />
            <SP ID="SP_15198" HPOS="1473" VPOS="2191" WIDTH="21" HEIGHT="0" />
            <String ID="Word_17141" HPOS="1494" VPOS="2191" WIDTH="187" HEIGHT="40" CONTENT="Kranken" />
          </TextLine>
          <TextLine ID="TextLine_1948" HPOS="88" VPOS="2240" WIDTH="1593" HEIGHT="50">
            <String ID="Word_17142" HPOS="88" VPOS="2240" WIDTH="71" HEIGHT="37" CONTENT="mit" />
            <SP ID="SP_15199" HPOS="159" VPOS="2240" WIDTH="28" HEIGHT="0" />
            <String ID="Word_17143" HPOS="187" VPOS="2244" WIDTH="69" HEIGHT="46" CONTENT="gut" />
            <SP ID="SP_15200" HPOS="256" VPOS="2242" WIDTH="27" HEIGHT="0" />
            <String ID="Word_17144" HPOS="283" VPOS="2242" WIDTH="306" HEIGHT="48" CONTENT="granuHrendem" />
            <SP ID="SP_15201" HPOS="589" VPOS="2242" WIDTH="29" HEIGHT="0" />
            <String ID="Word_17145" HPOS="618" VPOS="2244" WIDTH="311" HEIGHT="38" CONTENT="Haarseilschuss" />
            <SP ID="SP_15202" HPOS="929" VPOS="2244" WIDTH="31" HEIGHT="0" />
            <String ID="Word_17146" HPOS="960" VPOS="2259" WIDTH="61" HEIGHT="24" CONTENT="am" />
            <SP ID="SP_15203" HPOS="1021" VPOS="2245" WIDTH="29" HEIGHT="0" />
            <String ID="Word_17147" HPOS="1050" VPOS="2245" WIDTH="143" HEIGHT="38" CONTENT="Bauch," />
            <SP ID="SP_15204" HPOS="1193" VPOS="2245" WIDTH="41" HEIGHT="0" />
            <String ID="Word_17148" HPOS="1234" VPOS="2246" WIDTH="54" HEIGHT="37" CONTENT="als" />
            <SP ID="SP_15205" HPOS="1288" VPOS="2246" WIDTH="38" HEIGHT="0" />
            <String ID="Word_17149" HPOS="1326" VPOS="2259" WIDTH="39" HEIGHT="24" CONTENT="er" />
            <SP ID="SP_15206" HPOS="1365" VPOS="2245" WIDTH="29" HEIGHT="0" />
            <String ID="Word_17150" HPOS="1394" VPOS="2245" WIDTH="82" HEIGHT="38" CONTENT="sich" />
            <SP ID="SP_15207" HPOS="1476" VPOS="2245" WIDTH="28" HEIGHT="0" />
            <String ID="Word_17151" HPOS="1504" VPOS="2246" WIDTH="72" HEIGHT="37" CONTENT="mit" />
            <SP ID="SP_15208" HPOS="1576" VPOS="2246" WIDTH="30" HEIGHT="0" />
            <String ID="Word_17152" HPOS="1606" VPOS="2246" WIDTH="75" HEIGHT="38" CONTENT="den" />
          </TextLine>
          <TextLine ID="TextLine_1949" HPOS="88" VPOS="2293" WIDTH="1591" HEIGHT="55">
            <String ID="Word_17153" HPOS="88" VPOS="2293" WIDTH="251" HEIGHT="50" CONTENT="Compressen" />
            <SP ID="SP_15209" HPOS="339" VPOS="2293" WIDTH="20" HEIGHT="0" />
            <String ID="Word_17154" HPOS="359" VPOS="2296" WIDTH="179" HEIGHT="45" CONTENT="verband," />
            <SP ID="SP_15210" HPOS="538" VPOS="2296" WIDTH="31" HEIGHT="0" />
            <String ID="Word_17155" HPOS="569" VPOS="2297" WIDTH="143" HEIGHT="37" CONTENT="welche" />
            <SP ID="SP_15211" HPOS="712" VPOS="2297" WIDTH="31" HEIGHT="0" />
            <String ID="Word_17156" HPOS="743" VPOS="2299" WIDTH="82" HEIGHT="36" CONTENT="sein" />
            <SP ID="SP_15212" HPOS="825" VPOS="2299" WIDTH="28" HEIGHT="0" />
            <String ID="Word_17157" HPOS="853" VPOS="2299" WIDTH="250" HEIGHT="37" CONTENT="unmittelbar" />
            <SP ID="SP_15213" HPOS="1103" VPOS="2299" WIDTH="28" HEIGHT="0" />
            <String ID="Word_17158" HPOS="1131" VPOS="2299" WIDTH="125" HEIGHT="37" CONTENT="neben" />
            <SP ID="SP_15214" HPOS="1256" VPOS="2299" WIDTH="28" HEIGHT="0" />
            <String ID="Word_17159" HPOS="1284" VPOS="2299" WIDTH="81" HEIGHT="37" CONTENT="ihm" />
            <SP ID="SP_15215" HPOS="1365" VPOS="2299" WIDTH="27" HEIGHT="0" />
            <String ID="Word_17160" HPOS="1392" VPOS="2299" WIDTH="210" HEIGHT="49" CONTENT="liegender," />
            <SP ID="SP_15216" HPOS="1602" VPOS="2299" WIDTH="29" HEIGHT="0" />
            <String ID="Word_17161" HPOS="1631" VPOS="2313" WIDTH="48" HEIGHT="24" CONTENT="an" />
          </TextLine>
          <TextLine ID="TextLine_1950" HPOS="88" VPOS="2346" WIDTH="1590" HEIGHT="56">
            <String ID="Word_17162" HPOS="88" VPOS="2346" WIDTH="302" HEIGHT="50" CONTENT="Hospitalbrand" />
            <SP ID="SP_15217" HPOS="390" VPOS="2346" WIDTH="29" HEIGHT="0" />
            <String ID="Word_17163" HPOS="419" VPOS="2349" WIDTH="225" HEIGHT="38" CONTENT="erkrankter" />
            <SP ID="SP_15218" HPOS="644" VPOS="2349" WIDTH="28" HEIGHT="0" />
            <String ID="Word_17164" HPOS="672" VPOS="2350" WIDTH="181" HEIGHT="38" CONTENT="Nachbar" />
            <SP ID="SP_15219" HPOS="853" VPOS="2350" WIDTH="28" HEIGHT="0" />
            <String ID="Word_17165" HPOS="881" VPOS="2352" WIDTH="214" HEIGHT="50" CONTENT="gebi-aucht" />
            <SP ID="SP_15220" HPOS="1095" VPOS="2352" WIDTH="28" HEIGHT="0" />
            <String ID="Word_17166" HPOS="1123" VPOS="2352" WIDTH="117" HEIGHT="37" CONTENT="hatte." />
            <SP ID="SP_15221" HPOS="1240" VPOS="2352" WIDTH="58" HEIGHT="0" />
            <String ID="Word_17167" HPOS="1298" VPOS="2352" WIDTH="72" HEIGHT="38" CONTENT="Die" />
            <SP ID="SP_15222" HPOS="1370" VPOS="2352" WIDTH="29" HEIGHT="0" />
            <String ID="Word_17168" HPOS="1399" VPOS="2352" WIDTH="155" HEIGHT="38" CONTENT="Wunde" />
            <SP ID="SP_15223" HPOS="1554" VPOS="2352" WIDTH="19" HEIGHT="0" />
            <String ID="Word_17169" HPOS="1573" VPOS="2352" WIDTH="105" HEIGHT="39" CONTENT="blieb" />
          </TextLine>
          <TextLine ID="TextLine_1951" HPOS="86" VPOS="2399" WIDTH="1590" HEIGHT="51">
            <String ID="Word_17170" HPOS="86" VPOS="2399" WIDTH="83" HEIGHT="38" CONTENT="frei." />
            <SP ID="SP_15224" HPOS="169" VPOS="2399" WIDTH="58" HEIGHT="0" />
            <String ID="Word_17171" HPOS="227" VPOS="2400" WIDTH="173" HEIGHT="50" CONTENT="Marmy" />
            <SP ID="SP_15225" HPOS="400" VPOS="2400" WIDTH="31" HEIGHT="0" />
            <String ID="Word_17172" HPOS="431" VPOS="2402" WIDTH="118" HEIGHT="37" CONTENT="selbst" />
            <SP ID="SP_15226" HPOS="549" VPOS="2402" WIDTH="28" HEIGHT="0" />
            <String ID="Word_17173" HPOS="577" VPOS="2403" WIDTH="77" HEIGHT="37" CONTENT="und" />
            <SP ID="SP_15227" HPOS="654" VPOS="2403" WIDTH="31" HEIGHT="0" />
            <String ID="Word_17174" HPOS="685" VPOS="2403" WIDTH="80" HEIGHT="37" CONTENT="sein" />
            <SP ID="SP_15228" HPOS="765" VPOS="2402" WIDTH="19" HEIGHT="0" />
            <String ID="Word_17175" HPOS="784" VPOS="2402" WIDTH="196" HEIGHT="40" CONTENT="Assistent" />
            <SP ID="SP_15229" HPOS="980" VPOS="2402" WIDTH="20" HEIGHT="0" />
            <String ID="Word_17176" HPOS="1000" VPOS="2406" WIDTH="220" HEIGHT="37" CONTENT="verbanden" />
            <SP ID="SP_15230" HPOS="1220" VPOS="2405" WIDTH="21" HEIGHT="0" />
            <String ID="Word_17177" HPOS="1241" VPOS="2405" WIDTH="56" HEIGHT="38" CONTENT="oft" />
            <SP ID="SP_15231" HPOS="1297" VPOS="2405" WIDTH="19" HEIGHT="0" />
            <String ID="Word_17178" HPOS="1316" VPOS="2408" WIDTH="72" HEIGHT="35" CONTENT="mit" />
            <SP ID="SP_15232" HPOS="1388" VPOS="2405" WIDTH="19" HEIGHT="0" />
            <String ID="Word_17179" HPOS="1407" VPOS="2405" WIDTH="155" HEIGHT="38" CONTENT="kleinen" />
            <SP ID="SP_15233" HPOS="1562" VPOS="2405" WIDTH="16" HEIGHT="0" />
            <String ID="Word_17180" HPOS="1578" VPOS="2406" WIDTH="98" HEIGHT="38" CONTENT="Ver-" />
          </TextLine>
          <TextLine ID="TextLine_1952" HPOS="87" VPOS="2452" WIDTH="1589" HEIGHT="55">
            <String ID="Word_17181" HPOS="87" VPOS="2452" WIDTH="205" HEIGHT="51" CONTENT="letzungen" />
            <SP ID="SP_15234" HPOS="292" VPOS="2452" WIDTH="28" HEIGHT="0" />
            <String ID="Word_17182" HPOS="320" VPOS="2467" WIDTH="61" HEIGHT="24" CONTENT="am" />
            <SP ID="SP_15235" HPOS="381" VPOS="2454" WIDTH="27" HEIGHT="0" />
            <String ID="Word_17183" HPOS="408" VPOS="2454" WIDTH="143" HEIGHT="50" CONTENT="Finger" />
            <SP ID="SP_15236" HPOS="551" VPOS="2454" WIDTH="29" HEIGHT="0" />
            <String ID="Word_17184" HPOS="580" VPOS="2455" WIDTH="59" HEIGHT="37" CONTENT="die" />
            <SP ID="SP_15237" HPOS="639" VPOS="2455" WIDTH="29" HEIGHT="0" />
            <String ID="Word_17185" HPOS="668" VPOS="2456" WIDTH="232" HEIGHT="51" CONTENT="Brandigen," />
            <SP ID="SP_15238" HPOS="900" VPOS="2456" WIDTH="31" HEIGHT="0" />
            <String ID="Word_17186" HPOS="931" VPOS="2458" WIDTH="99" HEIGHT="38" CONTENT="ohne" />
            <SP ID="SP_15239" HPOS="1030" VPOS="2458" WIDTH="30" HEIGHT="0" />
            <String ID="Word_17187" HPOS="1060" VPOS="2459" WIDTH="81" HEIGHT="37" CONTENT="sich" />
            <SP ID="SP_15240" HPOS="1141" VPOS="2459" WIDTH="28" HEIGHT="0" />
            <String ID="Word_17188" HPOS="1169" VPOS="2472" WIDTH="45" HEIGHT="23" CONTENT="zu" />
            <SP ID="SP_15241" HPOS="1214" VPOS="2458" WIDTH="29" HEIGHT="0" />
            <String ID="Word_17189" HPOS="1243" VPOS="2458" WIDTH="186" HEIGHT="38" CONTENT="inficiren." />
            <SP ID="SP_15242" HPOS="1429" VPOS="2458" WIDTH="59" HEIGHT="0" />
            <String ID="Word_17190" HPOS="1488" VPOS="2459" WIDTH="30" HEIGHT="37" CONTENT="L" />
            <SP ID="SP_15243" HPOS="1518" VPOS="2459" WIDTH="12" HEIGHT="0" />
            <String ID="Word_17191" HPOS="1530" VPOS="2473" WIDTH="146" HEIGHT="24" CONTENT="eWan-" />
          </TextLine>
          <TextLine ID="TextLine_1953" HPOS="88" VPOS="2506" WIDTH="1590" HEIGHT="57">
            <String ID="Word_17192" HPOS="88" VPOS="2506" WIDTH="53" HEIGHT="38" CONTENT="do" />
            <SP ID="SP_15244" HPOS="141" VPOS="2506" WIDTH="9" HEIGHT="0" />
            <String ID="Word_17193" HPOS="150" VPOS="2507" WIDTH="125" HEIGHT="49" CONTENT="wsky" />
            <SP ID="SP_15245" HPOS="275" VPOS="2507" WIDTH="35" HEIGHT="0" />
            <String ID="Word_17194" HPOS="310" VPOS="2507" WIDTH="189" HEIGHT="38" CONTENT="berichtet" />
            <SP ID="SP_15246" HPOS="499" VPOS="2507" WIDTH="36" HEIGHT="0" />
            <String ID="Word_17195" HPOS="535" VPOS="2521" WIDTH="74" HEIGHT="24" CONTENT="von" />
            <SP ID="SP_15247" HPOS="609" VPOS="2509" WIDTH="38" HEIGHT="0" />
            <String ID="Word_17196" HPOS="647" VPOS="2509" WIDTH="122" HEIGHT="37" CONTENT="einem" />
            <SP ID="SP_15248" HPOS="769" VPOS="2509" WIDTH="38" HEIGHT="0" />
            <String ID="Word_17197" HPOS="807" VPOS="2510" WIDTH="299" HEIGHT="40" CONTENT="Verwundeten," />
            <SP ID="SP_15249" HPOS="1106" VPOS="2510" WIDTH="42" HEIGHT="0" />
            <String ID="Word_17198" HPOS="1148" VPOS="2512" WIDTH="166" HEIGHT="38" CONTENT="welcher" />
            <SP ID="SP_15250" HPOS="1314" VPOS="2512" WIDTH="40" HEIGHT="0" />
            <String ID="Word_17199" HPOS="1354" VPOS="2513" WIDTH="48" HEIGHT="36" CONTENT="14" />
            <SP ID="SP_15251" HPOS="1402" VPOS="2512" WIDTH="39" HEIGHT="0" />
            <String ID="Word_17200" HPOS="1441" VPOS="2512" WIDTH="105" HEIGHT="51" CONTENT="Tage" />
            <SP ID="SP_15252" HPOS="1546" VPOS="2512" WIDTH="38" HEIGHT="0" />
            <String ID="Word_17201" HPOS="1584" VPOS="2513" WIDTH="94" HEIGHT="50" CONTENT="lang" />
          </TextLine>
          <TextLine ID="TextLine_1954" HPOS="87" VPOS="2560" WIDTH="1159" HEIGHT="52">
            <String ID="Word_17202" HPOS="87" VPOS="2562" WIDTH="113" HEIGHT="35" CONTENT="unter" />
            <SP ID="SP_15253" HPOS="200" VPOS="2560" WIDTH="29" HEIGHT="0" />
            <String ID="Word_17203" HPOS="229" VPOS="2560" WIDTH="71" HEIGHT="37" CONTENT="den" />
            <SP ID="SP_15254" HPOS="300" VPOS="2560" WIDTH="28" HEIGHT="0" />
            <String ID="Word_17204" HPOS="328" VPOS="2560" WIDTH="222" HEIGHT="50" CONTENT="Brandigen" />
            <SP ID="SP_15255" HPOS="550" VPOS="2560" WIDTH="27" HEIGHT="0" />
            <String ID="Word_17205" HPOS="577" VPOS="2561" WIDTH="74" HEIGHT="51" CONTENT="lag," />
            <SP ID="SP_15256" HPOS="651" VPOS="2561" WIDTH="32" HEIGHT="0" />
            <String ID="Word_17206" HPOS="683" VPOS="2562" WIDTH="98" HEIGHT="38" CONTENT="ohne" />
            <SP ID="SP_15257" HPOS="781" VPOS="2562" WIDTH="29" HEIGHT="0" />
            <String ID="Word_17207" HPOS="810" VPOS="2563" WIDTH="167" HEIGHT="39" CONTENT="befallen" />
            <SP ID="SP_15258" HPOS="977" VPOS="2563" WIDTH="29" HEIGHT="0" />
            <String ID="Word_17208" HPOS="1006" VPOS="2579" WIDTH="46" HEIGHT="24" CONTENT="zu" />
            <SP ID="SP_15259" HPOS="1052" VPOS="2565" WIDTH="29" HEIGHT="0" />
            <String ID="Word_17209" HPOS="1081" VPOS="2578" WIDTH="165" HEIGHT="25" CONTENT="werden." />
          </TextLine>
          <TextLine ID="TextLine_1955" HPOS="90" VPOS="2714" WIDTH="1586" HEIGHT="57">
            <String ID="Word_17210" HPOS="90" VPOS="2714" WIDTH="298" HEIGHT="50" CONTENT="Uebertragung" />
            <SP ID="SP_15260" HPOS="388" VPOS="2714" WIDTH="34" HEIGHT="0" />
            <String ID="Word_17211" HPOS="422" VPOS="2717" WIDTH="58" HEIGHT="38" CONTENT="bei" />
            <SP ID="SP_15261" HPOS="480" VPOS="2717" WIDTH="34" HEIGHT="0" />
            <String ID="Word_17212" HPOS="514" VPOS="2717" WIDTH="209" HEIGHT="39" CONTENT="mehreren" />
            <SP ID="SP_15262" HPOS="723" VPOS="2717" WIDTH="33" HEIGHT="0" />
            <String ID="Word_17213" HPOS="756" VPOS="2718" WIDTH="167" HEIGHT="41" CONTENT="Wunden" />
            <SP ID="SP_15263" HPOS="923" VPOS="2718" WIDTH="32" HEIGHT="0" />
            <String ID="Word_17214" HPOS="955" VPOS="2732" WIDTH="47" HEIGHT="27" CONTENT="an" />
            <SP ID="SP_15264" HPOS="1002" VPOS="2722" WIDTH="32" HEIGHT="0" />
            <String ID="Word_17215" HPOS="1034" VPOS="2722" WIDTH="231" HEIGHT="40" CONTENT="demselben" />
            <SP ID="SP_15265" HPOS="1265" VPOS="2722" WIDTH="34" HEIGHT="0" />
            <String ID="Word_17216" HPOS="1299" VPOS="2722" WIDTH="164" HEIGHT="49" CONTENT="Körper." />
            <SP ID="SP_15266" HPOS="1463" VPOS="2722" WIDTH="60" HEIGHT="0" />
            <String ID="Word_17217" HPOS="1523" VPOS="2722" WIDTH="153" HEIGHT="40" CONTENT="Wider-" />
          </TextLine>
          <TextLine ID="TextLine_1956" HPOS="264" VPOS="2780" WIDTH="1234" HEIGHT="55">
            <String ID="Word_17218" HPOS="264" VPOS="2780" WIDTH="345" HEIGHT="49" CONTENT="standsfähigkeit" />
            <SP ID="SP_15267" HPOS="609" VPOS="2780" WIDTH="32" HEIGHT="0" />
            <String ID="Word_17219" HPOS="641" VPOS="2782" WIDTH="165" HEIGHT="39" CONTENT="solcher" />
            <SP ID="SP_15268" HPOS="806" VPOS="2782" WIDTH="30" HEIGHT="0" />
            <String ID="Word_17220" HPOS="836" VPOS="2783" WIDTH="168" HEIGHT="41" CONTENT="Wunden" />
            <SP ID="SP_15269" HPOS="1004" VPOS="2783" WIDTH="33" HEIGHT="0" />
            <String ID="Word_17221" HPOS="1037" VPOS="2796" WIDTH="125" HEIGHT="38" CONTENT="gegen" />
            <SP ID="SP_15270" HPOS="1162" VPOS="2786" WIDTH="33" HEIGHT="0" />
            <String ID="Word_17222" HPOS="1195" VPOS="2786" WIDTH="61" HEIGHT="38" CONTENT="die" />
            <SP ID="SP_15271" HPOS="1256" VPOS="2785" WIDTH="34" HEIGHT="0" />
            <String ID="Word_17223" HPOS="1290" VPOS="2785" WIDTH="208" HEIGHT="40" CONTENT="Infection." />
          </TextLine>
          <TextLine ID="TextLine_1957" HPOS="215" VPOS="2887" WIDTH="1461" HEIGHT="57">
            <String ID="Word_17224" HPOS="215" VPOS="2887" WIDTH="118" HEIGHT="38" CONTENT="Hatte" />
            <SP ID="SP_15272" HPOS="333" VPOS="2887" WIDTH="28" HEIGHT="0" />
            <String ID="Word_17225" HPOS="361" VPOS="2887" WIDTH="162" HEIGHT="39" CONTENT="Jemand" />
            <SP ID="SP_15273" HPOS="523" VPOS="2887" WIDTH="28" HEIGHT="0" />
            <String ID="Word_17226" HPOS="551" VPOS="2890" WIDTH="173" HEIGHT="38" CONTENT="mehrere" />
            <SP ID="SP_15274" HPOS="724" VPOS="2890" WIDTH="30" HEIGHT="0" />
            <String ID="Word_17227" HPOS="754" VPOS="2890" WIDTH="190" HEIGHT="48" CONTENT="Wunden," />
            <SP ID="SP_15275" HPOS="944" VPOS="2890" WIDTH="32" HEIGHT="0" />
            <String ID="Word_17228" HPOS="976" VPOS="2906" WIDTH="42" HEIGHT="25" CONTENT="so" />
            <SP ID="SP_15276" HPOS="1018" VPOS="2893" WIDTH="28" HEIGHT="0" />
            <String ID="Word_17229" HPOS="1046" VPOS="2893" WIDTH="183" HEIGHT="49" CONTENT="pflegten," />
            <SP ID="SP_15277" HPOS="1229" VPOS="2893" WIDTH="30" HEIGHT="0" />
            <String ID="Word_17230" HPOS="1259" VPOS="2906" WIDTH="112" HEIGHT="24" CONTENT="wenn" />
            <SP ID="SP_15278" HPOS="1371" VPOS="2894" WIDTH="30" HEIGHT="0" />
            <String ID="Word_17231" HPOS="1401" VPOS="2894" WIDTH="59" HEIGHT="37" CONTENT="die" />
            <SP ID="SP_15279" HPOS="1460" VPOS="2894" WIDTH="31" HEIGHT="0" />
            <String ID="Word_17232" HPOS="1491" VPOS="2894" WIDTH="82" HEIGHT="39" CONTENT="eine" />
            <SP ID="SP_15280" HPOS="1573" VPOS="2894" WIDTH="27" HEIGHT="0" />
            <String ID="Word_17233" HPOS="1600" VPOS="2909" WIDTH="76" HEIGHT="25" CONTENT="von" />
          </TextLine>
          <TextLine ID="TextLine_1958" HPOS="87" VPOS="2937" WIDTH="1587" HEIGHT="55">
            <String ID="Word_17234" HPOS="87" VPOS="2937" WIDTH="301" HEIGHT="51" CONTENT="Hospitalbrand" />
            <SP ID="SP_15281" HPOS="388" VPOS="2937" WIDTH="30" HEIGHT="0" />
            <String ID="Word_17235" HPOS="418" VPOS="2942" WIDTH="178" HEIGHT="50" CONTENT="ergriffen" />
            <SP ID="SP_15282" HPOS="596" VPOS="2942" WIDTH="29" HEIGHT="0" />
            <String ID="Word_17236" HPOS="625" VPOS="2943" WIDTH="145" HEIGHT="46" CONTENT="wurde," />
            <SP ID="SP_15283" HPOS="770" VPOS="2943" WIDTH="40" HEIGHT="0" />
            <String ID="Word_17237" HPOS="810" VPOS="2945" WIDTH="98" HEIGHT="37" CONTENT="auch" />
            <SP ID="SP_15284" HPOS="908" VPOS="2945" WIDTH="37" HEIGHT="0" />
            <String ID="Word_17238" HPOS="945" VPOS="2945" WIDTH="59" HEIGHT="39" CONTENT="die" />
            <SP ID="SP_15285" HPOS="1004" VPOS="2945" WIDTH="29" HEIGHT="0" />
            <String ID="Word_17239" HPOS="1033" VPOS="2947" WIDTH="168" HEIGHT="37" CONTENT="anderen" />
            <SP ID="SP_15286" HPOS="1201" VPOS="2947" WIDTH="29" HEIGHT="0" />
            <String ID="Word_17240" HPOS="1230" VPOS="2959" WIDTH="45" HEIGHT="25" CONTENT="zu" />
            <SP ID="SP_15287" HPOS="1275" VPOS="2947" WIDTH="30" HEIGHT="0" />
            <String ID="Word_17241" HPOS="1305" VPOS="2947" WIDTH="226" HEIGHT="39" CONTENT="erkx-anken." />
            <SP ID="SP_15288" HPOS="1531" VPOS="2947" WIDTH="58" HEIGHT="0" />
            <String ID="Word_17242" HPOS="1589" VPOS="2949" WIDTH="85" HEIGHT="38" CONTENT="Le-" />
          </TextLine>
        </TextBlock>
      </PrintSpace>
    </Page>
  </Layout>
</alto>
