2101 3380
411 189 53 41 90

892 202 85 35 run
1011 206 240 33 nmoituKits
1285 209 52 34 of
1369 209 173 35 speech.

412 319 139 43 wards
600 321 33 41 it
676 322 196 56 occupies
914 323 121 43 itself
1073 326 127 42 much
1243 328 43 40 in
1326 327 150 59 crying
1519 328 126 42 while
1687 329 156 50 awake,
1880 329 138 59 partly

411 389 185 55 perhaps
622 392 65 41 for
708 393 198 50 exercise,
929 394 82 41 and
1045 395 245 43 frequently
1313 411 46 27 as
1381 412 52 26 an
1458 397 234 42 indication
1716 400 46 40 of
1789 399 165 55 hunger
1973 413 45 28 or

414 465 194 48 wetness,
645 476 46 28 or
732 476 116 29 some
885 464 122 42 other
1049 465 108 41 form
1195 467 46 40 of
1278 467 259 41 discomfort.
1599 467 112 42 Both
1745 468 156 55 Preyer
1936 469 81 42 and

412 531 177 42 Darwin
624 533 124 42 make
780 547 117 28 some
928 534 198 43 valuable
1158 536 291 41 observations
1481 536 131 41 about
1643 537 158 56 crying.
1865 539 152 42 Preyer

413 616 98 41 says
546 603 107 50 that,
687 603 44 41 in
767 605 162 54 crying,
964 605 161 41 certain
1159 606 320 41 vowel-sounds
1514 619 77 28 can
1627 607 51 41 be
1712 621 114 29 more
1858 621 48 29 or
1937 608 81 42 less

413 671 158 56 clearly
587 673 328 55 distinguished,
929 674 90 42 viz.,
1034 674 122 42 those
1171 676 43 40 of
1227 687 81 40 ua,
1328 687 79 30 ua,
1426 675 138 41 which
1582 677 155 54 maybe
1754 678 264 42 represented

410 741 46 44 in
479 743 180 55 English
686 744 58 54 by
766 743 74 42 the
871 744 159 42 sounds
1063 744 46 40 of
1137 756 64 31 oo
1223 745 73 42 eh,
1321 756 64 31 oo
1408 744 73 43 eh.
1546 746 135 42 Tliese
1711 761 71 27 are
1812 748 210 50 repeated,

411 812 105 41 with
554 813 194 54 untiring
780 813 266 54 uniformity,
1082 814 65 40 for
1184 827 130 41 many
1352 814 196 52 months;
1584 815 101 55 only
1722 831 24 26 a
1783 818 79 40 few
1900 817 118 41 other

412 882 159 41 sounds
604 882 128 54 being
763 882 138 41 added
939 887 44 36 to
1024 882 132 50 them,
1198 883 92 49 viz.,
1326 882 74 42 the
1431 883 203 55 syllables
1675 896 97 32 ma,
1812 886 81 42 nei
1925 886 91 44 nei,

413 951 140 41 which
578 952 44 39 in
656 951 67 41 his
753 951 116 41 child
900 952 125 41 made
1057 952 113 42 their
1200 966 264 41 appearance
1487 954 44 41 in
1553 955 150 55 crying
1733 969 54 27 on
1819 955 73 41 the
1915 956 102 42 64th

409 1021 85 41 and
518 1021 106 41 65th
646 1020 116 56 days.
824 1021 71 42 He
917 1022 198 42 observes
1139 1022 94 41 that
1254 1036 107 28 even
1384 1023 151 42 within
1554 1025 73 41 the
1649 1025 94 41 first
1763 1025 82 42 five
1868 1026 151 50 weeks,

408 1091 391 55 notwithstanding
830 1091 73 42 the
925 1092 258 55 uniformity
1205 1093 44 41 of
1280 1093 73 42 the
1386 1094 327 43 vowel-sounds,
1736 1095 72 42 the
1829 1099 122 38 tones
1975 1097 46 40 of

407 1161 73 43 the
506 1162 119 42 voice
657 1175 71 29 are
760 1176 45 27 so
837 1162 156 50 varied,
1017 1162 95 42 that
1143 1163 35 41 it
1211 1177 97 41 may
1331 1163 52 42 be
1415 1164 90 41 told
1538 1165 104 41 with
1675 1166 211 41 certainty
1908 1166 104 41 from

407 1232 119 42 these
561 1231 123 42 alone
719 1231 193 42 whether
947 1233 74 41 the
1058 1232 116 42 child
1213 1233 105 41 feels
1355 1233 166 55 hunger
1557 1248 46 27 or
1638 1235 110 55 pain.
1810 1236 134 41 There
1979 1236 37 42 is

406 1303 250 54 screaming,
694 1303 105 41 with
841 1317 99 41 eyes
983 1303 142 55 firmly
1157 1304 153 42 closed,
1342 1305 43 40 in
1420 1305 188 55 hunger;
1654 1306 282 53 whimpering
1971 1306 41 40 in

405 1373 134 55 slight
569 1373 317 54 indisposition,
911 1387 76 29 etc.
1051 1374 170 55 During
1251 1375 73 41 the
1360 1375 104 41 18th
1496 1375 161 50 month,
1688 1376 53 41 he
1772 1381 121 36 notes
1925 1376 90 41 still

405 1449 166 49 greater
601 1444 209 54 precision
843 1444 45 40 in
911 1444 74 41 the
1018 1445 248 53 expression
1287 1445 45 41 of
1364 1445 71 41 the
1457 1445 170 41 various
1650 1445 144 41 moods
1818 1446 56 54 by
1897 1445 117 42 these

404 1514 274 41 inarticulate
730 1519 146 36 tones;
936 1514 85 41 and
1082 1519 132 37 states
1266 1515 95 41 that
1422 1515 55 54 by
1531 1516 248 54 screaming,
1830 1515 184 51 wailing,

404 1584 297 55 whimpering,
732 1584 84 41 and
849 1585 206 54 weeping,
1087 1585 146 41 moods
1265 1585 44 41 of
1338 1586 120 54 grief,
1480 1585 149 49 desire,
1650 1585 175 55 hunger,
1857 1584 154 41 wilful-

405 1668 110 28 ness,
536 1654 85 42 and
644 1655 100 41 fear,
765 1668 70 28 are
856 1655 124 41 made
1003 1655 133 54 easily
1159 1655 298 42 recognisable.

463 1723 188 43 Darwin,
684 1725 44 40 in
760 1724 68 42 his
859 1724 118 41 work
1015 1739 53 26 on
1102 1725 73 41 the
1206 1725 249 55 Expression
1484 1726 50 54 of
1563 1726 64 41 the
1664 1725 222 50 Emotions,
1917 1739 96 28 says

404 1795 56 54 (p.
487 1796 98 40 160)
612 1795 96 41 that
738 1795 175 51 infants,
935 1795 124 42 when
1081 1809 155 41 young,
1259 1795 53 41 do
1335 1802 75 34 not
1432 1795 104 42 shed
1558 1796 128 41 Tears
1708 1795 124 42 when
1854 1796 160 54 crying,

402 1865 209 42 although
643 1870 112 36 tears
788 1879 98 27 may
910 1865 52 41 be
994 1866 155 41 caused
1181 1871 44 36 to
1255 1865 96 42 flow
1385 1866 56 55 by
1467 1865 129 42 reflex
1629 1866 214 40 irritation
1866 1866 46 40 of
1939 1865 72 42 the

402 1950 297 28 conjunctiva?.
761 1933 70 44 On
862 1950 80 27 one
974 1936 193 41 occasion
1191 1936 52 41 he
1275 1935 284 42 accidentally
1584 1935 184 42 brushed
1800 1935 71 42 the
1903 1949 108 28 open

401 2021 79 28 eye
502 2007 47 41 of
567 2006 66 41 his
652 2005 114 42 child
787 2006 102 41 with
909 2006 72 42 the
1000 2006 91 41 cuff
1108 2007 43 40 of
1173 2006 67 41 his
1262 2011 105 37 coat,
1385 2006 83 41 and
1491 2006 170 41 noticed
1684 2010 106 45 that,
1807 2012 202 48 although

401 2078 74 41 the
506 2077 196 41 irritated
736 2090 77 28 eye
846 2076 184 42 watered
1067 2077 84 41 and
1185 2077 72 41 the
1289 2076 116 42 child
1437 2075 217 43 screamed
1687 2075 220 55 violently,
1939 2077 71 40 the

401 2148 125 41 other
546 2161 78 27 eye
647 2146 219 42 remained
893 2146 90 55 dry.
1047 2147 54 40 In
1124 2146 87 42 this
1234 2146 127 42 child,
1383 2146 67 41 his
1473 2147 93 40 first
1587 2145 267 41 observation
1878 2146 46 40 of
1942 2146 70 41 the

401 2219 88 40 free
521 2217 181 41 effusion
733 2217 45 40 of
797 2220 113 38 tears
932 2216 156 49 during
1110 2217 236 41 screaming
1368 2230 85 27 was
1486 2216 123 41 when
1632 2216 71 41 the
1726 2215 115 41 child
1864 2229 84 28 was
1969 2220 44 36 at

401 2288 75 41 the
499 2301 75 41 age
596 2287 46 41 of
659 2287 81 41 139
765 2286 105 41 days
886 2302 7 25 :
927 2286 102 55 they
1051 2286 134 41 rolled
1208 2287 124 40 down
1356 2286 74 41 the
1453 2300 163 27 cheeks.
1679 2285 69 41 He
1770 2291 131 36 states
1918 2291 93 35 that

399 2358 47 42 in
464 2357 122 42 other
607 2357 194 41 children
826 2356 53 41 he
900 2356 77 41 has
999 2356 134 41 found
1150 2357 73 41 the
1245 2356 144 55 period
1413 2361 44 36 at
1475 2355 139 42 which
1636 2355 72 42 the
1726 2369 98 40 eyes
1841 2356 168 41 become

401 2427 181 56 slightly
597 2426 187 42 suffused
805 2426 103 40 with
934 2430 111 38 tears
1067 2426 155 56 during
1244 2427 148 54 crying
1413 2431 43 37 to
1479 2426 50 42 be
1552 2440 103 40 very
1673 2425 199 50 variable,
1887 2425 124 54 being

398 2499 49 41 in
469 2511 80 28 one
576 2496 114 42 child
713 2510 45 28 as
790 2496 117 42 early
939 2510 44 28 as
1006 2495 73 43 the
1102 2511 75 40 age
1200 2497 46 41 of
1265 2503 163 48 twenty
1450 2497 118 55 days,
1588 2496 85 42 and
1694 2495 44 41 in
1762 2495 178 42 another
1969 2499 44 37 at

401 2583 223 39 sixty-two
651 2566 115 41 days.
830 2566 54 40 In
917 2580 79 27 one
1024 2566 193 41 instance
1247 2566 53 42 he
1333 2580 86 28 was
1450 2565 231 56 positively
1713 2566 173 41 assured
1918 2571 92 36 that

399 2644 113 36 tears
535 2651 76 27 ran
629 2637 124 40 down
779 2640 44 37 at
845 2636 74 41 the
942 2636 233 54 unusually
1199 2635 119 55 early
1340 2650 75 41 age
1438 2638 46 39 of
1506 2638 220 52 forty-two
1748 2636 115 41 days.

457 2709 159 41 Preyer
657 2706 151 41 thinks
844 2706 177 41 Darwin
1056 2706 212 41 mistaken
1301 2706 45 40 in
1389 2706 171 54 placing
1598 2705 73 42 the
1702 2705 98 42 date
1841 2706 65 41 for
1936 2705 70 42 the

398 2778 214 43 shedding
633 2778 46 40 of
698 2782 110 36 tears
830 2790 45 28 so
897 2776 86 41 late
1007 2789 44 28 as
1073 2775 54 42 he
1154 2775 110 42 does.
1326 2775 71 42 He
1430 2775 184 42 believes
1638 2775 95 41 that
1754 2775 44 41 in
1822 2775 184 42 German

397 2848 194 43 children
626 2846 101 56 pain
759 2859 147 29 causes
940 2845 72 42 the
1046 2845 210 42 shedding
1287 2845 44 41 of
1362 2850 110 36 tears
1505 2844 156 42 almost
1684 2845 105 41 from
1815 2844 70 42 the
1910 2845 97 49 first,

397 2920 86 42 and
515 2931 132 30 states
681 2916 95 42 that
806 2916 44 42 in
885 2917 117 41 them
1025 2915 35 42 it
1083 2915 38 42 is
1143 2920 76 37 not
1249 2914 205 55 weeping,
1477 2914 78 42 but
1576 2915 190 55 sobbing,
1787 2915 96 41 that
1913 2915 89 41 first

397 3003 140 29 comes
560 3002 46 28 so
629 2987 99 44 late.
