2107 3450
590 287 148 31 OTHER
771 287 161 31 SIMPLE
965 286 149 32 FORMS
1147 286 55 32 OF
1234 286 209 34 APHASIA.

1761 276 85 42 363

243 406 351 59 Agraphia.—If
618 423 62 27 we
705 414 66 36 try
798 414 44 36 to
875 408 262 42 summarize
1171 408 74 42 the
1279 422 151 28 causes
1455 407 143 43 which
1622 422 101 41 may
1747 422 97 41 pro-

184 480 107 40 duce
325 479 217 58 agraphia,
574 482 13 40 L
625 479 128 45 think
779 494 61 28 we
877 493 99 42 may
998 481 236 55 say,—(1),
1267 478 119 43 That
1418 480 35 41 it
1488 494 100 41 may
1611 480 53 42 be
1688 480 86 42 due
1797 484 46 38 to

183 550 73 43 the
279 552 195 42 amnesia
500 550 186 46 verbalis
712 552 138 42 which
878 552 159 43 results
1061 552 112 42 from
1196 566 26 28 a
1254 551 140 44 lesion
1428 551 141 43 either
1592 551 45 43 in
1661 551 43 43 A
1726 566 48 27 or
1796 550 45 45 in

183 624 61 54 B;
275 623 79 55 (2),
388 624 96 42 that
508 624 34 42 it
562 638 99 28 may
681 624 51 42 be
755 624 84 42 due
865 630 42 36 to
931 624 74 43 the
1038 624 196 43 amnesia
1267 623 226 43 literarum
1517 623 144 43 which
1681 629 161 37 results

183 696 108 41 from
316 710 23 27 a
363 695 136 43 lesion
530 696 42 42 in
608 696 59 43 C;
700 696 84 41 and
811 695 79 57 (3),
923 696 96 43 that
1051 710 25 29 a
1107 696 161 56 partial
1301 694 220 59 agraphia,
1543 695 231 56 displayed
1798 700 45 37 at

181 768 110 43 least
314 769 41 41 in
381 769 75 42 the
480 769 299 56 performance
810 769 46 43 of
887 769 74 43 the
985 769 119 57 right
1126 769 133 51 hand,
1283 783 112 43 may,
1419 767 227 58 probably,
1668 767 53 42 be
1744 781 96 42 pro-

180 841 139 42 duced
343 841 58 56 by
423 855 25 28 a
473 841 135 43 lesion
633 846 45 38 at
700 841 54 43 D.

186 996 133 44 Brief
351 997 131 42 Note
514 1008 55 31 of
602 1009 194 31 certain
828 1009 148 32 other
1010 998 168 43 Simplk
1200 999 157 42 Forms
1391 1009 55 30 of
1478 997 209 42 Aphasia
1721 1007 121 32 that

400 1081 90 31 are
526 1081 278 32 recognised
838 1082 57 31 by
928 1071 258 42 llchtheim
1221 1082 92 31 and
1348 1070 269 43 wernicke.

242 1190 53 41 In
329 1190 73 43 the
435 1191 97 42 able
568 1206 133 41 paper
734 1192 109 41 from
880 1191 144 43 which
1058 1192 22 41 I
1116 1191 110 43 have
1259 1205 178 42 already
1470 1190 165 57 quoted
1664 1190 176 56 (Brain,

179 1262 199 57 January
400 1263 146 56 1885),
564 1263 261 51 Lichtheim,
848 1264 181 55 putting
1046 1263 120 43 aside
1186 1265 65 41 for
1267 1263 75 42 the
1360 1263 106 42 time
1487 1263 74 42 the
1579 1266 171 39 centres
1775 1264 66 40 for

183 1334 174 43 written
376 1335 225 57 language,
620 1335 33 43 C
672 1336 84 42 and
776 1336 55 51 D,
850 1335 86 43 and
955 1335 180 58 looking
1156 1335 274 44 exclusively
1451 1341 43 36 to
1514 1335 73 42 the
1606 1339 173 38 centres
1797 1336 47 40 of

178 1406 75 43 the
288 1407 193 56 primary
503 1407 153 56 couple
681 1407 41 43 A
743 1408 88 42 and
867 1408 47 50 B,
936 1408 245 56 recognises
1203 1422 115 28 seven
1346 1407 190 57 possible
1564 1407 206 43 varieties
1797 1407 47 43 of

179 1477 157 56 simple
359 1478 191 56 aphasia,
574 1479 84 42 due
681 1479 142 42 either
847 1485 43 36 to
920 1479 139 42 lesion
1093 1479 45 43 in
1173 1494 82 27 one
1288 1494 47 27 or
1367 1479 127 43 other
1527 1480 47 41 of
1603 1479 125 43 these
1752 1483 88 39 two

177 1554 169 39 centres
369 1565 46 27 or
449 1556 43 37 to
525 1551 138 42 lesion
696 1550 46 44 in
777 1566 82 28 one
892 1566 47 27 or
971 1552 127 42 other
1130 1553 45 41 of
1208 1552 75 43 the
1306 1552 271 56 conducting
1609 1553 233 56 pathways

179 1621 94 42 that
306 1621 97 43 lead
437 1628 43 36 to
514 1622 87 42 and
624 1623 111 41 from
770 1623 132 42 them.
969 1623 22 42 I
1025 1623 112 43 have
1171 1623 177 43 already
1374 1623 172 43 treated
1574 1624 47 41 of
1652 1623 122 43 three
1798 1623 45 43 of

177 1693 121 43 these
321 1708 145 38 seven,
491 1694 92 50 viz.,
607 1694 73 43 the
704 1695 184 56 aphasia
910 1695 220 44 resulting
1153 1696 111 42 from
1288 1695 141 44 lesion
1462 1701 46 38 at
1530 1696 55 43 A,
1608 1695 99 44 that
1730 1697 111 42 from

175 1765 138 43 lesion
336 1774 46 34 at
415 1767 49 50 B,
485 1766 85 43 and
605 1767 99 42 that
726 1768 112 42 from
863 1767 142 44 lesion
1038 1768 48 43 in
1109 1768 77 44 the
1209 1775 270 50 conducting
1513 1768 105 57 path
1643 1769 200 43 between

174 1837 44 43 A
240 1838 86 43 and
349 1838 49 44 B.
462 1838 22 43 I
508 1853 98 28 now
632 1840 108 41 wish
767 1845 44 36 to
835 1840 202 44 consider
1060 1855 106 42 very
1191 1841 156 42 briefly
1373 1841 74 42 the
1472 1841 99 42 four
1596 1841 247 43 additional

178 1910 201 43 varieties
401 1910 139 43 which
562 1926 72 27 are
659 1911 209 44 included
891 1913 47 42 in
958 1911 289 45 Lichtheim's
1271 1913 321 44 classification.
1658 1914 71 43 He
1747 1919 95 51 gets

176 1982 122 42 these
331 1982 245 43 additional
602 1984 98 41 four
733 1984 55 56 by
818 1985 243 56 supposing
1084 1986 75 42 the
1193 1986 224 43 existence
1450 1987 48 42 of
1526 1985 139 44 lesion
1700 1987 141 42 below

175 2055 86 42 and
285 2055 139 43 above
446 2055 106 43 each
575 2056 48 42 of
652 2056 76 43 the
751 2062 172 38 centres
946 2057 44 43 A
1011 2058 88 43 and
1125 2058 50 42 B,
1198 2058 45 42 in
1270 2059 75 42 the
1367 2059 217 56 positions
1617 2059 223 43 indicated

176 2126 44 42 in
248 2127 73 42 the
345 2127 193 56 diagram
562 2127 110 57 (Fig.
700 2128 87 56 15),
811 2129 56 56 by
893 2129 74 43 the
993 2130 155 55 figures
1171 2130 40 51 4,
1236 2131 38 51 5,
1299 2130 39 52 6,
1360 2130 87 43 and
1473 2129 36 47 7.

770 2541 28 35 2

866 2543 13 16 '
1032 2575 7 7 ,
1177 2511 121 91 \j

761 2582 69 46 B*

832 2597 26 46 <
1219 2577 94 69 #A

814 2698 9 39 \

1024 2635 28 34 3
1249 2651 8 41 1

832 2701 11 36 /
1239 2695 28 38 i\

766 2774 57 35 7-

832 2792 52 7 —
1315 2776 36 41 4

729 3010 68 26 Fio.
810 3011 171 27 15.—After
996 3011 173 27 Liclitlicira
1181 3020 6 25 ;
1209 3012 148 27 modified.

238 3084 250 52 Wernicke,
510 3085 94 43 who
628 3087 77 43 has
729 3088 188 57 adopted
943 3090 88 42 this
1055 3090 323 53 classification,
1397 3106 207 42 proposes
1627 3092 66 42 for
1717 3091 123 44 these

174 3169 132 31 seven
348 3157 203 46 varieties
592 3159 74 44 the
703 3161 227 60 following
968 3164 346 42 names:—Nos.
1358 3165 20 41 1
1421 3166 87 41 and
1549 3166 25 40 2
1612 3164 56 44 he
1706 3169 137 41 terms
