2107 3450
1734 303 84 43 175

628 318 87 31 THE
748 315 244 33 INVENTION
1028 315 54 32 OF
1114 316 229 32 PRINTING.

161 457 177 32 already
344 440 172 48 existed
522 455 25 29 a
562 439 107 43 kind
685 440 45 41 of
744 438 111 42 book
872 436 131 43 trade.
1047 436 91 42 The
1154 436 296 56 organisation
1466 436 46 42 of
1524 436 297 50 universities,

161 531 47 28 as
229 516 97 42 well
344 529 44 29 as
405 514 96 42 that
518 513 44 41 of
580 512 115 41 large
711 507 312 46 ecclesiastical
1042 508 373 50 establishments,
1432 522 87 28 was
1538 514 45 35 at
1602 507 95 42 that
1712 508 108 42 time

160 586 275 56 incomplete,
458 582 235 57 especially
728 582 45 41 in
808 581 132 55 Italy,
971 580 179 50 France,
1183 580 86 42 and
1304 580 236 54 Germany,
1569 579 187 42 without
1789 594 25 28 a

161 659 107 43 staff
295 659 47 40 of
370 657 161 42 scribes
554 654 87 43 and
663 653 298 50 transcribers,
995 651 310 53 illuminators,
1337 651 186 51 lenders,
1547 650 162 52 sellers,
1732 651 84 41 and

160 728 250 45 custodians
434 727 44 43 of
501 726 146 43 books,
665 724 86 43 and
775 738 181 42 persons
977 723 95 42 who
1098 723 210 56 prepared
1331 723 87 43 and
1441 723 94 43 sold
1555 723 74 42 the
1652 723 168 42 vellum

160 815 48 28 or
230 813 258 42 parchment
510 796 201 44 required
732 797 63 41 for
817 795 137 43 books
978 795 86 42 and
1088 795 296 43 documents."

221 872 44 41 It
287 885 88 28 was
398 870 128 42 when
548 869 76 43 the
646 868 261 56 production
932 868 44 41 of
999 873 295 37 manuscripts
1319 867 86 43 had
1429 868 103 42 thus
1556 866 197 43 attained
1776 871 44 38 to

158 944 59 42 its
249 947 191 52 greatest
472 941 325 56 development,
820 940 99 42 that
952 939 74 43 the
1049 944 67 38 art
1148 940 47 42 of
1225 940 362 56 Block-printing
1610 953 47 28 or
1680 939 139 56 Xylo-

159 1030 170 43 graphy
351 1015 97 42 first
471 1014 126 42 made
619 1014 58 42 its
700 1026 280 43 appearance.
1044 1012 106 43 This
1174 1026 100 29 was,
1296 1013 48 41 in
1368 1014 99 50 fact,
1492 1012 187 43 nothing
1702 1026 119 27 more

161 1089 109 41 than
304 1087 124 42 wood
466 1086 249 56 engraving.
782 1085 69 42 On
875 1099 24 27 a
931 1084 140 57 single
1103 1084 131 42 block
1256 1085 44 41 of
1324 1084 135 43 wood,
1492 1099 25 28 a
1539 1084 170 57 picture
1734 1097 88 29 was

163 1159 228 57 engraved,
414 1159 99 51 and,
534 1158 130 43 along
688 1157 107 43 with
818 1158 48 51 it,
890 1171 112 29 were
1024 1157 219 56 engraved
1265 1157 74 42 the
1363 1157 142 43 words
1532 1171 290 42 explanatory

162 1233 46 42 of
231 1232 75 43 the
329 1232 182 55 subject.
574 1231 64 41 At
661 1245 24 27 a
707 1230 111 42 later
840 1230 119 51 time,
982 1243 119 42 upon
1123 1243 25 28 a
1170 1229 140 56 single
1338 1229 130 43 block
1490 1244 25 28 a
1537 1230 142 43 whole
1712 1245 110 41 page

163 1304 46 42 of
240 1303 182 43 reading
448 1317 88 28 was
569 1302 230 43 engraved.
863 1300 160 43 Whole
1055 1300 137 43 books
1216 1315 112 28 were
1361 1301 105 43 thus
1498 1302 178 55 printed
1710 1302 112 42 from

165 1375 218 57 engraved
417 1375 162 42 blocks,
602 1374 106 42 each
741 1388 109 41 page
884 1373 114 42 from
1028 1372 60 43 its
1119 1387 100 28 own
1251 1372 141 43 block.
1458 1374 141 55 Many
1621 1374 45 42 of
1698 1374 125 43 these

164 1452 23 17 "
205 1447 289 43 block-books
512 1446 21 16 "
567 1446 111 41 have
702 1445 110 42 been
844 1444 231 56 preserved
1098 1447 45 39 to
1166 1444 76 42 the
1266 1449 178 51 present
1467 1444 95 57 day.
1628 1445 105 42 This
1757 1451 68 37 art

164 1519 46 42 of
231 1517 350 57 block-printing
602 1531 140 28 seems
762 1522 43 36 to
829 1516 112 42 have
963 1515 110 43 been
1097 1515 219 56 practised
1341 1530 45 28 as
1409 1516 121 43 early
1548 1531 46 28 as
1618 1517 74 42 the
1718 1518 107 41 12th

167 1591 210 55 Century,
399 1589 87 42 and
508 1589 36 41 it
575 1589 37 41 is
636 1587 166 43 certain
825 1591 98 37 that
955 1586 135 42 about
1114 1587 115 42 1400
1252 1587 37 42 it
1313 1602 86 28 was
1433 1588 164 42 known
1630 1589 61 42 all
1724 1604 104 28 over

168 1663 236 54 Germany,
427 1660 223 43 Flanders,
673 1659 87 43 and
784 1658 208 43 Holland.

224 1734 128 42 With
376 1733 108 43 such
508 1732 151 43 blocks
678 1732 44 42 of
744 1731 218 56 engraved
982 1730 140 44 words
1140 1731 48 41 in
1210 1730 116 44 their
1348 1731 153 55 hands,
1516 1733 36 43 it
1574 1739 119 37 must
1717 1734 111 43 have

166 1805 201 43 required
390 1819 56 28 no
479 1809 122 51 great
633 1803 194 43 exercise
861 1803 45 42 of
938 1802 74 43 the
1044 1802 303 56 imagination,
1370 1818 56 28 on
1450 1805 76 42 the
1554 1811 98 49 part
1675 1805 45 42 of
1749 1806 75 42 the

165 1891 244 43 engravers,
434 1881 44 38 to
501 1891 71 28 see
595 1876 98 42 that
715 1876 35 41 if
784 1875 74 43 the
880 1875 154 43 letters
1057 1875 45 42 of
1133 1875 78 42 the
1233 1875 210 56 alphabet
1466 1891 112 29 were
1605 1877 220 57 engraved

168 1965 56 27 on
248 1964 24 27 a
304 1949 130 42 block
456 1949 45 41 in
527 1948 86 42 this
639 1948 184 42 fashion,
846 1947 88 42 and
967 1947 108 42 then
1108 1952 76 37 cut
1216 1953 126 49 apart
1365 1949 113 42 from
1502 1949 107 43 each
1633 1950 126 43 other
1781 1965 47 28 so

169 2035 47 28 as
240 2026 44 37 to
303 2021 111 41 form
436 2018 201 43 movable
661 2023 20 18 "
702 2025 126 49 types
844 2019 21 15 "
900 2018 45 42 of
969 2018 73 42 the
1066 2018 248 42 individual
1337 2019 164 43 letters,
1532 2035 56 27 an
1611 2021 217 43 immense

170 2106 156 29 saving
348 2091 43 42 of
423 2091 156 41 labour
602 2090 146 42 would
772 2090 52 42 be
848 2089 195 43 effected.
1109 2090 44 42 It
1178 2089 142 42 would
1345 2104 56 28 no
1428 2090 152 57 longer
1604 2091 52 43 be
1681 2106 147 29 neces-

170 2178 101 29 sary
295 2169 43 36 to
361 2176 188 29 engrave
572 2161 76 43 the
670 2161 151 43 letters
845 2175 123 29 anew
988 2162 65 41 for
1077 2176 133 41 every
1228 2176 96 28 new
1348 2162 124 42 book.
1539 2163 44 42 It
1608 2164 145 42 would
1777 2165 51 42 be

170 2235 193 57 possible
385 2240 45 37 to
455 2249 75 28 use
553 2235 75 41 the
652 2248 118 28 same
786 2238 128 52 types
937 2247 105 29 over
1064 2233 85 42 and
1168 2247 106 29 over
1296 2235 128 56 again
1443 2235 67 42 for
1533 2235 74 43 the
1630 2243 201 50 printing

171 2308 45 41 of
238 2322 25 27 a
287 2306 238 42 multitude
549 2306 47 42 of
624 2305 329 43 books,their
974 2311 379 50 re-arrangement
1374 2307 67 41 for
1463 2307 105 43 each
1604 2308 131 42 being
1770 2309 60 41 all

172 2383 98 39 that
294 2379 146 42 would
462 2379 54 42 be
537 2377 214 44 required.
816 2377 91 43 The
931 2377 202 56 carrying
1155 2378 44 41 of
1231 2378 87 42 this
1342 2379 95 42 idea
1462 2379 94 43 into
1579 2380 129 43 effect
1731 2395 101 28 con-

171 2450 189 44 stituted
384 2449 74 43 the
490 2456 124 50 great
651 2448 87 43 and
761 2448 248 44 beneficent
1030 2449 234 42 invention
1287 2450 45 41 of
1364 2450 212 57 printing,
1601 2451 159 43 which,
1785 2452 46 41 in

172 2524 124 42 these
318 2523 86 42 last
426 2523 233 42 centuries,
683 2522 78 42 has
785 2521 278 43 contributed
1088 2535 47 28 so
1163 2522 281 43 enormously
1468 2528 45 37 to
1539 2524 72 42 the
1639 2523 195 43 advance

172 2596 46 43 of
255 2595 280 43 civilisation.
599 2594 91 43 The
728 2598 128 52 types
881 2608 112 28 were
1017 2593 96 42 first
1150 2598 76 37 cut
1264 2594 46 42 in
1335 2595 135 42 wood,
1494 2595 80 42 but
1605 2595 48 43 in
1680 2609 26 29 a
1727 2611 108 42 very

177 2669 84 42 few
284 2682 125 42 years
432 2667 37 43 it
492 2681 88 28 was
604 2666 138 43 found
766 2673 43 36 to
833 2666 53 43 be
908 2665 134 43 much
1064 2679 121 29 more
1208 2667 265 43 convenient
1503 2674 43 36 to
1580 2667 112 44 have
1716 2668 121 43 them

176 2745 92 37 cast
301 2740 44 41 in
372 2738 142 43 metal.
578 2738 118 43 Who
721 2752 87 29 was
831 2738 37 42 it
890 2738 98 42 that
1010 2738 96 42 first
1128 2745 77 35 cut
1231 2743 77 37 out
1332 2738 73 44 the
1429 2741 201 42 movable
1657 2741 181 43 wooden

178 2816 127 51 types
323 2811 85 41 and
434 2811 174 55 printed
632 2811 111 41 from
767 2813 144 40 them?
974 2809 155 44 About
1147 2810 87 42 this
1258 2811 204 55 question
1483 2812 121 43 there
1624 2813 77 43 has
1726 2814 109 42 been

180 2897 24 26 a
226 2895 280 42 controversy
528 2881 68 43 for
618 2882 135 42 about
771 2882 97 42 four
891 2881 202 42 hundred
1115 2895 137 42 years.
1308 2882 55 42 In
1387 2882 76 43 the
1480 2883 154 44 article
1658 2884 179 43 alluded

182 2958 56 45 to,
257 2951 73 42 the
348 2951 150 43 reader
513 2952 90 42 will
627 2953 91 42 find
741 2952 75 43 the
839 2953 111 42 facts
974 2954 46 41 of
1040 2952 75 43 the
1139 2966 97 30 case
1259 2967 107 43 very
1388 2953 116 57 fully
1527 2955 155 43 stated.
1748 2956 90 42 The

182 3023 151 42 Dutch
356 3022 131 43 claim
510 3023 74 43 the
606 3024 232 43 invention
862 3025 67 42 for
947 3025 116 42 their
1080 3030 305 51 countryman,
1403 3025 195 44 Lourens
1615 3027 222 43 Janszoon

184 3095 164 51 Coster,
366 3094 98 43 who
488 3095 174 43 worked
681 3100 45 38 at
750 3096 225 43 Haarlem.
1040 3096 91 43 The
1151 3096 229 53 Germans,
1399 3111 56 29 on
1474 3097 75 43 the
1566 3097 125 44 other
1709 3098 130 53 hand,

182 3166 104 43 hold
310 3166 96 42 that
430 3166 73 42 the
527 3166 204 43 inventor
756 3181 85 29 was
865 3168 180 42 Johann
1070 3168 286 51 Giinsfleisch,
1391 3169 252 56 commonly
1675 3169 162 43 known
