2107 3450
1758 267 85 47 375

724 282 115 31 NOTE
873 277 53 36 On
963 280 333 32 tkuminology.

180 406 75 38 and
273 405 121 37 words
412 416 111 26 when
540 403 92 38 they
649 415 61 25 are
728 402 143 38 needed
889 402 57 37 for
964 412 180 39 purposes
1163 400 41 37 of
1220 400 163 49 writing.
1436 400 86 45 But,
1543 399 57 37 for
1617 400 65 36 the
1700 399 88 37 sake
1806 399 42 37 of

178 466 235 48 uniformity,
429 466 31 36 it
477 464 123 49 might
617 465 47 36 he
681 464 86 37 well
784 468 39 33 to
841 464 86 48 give
944 475 54 36 \vp
1018 462 113 37 using
1148 461 105 37 these
1271 465 127 41 terms,
1417 460 76 37 and
1511 465 38 32 to
1569 465 192 44 represent
1779 460 66 37 the

179 533 75 32 two
272 531 173 33 varieties
463 526 40 37 of
517 526 167 37 amnesia
701 525 163 38 verhalis
876 525 53 36 hy
943 524 65 37 the
1021 527 116 33 terms
1152 523 193 37 Auditory
1357 522 75 37 and
1448 522 124 36 Motor
1587 520 258 50 Logamnesia,

181 588 76 37 and
275 588 166 36 amnesia
457 587 197 37 literarum
671 586 52 37 by
740 586 135 37 Visual
893 584 257 49 Logamnesia.

232 648 40 37 If
294 649 76 36 this
393 647 252 48 terminology
662 658 97 25 were
785 643 173 50 adopted,
978 640 212 50 then,—(1)
1215 639 43 37 in
1283 640 214 37 connexion
1514 640 95 37 with
1626 641 66 37 the
1711 641 138 37 Visual

184 722 247 25 word-centre
449 708 41 39 C,
508 720 58 25 we
583 707 137 37 should
739 707 96 37 have
851 706 60 36 for
928 716 66 25 use
1011 703 66 38 the
1102 707 99 33 term
1219 700 138 39 Visual
1384 700 242 50 Logagnosia,
1645 702 149 37 instead
1811 702 41 37 of

184 770 349 38 Word-Blindness,
563 773 40 33 to
633 769 193 37 designate
856 768 139 37 failure
1022 779 51 25 on
1097 765 67 38 the
1192 763 80 38 side
1300 761 41 38 of
1362 764 194 48 reception
1574 764 76 37 and
1667 763 183 51 interpre-

183 830 133 40 tation,
344 830 76 37 and
449 829 65 37 the
544 833 98 33 term
669 829 135 38 Visual
831 830 257 48 Logamnesia,
1107 830 148 37 instead
1283 829 40 37 of
1347 829 182 37 Amnesia
1556 829 224 45 Literarum,
1809 832 40 33 to

180 893 192 36 designate
385 891 136 38 failure
536 903 49 25 on
598 891 66 37 the
681 892 80 36 side
776 892 42 36 of
831 892 227 49 production
1075 906 9 31 ;
1115 892 55 49 (2)
1188 892 43 37 in
1243 892 211 37 connexion
1471 890 95 38 with
1578 890 65 38 the
1657 890 193 48 Auditory

179 966 248 25 word-centre
456 953 49 37 A,
531 965 57 25 we
626 953 139 38 should
796 953 97 38 have
923 954 67 37 the
1019 958 99 33 term
1142 955 194 48 Auditory
1367 953 243 50 Logagnosia,
1637 952 149 37 instead
1811 951 42 38 of

181 1015 330 38 Word-Deafness,
544 1015 78 37 and
654 1015 66 37 the
754 1019 98 34 term
886 1017 194 48 Auditory
1110 1016 258 50 Logamnesia,
1396 1015 149 37 instead
1570 1014 41 38 of
1635 1013 216 37 "Amnesia

184 1076 177 37 Verbalis
387 1075 74 37 due
486 1079 39 33 to
550 1075 252 38 disablement
826 1077 41 36 of
887 1077 65 37 the
975 1078 177 48 auditory
1178 1078 141 47 images
1406 1076 55 48 (3)
1479 1075 78 37 and
1573 1075 42 37 in
1639 1086 212 25 connexion

184 1137 95 38 with
302 1137 67 37 the
396 1138 126 36 Motor
539 1139 247 36 word-centre
804 1139 43 46 B,
866 1151 57 25 we
940 1139 140 38 should
1106 1140 98 37 have
1229 1139 67 37 the
1321 1142 117 33 terms
1466 1137 126 37 Motor
1618 1135 234 50 Logagnosia

184 1199 76 36 and
280 1199 125 37 Motor
422 1199 255 49 Logamnesia.

235 1262 50 36 In
302 1261 338 38 Word-Blindness
658 1274 93 36 pure
770 1262 76 36 and
862 1262 147 50 simple,
1028 1262 65 37 the
1110 1265 147 46 patient
1282 1260 87 37 fails
1395 1263 39 33 to
1460 1270 191 38 recognise
1670 1258 92 48 only
1780 1270 71 24 one

184 1322 206 50 particular
414 1327 56 32 set
496 1322 41 37 of
559 1322 151 48 objects,
736 1323 83 47 viz.,
838 1324 122 36 words
985 1324 152 49 printed
1163 1336 42 24 or
1230 1326 162 33 written.
1447 1321 49 36 In
1521 1320 154 48 general
1700 1320 150 48 Object-

184 1385 202 37 Blindness
404 1383 377 50 (Mind-Blindness),
800 1397 50 24 on
866 1385 66 36 the
950 1385 108 36 other
1083 1384 116 38 hand,
1217 1384 66 36 the
1308 1386 149 45 patient
1482 1382 86 36 fails
1594 1385 39 32 to
1658 1381 193 48 recognise

183 1446 108 37 other
325 1446 140 36 objects
498 1445 145 36 besides
677 1445 131 37 words.
861 1446 55 36 As
956 1445 202 49 explained
1190 1445 43 36 in
1267 1444 67 37 the
1367 1446 92 34 text,
1489 1442 67 37 the
1585 1442 161 36 delicate
1774 1441 77 37 and

182 1508 174 36 intricate
373 1508 140 36 images
530 1506 41 37 of
585 1507 121 37 words
731 1519 63 25 are
818 1507 210 49 imprinted
1054 1507 204 37 efficiently
1276 1507 42 35 in
1336 1505 66 37 the
1418 1504 137 49 higher
1572 1504 126 37 visual
1724 1508 126 32 centre

185 1570 41 37 of
256 1569 92 37 only
377 1582 71 24 one
481 1569 249 48 hemisphere,
763 1569 165 38 whereas
962 1570 66 37 the
1062 1569 158 49 simpler
1252 1569 142 36 images
1426 1567 40 37 of
1498 1579 178 25 common
1711 1565 142 49 objects

184 1644 61 25 are
262 1630 208 50 imprinted
488 1630 204 37 efficiently
708 1631 42 36 in
768 1630 94 38 both
888 1631 268 37 hemispheres.
1209 1630 128 37 When
1363 1629 66 37 the
1447 1628 125 38 visual
1593 1627 262 49 word-images

183 1705 62 24 are
271 1690 209 49 destroyed,
505 1690 105 37 then,
637 1690 137 37 almost
800 1691 152 49 always,
985 1691 115 37 while
1126 1703 72 25 one
1224 1690 41 38 of
1293 1689 67 38 the
1390 1694 76 32 two
1493 1692 75 33 sets
1594 1687 41 38 of
1663 1700 191 24 common-

185 1754 123 48 object
332 1753 141 36 images
498 1752 32 36 is
557 1751 201 49 destroyed
787 1752 114 50 along
927 1753 95 37 with
1052 1753 118 37 them,
1196 1751 67 38 the
1294 1751 109 38 other
1428 1754 67 34 set,
1522 1751 44 36 in
1590 1749 67 38 the
1683 1753 172 45 opposite

185 1814 248 49 hemisphere,
450 1813 164 37 remains
631 1827 9 31 ;
667 1826 39 24 so
723 1813 84 37 that
825 1814 65 37 the
903 1815 149 49 patient
1065 1815 88 37 does
1166 1818 68 33 not
1247 1814 153 37 become
1415 1812 65 37 the
1494 1812 146 49 subject
1655 1811 41 37 of
1705 1811 153 49 general

186 1875 345 39 object-blindness.
584 1875 61 37 He
662 1876 171 37 becomes
852 1889 50 24 so,
921 1877 42 36 in
980 1889 76 24 any
1073 1876 158 37 marked
1250 1876 144 49 degree,
1413 1875 92 37 only
1516 1874 114 38 when
1643 1873 65 38 the
1722 1873 136 37 higher

186 1938 124 37 visual
327 1941 126 33 centre
469 1937 43 36 in
528 1936 94 38 both
639 1937 256 49 hemispheres
912 1938 33 37 is
963 1938 209 49 destroyed.

236 1999 40 37 If
291 1998 137 38 Visual
446 1998 233 48 Logagnosia
695 1999 32 36 is
745 2002 39 33 to
802 1999 47 37 be
865 1999 178 49 accepted
1060 2012 39 24 as
1118 1999 65 37 the
1200 2003 100 33 term
1316 1998 59 38 for
1387 1998 352 38 Word-Blindness,
1754 2001 105 33 what

186 2065 97 33 term
300 2060 82 38 will
399 2060 46 36 be
463 2059 162 37 suitable
642 2059 57 37 for
715 2060 152 49 general
886 2061 358 37 Object-Blindness
1259 2061 14 37 1
1324 2060 20 37 I
1362 2060 130 37 would
1510 2064 150 44 suggest
1677 2059 66 38 the
1760 2064 99 32 term

187 2122 139 38 Visual
352 2122 329 49 Pragmatagnosia
706 2121 171 48 (wpayixa,
906 2135 49 25 an
983 2123 132 49 object,
1143 2122 76 37 and
1246 2123 181 38 dyvcoaia).
1479 2122 94 36 This
1591 2126 97 32 term
1706 2122 153 37 implies

187 2183 75 37 loss
280 2183 40 37 of
335 2183 64 37 the
412 2196 128 36 power
556 2183 42 37 of
610 2184 236 48 recognising
863 2196 22 24 a
903 2196 176 25 common
1106 2184 122 37 object
1253 2188 40 33 at
1318 2184 112 37 sight.
1482 2183 127 38 When
1634 2183 78 37 this
1732 2196 128 36 power

188 2246 32 36 is
237 2245 86 37 lost,
341 2245 106 36 there
464 2245 33 36 is
515 2244 218 50 commonly
749 2244 75 38 lost
848 2245 114 38 along
979 2245 96 37 with
1101 2246 32 36 it
1159 2245 78 37 also
1263 2246 66 37 the
1346 2258 128 37 power
1494 2245 42 37 of
1556 2246 220 37 recollecting
1793 2245 66 38 the

188 2319 230 37 appearance
444 2305 41 38 of
506 2306 66 37 the
599 2307 133 48 object,
758 2306 85 38 that
868 2307 33 37 is
924 2311 39 33 to
993 2319 76 36 say,
1097 2306 66 37 the
1189 2319 128 37 power
1343 2307 41 37 of
1409 2307 140 48 calling
1577 2319 53 37 up
1657 2307 51 37 its
1733 2306 126 38 visual

187 2369 122 36 image
336 2368 98 37 from
461 2367 150 48 within,
646 2367 112 38 when
792 2368 67 37 the
892 2373 164 33 attempt
1092 2368 32 37 is
1152 2369 111 37 made
1293 2373 39 33 to
1371 2369 130 37 revive
1531 2368 67 38 the
1636 2368 86 38 idea
1755 2369 41 37 of
1827 2369 32 37 it

187 2430 43 37 in
255 2430 65 37 the
345 2429 119 37 mind.
518 2429 74 37 For
618 2429 78 38 this
721 2429 86 38 loss,
827 2430 19 37 I
875 2429 131 39 would
1035 2434 153 45 suggest
1215 2430 65 38 the
1312 2435 98 33 term
1437 2430 135 38 Visual
1602 2430 255 38 Pragniatam-

188 2490 114 38 nesia.

236 2551 317 38 Word-Deafness
570 2551 186 49 probably
772 2552 108 38 bears
896 2556 40 34 to
956 2551 314 39 Mind-Deafness
1288 2552 66 38 the
1371 2565 102 25 same
1490 2552 163 38 relation
1669 2564 40 26 as
1723 2553 136 38 Word-

188 2613 201 37 Blindness
405 2613 106 38 bears
528 2617 40 33 to
587 2612 345 39 Mind-Blindness.
986 2614 47 37 In
1059 2626 95 37 pure
1177 2613 308 38 word-deafness,
1511 2613 32 37 it
1568 2613 33 37 is
1627 2613 93 49 only
1737 2614 123 38 words

188 2674 82 38 that
288 2679 137 33 cannot
441 2675 47 37 be
505 2675 218 49 recognised
738 2689 9 32 ;
775 2675 41 37 in
833 2675 152 49 general
1002 2674 298 39 mind-deafness
1318 2675 39 49 (a
1383 2675 197 38 condition
1605 2679 39 33 to
1663 2675 139 48 which,
1820 2688 40 25 as

188 2739 74 44 yet,
282 2735 70 38 but
380 2734 102 38 little
511 2735 191 37 attention
731 2735 67 38 has
828 2736 96 38 been
956 2736 195 50 directed),
1170 2749 176 25 common
1377 2736 142 38 sounds
1549 2735 78 38 also
1653 2735 69 37 fail
1748 2740 39 34 to
1813 2737 48 38 be

190 2796 223 49 recognised.
466 2796 74 37 For
568 2796 152 50 general
751 2797 323 38 Mind-Deafness,
1106 2797 104 38 what
1239 2802 99 33 term
1365 2797 129 38 would
1524 2797 47 38 be
1597 2797 190 38 suitable?
1839 2799 19 36 I

190 2857 127 37 would
334 2862 149 45 suggest
499 2857 66 38 the
582 2863 99 32 term
697 2859 362 49 Acousmatagnosia
1072 2859 182 49 (&Kov<rfj,a,
1270 2873 21 24 a
1306 2859 133 38 sound,
1454 2859 75 38 and
1545 2860 180 38 Ayvwala).
1770 2861 91 36 And

191 2931 51 33 so,
260 2919 119 49 again,
398 2919 60 37 for
474 2919 136 37 failure
627 2923 39 33 to
684 2919 75 38 call
775 2932 53 37 up
854 2920 42 37 in
922 2921 66 37 the
1012 2933 173 26 memory
1203 2922 65 37 the
1289 2922 123 37 image
1431 2921 41 38 of
1494 2934 22 24 a
1535 2933 174 25 common
1727 2923 134 46 sound,

191 2979 92 38 such
301 2992 39 25 as
359 2979 65 38 the
442 2980 109 49 clang
569 2980 40 37 of
623 2993 22 25 a
662 2980 90 48 bell,
771 2981 114 38 when
913 2995 71 24 one
1010 2982 136 38 wishes
1174 2987 39 33 to
1241 2983 117 37 think
1385 2982 42 38 of
1449 2982 66 37 the
1538 2982 134 38 sound,
1693 2983 19 36 I
1731 2984 130 37 would

192 3045 149 45 suggest
358 3041 65 38 the
440 3046 98 32 term
555 3043 385 37 Acousmatamnesia.

241 3103 116 47 Thus,
376 3104 42 36 in
436 3104 210 36 connexion
663 3103 96 38 with
777 3104 65 37 the
861 3104 242 38 obliteration
1122 3105 40 37 of
1185 3105 65 37 old
1268 3105 137 38 Visual
1423 3105 143 37 images
1584 3104 41 38 of
1648 3104 153 49 Objects
1818 3105 44 38 in

193 3165 162 51 general,
382 3177 56 25 we
468 3163 138 39 should
635 3164 97 38 have
761 3164 66 38 the
853 3169 76 34 two
954 3169 116 34 terms
1095 3166 139 39 Visual
1263 3165 333 51 Pragmatagnosia
1621 3165 77 37 and
1725 3165 137 39 Visual
