2113 3404
447 249 81 41 256

945 265 86 30 THE
1064 266 240 32 DISOliDERS
1337 268 54 30 OF
1421 267 173 32 SPEECH.

444 379 75 42 All
544 394 61 28 we
637 381 109 43 have
780 386 42 37 to
855 382 53 42 do
941 383 45 41 in
1020 383 84 43 this
1136 389 168 50 respect
1324 385 36 41 is
1384 390 43 36 to
1449 385 152 43 realize
1624 386 95 42 that
1741 386 72 42 the
1835 387 222 42 executive

444 463 152 43 organs
619 452 43 41 of
694 452 72 43 the
798 457 84 38 two
905 453 287 43 mechanisms
1216 468 68 29 are
1306 456 150 54 placed
1477 460 46 37 at
1545 456 72 42 the
1640 470 136 41 upper
1797 457 81 41 end
1912 457 42 41 of
1985 457 72 41 the

444 521 272 57 air-passage,
748 523 85 42 and
866 524 94 42 that
992 539 79 27 one
1108 525 36 41 is
1181 525 133 43 above
1347 526 73 42 the
1457 526 290 42 other,—that
1783 527 45 41 of
1860 527 74 41 the
1971 527 87 41 oral

445 592 272 43 articulative
770 594 266 42 mechanism
1090 595 128 54 being
1263 596 145 41 above,
1449 596 84 40 and
1577 595 93 42 that
1721 596 43 41 of
1816 596 71 42 the
1940 596 119 42 vocal

446 663 264 42 mechanism
743 664 146 42 below.
952 665 82 41 We
1066 665 155 41 should
1252 665 88 42 also
1374 664 123 43 make
1530 672 98 34 note
1661 666 45 40 of
1734 666 74 41 the
1845 666 86 41 fact
1966 666 94 41 that

444 732 137 42 below
617 733 73 42 the
727 734 154 54 larynx
914 734 119 42 there
1071 735 37 41 is
1145 749 24 27 a
1200 735 116 41 third
1356 736 273 42 mechanism,
1663 736 73 42 the
1769 736 288 51 Inspiratory,

446 803 142 42 which
622 804 227 50 furnishes,
887 805 57 54 by
982 805 244 53 expiratory
1263 805 136 41 effort,
1433 805 73 41 the
1550 805 111 41 blast
1695 805 46 41 of
1779 806 62 40 air
1879 811 182 36 without

447 874 139 42 which
611 888 53 27 no
687 874 338 54 speech-sounds
1049 874 125 42 could
1194 875 52 41 be
1269 875 225 54 produced,
1517 875 138 41 either
1677 881 44 35 at
1743 875 72 41 the
1839 875 155 41 larynx
2017 889 45 27 or

445 945 45 40 in
523 944 74 42 the
636 943 88 42 oral
761 944 155 54 cavity.
980 944 116 42 Thus
1134 944 118 42 three
1286 945 286 41 mechanisms
1610 949 239 37 co-operate
1885 945 44 41 in
1967 959 95 40 pro-

445 1015 171 54 ducing,
629 1014 73 42 the
725 1014 160 42 sounds
918 1014 43 42 of
983 1014 165 54 speech.
1212 1015 100 41 But,
1335 1029 46 27 as
1403 1015 73 41 the
1499 1015 159 41 sounds
1693 1029 69 27 are
1785 1015 212 54 produced
2020 1021 45 35 at

445 1085 75 41 the
544 1089 84 37 two
646 1084 240 42 first,—the
905 1084 116 41 third
1040 1084 102 55 only
1160 1085 234 54 supplying
1412 1085 72 41 the
1507 1098 225 42 necessary
1752 1099 195 35 air,—we
1965 1099 96 40 may

445 1169 98 41 pass
580 1168 101 28 over
714 1154 72 42 the
819 1154 115 41 third
968 1168 104 41 very
1105 1153 175 55 shortly.
1342 1155 82 41 We
1463 1155 106 41 need
1604 1155 99 40 only
1729 1169 97 26 note
1856 1155 129 40 about
2006 1155 56 41 it:

444 1225 79 56 (1),
545 1225 112 41 That
688 1225 74 41 the
795 1225 248 54 expiratory
1064 1238 196 41 pressure
1283 1225 43 40 of
1357 1225 62 41 air
1450 1225 36 41 is
1508 1225 224 41 furnished
1762 1225 301 54 continuously

446 1297 65 41 for
533 1295 103 42 each
660 1295 142 41 clause
821 1309 46 27 or
889 1301 225 45 sentence;
1149 1294 74 56 (2),
1248 1295 93 41 that
1363 1295 35 41 it
1420 1295 36 41 is
1479 1295 122 41 made
1621 1300 41 36 to
1682 1309 102 40 vary
1804 1295 44 40 in
1871 1295 191 54 strength

447 1366 227 42 according
706 1370 43 37 to
783 1365 72 42 the
888 1365 313 55 requirements
1224 1365 45 41 of
1295 1365 216 41 emphasis
1534 1365 83 41 and
1641 1365 230 41 emotional
1895 1379 169 39 expres-

446 1438 94 41 sion
558 1453 8 37 ;
597 1437 85 41 and
704 1437 79 54 (3),
805 1436 94 41 that
932 1450 44 27 as
1007 1440 75 50 yet
1115 1435 73 42 the
1223 1435 175 42 cortical
1432 1440 142 36 centre
1610 1436 44 39 in
1689 1435 72 41 the
1797 1435 121 40 brain
1954 1435 106 40 from

447 1508 144 42 which
623 1507 73 42 the
729 1511 246 50 expiratory
999 1506 123 42 effort
1153 1506 65 40 for
1249 1505 155 55 speech
1425 1506 37 40 is
1487 1504 253 42 innervated
1763 1505 75 41 has
1860 1510 76 36 not
1957 1505 106 41 been

450 1578 225 42 definitely
698 1577 217 43 localized.

510 1646 230 43 Confining
772 1659 78 27 our
886 1644 227 49 attention,
1136 1644 116 41 then,
1276 1647 43 37 to
1356 1643 72 41 the
1462 1642 238 54 Laryngeal
1735 1642 83 41 and
1851 1642 74 41 the
1963 1641 100 42 Oral

449 1717 292 42 Articulative
763 1715 307 42 Mechanisms,
1093 1728 62 27 we
1186 1714 90 41 find
1298 1713 96 41 that
1416 1713 101 41 each
1546 1713 265 40 mechanism
1833 1712 35 41 is
1892 1711 172 55 capable

449 1790 44 41 of
531 1788 128 42 being
701 1786 137 42 called
875 1786 92 40 into
1005 1785 142 41 action
1189 1788 120 50 quite
1352 1783 339 55 independently
1729 1783 43 40 of
1807 1782 73 41 the
1923 1782 144 51 other;

450 1858 208 44 although
696 1857 65 41 for
794 1857 72 41 the
899 1869 205 41 purposes
1127 1855 43 41 of
1201 1854 153 42 speech
1388 1853 72 42 the
1493 1859 83 35 two
1609 1857 116 37 must
1756 1853 50 41 be
1840 1852 226 54 employed

449 1930 205 56 together.
700 1928 128 41 Thus,
848 1927 105 41 with
969 1927 71 40 the
1057 1926 185 54 Larynx,
1256 1939 62 27 we
1333 1938 78 28 can
1428 1924 103 40 hum
1550 1937 24 27 a
1591 1928 104 36 tune
1714 1922 181 42 without
1915 1922 148 49 words,

449 2001 75 41 the
540 1999 89 43 oral
646 1997 273 43 articulative
933 1996 266 42 mechanism
1213 1995 129 41 being
1356 1993 257 42 meanwhile
1629 1992 119 55 quite
1763 1992 186 54 passive;
1971 1992 94 50 and,

450 2070 107 42 with
579 2070 73 41 the
685 2069 103 42 Oral
819 2067 291 43 Articulative
1142 2066 284 41 Mechanism,
1450 2079 62 27 we
1544 2078 78 28 can
1655 2077 124 29 cause
1801 2063 75 42 the
1898 2068 168 44 tongue,

449 2142 97 54 lips,
584 2145 91 37 etc.,
713 2145 43 36 to
793 2153 51 41 go
881 2137 187 43 through
1105 2136 59 42 all
1200 2136 73 41 the
1316 2139 266 37 movements
1624 2148 223 40 necessary
1890 2134 64 40 for
1994 2133 72 41 the

451 2211 276 43 articulation
750 2211 45 41 of
824 2224 24 27 a
873 2222 215 29 sentence,
1121 2210 183 38 without
1327 2205 235 55 producing
1593 2219 85 40 any
1708 2205 172 40 audible
1902 2203 165 50 speech,

450 2284 105 49 —if,
590 2280 267 44 meanwhile,
889 2280 74 41 the
995 2278 149 56 glottis
1175 2277 36 41 is
1243 2277 106 53 kept
1381 2282 137 35 either
1552 2275 153 54 widely
1739 2288 121 40 open,
1892 2288 44 27 so
1974 2279 93 35 that

452 2367 174 43 passing
668 2352 63 41 air
768 2351 89 41 will
899 2349 185 56 produce
1127 2362 54 27 no
1223 2346 220 56 laryngeal
1485 2345 150 50 sound,
1667 2359 45 27 or
1748 2344 141 55 firmly
1926 2343 140 42 closed

453 2425 64 54 (as
559 2424 46 40 in
647 2422 246 54 straining),
929 2434 45 27 so
1018 2424 94 36 that
1154 2417 60 41 air
1258 2417 88 40 will
1389 2420 74 37 not
1504 2416 52 42 be
1595 2415 179 41 allowed
1810 2419 43 36 to
1893 2428 94 40 pass
2023 2418 43 36 at

454 2495 69 41 all.
601 2493 135 42 These
779 2505 144 41 points
965 2490 109 40 have
1117 2489 107 40 been
1263 2486 219 42 discussed
1514 2490 44 37 at
1589 2499 115 28 some
1736 2485 148 55 length
1918 2485 43 40 in
1995 2485 70 39 the

454 2563 157 44 second
648 2576 188 28 chapter.
913 2559 63 42 As
1014 2558 103 42 each
1151 2558 45 40 of
1235 2557 73 41 the
1345 2555 297 50 mechanisms,
1674 2554 134 41 Vocal
1845 2553 85 40 and
1968 2552 99 42 Oral

453 2633 305 44 Articulative,
795 2632 37 40 is
869 2631 102 41 thus
1008 2643 45 27 so
1096 2627 175 42 capable
1309 2626 45 41 of
1392 2624 246 55 displaying
1679 2623 213 42 activities
1930 2623 45 41 of
2011 2623 55 40 its

456 2719 95 29 own
594 2700 343 58 independently
969 2699 44 42 of
1054 2698 74 41 the
1171 2696 131 42 other,
1340 2695 35 41 it
1411 2695 36 41 is
1489 2699 76 36 not
1607 2693 237 55 surprising
1886 2698 42 36 to
1970 2691 97 51 find,

456 2778 108 40 from
601 2774 73 42 the
708 2773 131 41 latest
867 2767 313 45 experimental
1211 2765 242 43 researches
1486 2779 115 40 upon
1624 2763 194 50 animals,
1839 2763 95 41 that
1965 2761 99 43 each

455 2858 266 32 mechanism
754 2843 76 41 has
852 2839 208 57 probably
1083 2839 56 40 its
1162 2851 96 28 own
1280 2839 191 39 separate
1493 2839 245 37 sub-centre
1761 2833 45 40 in
1830 2832 71 41 the
1923 2832 143 50 brain;

457 2918 86 44 and
579 2921 95 37 that
709 2914 73 42 the
820 2919 83 35 two
941 2909 175 43 cortical
1159 2921 281 35 sub-centres,
1472 2905 163 55 though
1668 2905 101 53 they
1803 2917 97 40 may
1937 2901 56 42 lie
2024 2900 41 41 in

453 2985 332 61 juxtaposition,
826 2981 83 43 and
945 2994 173 28 overlap
1152 2977 104 43 each
1290 2975 122 42 other
1445 2979 45 37 at
1520 2974 113 42 their
1664 2972 198 55 margins,
1897 2984 68 28 are
1997 2972 70 52 yet

456 3057 211 60 probably
691 3054 189 44 distinct,
913 3066 45 28 as
981 3051 73 42 the
1077 3046 329 57 corresponding
1429 3049 165 39 centres
1613 3057 70 29 are
1704 3043 45 41 in
1772 3040 191 43 animals.
2028 3037 37 41 If
