1933 3302
485 142 290 35 Geschichtliches
799 157 60 21 zur
882 148 156 40 Hygiene
1061 150 59 31 des
1144 151 316 32 Hospitalbrandes.

170 141 51 39 86

170 249 61 37 die
262 249 96 38 Luft
395 249 170 46 inficire,
605 251 78 38 und
723 254 86 38 dass
848 255 104 38 diese
991 256 72 37 mit
1100 257 87 37 dem
1227 257 84 41 Gift
1347 261 189 39 beladene
1576 264 94 38 Luft
1711 267 59 37 die

170 302 208 46 Wunden,
420 303 146 39 welclie
608 305 55 38 sie
701 307 181 47 berühre,
926 309 337 53 hospitalbrandig
1303 314 147 38 mache.
1522 315 249 43 Thomson

170 356 202 50 empfiehlt
400 356 56 38 als
493 358 67 38 das
591 359 245 40 wirksamste
866 362 129 38 Mittel
1025 377 67 23 zur
1124 364 173 52 Tilgung
1326 368 67 37 des
1424 367 347 40 Hospitalbrandes

168 410 238 38 reichlichen
436 410 175 54 Luftzug
641 427 67 25 zur
746 415 272 51 Verdünnung
1056 417 66 37 des
1160 417 264 53 Contagiums.
1485 423 76 48 „Es
1598 424 51 38 ist
1683 439 88 25 aus-

168 464 226 49 gemacht,"
430 468 91 48 sagt
551 480 62 34 er,
650 469 110 44 „dass
791 469 66 37 das
889 468 84 39 Gift
1002 471 67 37 der
1100 473 246 49 contagiösen
1378 475 198 39 Ausflüsse
1606 479 77 36 und
1714 480 59 37 die

170 516 148 39 Gefahr
340 519 68 37 der
430 518 259 53 Ansteckung
709 536 65 23 um
796 535 41 25 so
859 523 243 39 erheblicher
1123 526 223 40 vorhanden
1362 529 61 45 ist,
1441 530 40 48 je
1498 532 275 38 concentrirter

169 572 104 38 diese
304 572 98 48 sind,
429 575 41 49 je
500 575 152 37 kleiner
674 576 60 37 die
755 575 129 39 Masse
906 577 96 37 Luft
1021 578 62 46 ist,
1114 579 40 37 in
1177 580 164 39 welcher
1362 582 54 37 sie
1438 583 193 47 aufgelöst
1651 587 116 36 sind."

167 625 212 51 Delpech
408 631 123 35 setzte
552 629 202 49 praktisch
775 631 60 36 die
858 629 241 41 Ventilation
1118 633 40 37 in
1179 635 286 50 energischster
1487 636 131 39 Weise
1641 639 131 46 durch,

168 679 174 39 schreibt
369 681 62 38 ihr
457 683 142 49 jedoch
629 683 142 37 keinen
802 685 275 38 wesentlichen
1108 686 170 40 Einfluss
1308 703 128 36 gegen
1458 691 66 37 das
1545 690 229 40 Contagium

168 747 65 33 zu,
280 735 166 38 welches
491 750 48 24 an
580 737 103 37 fixen
714 736 324 52 Gegenständen,
1083 741 72 37 wie
1186 741 255 49 Leinewand,
1476 743 165 51 Charpie
1678 746 95 38 fest-

167 787 121 40 hafte.
347 789 279 51 Brugmans
658 791 203 50 empfiehlt
890 793 67 37 das
990 791 250 41 Offenhalten
1270 796 68 38 der
1367 796 183 48 Fenster,
1582 803 191 35 verlangt,

168 843 89 38 dass
288 844 68 38 das
386 843 185 51 Hospital
590 845 164 38 trocken
775 846 83 37 sein
875 846 94 38 solle
990 847 79 37 und
1091 848 172 38 entfernt
1283 863 74 24 von
1374 850 210 48 Morästen,
1616 853 158 38 stehen-

168 897 77 38 den
275 897 189 39 Wässern
497 901 72 36 etc.
600 899 116 50 liege.
771 899 148 38 Ferner
948 900 150 39 fordert
1129 915 40 25 er
1200 903 76 37 500
1315 903 216 40 Kubikfuss
1568 905 207 41 Luftraum

167 951 65 38 für
250 953 118 49 jeden
390 953 202 37 Kranken.
642 953 75 37 Die
739 952 165 39 Fenster
924 954 123 38 sollen
1068 969 223 25 zusammen
1314 957 59 38 die
1395 957 130 39 Breite
1547 960 68 36 der
1634 960 141 39 halben

168 1005 138 51 Länge
338 1007 67 37 des
435 1006 191 39 Zimmers
654 1007 142 38 haben.
855 1007 76 39 Am
962 1008 228 40 Fussboden
1220 1010 70 38 soll
1322 1011 73 38 alle
1419 1013 156 37 10—14
1596 1013 96 38 Fuss
1714 1016 62 36 ein

169 1059 178 51 Zugloch
377 1061 104 44 sein;
513 1061 61 38 die
605 1061 235 38 Bettstellen
870 1062 123 38 sollen
1024 1063 157 38 14—16
1203 1064 85 38 Zoll
1318 1065 96 38 über
1444 1066 86 37 dem
1551 1066 225 40 Fussboden

169 1114 150 39 stehen.
380 1115 161 38 Diesem
571 1115 179 38 schliesst
780 1116 82 38 sich
894 1116 111 38 Kies
1018 1131 49 24 er
1097 1131 127 37 genau
1255 1133 48 23 an
1324 1120 78 36 und
1423 1120 180 50 verlangt
1622 1135 153 24 ausser-

169 1169 106 46 dem,
316 1169 86 38 dass
433 1169 108 38 nicht
570 1183 73 24 nur
674 1170 161 37 Thüren
864 1171 79 37 und
972 1170 165 39 Fenster
1174 1173 172 49 geöffnet
1385 1173 173 46 bleiben,
1598 1176 177 45 sondern,

169 1223 88 38 dass
286 1237 91 24 man
408 1224 60 37 die
499 1223 191 39 Kranken
719 1238 41 24 so
790 1224 78 39 viel
897 1226 73 36 wie
1000 1225 170 51 möglich
1191 1240 48 24 an
1260 1227 61 37 die
1342 1227 141 37 frische
1505 1227 95 38 Luft
1618 1229 158 45 bringe;

168 1277 56 38 sie
255 1277 81 38 also
368 1278 199 38 entweder
596 1279 74 37 in's
699 1278 114 38 Freie
857 1281 112 48 trage
1009 1280 109 46 oder,
1160 1293 110 24 wenn
1309 1281 66 37 das
1413 1280 157 38 Wetter
1606 1282 172 38 schlecht

167 1332 63 46 ist,
262 1332 40 37 in
333 1332 126 38 offene
491 1331 199 39 Gallerien
720 1333 93 37 oder
844 1332 110 39 Zelte
984 1333 138 50 logire,
1153 1333 277 39 währenddem
1469 1335 60 37 die
1569 1335 208 39 Kranken-

169 1386 81 38 säle
282 1386 214 38 desinficirt
535 1387 172 37 würden.
767 1386 78 39 Wo
875 1388 81 37 dies
977 1387 230 39 unthunlich
1227 1388 67 38 sei,
1327 1390 168 36 müssten
1520 1390 21 35 2
1564 1388 88 39 Säle
1674 1390 103 38 diese

169 1439 298 52 Abwechslung
498 1442 277 49 ermöglichen.

299 1494 277 39 Neudörfer
614 1495 151 38 fordert
795 1497 23 35 2
848 1495 142 38 Betten
1025 1495 64 38 für
1124 1495 119 51 jeden
1272 1496 205 38 Kranken,
1518 1497 120 37 damit
1668 1498 110 49 jedes

171 1550 49 37 12
252 1549 176 39 Stunden
456 1549 95 50 lang
581 1549 241 39 ausgelüftet
851 1550 157 37 werden
1038 1550 148 38 könne;
1223 1550 96 38 auch
1350 1550 122 38 sollen
1501 1551 60 37 die
1591 1551 187 38 Kranken

168 1604 103 38 öfter
300 1605 39 36 in
370 1604 278 38 verschiedene
688 1604 171 38 Zimmer
889 1604 135 50 gelegt
1053 1605 167 37 werden.
1280 1604 111 38 Auch
1419 1605 39 37 in
1495 1605 74 37 den
1602 1605 176 38 Berliner

168 1658 209 38 Baracken
408 1659 210 38 1870—71
651 1659 134 37 wurde
815 1658 133 39 starke
978 1658 241 38 Ventilation
1248 1658 121 38 durch
1405 1658 270 38 Offenbleiben
1712 1659 67 37 der

171 1713 181 46 Thüren,
389 1713 166 38 Fenster
585 1713 79 38 und
694 1713 232 38 Dachreiter
955 1712 269 38 beibehalten,
1256 1713 61 37 die
1347 1712 188 38 Kranken
1562 1713 73 37 in's
1665 1712 113 38 Freie

169 1770 194 48 getragen
393 1771 94 35 etc.,
520 1768 96 38 doch
649 1768 134 37 betont
812 1767 158 50 König
999 1767 290 37 ausdrücklich,
1330 1767 86 37 dass
1451 1767 52 37 all
1533 1767 247 49 dergleichen

168 1822 273 51 Maassregeln
471 1835 129 38 gegen
640 1822 61 38 die
740 1821 275 50 Hauptsache,
1051 1821 171 37 nämlich
1258 1821 60 37 die
1347 1821 129 37 lokale
1506 1820 271 46 Behandlung,

172 1879 291 36 zurücktreten.

301 1931 77 38 Ein
407 1944 165 25 anderes
591 1930 148 38 Mittel,
771 1930 122 38 durch
915 1929 165 38 welches
1101 1943 88 23 man
1210 1929 135 37 früher
1366 1929 67 37 das
1455 1929 220 50 contagiöse
1698 1927 83 39 Gift

168 1986 42 38 in
231 1987 69 37 der
321 1986 96 38 Luft
436 1999 47 24 zu
504 1990 201 33 zerstören
726 1984 146 38 suchte,
897 1997 129 25 waren
1042 1984 61 36 die
1120 1983 320 37 desinficirenden
1456 1982 321 50 Räucherungen.

169 2040 115 39 Nach
316 2040 266 38 Thomson
612 2053 81 24 war
723 2053 40 24 es
793 2038 168 39 Jacob
991 2037 267 39 Johnston
1286 2037 40 37 in
1348 2036 234 46 Worcester,
1613 2036 166 37 welcher

170 2098 133 35 zuerst
331 2095 64 37 bei
425 2107 107 25 einer
562 2093 337 38 Fieberepidemie
928 2093 39 36 in
998 2091 311 37 Kidderminster
1341 2091 102 37 1756
1474 2089 304 38 Desinfections-

171 2149 190 39 versuche
405 2152 72 34 mit
520 2146 394 40 Salzsäuredämpfen
950 2148 165 35 machte.
1185 2144 186 38 Ziemlich
1408 2144 229 50 allgemeine
1678 2143 101 38 Ver-

170 2205 188 37 breitung
374 2217 94 24 aber
483 2203 146 37 fanden
646 2203 61 37 die
719 2199 501 40 Desinfectionsmethoden
1234 2199 66 38 des
1311 2198 231 38 berühmten
1554 2197 226 39 Chemikers

170 2258 204 39 Guyton
404 2258 240 37 Morveau
672 2257 40 37 in
742 2256 131 50 Dijon.

304 2335 38 31 In
369 2344 94 21 einer
488 2334 60 30 der
575 2332 257 41 Hauptkirchen
857 2331 122 31 Dijons
1004 2339 71 21 war
1100 2329 83 33 1773
1208 2328 106 31 durch
1330 2327 248 39 Ausdünstung
1601 2325 60 31 der
1676 2324 104 32 Grab-

171 2379 160 41 gewölbe
356 2379 55 30 die
427 2378 80 30 Luft
532 2386 37 22 so
586 2386 170 21 verderbt,
781 2376 77 30 dass
883 2375 55 30 die
954 2374 125 30 Kirche
1103 2373 215 41 geschlossen
1336 2370 137 30 werden
1490 2371 136 29 musste.
1665 2368 115 31 Nichts

173 2423 80 30 half
283 2424 50 29 sie
356 2432 42 20 zu
422 2423 172 39 reinigen,
630 2421 52 30 bis
707 2419 165 32 Guyton
895 2419 193 29 Morveau
1118 2416 108 31 durch
1249 2415 176 31 Salzsäure
1447 2413 71 31 und
1541 2411 240 40 Chlordämpfe

171 2466 146 32 raschen
341 2466 120 32 Erfolg
485 2467 147 28 erzielte.

304 2530 227 39 Delpech
551 2529 172 39 schreibt
745 2529 73 37 den
839 2526 418 49 Chlorräucherungen
1278 2536 134 38 grosse
1435 2521 198 48 Wirkung
1653 2531 128 38 gegen

172 2586 271 38 Verbreitung
491 2585 68 37 des
607 2582 352 39 Hospitalbrandes
998 2595 57 23 zu.
1127 2579 54 38 Er
1218 2578 92 37 liess
1358 2577 66 37 das
1472 2574 188 50 Chlorgas
1700 2571 82 39 sich

171 2641 183 38 langsam
383 2641 40 36 in
454 2639 60 37 die
544 2638 97 38 Luft
671 2650 235 25 verbreiten,
937 2635 59 37 bis
1028 2634 113 38 blaue
1171 2631 172 39 Wolken
1371 2630 78 38 und
1479 2629 61 38 ein
1561 2639 221 27 schwacher

176 2695 157 38 Geruch
361 2693 237 39 bemerkbar
628 2704 173 25 wurden.
860 2689 131 39 Selbst
1010 2686 272 40 Brustkranke
1304 2697 185 36 ertrugen
1511 2683 67 37 das
1600 2680 77 39 Gas
1698 2682 82 47 gut.

174 2750 56 38 Er
250 2749 146 39 umgab
417 2746 239 40 namentlich
678 2744 312 39 Schwerkranke
1011 2745 72 36 mit
1104 2742 129 37 diesen
1255 2738 323 49 Räucherungen.
1627 2734 154 38 Andere

174 2804 147 39 Aerzte
348 2805 113 49 jener
500 2802 86 38 Zeit
623 2799 134 39 halten
786 2798 127 38 nichts
944 2811 77 25 von
1050 2797 73 37 den
1152 2793 326 49 Räucherungen.
1537 2789 244 38 Thomson

175 2859 172 38 zweifelt
374 2857 129 39 nicht,
536 2857 88 37 dass
655 2854 104 38 diese
789 2852 170 38 Dämpfe
996 2851 60 37 die
1095 2848 116 39 Kraft
1244 2847 193 44 besitzen,
1475 2841 191 41 hässliche
1702 2839 79 39 Ge-

175 2913 120 38 rüche
326 2926 47 24 zu
403 2916 220 33 zerstören,
664 2908 47 38 ob
742 2921 55 24 sie
827 2919 93 25 aber
951 2904 215 39 Contagien
1196 2905 197 34 zerstören
1422 2900 173 42 können,
1634 2907 149 25 schemt

174 2967 84 38 ihm
287 2967 116 38 keine
434 2966 68 38 der
532 2965 235 51 gemachten
796 2960 279 39 Erfahrungen
1105 2971 47 24 zu
1179 2954 208 40 beweisen.
1445 2951 112 44 Auch
1588 2948 195 39 Gerson
