2107 3450
1749 262 84 43 289

775 276 229 31 AUDITORY
1037 275 206 32 APHASIA.

176 415 181 43 person;
409 399 85 44 and
547 399 46 42 in
637 398 123 43 those
802 410 180 44 persons
1027 396 97 43 who
1168 409 71 30 are
1282 395 199 57 strongly
1524 396 190 56 auditifs
1755 394 76 44 the

175 474 269 42 importance
477 472 37 43 is
546 470 213 58 probably
791 472 275 54 paramount.
1131 469 56 42 In
1220 468 76 44 the
1325 468 226 56 reception
1584 468 45 43 of
1661 466 171 52 speech,

175 545 74 43 the
287 544 303 43 word-images
628 556 74 29 are
738 541 179 43 revived
954 541 112 42 from
1111 540 199 53 without,
1348 541 60 55 by
1444 540 141 42 words
1624 539 99 43 that
1760 553 72 29 are

174 615 133 43 heard
329 630 47 28 or
397 629 127 29 seen;
555 615 47 42 in
625 614 57 43 its
705 613 276 57 production,
1004 613 107 43 they
1134 627 72 29 are
1240 612 182 44 revived
1444 612 114 43 from
1581 617 170 46 within,
1774 611 59 57 by

174 688 74 43 the
271 687 210 43 thoughts
504 687 97 42 that
623 687 112 42 arise
756 686 48 42 in
827 700 79 29 our
927 685 158 43 minds.
1141 685 55 43 In
1219 689 116 39 most
1356 684 169 57 people,
1544 684 75 43 the
1642 683 191 57 thought

173 760 99 43 that
301 760 39 44 is
372 759 182 57 seeking
585 759 254 43 expression
872 758 123 43 leans
1028 758 189 43 towards
1251 757 75 44 the
1349 761 142 39 motor
1516 756 319 52 word-images,

173 832 80 42 but
290 832 36 42 it
363 831 230 43 evidently
630 831 250 43 stimulates
915 830 91 44 also
1044 830 76 43 the
1162 830 208 57 auditory
1409 829 318 57 word-images.
1790 828 46 42 It

173 902 106 43 calls
302 917 59 42 up
385 903 107 43 both
510 903 307 58 word-images
836 902 370 57 simultaneously
1224 917 8 39 ;
1255 902 87 42 and
1360 902 36 42 it
1412 902 38 43 is
1470 901 106 44 only
1594 915 130 29 when
1741 900 38 43 it
1795 900 39 44 is

173 975 97 43 able
293 980 45 38 to
361 975 54 43 do
439 990 46 29 so
509 976 98 43 that
629 976 36 42 it
687 990 82 29 can
793 976 107 42 with
922 976 170 56 perfect
1115 989 97 29 ease
1236 974 84 44 call
1343 989 61 42 up
1438 974 77 44 the
1537 974 143 43 words
1703 973 48 43 of
1773 973 60 43 all

173 1048 159 44 classes
353 1049 204 43 required
589 1049 66 43 for
687 1049 59 43 its
779 1048 265 44 expression.
1109 1048 57 42 In
1188 1052 116 39 most
1338 1061 132 29 cases,
1492 1047 276 43 destruction
1791 1046 44 43 of

176 1120 74 43 the
284 1120 203 43 auditory
511 1125 147 38 centre
687 1120 101 43 does
812 1125 78 38 not
922 1119 248 43 annihilate
1203 1119 75 43 the
1310 1133 148 42 power
1491 1120 47 41 of
1567 1118 271 51 expression,

175 1193 37 41 it
234 1192 164 57 merely
422 1193 202 56 damages
647 1193 61 42 it;
739 1193 81 42 but
841 1193 49 42 in
915 1206 183 42 persons
1122 1193 97 42 who
1252 1206 71 29 are
1357 1191 198 56 strongly
1578 1191 201 56 auditifs,
1800 1191 37 41 it

176 1279 102 41 may
298 1265 260 56 practically
591 1265 177 43 destroy
801 1266 45 42 it.
911 1265 105 42 This
1049 1265 290 42 interference
1373 1263 109 44 with
1515 1263 77 43 the
1624 1277 147 42 power
1794 1263 47 42 of

175 1337 254 55 expression
452 1338 176 43 betrays
651 1338 125 43 itself
795 1338 108 41 in—

233 1408 213 44 Amnesia
473 1409 193 44 Verbalis
678 1426 17 38 ;
724 1410 293 42 Articulative
1040 1409 241 42 Amnesia;
1309 1409 92 42 and
1416 1407 424 57 Paraphasia.—As

176 1481 179 57 already
377 1482 237 43 indicated,
636 1482 77 43 the
741 1482 154 43 degree
929 1482 47 42 of
1003 1481 216 43 Amnesia
1241 1481 206 43 Verbalis
1481 1480 230 44 exhibited
1733 1481 60 56 by
1815 1494 25 29 a

176 1568 97 28 case
296 1554 47 42 of
360 1554 207 56 auditory
591 1554 182 56 aphasia
796 1568 139 28 seems
959 1558 45 38 to
1027 1554 126 43 differ
1175 1553 233 43 according
1431 1557 45 39 to
1499 1553 75 43 the
1602 1553 156 56 degree
1791 1553 48 41 in

176 1625 144 43 which
343 1626 75 43 the
450 1626 253 43 individual
734 1626 38 43 is
806 1626 179 56 auditif.
1049 1626 143 43 There
1225 1640 74 29 are
1332 1640 119 29 cases
1475 1640 120 28 upon
1621 1625 152 43 record
1797 1626 44 41 of

177 1702 118 37 what
336 1697 37 43 is
418 1697 140 43 called
601 1702 20 18 "
639 1698 237 43 Gibberish
919 1698 236 56 Aphasia,"
1200 1698 48 42 in
1291 1698 145 43 which
1479 1698 76 43 the
1599 1697 247 44 word-deaf

174 1769 173 56 patient
379 1770 233 56 expressed
645 1770 184 43 himself
857 1770 47 42 in
937 1784 25 28 a
993 1770 159 57 totally
1187 1770 330 57 unintelligible
1551 1770 169 57 jargon,
1754 1769 87 43 and

176 1855 88 29 was
286 1845 87 53 yet,
396 1842 145 57 owing
565 1847 43 38 to
636 1842 68 44 his
729 1842 357 52 word-deafness,
1108 1843 124 56 quite
1261 1843 291 43 unconscious
1576 1844 48 42 of
1652 1843 75 43 the
1751 1844 91 42 fact

176 1913 99 43 that
312 1913 54 43 he
404 1928 88 29 was
531 1915 257 56 expressing
825 1914 180 44 himself
1048 1914 344 57 unintelligibly.
1457 1916 140 43 These
1639 1930 103 42 may
1784 1916 55 43 be

175 1985 209 56 regarded
426 1999 47 29 as
516 1992 196 37 extreme
744 1987 223 42 instances
1000 1987 45 42 of
1082 1986 216 43 Amnesia
1330 1986 206 43 Verbalis
1576 1987 88 42 and
1707 1987 131 43 Para-

173 2058 179 56 phasia;
395 2059 86 42 and
517 2059 121 43 there
674 2060 37 42 is
746 2073 155 29 reason
935 2063 44 39 to
1014 2059 170 43 believe
1219 2059 99 43 that
1361 2060 273 43 destruction
1673 2060 45 43 of
1762 2061 76 43 the

174 2130 206 57 auditory
410 2135 149 39 centre
595 2132 43 42 A
673 2146 80 29 can
786 2132 173 42 furnish
995 2131 109 43 such
1137 2146 57 28 an
1226 2132 202 43 instance
1461 2132 106 56 only
1600 2132 128 44 when
1762 2133 76 44 the

175 2203 250 43 individual
467 2204 186 43 affected
700 2205 38 42 is
782 2219 107 41 very
932 2203 199 57 strongly
1174 2204 180 43 auditif.
1420 2205 55 42 In
1528 2205 190 57 general,
1762 2205 76 44 the

176 2275 272 43 destruction
471 2276 47 43 of
537 2276 75 43 the
635 2276 205 44 auditory
863 2280 147 39 centre
1031 2275 147 44 leaves
1201 2276 75 43 the
1307 2277 174 56 patient
1512 2277 46 42 in
1591 2278 248 56 possession

177 2348 44 42 of
253 2349 301 43 considerable
575 2363 169 42 powers
779 2350 47 42 of
855 2349 265 43 expression.
1185 2349 91 43 The
1309 2350 214 43 Amnesia
1554 2350 207 43 Verbalis
1794 2352 44 41 in

176 2425 114 39 most
328 2435 120 29 cases
487 2421 197 57 displays
719 2422 122 43 itself
879 2421 159 44 chiefly
1071 2436 48 28 or
1150 2421 141 44 solely
1323 2422 47 43 in
1403 2437 25 28 a
1460 2423 312 57 forgetfulness
1796 2426 45 41 of

174 2508 154 38 nouns,
351 2493 88 43 and
462 2494 236 56 especially
722 2494 47 43 of
788 2494 108 43 such
920 2508 143 29 nouns
1094 2509 46 29 as
1173 2509 72 29 are
1279 2494 75 45 the
1387 2510 151 29 names
1562 2496 48 43 of
1638 2503 201 38 concrete

175 2566 175 56 objects.
405 2566 90 44 The
518 2566 185 57 patient,
721 2567 130 43 when
875 2567 225 57 speaking,
1122 2567 38 44 is
1184 2568 111 43 from
1319 2568 107 43 time
1449 2573 45 39 to
1518 2569 108 43 time
1648 2570 192 44 brought

175 2640 45 38 to
262 2649 26 28 a
329 2635 170 44 sudden
543 2641 111 52 stop,
692 2637 147 57 owing
875 2641 45 39 to
957 2637 77 43 the
1070 2637 241 57 forgetting
1353 2637 47 44 of
1440 2652 25 29 a
1506 2652 135 30 noun,
1678 2639 88 43 and
1802 2641 38 43 is

174 2707 174 57 obliged
370 2714 45 37 to
438 2707 180 57 explain
640 2708 181 44 himself
844 2709 48 43 in
914 2724 120 29 some
1066 2709 280 44 roundabout
1369 2725 123 43 way;
1521 2726 59 38 or,
1603 2711 95 44 still
1720 2727 120 29 more

176 2779 430 58 characteristically,
643 2781 56 44 he
737 2781 198 59 displays
977 2782 269 43 Paraphasia
1283 2782 47 43 in
1368 2782 70 44 his
1476 2797 78 30 use
1597 2784 45 43 of
1683 2799 157 40 nouns,

173 2852 293 45 substituting
503 2867 24 28 a
563 2868 151 42 wrong
751 2869 122 28 noun
904 2855 67 43 for
1004 2869 25 29 a
1061 2855 119 57 right
1203 2869 95 30 one,
1321 2855 89 44 and
1442 2870 109 43 very
1583 2857 124 43 often
1739 2872 99 42 pro-

174 2923 182 56 ceeding
377 2924 47 42 in
456 2924 69 44 his
557 2925 96 43 talk
676 2926 190 43 without
898 2941 88 42 any
1009 2927 332 44 consciousness
1365 2928 48 43 of
1442 2928 76 44 the
1540 2943 130 29 error.
1735 2929 55 43 In
1815 2945 24 28 a

174 2997 84 43 few
281 3010 118 29 cases
422 2997 75 43 the
520 2998 259 55 paraphasia
801 2999 125 43 takes
959 2999 76 44 the
1068 3000 113 43 form
1214 3001 48 43 of
1291 3015 25 29 a
1347 3001 229 57 recurring
1599 3006 239 40 utterance.

175 3069 56 42 In
254 3067 221 58 Auditory
498 3068 209 58 Aphasia,
731 3070 267 57 Paraphasia
1020 3072 37 43 is
1090 3087 82 28 one
1206 3072 44 43 of
1284 3072 74 44 the
1391 3073 179 57 leading
1601 3074 89 43 and
1724 3079 116 39 most

176 3140 326 46 characteristic
540 3141 45 42 of
619 3141 75 43 the
732 3142 731 58 phenomena,—Word-Deafness
1493 3159 56 29 on
1582 3145 76 44 the
1691 3161 149 42 recep-

1583 3207 24 44 2
1633 3217 27 34 0
