2113 3404
1100 268 147 32 INDEX.

362 256 85 41 486

357 380 248 37 Avticulative
631 381 174 46 amnesia,
832 382 193 37 definition
1052 383 39 36 of
1113 387 109 43 term,
1249 386 94 35 269;
1372 385 41 35 in
1438 385 171 47 auditory
1634 385 159 47 aphasia,
1818 388 69 34 290
1904 399 9 30 ;
1939 387 37 35 in

457 442 120 31 motor
594 437 160 47 aphasia,
774 441 79 33 314.

359 494 247 36 Articulative
632 495 122 35 ataxia
779 507 40 23 or
843 497 201 46 asynergia,
1071 501 131 33 nature
1228 498 47 45 of,
1303 501 69 34 270
1389 511 8 30 ;
1427 498 39 35 in
1492 502 119 31 motor
1636 497 160 49 aphasia,
1819 498 69 36 310
1906 511 8 30 ;
1939 498 39 35 in

457 551 284 47 infra-pictorial
760 551 249 47 (subcortical)
1027 558 119 32 motor
1163 554 160 48 aphasia,
1342 555 69 35 366
1429 555 73 35 and
1519 558 80 33 421.

362 607 161 45 Asemia,
544 610 79 34 272.

362 663 148 36 Astasia
527 663 133 45 abasia,
680 675 78 24 case
776 665 40 34 of
829 665 235 35 disturbance
1082 665 39 35 of
1136 666 130 46 speech
1284 666 50 43 in,
1355 667 79 35 399.

363 720 207 47 Asynergia
586 720 170 36 verbalis,
774 733 49 23 see
840 721 248 36 Articulative
1105 721 146 37 Ataxia.

365 777 137 35 Ataxia
519 776 171 36 verbalis,
708 789 49 23 see
774 776 248 36 Articulative
1040 778 145 34 Ataxia.

362 833 211 45 Attention,
591 832 143 47 faculty
751 832 46 45 of,
817 835 80 33 244.

364 889 169 36 Auditifs
550 889 73 35 and
642 889 170 35 Moteurs,
831 890 80 34 278.

365 946 188 46 Auditory
571 944 131 48 speech
720 948 136 41 centre,
876 948 78 33 279.

365 1003 190 45 Auditory
582 1001 150 47 aphasia
762 1002 166 46 (sensory
953 1000 176 48 aphasia),
1150 1003 68 33 283
1237 1014 8 29 ;
1270 1001 48 35 its
1345 1001 122 35 effects
1493 1012 48 24 on
1565 1001 186 36 reception
1775 1002 73 35 and
1874 1002 110 37 inter-

459 1057 185 49 pretation
674 1056 40 37 of
743 1056 143 48 speech,
918 1059 95 33 284;
1047 1057 122 35 effects
1203 1068 49 23 on
1284 1056 162 48 reading,
1477 1059 69 34 286
1564 1070 8 29 ;
1607 1058 122 35 effects
1761 1069 49 24 on
1840 1059 143 35 speech-

462 1115 230 48 production,
712 1116 69 33 288
799 1126 8 30 ;
833 1114 122 35 effects
974 1125 48 23 on
1039 1113 159 47 writing,
1219 1115 69 34 290
1307 1125 9 31 ;
1342 1113 121 35 effects
1481 1125 46 23 on
1546 1113 188 36 repeating
1753 1126 41 23 or
1822 1115 163 42 echoing,

461 1176 70 32 293
549 1186 8 29 ;
583 1172 122 36 effects
723 1182 48 24 on
789 1170 63 35 the
869 1170 156 35 musical
1041 1169 151 47 faculty,
1212 1171 70 33 294
1298 1181 10 31 ;
1333 1181 189 35 summary
1540 1169 39 35 of
1593 1169 147 48 leading
1756 1169 157 37 features
1938 1171 47 44 of,

466 1232 69 33 296
553 1241 9 31 ;
587 1230 200 34 treatment
806 1226 46 36 of,
872 1227 79 35 297.

366 1286 216 36 Automatic
600 1295 175 25 exercises
793 1282 39 36 of
846 1283 64 35 the
928 1282 131 48 speech
1077 1293 129 36 organs
1224 1282 41 35 in
1283 1281 178 47 children,
1480 1283 56 35 97.

368 1342 216 36 Automatic
601 1340 74 36 and
692 1340 112 36 reflex
821 1339 131 36 speech
970 1339 40 35 in
1027 1338 64 36 the
1107 1339 140 44 insane,
1268 1341 80 32 205.

369 1401 113 34 Aztec
501 1398 159 43 writing,
681 1398 77 35 171.

372 1541 187 37 Babbling
577 1539 38 36 of
631 1538 179 36 children,
830 1538 56 35 97.

373 1598 106 45 Bain,
499 1599 80 41 229,
599 1598 81 42 235,
701 1596 81 42 260,
802 1594 82 44 318,
902 1592 74 36 and
994 1595 82 33 320.

375 1654 131 44 Ballet,
526 1653 56 36 G.,
603 1652 69 35 388
690 1650 74 36 and
782 1650 79 35 396.

377 1710 124 37 Ballet
517 1709 75 36 and
611 1708 103 35 Boix,
733 1707 81 35 308.

378 1767 232 46 Bamberger,
629 1767 56 33 85.

379 1824 157 37 Barlow,
556 1824 71 33 250
643 1819 75 37 and
735 1822 81 32 424.

377 1881 163 44 Bastian,
560 1878 52 45 C,
633 1881 79 41 131,
731 1879 82 41 233,
832 1878 81 41 235,
932 1877 81 43 253,
1032 1874 80 43 271,
1132 1873 80 45 274,
1230 1875 81 42 353,
1330 1872 73 35 and
1421 1875 80 33 356.

381 1939 190 35 Bateman,
591 1935 60 35 Sir
668 1933 182 43 Frederic,
870 1935 80 41 252,
971 1930 79 45 271,
1070 1932 80 42 274,
1169 1929 81 45 290,
1270 1929 80 45 388,
1369 1929 81 45 391,
1468 1931 81 43 407,
1567 1928 74 36 and
1658 1932 78 32 410.

382 1995 151 43 Beevor,
552 1993 56 34 E.,
627 1993 67 34 301
715 1990 73 36 and
808 1992 81 32 412.

380 2050 92 45 Bell,
494 2048 180 45 Melville,
693 2048 33 42 3,
746 2049 32 42 4,
800 2049 32 41 5,
852 2046 57 44 32,
928 2044 74 36 and
1022 2043 80 36 145.

382 2109 145 46 Berger,
548 2106 45 36 78
610 2104 75 36 and
703 2105 56 35 79.

380 2162 177 46 Bernard,
577 2162 80 44 237,
677 2160 81 44 274,
778 2161 81 42 296,
879 2161 80 42 359,
978 2156 73 36 and
1070 2159 80 33 389.

381 2220 171 46 Billings,
573 2221 80 33 275.

380 2275 175 39 Billroth,
574 2277 56 34 85.

381 2333 151 48 Bishop,
552 2333 56 44 71,
626 2332 82 43 464,
727 2331 84 34 475,
829 2327 73 36 and
920 2328 80 34 482.

380 2390 126 45 Blind,
524 2399 169 37 printing
711 2386 55 35 for
783 2385 74 35 the,
881 2383 67 37 176
966 2396 8 30 ;
1000 2381 63 37 the
1081 2380 291 50 speech-centres
1390 2381 39 35 in
1446 2380 73 46 the,
1539 2383 79 32 281.

382 2445 313 48 Block-printing,
717 2444 79 35 175.

383 2503 195 46 Blushing,
598 2504 56 32 95.

382 2560 114 44 Bock,
516 2558 62 35 H.,
599 2560 56 32 45.

383 2615 156 37 Boudet,
558 2616 56 33 46.

384 2671 143 38 Bovine
545 2667 131 48 cough,
694 2669 80 33 445.

386 2726 226 49 Bradylalia,
637 2727 64 32 139
720 2722 72 36 and
814 2722 82 35 210.

386 2782 231 45 Braidwood,
636 2780 173 36 Thomas,
830 2780 78 34 144.

386 2840 168 38 Braille's
571 2842 89 43 type
677 2836 56 36 for
750 2835 63 36 the
830 2833 119 43 blind,
970 2835 78 33 177.

388 2899 189 36 Bristowe,
597 2895 33 36 5.

388 2954 222 42 Broadbent,
631 2954 79 42 128,
729 2951 81 41 249,
829 2949 80 43 254,
928 2945 74 37 and
1020 2947 79 34 412.

389 3013 125 43 Broca,
535 3012 81 41 243,
636 3010 79 41 244,
736 3009 80 41 265,
835 3006 82 43 299,
938 3005 80 42 300,
1038 3004 81 41 304,
1137 2999 73 36 and
1229 3002 79 33 305.

390 3068 141 38 Broca's
549 3075 251 28 convolution,
820 3061 79 36 300.
