1864 3209
305 272 87 40 192

815 281 90 31 THE
930 281 214 33 CACAJAO.

301 406 145 46 brows
470 422 73 31 are
567 407 231 46 composed
817 406 49 46 of
882 422 150 47 strong
1048 406 206 55 bristles;
1280 413 78 40 the
1381 423 105 31 nose
1509 407 37 47 is
1565 409 96 56 flat,

302 484 91 46 and
425 489 79 41 the
538 491 249 39 separation
821 483 50 47 of
896 491 78 38 the
1007 484 180 45 nostrils
1215 483 146 55 wide;
1397 485 125 45 there
1546 485 37 46 is
1606 502 57 30 no

302 561 136 45 beard
456 577 15 38 ;
506 567 78 40 the
608 577 95 29 ears
732 577 73 29 are
840 562 118 52 bare,
996 561 89 45 and
1108 577 110 45 veiy
1241 561 149 61 large;
1425 561 79 45 the
1527 562 135 54 body,

304 637 114 45 with
441 644 78 39 the
543 644 233 39 exception
811 637 50 46 of
885 639 78 43 the
990 638 117 45 head
1131 639 89 44 and
1242 638 159 53 hands,
1427 637 37 46 is
1489 646 175 38 clothed

304 713 113 46 with
432 715 428 60 yellowish-brown,
881 715 203 60 straight,
1104 715 104 61 long
1225 715 89 45 and
1333 715 180 62 shining
1534 716 99 45 hair
1648 733 15 37 ;

302 791 79 45 the
405 792 162 52 breast,
607 791 138 61 belly,
787 791 90 45 and
911 791 165 45 insides
1113 790 50 46 of
1188 797 79 40 the
1295 807 133 38 arms,
1467 808 74 29 are
1564 792 51 46 of
1639 809 27 28 a

304 883 163 30 clearer
490 883 47 30 or
557 868 163 44 lighter
741 873 119 48 tint;
886 868 78 44 the
980 867 144 45 hands
1148 883 74 30 are
1239 869 145 53 black,
1404 869 78 44 the
1506 868 160 46 fingers

304 959 111 45 very
438 944 116 60 long,
578 950 79 38 the
680 943 116 45 nails
818 943 218 45 flattened
1054 959 14 38 ;
1097 950 79 38 the
1193 944 83 44 tail
1298 943 38 46 is
1359 944 140 54 thick,
1525 944 50 46 of
1589 946 78 44 the

306 1035 122 30 same
453 1035 148 30 colour
623 1019 114 45 with
761 1020 78 44 the
862 1021 135 59 body,
1023 1020 90 45 and
1135 1021 130 44 black
1290 1026 47 39 at
1359 1026 79 39 the
1462 1022 99 44 end.

372 1097 97 45 The
498 1096 194 47 Cacajao
728 1096 37 45 is
802 1112 27 29 a
867 1111 226 30 voracious
1129 1095 184 55 animal,
1352 1097 90 45 and
1478 1113 95 30 eats
1609 1100 60 43 all

305 1173 133 45 kinds
457 1172 50 46 of
521 1172 138 55 fmit;
685 1173 36 45 it
745 1173 52 54 is,
813 1173 222 54 however,
1061 1188 159 38 weak;
1246 1188 110 46 very
1379 1173 224 55 inactive;
1628 1176 51 44 of

306 1265 28 29 a
366 1249 114 46 mild
511 1256 187 55 temper,
734 1250 90 45 and
857 1250 141 61 easily
1021 1248 263 63 frightened.
1354 1251 44 44 It
1433 1267 93 29 was
1560 1267 111 45 very

307 1326 133 45 timid
454 1326 46 45 in
515 1333 78 39 the
617 1342 221 45 company
856 1325 50 47 of
921 1342 120 30 some
1065 1328 130 44 small
1214 1326 246 61 Sapajous;
1481 1328 89 45 and
1592 1328 79 45 the

308 1402 118 61 sight
442 1403 49 46 of
500 1419 27 29 a
545 1403 209 45 crocodile
770 1419 47 29 or
835 1409 176 39 serpent
1028 1404 133 45 made
1179 1403 36 46 it
1230 1405 188 43 tremble
1433 1405 235 60 violently.

309 1480 155 44 When
488 1481 138 43 about
657 1486 45 38 to
734 1495 114 29 seize
879 1495 92 45 any
995 1479 157 62 object,
1188 1479 36 45 it
1260 1486 212 39 stretches
1501 1487 78 38 out
1613 1481 59 45 its

310 1571 118 30 arms
446 1556 46 45 in
511 1563 78 38 the
607 1571 189 30 manner
813 1557 281 44 represented
1113 1571 56 30 on
1187 1562 78 39 the
1283 1556 137 60 plate,
1438 1557 89 44 and
1544 1557 127 45 holds

309 1632 36 45 it
361 1633 114 44 with
490 1632 223 62 difficulty
737 1632 112 45 from
866 1639 79 38 the
967 1639 124 54 great
1114 1632 154 45 length
1287 1633 90 45 and
1396 1633 274 45 slenderness

311 1707 50 47 of
387 1709 78 45 the
495 1708 173 46 fingers.
737 1709 45 45 It
816 1709 197 45 inhabits
1047 1709 78 45 the
1156 1707 155 47 forests
1339 1708 51 46 of
1414 1709 78 45 the
1523 1710 150 46 Cassi-

311 1801 154 44 quaire
488 1786 90 45 and
601 1786 83 45 Rio
708 1786 166 62 Negro,
900 1786 90 45 and
1011 1785 111 46 lives
1147 1785 47 46 in
1217 1792 160 54 troops.

377 1939 91 46 We
490 1939 115 45 have
627 1955 104 29 now
752 1938 189 46 reached
963 1945 78 39 the
1071 1954 136 46 group
1232 1937 49 47 of
1305 1938 131 45 small
1467 1939 206 52 animals,

313 2014 150 46 which
499 2015 96 46 will
634 2016 210 44 conclude
882 2016 78 44 the
996 2014 96 46 first
1130 2021 124 55 great
1294 2015 190 45 division
1521 2014 50 46 of
1597 2015 78 45 the

313 2093 364 59 quadrumanous
711 2092 205 54 animals,
954 2107 47 30 or
1034 2092 125 44 what
1192 2092 228 61 generally
1453 2107 53 45 go
1536 2091 142 45 under

312 2170 80 44 the
426 2169 100 45 title
556 2168 50 46 of
629 2169 248 60 monkeys;
913 2170 62 59 by
1005 2167 210 62 Geoffrey
1237 2175 111 53 they
1373 2183 72 30 are
1474 2168 133 45 made
1631 2174 45 38 to

314 2245 112 46 form
462 2261 28 29 a
527 2244 174 62 family,
734 2245 148 45 which
921 2245 57 45 he
1018 2244 308 46 denominates
1367 2244 309 53 Arctopitheci,

316 2323 90 44 and
457 2321 170 46 divides
676 2321 96 46 into
822 2328 91 39 two
959 2323 277 60 subgenera;
1288 2328 78 38 the
1417 2327 123 55 great
1586 2320 92 45 dis-

315 2405 191 39 tinction
550 2398 37 45 is
631 2399 118 44 their
789 2398 301 45 squirrel-like
1134 2404 162 47 action,
1343 2398 90 44 and
1477 2412 201 30 carnivo-

317 2492 102 29 rous
449 2474 305 62 propensities,
787 2476 91 44 and
907 2474 47 46 in
985 2481 78 39 the
1093 2474 115 45 nails
1238 2474 132 61 being
1392 2473 47 46 in
1466 2474 78 44 the
1567 2472 112 46 form

319 2551 50 46 of
406 2553 131 60 sharp
577 2553 163 53 claws;
788 2552 80 45 the
913 2551 96 46 first
1041 2566 140 46 genus
1215 2551 81 45 has
1335 2552 111 44 been
1479 2548 203 47 denomi-
