2113 3404
897 238 87 29 THK
1019 239 241 31 DISOKDEHS
1293 240 52 30 OF
1378 241 173 32 SPKKCH.

416 223 84 41 392

414 350 171 45 French
607 354 129 57 only;
766 355 80 43 but
867 370 55 28 on
944 357 73 42 the
1039 357 84 42 day
1145 359 46 40 of
1220 358 65 42 his
1315 359 139 43 death,
1476 360 53 42 he
1551 361 132 55 spoke
1715 361 102 41 only
1840 360 72 42 the
1934 360 91 41 lan-

414 436 136 41 guage
572 424 46 41 of
637 424 67 42 his
728 426 145 41 native
897 426 224 55 country."

473 493 91 43 The
586 509 117 28 cases
725 497 44 40 of
801 496 186 56 Organic
1019 496 150 55 Origin
1196 511 69 28 are
1287 499 44 41 of
1362 499 237 55 altogether
1630 500 200 42 different
1863 504 160 38 nature.

415 564 153 43 Clams
608 566 231 42 attributes
871 567 131 51 thein,
1043 567 18 40 I
1096 567 126 42 think
1259 568 172 56 rightly,
1469 574 43 37 to
1549 570 248 42 embolism;
1840 583 186 28 whereas

416 635 136 43 Kiihn
578 636 148 42 thinks
749 637 103 54 they
874 651 70 27 are
966 637 207 54 probably
1196 638 82 42 due
1301 644 43 36 to
1365 639 304 55 hemorrhagic
1700 640 328 42 extravasation.

418 705 53 40 In
495 705 87 42 this
605 705 121 51 form,
749 706 73 41 the
844 706 176 54 aphasia
1043 707 35 40 is
1100 706 236 56 developed
1367 708 226 55 suddenly,
1615 710 122 41 along
1768 710 102 40 with
1900 710 128 40 hemi-

407 776 175 54 plegia;
615 775 97 50 and,
731 776 35 40 if
786 775 73 42 the
881 776 169 54 patient
1071 790 194 29 recovers
1289 778 108 41 from
1419 778 73 41 the
1524 779 128 49 fever,
1675 780 102 40 both
1799 779 73 41 the
1895 779 133 41 hemi-

415 846 141 54 plegia
577 846 85 41 and
685 846 73 41 the
791 845 176 56 aphasia
989 860 70 28 are
1082 852 74 36 apt
1187 852 44 36 to
1254 848 51 42 be
1336 853 262 50 permanent.
1663 849 42 41 It
1731 850 36 40 is
1793 850 161 54 worthy
1986 850 44 41 of

416 917 167 40 remark
606 916 96 42 that
724 916 35 41 it
779 917 36 41 is
840 921 75 37 not
936 931 46 27 so
1005 917 118 42 often
1147 924 44 35 at
1213 918 73 41 the
1309 918 148 41 height
1488 918 46 41 of
1563 918 72 42 the
1668 920 117 40 fever
1818 919 93 41 that
1943 920 86 40 this

415 986 109 42 form
563 1000 159 36 occurs,
761 1000 47 28 as
845 987 157 55 during
1039 987 72 41 the
1153 987 201 55 patient's
1396 988 524 51 convalescence,—when
1965 990 63 40 his

416 1057 123 42 heart
567 1057 36 41 is
636 1057 118 55 daily
780 1057 168 55 getting
979 1062 203 50 stronger.
1248 1058 42 41 It
1321 1072 137 28 seems
1492 1058 213 55 probable,
1737 1059 165 41 indeed,
1937 1066 94 34 that

415 1128 73 42 the
523 1128 242 54 increasing
802 1128 196 41 strength
1031 1128 43 40 of
1112 1128 72 41 the
1222 1127 154 42 heart's
1411 1129 290 41 contractions
1734 1129 117 41 leads
1883 1133 43 36 to
1959 1127 70 44 the

414 1199 279 42 detachment
715 1199 43 41 of
789 1213 25 26 a
836 1198 86 42 clot
945 1198 141 41 which
1108 1199 76 41 has
1208 1199 107 41 been
1337 1198 164 42 formed
1530 1199 46 41 in
1598 1213 117 28 some
1736 1213 135 27 recess
1894 1200 45 39 of
1959 1199 71 41 the

414 1270 80 41 left
516 1269 159 42 auricle
697 1283 48 27 or
766 1269 209 42 ventricle
998 1268 156 42 during
1177 1269 72 41 the
1271 1268 155 42 heart's
1449 1271 144 52 period
1617 1269 45 41 of
1683 1270 241 41 weakness;
1946 1270 81 39 and

415 1339 95 41 that
534 1339 85 41 this
642 1339 98 49 clot,
762 1343 138 37 swept
930 1339 92 41 into
1056 1339 72 41 the
1162 1338 160 42 middle
1355 1339 184 42 cerebral
1563 1344 153 49 artery,
1736 1340 36 40 is
1806 1339 71 41 the
1906 1353 123 27 cause

415 1411 46 41 of
491 1410 73 42 the
602 1409 260 55 hemiplegia
899 1410 85 40 and
1019 1409 185 55 aphasia.
1268 1410 138 54 Many
1444 1424 116 28 cases
1591 1410 44 41 of
1666 1410 87 41 this
1784 1409 107 41 kind
1921 1409 110 41 have

415 1483 106 41 been
541 1486 79 50 put
638 1495 116 27 upon
776 1480 147 42 record
941 1496 8 37 ;
965 1494 80 27 one
1063 1481 43 40 of
1130 1480 72 42 the
1220 1480 94 42 best
1336 1482 46 39 of
1401 1480 116 42 them
1536 1480 125 42 being
1679 1494 24 27 a
1720 1494 93 28 case
1830 1480 199 42 recorded

416 1553 55 41 by
505 1553 74 41 the
612 1552 86 41 late
723 1552 62 40 Dr
808 1551 205 55 Scoresby
1039 1550 221 42 Jackson,1
1283 1551 43 40 in
1351 1551 139 41 which
1523 1565 24 27 a
1568 1565 144 40 young
1741 1565 110 35 man,
1874 1550 155 54 during

415 1638 331 28 convalescence
786 1623 108 40 from
939 1621 162 54 typhus
1146 1621 127 42 fever,
1311 1621 172 41 became
1525 1621 212 54 suddenly
1776 1620 254 54 hemiplegic

415 1695 85 42 and
523 1708 184 28 aphasic.
772 1693 22 41 I
827 1693 238 41 remember
1096 1692 172 55 having,
1290 1706 24 27 a
1344 1691 108 56 good
1483 1705 129 41 many
1643 1705 121 41 years
1796 1705 88 41 ago,
1907 1704 121 28 when

414 1766 46 41 in
503 1779 153 27 charge
698 1764 44 41 of
784 1765 118 40 fever
944 1763 150 41 wards,
1136 1777 24 26 a
1201 1776 144 40 young
1386 1776 98 26 man
1529 1762 135 41 under
1705 1776 72 40 my
1809 1775 94 27 care
1938 1761 93 40 who

415 1835 214 43 suddenly
663 1835 46 40 in
743 1835 86 41 this
863 1848 92 40 way
985 1832 248 55 developed,
1269 1832 154 54 during
1462 1831 66 42 his
1566 1831 325 42 convalescence
1925 1831 104 40 from

417 1908 183 54 typhoid
623 1906 128 42 fever,
775 1919 23 27 a
820 1905 81 42 left
921 1904 261 55 hemiplegia
1206 1907 180 37 without
1412 1902 186 54 aphasia.
1661 1902 100 41 Had
1793 1902 72 41 the
1896 1901 134 41 hemi-

415 1992 142 41 plegia
592 1977 106 41 been
738 1990 55 27 on
827 1975 74 42 the
939 1975 117 41 right
1098 1974 90 42 side
1222 1975 45 40 of
1306 1973 72 41 the
1416 1973 124 54 body,
1579 1972 72 41 the
1690 1972 168 55 patient
1891 1970 140 42 would

416 2049 209 56 probably
650 2048 108 41 have
781 2047 108 42 been
911 2045 177 42 aphasic
1109 2058 46 28 as
1179 2044 98 42 well
1299 2058 46 27 as
1367 2042 269 56 hemiplegic.

478 2119 223 43 Although
726 2118 146 42 Motor
904 2116 193 42 Aphasia
1129 2116 36 42 is
1187 2115 74 42 the
1283 2119 103 50 type
1411 2119 109 36 most
1542 2113 240 53 commonly
1807 2111 224 56 presented

418 2206 127 27 when
567 2204 227 28 embolism
816 2189 36 41 is
874 2187 75 43 the
971 2201 138 28 cause,
1131 2187 34 40 it
1189 2186 88 41 will
1299 2185 51 42 be
1373 2184 162 55 readily
1555 2182 257 42 understood
1834 2182 94 42 that
1949 2196 82 40 any

417 2268 104 51 type
555 2275 99 28 may
687 2261 51 41 be
779 2258 241 57 presented,
1057 2257 228 42 according
1316 2260 44 37 to
1393 2255 71 42 the
1497 2258 143 38 centre
1673 2268 47 26 or
1751 2266 165 29 centres
1948 2252 83 41 dis-

417 2333 126 43 abled
566 2333 58 41 by
648 2331 72 42 the
743 2330 170 42 cutting
935 2328 62 42 off
1013 2328 44 40 of
1079 2327 73 42 the
1175 2325 317 55 blood-supply.

478 2404 90 41 The
600 2416 117 29 cases
759 2401 44 41 of
837 2398 239 43 functional
1108 2397 136 55 origin
1287 2410 82 35 are,
1410 2409 46 28 as
1500 2409 59 26 we
1603 2395 107 40 have
1751 2407 112 35 seen,
1904 2392 124 41 much

419 2487 249 30 commoner
689 2473 45 40 in
758 2470 193 43 children
975 2469 104 41 than
1107 2469 44 39 in
1173 2466 153 42 adults.
1389 2466 88 40 But
1500 2465 21 40 I
1543 2464 54 41 do
1619 2468 76 36 not
1720 2463 127 41 think
1872 2476 60 27 we
1954 2475 77 28 can

419 2561 75 28 say
518 2545 73 42 the
615 2557 115 28 same
752 2542 47 41 of
828 2541 73 41 the
932 2552 118 28 cases
1082 2539 46 40 of
1156 2536 181 43 embolic
1369 2535 146 55 origin.
1578 2534 116 54 They
1727 2546 68 28 are
1827 2532 205 55 probably

418 2632 46 28 as
487 2629 197 30 common
717 2614 43 39 in
793 2611 144 42 adults
970 2623 45 27 as
1048 2608 44 42 in
1124 2607 205 42 children.
1393 2605 119 54 They
1544 2603 100 50 also,
1675 2617 46 27 as
1752 2602 76 42 has
1860 2602 171 53 already

420 2690 107 41 been
550 2683 231 45 indicated,
803 2681 124 42 differ
948 2680 107 41 from
1081 2678 72 42 the
1176 2675 235 43 functional
1437 2689 116 27 cases
1586 2674 41 40 in
1652 2673 126 55 being
1799 2671 233 43 associated

420 2758 106 43 with
559 2753 272 56 hemiplegia,
854 2751 84 42 and
961 2750 44 41 in
1039 2749 128 54 being
1199 2745 233 43 developed
1467 2758 114 27 more
1611 2743 246 55 frequently
1879 2742 153 54 during

418 2839 332 32 convalescence
773 2823 105 41 than
900 2825 47 37 at
968 2819 74 42 the
1065 2817 148 54 height
1236 2816 46 41 of
1303 2815 71 41 the
1400 2815 124 40 fever.

477 2898 138 42 There
637 2896 36 41 is
695 2893 92 44 still
813 2907 25 28 a
870 2890 116 44 third
1018 2889 110 41 form
1161 2887 46 41 of
1234 2884 451 56 speech-disturbance
1717 2882 44 41 in
1795 2893 235 30 connexion

690 3039 12 22 1
729 3037 112 36 Edin.
863 3035 95 36 Med.
977 3032 164 44 Journal,
1163 3031 104 36 1867,
1286 3028 71 37 vol.
1378 3028 76 44 xii.,
1473 3032 82 44 part
1573 3030 32 40 2,
1620 3036 33 39 pi
1674 3027 78 34 577.
