2125 3612
231 257 308 34 STAMMERING,
571 256 92 31 AND
696 254 88 34 THE
817 255 147 31 STUDY
996 254 54 32 OF
1082 255 88 30 THE
1203 254 244 34 ALPHABET.
1609 243 53 43 31

14 379 207 44 wresting
243 380 73 41 the
340 375 183 46 English
549 375 117 43 word
690 375 111 42 from
824 375 57 41 its
905 374 173 42 natural
1099 374 217 51 meaning,
1335 374 37 41 if
1388 389 62 27 we
1470 375 104 42 used
1594 376 75 40 the

13 451 119 43 word
175 449 296 44 Stammering
508 448 46 42 in
598 447 74 42 the
716 461 119 28 same
878 460 126 29 sense
1058 459 45 29 as
1150 443 225 43 Professor
1422 445 247 43 Kussmaul

14 536 97 29 uses
135 522 73 42 the
232 521 193 42 German
449 519 118 42 word
589 518 247 43 Stammcln.

72 593 54 41 In
151 607 73 40 my
247 591 266 44 description
536 590 46 42 of
605 589 73 43 the
697 588 213 44 elements
930 588 47 43 of
995 587 76 44 the
1090 586 324 57 Physiological
1432 586 239 43 Alphabet,

13 664 72 42 the
110 665 150 40 reader
292 678 100 26 may
417 663 110 41 have
550 662 111 42 been
684 660 225 43 surprised
940 666 43 36 to
1007 660 182 42 observe
1212 659 96 42 that
1344 658 21 42 I
1399 659 113 42 have
1544 660 128 41 made

12 750 54 27 no
90 750 75 27 use
188 736 45 41 of
254 735 75 41 the
352 740 134 36 terms
509 732 235 43 "Mediae,"
767 736 21 17 "
808 732 206 51 Tenues,"
1048 731 225 43 "Mutes,"
1306 735 21 17 "
1347 730 327 51 Semi-mutes,"

10 806 254 56 "Liquids,"
300 812 78 37 etc.
441 805 139 42 These
618 819 72 28 are
724 804 224 43 examples
982 804 45 42 of
1059 818 25 27 a
1106 817 106 29 veiy
1236 802 232 43 venerable
1491 803 181 42 termin-

11 875 138 59 ology,
177 878 138 40 which
340 878 66 40 for
428 891 99 41 ages
550 876 78 42 has
656 875 176 44 clothed
865 876 74 42 the
962 875 260 43 knowledge
1254 875 44 42 of
1332 875 123 42 these
1478 880 196 46 matters,

10 949 79 42 but
113 949 154 41 which,
292 948 22 41 I
337 948 144 52 think,
505 948 170 43 science
708 947 80 43 has
820 962 98 28 now
948 961 237 29 outgrown.
1250 948 91 41 The
1380 945 294 56 terminology

12 1020 230 56 employed
263 1020 48 42 in
333 1020 89 42 this
453 1034 137 42 paper
623 1021 37 42 is
693 1019 133 44 much
859 1034 120 29 more
1011 1019 171 56 simple,
1205 1019 86 43 and
1325 1019 76 43 the
1433 1023 135 38 terms
1601 1032 73 29 are

11 1107 118 27 more
153 1092 179 42 definite
356 1091 87 43 and
466 1092 114 42 clear
601 1092 48 42 in
673 1092 115 43 their
810 1092 307 56 signification.

624 1262 420 52 APPENDIX.

61 1393 81 35 The
156 1392 196 37 following
369 1394 31 35 is
421 1393 55 35 Dr
490 1393 173 36 Arnott's
680 1392 269 48 Alphabetical
968 1392 129 36 Table,
1116 1391 163 36 referred
1294 1395 37 32 to
1348 1391 40 36 in
1402 1391 64 36 the
1485 1393 91 34 text.
1634 1390 37 36 It

11 1465 87 35 may
116 1454 45 35 be
181 1454 199 47 compared
398 1453 93 37 with
509 1454 66 35 the
594 1452 278 49 Physiological
891 1452 118 37 Table
1029 1452 40 37 of
1085 1452 64 36 the
1164 1456 90 32 text.

531 1593 144 31 TABLE
708 1593 54 30 OF
793 1592 347 33 ARTICULATION.

90 1742 24 15 CO

290 1680 36 238 Semi-mvite.

477 1675 36 244 Semi-vowel

538 1780 24 41 or

574 1735 37 127 Nasal.

746 1701 48 188 Aspirate.

933 1739 37 122 Vocal

983 1707 48 188 Aspirate.

1188 1692 47 217 Vibratory.

96 1984 35 41 P

310 1983 38 42 B

530 1983 52 42 M

760 1983 37 41 P

970 1984 44 42 V

1183 1997 62 43 pr

1438 1980 144 37 Labial.

529 2155 8 9 •
550 2155 8 9 •
569 2155 9 9 •

751 2121 50 43 th

970 2123 51 42 th

1439 2127 149 36 Dental.

104 2216 34 44 T

315 2217 42 42 D

532 2216 44 45 N

762 2217 29 43 s

972 2218 34 42 Z

1192 2218 40 42 E

1436 2211 156 36 Palatal.

318 2312 35 41 L

753 2312 51 43 sh

976 2313 32 43 J

1191 2345 9 10 •
1211 2346 9 10 •
1230 2346 10 10 •

1339 2303 89 26 With
1459 2304 52 26 the
1536 2304 92 26 edges
1657 2303 35 26 of

1338 2339 50 26 the
1398 2342 110 31 tongue
1516 2339 173 34 depressed.

94 2452 45 41 K

313 2452 41 43 G

525 2466 59 43 »g

542 2563 29 27 n

751 2453 49 42 ch

750 2549 46 42 H

959 2454 59 57 gh

1166 2454 83 57 ghr

1413 2496 193 38 Guttural.

61 2693 122 37 There
201 2706 68 24 can
288 2694 46 37 be
351 2694 100 37 little
469 2695 121 37 doubt
608 2696 83 36 that
708 2698 143 35 Arnott
869 2696 129 37 would
1015 2696 96 37 have
1136 2696 98 37 done
1260 2708 96 25 even
1381 2707 103 25 more
1510 2693 96 37 than
1631 2692 49 37 he

12 2755 63 36 did
107 2761 37 31 to
173 2755 102 37 solve
303 2756 65 37 the
393 2756 123 37 whole
546 2758 172 48 problem
747 2758 40 36 of
814 2758 257 49 stammering,
1091 2758 75 36 had
1194 2758 66 36 the
1287 2756 271 48 laryngoscope
1586 2754 96 36 been

9 2815 44 36 in
81 2828 63 24 use
170 2817 40 35 in
238 2816 59 36 his
333 2816 73 48 day
425 2830 7 31 ;
467 2817 70 36 but
565 2818 47 37 he
638 2818 77 36 had
753 2831 92 24 very
871 2818 92 37 false
990 2818 153 36 notions
1170 2821 116 33 about
1307 2816 67 37 the
1400 2816 125 36 action
1553 2814 41 36 of
1620 2813 63 36 the

12 2874 140 52 glottis,
170 2877 75 36 and
264 2877 108 37 made
390 2877 64 37 the
472 2879 141 36 radical
631 2892 101 24 error
757 2879 41 36 of
821 2880 207 48 supposing
1053 2879 84 36 that
1163 2878 247 37 stammering
1436 2888 76 25 was
1539 2887 141 35 always

15 2937 188 47 produced
232 2938 50 48 by
318 2939 210 48 spasmodic
567 2939 144 37 closure
750 2941 40 35 of
826 2940 65 36 the
930 2941 202 47 glottis—a
1163 2951 108 24 cause
1298 2938 41 37 of
1376 2948 246 35 stammering
1648 2933 42 38 of

16 2997 89 47 only
124 2998 201 48 secondary
346 2999 240 48 importance,
606 3000 101 37 since
726 3001 30 36 it
774 3001 31 36 is
823 3000 298 49 comparatively
1140 3012 91 24 rare.
1287 3000 38 35 It
1344 3010 75 25 was
1437 2995 172 39 reserved
1629 2994 59 37 for

17 3057 57 36 his
92 3071 202 25 successors
312 3065 38 31 to
368 3060 104 37 show
491 3061 82 36 that
592 3061 64 37 the
675 3062 236 37 obstruction
930 3075 75 24 was
1031 3061 116 37 much
1173 3073 104 24 more
1303 3059 218 49 frequently
1547 3061 40 32 at
1613 3068 71 24 one

18 3130 40 23 or
77 3119 114 45 other,
212 3132 40 23 or
269 3126 38 30 at
333 3120 62 37 all,
415 3122 40 35 of
471 3122 63 37 the
552 3123 297 47 stop-positions.
906 3123 220 46 (Otherwise,
1150 3122 168 36 Arnott's
1337 3120 235 36 conclusions
1592 3129 95 24 were
