2113 3404
857 220 88 30 THE
980 222 239 32 DISORDERS
1252 225 53 31 OF
1337 227 173 32 SPRECH.

377 202 84 41 352

375 338 186 48 present.
624 335 82 43 We
735 337 140 52 know,
896 353 46 28 as
975 346 84 49 yet,
1082 342 78 42 but
1192 343 113 43 little
1331 345 44 41 of
1405 345 73 43 the
1510 347 177 55 subject,
1709 348 82 42 and
1826 349 22 41 I
1879 350 110 42 shall

374 402 212 45 therefore
620 413 75 36 not
727 415 120 35 enter
880 410 90 42 into
1003 425 84 42 any
1127 413 131 42 detail
1291 416 130 41 about
1453 417 58 52 it;
1554 417 78 42 but
1667 418 18 41 I
1719 418 153 43 should
1904 419 86 43 like

376 479 42 36 to
441 475 126 43 make
588 490 25 28 a
634 477 120 43 short
777 485 99 36 note
899 481 45 40 of
972 495 24 27 a
1021 495 99 43 very
1145 485 266 43 remarkable
1433 500 94 28 case
1554 487 45 41 of
1627 488 363 43 mind-blindness

373 545 436 54 (object-blindness),
825 551 233 42 associated
1079 553 104 41 with
1205 555 367 54 word-blindness,
1587 557 96 43 that
1704 558 76 42 has
1796 559 193 54 recently

374 615 105 42 been
504 622 79 49 put
605 632 53 27 on
682 620 147 41 record
853 620 55 55 by
933 620 187 44 Sdrieux.

432 757 120 42 Case
574 758 51 42 V.
659 759 224 54 {Reported
907 761 49 54 by
979 759 189 54 Sdrieux,
1194 763 182 55 Comptes
1408 766 180 51 Ecndus,
1609 768 81 42 Soc.
1717 769 47 41 de
1794 770 194 52 Biologie,

371 827 102 42 Dec.
500 828 125 50 1891,
647 843 40 40 p.
724 830 215 55 195.)—A
969 832 165 50 female,
1156 834 105 55 aged
1294 835 66 42 62.
1422 835 99 42 Had
1554 851 25 27 a
1609 839 144 41 stroke
1785 840 42 40 in
1865 841 124 49 1888,

369 897 199 43 followed
606 898 55 55 by
696 904 244 52 temporary
972 903 222 53 paralysis,
1226 904 84 41 and
1346 904 160 57 lasting
1540 908 187 42 troubles
1759 909 43 41 of
1839 911 146 41 vision.

370 967 102 42 Had
499 968 180 42 another
699 970 145 41 attack
878 971 44 41 in
945 971 117 42 June
1097 973 124 49 1890,
1247 974 102 41 with
1383 974 287 55 epileptiform
1702 979 286 50 convulsions,

371 1037 336 45 hallucinations
734 1041 43 40 of
810 1042 186 53 hearing,
1019 1042 212 51 delirium,
1254 1050 76 35 etc.
1396 1046 137 41 When
1569 1048 225 41 examined
1827 1062 53 28 on
1916 1048 70 43 the

370 1109 198 55 morning
590 1109 44 42 of
666 1110 72 41 the
769 1111 104 41 16th
896 1112 46 40 of
971 1113 100 41 Dec.
1099 1113 124 50 1890,
1248 1128 83 27 was
1356 1114 132 42 found
1511 1120 43 36 to
1576 1116 51 41 be
1649 1117 206 55 suffering
1879 1118 105 41 from

372 1179 360 43 word-blindness
770 1182 84 41 and
891 1183 216 54 agraphia,
1141 1184 83 41 and
1262 1184 88 42 also
1391 1185 105 41 from
1537 1186 331 43 word-deafness
1905 1188 83 41 and

369 1251 265 54 paraphasia.
697 1252 90 42 The
820 1253 276 55 intelligence
1132 1268 86 28 was
1252 1255 148 50 intact,
1435 1262 152 49 except
1623 1257 92 41 that
1751 1257 117 42 there
1904 1273 83 26 was

368 1321 177 41 marked
571 1322 364 42 mind-blindness
959 1323 433 55 (object-blindness).
1457 1326 101 41 This
1590 1340 86 28 was
1701 1327 218 41 exhibited
1943 1327 42 42 in

370 1391 72 42 the
464 1392 201 55 inability
691 1393 44 41 of
762 1393 71 41 the
856 1394 168 54 patient
1047 1399 42 36 to
1112 1395 217 55 recognise
1351 1395 75 42 her
1450 1400 168 38 nearest
1639 1396 202 42 relations
1865 1397 122 42 when

371 1465 100 53 they
511 1463 137 42 called
688 1478 113 40 upon
840 1464 84 42 her.
989 1464 84 42 She
1107 1465 91 41 said
1237 1465 71 42 the
1346 1466 150 54 people
1539 1467 130 41 about
1709 1467 75 41 her
1819 1468 168 41 seemed

370 1541 42 35 to
448 1535 51 41 be
535 1535 185 54 wearing
753 1534 157 51 masks,
933 1535 83 41 and
1050 1535 95 41 that
1180 1535 71 42 the
1284 1549 100 29 nose
1421 1550 83 28 was
1537 1536 202 56 changed,
1761 1542 76 37 etc.
1899 1538 88 41 The

368 1608 134 53 figure
534 1606 46 40 of
611 1605 76 42 her
716 1605 212 55 daughter
962 1605 212 55 appeared
1206 1610 43 37 to
1283 1606 75 41 her
1391 1610 43 38 to
1472 1607 50 41 be
1554 1607 107 41 "flat
1696 1621 45 27 as
1773 1622 24 26 a
1830 1612 157 38 skate."

368 1676 103 41 This
503 1675 398 55 object-blindness,
928 1676 94 41 best
1053 1675 177 42 marked
1262 1675 44 42 in
1338 1675 181 42 relation
1553 1680 43 36 to
1630 1676 122 41 faces,
1783 1690 83 27 was
1898 1677 89 41 also

369 1746 233 42 exhibited,
626 1747 42 39 in
693 1760 24 27 a
738 1746 84 42 less
845 1746 162 54 degree,
1032 1746 42 40 in
1103 1746 179 41 relation
1310 1751 42 36 to
1375 1746 122 41 other
1523 1746 170 54 objects.
1757 1746 83 42 She
1862 1748 123 41 could

367 1817 217 42 recognise
613 1831 117 28 some
752 1817 43 41 of
828 1817 131 41 these,
982 1817 105 41 such
1110 1831 45 27 as
1178 1816 76 42 her
1276 1817 167 54 fingers,
1465 1831 24 27 a
1512 1817 243 54 penholder,
1778 1822 100 37 etc.;
1910 1819 77 40 but

367 1889 75 42 she
462 1888 130 42 failed
610 1892 43 37 to
672 1888 216 53 recognise
907 1887 484 55 others,—apparently,
1411 1887 62 40 for
1489 1887 208 54 example,
1714 1888 232 41 mistaking
1963 1902 23 27 a

367 1959 124 42 comb
510 1960 64 40 for
590 1972 24 27 a
633 1957 245 55 penholder,
895 1957 85 41 and
999 1957 157 54 wiping
1175 1957 33 41 it
1226 1971 45 27 as
1289 1956 115 42 such.
1456 1957 127 41 After
1598 1971 25 27 a
1644 1957 146 55 period
1808 1959 45 40 of
1871 1972 115 28 some

368 2030 185 51 months,
576 2029 157 41 during
758 2028 138 42 which
923 2028 117 41 there
1065 2042 83 26 was
1172 2027 295 42 amelioration
1490 2028 42 40 in
1557 2027 58 41 all
1637 2027 74 42 her
1736 2034 250 48 symptoms,

367 2116 76 28 she
461 2101 98 41 died
577 2100 43 41 of
643 2115 23 25 a
683 2098 273 56 pneumonia.
1018 2098 62 41 At
1104 2098 71 41 the
1193 2103 193 48 autopsy,
1402 2111 24 27 a
1442 2097 136 42 lesion
1598 2111 83 28 was
1699 2097 132 42 found
1849 2098 45 40 in
1913 2099 71 41 the

367 2187 144 28 cortex
535 2172 43 41 of
601 2171 102 42 each
726 2169 281 43 hemisphere.
1072 2168 68 42 On
1163 2168 73 41 the
1258 2167 79 42 left
1359 2167 102 50 side,
1478 2168 118 41 there
1620 2181 84 28 was
1727 2181 23 27 a
1772 2174 213 50 softening

368 2246 44 39 in
447 2243 73 42 the
557 2239 363 58 supra-marginal
957 2243 291 38 convolution,
1284 2238 84 41 and
1405 2239 88 41 also
1530 2253 24 26 a
1585 2238 166 42 limited
1783 2239 128 53 patch
1943 2240 45 40 of

365 2315 219 42 softening
607 2313 45 41 in
676 2312 72 41 the
772 2310 206 56 posterior
1000 2310 231 41 extremity
1254 2310 43 41 of
1330 2309 71 42 the
1426 2309 90 41 first
1539 2309 218 54 temporal.
1821 2309 67 41 On
1912 2309 71 42 the

366 2386 117 55 right
519 2384 102 41 side,
655 2383 119 40 there
819 2395 82 27 was
939 2395 23 27 a
998 2380 116 55 large
1150 2379 130 56 patch
1317 2379 45 42 of
1397 2379 214 54 softening
1646 2379 224 55 involving
1911 2380 72 42 the

366 2470 181 28 angular
579 2453 84 42 and
696 2451 355 55 supra-marginal
1089 2449 312 49 convolutions,
1433 2449 84 41 and
1549 2448 88 42 also
1672 2449 73 42 the
1780 2450 205 54 posterior

366 2531 267 38 extremities
656 2524 45 41 of
721 2522 71 42 the
816 2521 92 43 first
929 2521 84 41 and
1036 2519 155 43 second
1215 2518 209 55 temporal
1446 2524 310 38 convolutions.

424 2597 103 42 This
550 2608 96 29 case
667 2594 35 40 is
726 2594 45 40 of
798 2598 120 49 great
949 2592 179 40 interest
1161 2591 42 39 in
1237 2589 181 42 relation
1442 2594 41 36 to
1507 2589 371 42 mind-blindness.
1942 2591 42 41 It

365 2673 195 49 suggests
584 2668 95 37 that
703 2662 71 42 the
799 2661 137 42 visual
960 2661 160 55 images
1152 2660 46 41 of
1226 2659 162 54 objects
1421 2672 80 36 are,
1523 2672 45 28 as
1591 2658 21 41 I
1637 2658 107 43 have
1766 2659 92 42 said
1880 2659 101 54 they

365 2735 209 59 probably
597 2748 81 35 are,
701 2731 233 55 efficiently
959 2729 236 56 imprinted
1217 2743 55 27 on
1296 2728 72 42 the
1394 2728 153 55 higher
1578 2728 138 42 visual
1748 2734 164 37 centres
1941 2730 46 40 of

365 2808 104 43 both
491 2804 306 55 hemispheres,
822 2815 197 35 whereas,
1041 2813 141 41 owing
1204 2798 202 55 probably
1435 2804 42 36 to
1500 2799 73 41 the
1599 2803 167 50 greater
1797 2799 122 42 effort
1940 2801 46 39 of

363 2878 214 44 attention
600 2873 211 57 required,
836 2872 70 42 the
929 2871 160 41 images
1111 2870 44 41 of
1178 2869 135 42 words
1336 2883 69 28 are
1428 2868 231 55 efficiently
1679 2869 233 54 imprinted
1935 2869 44 40 in

364 2951 72 43 the
474 2948 42 42 hi
523 2961 103 27 "her
664 2944 137 43 visual
840 2956 145 29 centre
1022 2942 45 41 of
1101 2940 101 55 only
1235 2954 79 28 one
1346 2940 46 41 of
1422 2939 72 42 the
1531 2939 299 55 hemispheres.
1895 2940 85 41 But

366 3023 72 43 the
461 3019 167 44 subject
650 3017 76 40 has
749 3020 75 37 not
846 3019 74 53 yet
943 3014 105 41 been
1075 3011 108 57 fully
1207 3010 179 43 studied.
