1895 3217
374 255 91 32 THE
489 254 88 31 RED
601 254 57 31 OR
681 254 183 30 ASIATIC
890 255 386 32 ORANG-OUTANG.

143 390 177 48 beyond
342 390 70 45 his
435 395 115 47 nest,
577 389 227 59 watching
827 388 207 45 whoever
1055 388 146 61 might
1224 404 101 45 pass
1348 390 157 55 under,

146 468 90 45 and
259 482 133 30 when
419 466 57 44 he
511 480 93 30 saw
627 480 92 45 any
743 479 83 31 one
851 471 114 38 with
987 463 124 54 fruit,
1144 465 151 45 would
1318 465 189 47 descend

143 550 45 39 to
228 549 153 39 obtain
418 557 27 30 a
483 542 128 45 share
647 540 49 47 of
724 541 50 45 it.
843 541 74 44 He
947 556 175 30 always
1154 540 165 46 retired
1341 540 65 47 for
1428 543 78 45 the

142 620 128 45 night
294 626 48 38 at
366 633 170 37 sunset,
556 633 46 30 or
626 633 153 30 sooner
795 616 41 46 if
850 617 56 45 he
921 617 91 45 had
1028 618 114 44 been
1160 617 103 45 well
1277 616 103 55 fed;
1416 620 91 44 and

141 712 94 30 rose
261 696 113 45 with
407 702 79 38 the
521 710 99 38 sun,
646 694 91 45 and
770 694 165 45 visited
967 694 128 45 those
1127 693 114 46 from
1265 694 151 46 whom
1449 695 58 45 he

141 773 258 60 habitually
421 771 202 46 received
647 771 111 45 food.

270 849 72 46 On
373 849 136 45 board
545 848 113 60 ship,
683 849 57 44 he
769 863 255 46 commonly
1047 848 115 60 slept
1191 854 48 40 at
1261 854 79 39 the
1364 857 144 36 mast-

141 926 131 54 head,
310 925 114 46 after
462 925 231 61 wrapping
726 924 188 46 himself
939 925 48 45 in
1014 941 27 29 a
1071 925 97 45 sail.
1235 925 56 45 In
1320 925 188 61 making

141 1003 69 45 his
233 1003 100 53 bed,
359 1003 56 46 he
448 1004 111 44 used
591 1010 79 38 the
700 1009 193 55 greatest
925 1002 129 60 pains
1087 1008 46 39 to
1160 1017 179 30 remove
1370 1017 137 46 every

141 1080 130 61 thing
293 1086 79 39 out
394 1079 51 46 of
465 1081 71 44 his
560 1095 105 46 way
687 1086 103 39 that
812 1079 145 45 might
980 1080 158 44 render
1154 1085 79 39 the
1257 1095 169 29 surface
1451 1095 56 30 on

143 1156 149 45 which
305 1157 58 45 he
380 1155 219 47 intended
618 1162 47 40 to
687 1156 60 45 lie
769 1171 211 38 uneven;
1017 1156 90 44 and
1123 1156 168 60 having
1309 1156 198 45 satisfied

142 1232 189 46 himself
346 1233 115 45 with
488 1233 93 46 this
610 1238 100 55 part
733 1231 50 48 of
800 1233 70 44 his
894 1247 326 46 arrangement,
1246 1232 157 46 spread
1427 1240 78 38 out

143 1315 80 39 the
247 1309 96 54 sail,
369 1310 89 44 and
487 1310 128 60 lying
637 1310 132 44 down
792 1324 119 30 upon
935 1308 36 45 it
995 1324 56 29 on
1073 1308 70 45 his
1166 1309 128 53 back,
1320 1308 122 45 drew
1467 1310 36 43 it

144 1400 104 30 over
269 1386 70 44 his
357 1386 133 60 body.
557 1385 266 47 Sometimes
848 1385 22 45 I
894 1384 288 61 preoccupied
1203 1385 70 45 his
1295 1385 101 53 bed,
1415 1387 90 43 and

144 1462 152 45 teased
318 1462 96 44 him
438 1463 60 59 by
522 1461 197 62 refusing
740 1468 46 39 to
808 1461 101 61 give
931 1461 38 45 it
991 1477 75 29 up.
1134 1461 72 45 On
1229 1467 127 39 these
1380 1477 124 29 occa-

144 1538 116 45 sions
283 1539 57 44 he
364 1539 150 44 would
549 1538 253 46 endeavour
824 1545 45 37 to
892 1538 97 60 pull
1017 1544 78 38 the
1120 1537 82 45 sail
1224 1537 113 46 from
1360 1539 144 44 under

142 1629 87 40 me,
255 1630 47 30 or
323 1621 46 39 to
393 1614 112 46 force
536 1631 73 29 me
631 1613 112 46 from
766 1614 52 55 it,
844 1615 90 45 and
967 1615 153 45 would
1151 1621 80 39 not
1263 1621 91 39 rest
1378 1615 73 45 till
1476 1616 21 44 I

142 1691 90 45 had
268 1690 203 46 resigned
494 1691 66 54 it;
595 1691 42 45 if
658 1691 36 45 it
718 1707 94 30 was
841 1692 120 44 large
994 1691 175 45 enough
1202 1690 65 47 for
1296 1692 123 53 both,
1444 1692 58 45 he

141 1768 151 44 would
309 1768 176 61 quietly
502 1768 58 45 lie
574 1769 62 59 by
649 1784 81 45 my
749 1768 107 45 side.
923 1767 50 46 If
988 1768 61 45 all
1070 1774 79 39 the
1173 1767 103 46 sails
1298 1768 204 60 happen-

142 1844 54 44 ed
236 1850 46 39 to
318 1845 54 44 be
412 1851 82 46 set,
525 1845 58 45 he
620 1846 151 44 would
802 1846 117 44 hunt
950 1850 136 39 about
1122 1843 65 47 for
1220 1860 121 29 some
1375 1846 127 43 other

141 1935 218 46 covering,
385 1922 89 44 and
496 1921 144 44 either
663 1922 115 44 steal
800 1937 82 29 one
905 1920 50 46 of
969 1928 78 37 the
1071 1920 165 46 sailors’
1254 1920 176 60 jackets
1454 1937 48 29 or

143 1996 134 44 shirts
307 1997 103 44 that
438 1997 237 60 happened
704 2003 47 39 to
784 1998 55 44 be
867 1997 174 60 drying,
1069 2012 47 29 or
1138 2012 158 45 empty
1319 2012 27 29 a
1368 1997 131 45 ham-

142 2072 129 44 mock
302 2071 50 46 of
381 2072 59 46 its
475 2074 221 44 blankets.
764 2073 82 45 Off
873 2073 79 45 the
975 2073 121 45 Cape
1123 2071 50 46 of
1199 2072 127 46 Good
1349 2073 146 54 Hope,

140 2147 56 44 he
231 2147 192 47 suffered
448 2150 136 44 much
617 2148 113 46 from
753 2164 27 30 a
801 2150 88 44 low
911 2155 316 54 temperature,
1258 2150 239 61 especially

139 2224 124 61 early
287 2224 47 46 in
369 2232 78 39 the
480 2241 219 46 morning,
725 2226 134 45 when
890 2226 57 44 he
978 2226 154 45 would
1165 2225 189 46 descend
1384 2226 111 46 from

140 2306 77 39 the
253 2317 133 40 mast,
412 2303 271 60 shuddering
717 2301 114 47 with
867 2302 111 55 cold,
1007 2302 90 45 and
1126 2318 195 45 running
1350 2319 61 43 up
1448 2309 45 38 to

138 2392 92 45 any
265 2393 82 30 one
383 2378 50 46 of
460 2379 69 45 his
568 2377 179 56 fnends,
789 2379 133 45 climb
960 2378 95 46 into
1085 2379 118 45 their
1232 2394 132 39 arms,
1404 2379 90 45 and

138 2453 196 62 clasping
377 2462 126 39 them
555 2456 179 60 closely,
782 2457 148 44 derive
976 2455 194 46 wamith
1214 2454 111 46 from
1376 2456 118 44 their
