2107 3450
1771 287 85 42 445

498 282 265 33 PATHOLOGY
795 285 56 31 OF
882 286 89 32 THE
1003 288 152 33 MOTOR
1188 292 367 35 SPEECH-TRACTS.

207 417 96 30 ness
338 404 43 41 in
417 403 73 42 the
523 403 153 56 cough,
700 418 45 28 as
781 405 34 41 it
848 405 35 42 is
916 406 205 43 different
1156 410 108 41 from
1296 411 73 42 the
1393 413 283 54 explanation
1699 417 161 43 offered

205 476 57 56 by
285 475 67 43 Dr
384 475 187 44 Gowers.
635 476 66 42 Dr
734 476 179 43 Gowers
947 478 227 56 evidently
1197 480 127 44 holds
1357 483 76 42 the
1459 498 200 30 common
1681 488 180 42 opinion

207 548 96 42 that
334 548 46 41 in
415 548 73 42 the
521 547 169 44 closure
723 548 45 42 of
799 548 75 43 the
906 548 152 55 glottis
1082 550 143 44 which
1250 553 37 42 is
1319 554 285 55 preliminary
1628 561 45 38 to
1696 559 74 42 the
1793 563 70 39 act

205 619 46 42 of
285 619 229 57 coughing,
546 618 88 43 and
673 618 143 44 which
854 620 177 42 attends
1070 636 118 41 upon
1228 623 74 43 the
1339 630 70 37 act
1447 626 44 41 of
1528 628 227 57 straining,
1787 630 75 43 the

203 691 152 56 glottis
373 691 37 42 is
433 691 144 42 closed
601 691 242 56 efficiently
861 692 175 55 against
1058 692 75 43 the
1156 694 93 42 exit
1267 696 47 41 of
1331 696 66 41 air
1418 696 59 56 by
1495 698 74 42 the
1592 701 271 41 co-aptation

205 763 45 42 of
287 763 74 42 the
399 767 97 38 true
518 762 125 43 vocal
676 762 311 53 cords,—that,
1010 764 47 41 in
1091 765 133 51 short,
1247 766 36 42 it
1317 767 37 42 is
1385 768 145 43 closed
1568 770 46 42 in
1647 771 74 42 the
1745 786 117 29 same

206 849 181 28 manner
400 849 47 28 as
461 835 36 41 it
511 834 37 43 is
563 834 66 43 for
643 835 370 55 phonation,only
1029 836 105 42 with
1151 842 170 50 greater
1335 840 198 57 strength
1550 842 85 41 and
1652 843 210 43 firmness.

205 907 70 43 He
299 907 216 43 therefore
552 907 175 55 regards
765 906 75 43 the
878 907 89 43 loss
1005 908 48 42 of
1086 909 330 56 explosiveness
1454 913 45 41 in
1539 913 74 43 the
1641 915 139 56 cough
1815 930 46 28 as

204 978 162 56 simply
404 993 25 27 a
467 979 94 41 first
596 978 244 42 indication
879 979 47 41 of
960 979 214 44 adductor
1210 983 177 53 paresis.
1465 981 102 55 But,
1605 999 46 28 as
1690 986 22 41 I
1751 986 110 43 have

203 1050 175 56 already
402 1050 236 56 explained
660 1050 46 41 in
732 1064 25 27 a
780 1050 162 43 former
964 1051 192 56 chapter,
1175 1052 75 43 the
1273 1053 170 44 closure
1460 1055 48 42 of
1526 1056 74 42 the
1621 1057 151 55 glottis
1795 1058 67 42 for

202 1123 220 56 coughing
454 1137 47 28 or
532 1122 218 56 straining
772 1123 37 42 is
832 1137 25 27 a
881 1137 105 42 very
1011 1123 207 43 different
1240 1124 127 58 thing
1389 1126 113 42 from
1523 1127 57 43 its
1603 1128 169 43 closure
1797 1131 65 40 for

202 1195 261 56 phonation;
494 1195 185 42 because
698 1194 47 43 in
764 1195 243 55 phonation
1024 1196 104 55 only
1144 1196 76 42 the
1238 1201 97 38 true
1359 1198 124 43 cords
1506 1213 70 29 are
1599 1202 263 41 co-aptated,

203 1266 192 43 whereas
418 1267 46 41 in
489 1267 74 42 the
585 1267 285 57 preliminary
895 1271 121 53 stage
1049 1268 45 42 of
1127 1269 219 56 coughing
1371 1271 87 42 and
1479 1271 48 42 in
1549 1273 216 56 straining
1787 1274 75 43 the

200 1339 109 42 false
342 1339 124 43 cords
499 1354 73 28 are
605 1340 252 56 co-aptated
879 1354 47 28 as
951 1340 98 42 well
1073 1355 46 27 as
1142 1341 75 42 the
1241 1345 122 50 true;
1394 1343 89 42 and
1502 1343 38 42 it
1561 1344 50 42 is,
1634 1345 23 41 I
1680 1345 183 53 believe,

201 1411 74 42 the
299 1411 108 43 false
432 1412 134 50 cords,
589 1412 109 42 with
732 1413 74 42 the
838 1412 253 43 Ventricles
1124 1413 45 42 of
1197 1413 245 56 Morgagni,
1469 1415 154 42 which,
1646 1416 47 41 in
1716 1417 147 42 valve-

199 1483 92 42 like
313 1484 186 52 fashion,
522 1484 105 42 hold
648 1484 48 42 in
719 1484 74 43 the
826 1484 273 56 imprisoned
1131 1485 65 42 air
1228 1485 160 57 during
1409 1486 75 43 the
1506 1487 287 55 preliminary
1817 1504 45 27 or

201 1557 293 55 compressive
511 1562 121 51 stage
650 1558 47 41 of
711 1571 24 27 a
753 1557 152 56 cough.
956 1558 22 41 I
997 1557 55 43 do
1072 1563 76 37 not
1165 1558 132 42 know
1316 1558 99 43 that
1430 1559 73 43 the
1521 1559 278 43 innervation
1818 1561 45 42 of

201 1627 87 43 this
305 1628 243 55 important
566 1629 167 42 closure
748 1629 47 42 of
807 1629 73 42 the
896 1629 109 43 false
1021 1630 124 42 cords
1164 1630 79 42 has
1262 1644 102 28 ever
1378 1634 75 52 yet
1471 1630 110 43 been
1599 1635 263 52 adequately

198 1700 305 57 investigated.
569 1702 43 41 It
636 1716 101 42 may
760 1702 53 42 be
837 1701 97 42 that
957 1701 75 43 the
1065 1702 225 42 muscular
1317 1702 129 43 fibres
1472 1702 142 43 which
1637 1703 128 42 effect
1788 1703 74 43 the

202 1778 252 38 movement
475 1788 74 29 are
570 1774 274 43 innervated,
866 1774 92 43 like
991 1775 126 42 those
1142 1775 144 42 which
1319 1775 177 43 depress
1530 1775 74 42 the
1627 1775 238 57 epiglottis,

201 1844 59 56 by
284 1845 74 42 the
390 1845 197 56 superior
619 1845 227 58 laryngeal
878 1861 144 28 nerve.
1088 1847 92 42 But
1215 1846 199 43 whether
1447 1846 89 43 this
1558 1846 54 43 be
1635 1860 47 28 so
1704 1860 48 28 or
1773 1851 90 47 not,

202 1917 22 42 I
259 1917 131 42 think
422 1917 37 43 it
490 1918 157 57 highly
678 1918 210 57 probable
924 1919 98 42 that
1055 1919 76 42 the
1163 1919 181 42 nuclear
1371 1918 106 43 cells
1510 1919 68 42 for
1609 1918 75 43 the
1716 1933 147 28 move-

203 1994 122 37 ment
357 2004 86 37 are,
474 1990 48 42 in
556 1990 75 43 the
658 2005 152 28 course
844 1991 46 42 of
919 1991 273 56 progressive
1226 1991 157 42 bulbar
1413 1991 228 56 paralysis,
1674 1990 191 42 invaded

203 2062 145 43 before
382 2063 75 42 the
490 2063 264 43 nerve-cells
788 2064 67 41 for
887 2064 77 42 the
994 2063 208 43 ordinary
1225 2063 235 43 adductors
1499 2064 48 41 of
1580 2063 75 43 the
1692 2063 173 51 larynx,

202 2135 86 42 and
332 2135 98 42 that
474 2136 158 43 thence
665 2136 160 43 results
865 2136 75 43 the
979 2136 124 43 early
1140 2136 88 42 loss
1267 2136 47 42 of
1343 2135 330 43 explosiveness
1705 2135 47 42 in
1790 2135 75 42 the

202 2207 153 43 cough.

264 2279 53 42 In
351 2295 76 42 my
449 2294 135 43 paper
616 2280 47 43 in
697 2281 75 42 the
804 2281 261 56 Edinburgh
1097 2281 199 55 Hospital
1318 2281 177 41 Reports
1517 2280 24 41 I
1563 2279 112 42 have
1698 2279 169 43 termed

201 2351 76 44 the
320 2353 289 55 unexplosive
652 2353 142 43 cough
836 2353 139 43 above
1018 2352 255 44 mentioned
1316 2352 76 43 the
1430 2355 20 19 "
1467 2351 168 43 Bovine
1679 2350 190 54 Cough,"

202 2424 186 43 because
410 2438 56 29 an
489 2439 56 28 ox
568 2425 77 43 has
669 2439 56 29 no
747 2425 252 43 Ventricles
1023 2425 47 42 of
1086 2425 235 56 Morgagni
1344 2439 48 27 or
1414 2423 109 44 false
1545 2423 136 54 cords,
1700 2423 86 42 and
1809 2423 58 42 its

203 2497 140 56 cough
367 2498 36 42 is
427 2497 215 44 therefore
664 2512 56 29 an
744 2498 290 57 unexplosive
1057 2502 134 53 grunt
1214 2512 47 28 or
1287 2511 179 29 wheeze.

264 2568 55 43 In
352 2583 26 28 a
409 2569 171 43 normal
603 2570 155 57 cough,
781 2570 122 43 there
934 2584 72 28 are
1029 2569 106 43 both
1160 2584 56 28 an
1239 2568 228 57 explosive
1490 2567 203 44 element,
1716 2567 85 44 due
1825 2572 44 39 to

204 2640 75 43 the
316 2642 146 42 action
501 2642 45 43 of
585 2643 74 42 the
698 2642 109 43 false
846 2642 138 43 cords,
1022 2642 88 42 and
1143 2656 25 28 a
1200 2641 126 43 vocal
1358 2645 204 39 element,
1593 2640 84 42 due
1711 2644 44 38 to
1795 2640 74 43 the

205 2713 145 42 action
388 2714 46 43 of
471 2714 75 43 the
586 2720 96 38 true
720 2715 135 42 cords.
920 2715 55 42 In
1015 2714 76 42 the
1130 2714 170 42 Bovine
1338 2713 154 56 cough,
1531 2712 74 43 the
1644 2726 224 29 explosive

206 2785 191 43 element
419 2786 37 43 is
478 2786 98 52 lost,
601 2787 80 43 but
703 2787 76 42 the
802 2786 125 43 vocal
950 2800 102 42 may
1075 2786 53 43 be
1151 2786 209 42 retained.
1427 2785 53 41 In
1512 2798 149 29 severe
1685 2798 118 29 cases
1826 2784 48 42 of

206 2857 238 56 hysterical
477 2859 202 54 aphonia,
703 2873 56 27 on
793 2859 75 42 the
901 2858 128 43 other
1061 2857 131 42 hand,
1217 2857 74 42 the
1326 2856 122 43 vocal
1476 2856 192 42 element
1690 2856 36 42 is
1748 2862 121 37 often

207 2929 99 52 lost,
330 2929 131 44 while
484 2930 76 42 the
593 2931 225 55 explosive
851 2929 37 44 is
922 2930 225 53 retained;
1180 2928 168 43 though
1381 2928 47 41 in
1462 2927 108 42 mild
1608 2941 118 28 cases
1765 2928 106 42 both

208 3001 215 43 elements
456 3016 72 28 are
563 3002 208 42 retained.
837 3002 22 42 I
893 3002 112 42 have
1040 3006 46 37 at
1119 3005 187 51 present,
1330 3000 44 41 in
1403 3014 75 41 my
1501 2998 152 53 wards,
1677 3013 24 27 a
1723 3013 148 30 severe

208 3089 99 28 case
331 3075 48 41 of
399 3074 88 42 this
511 3074 123 51 kind,
653 3075 44 41 in
719 3074 142 42 which
888 3074 74 42 the
986 3073 191 42 aphonia
1195 3086 205 28 amounts
1419 3071 159 43 almost
1595 3074 44 39 to
1658 3074 212 41 complete

210 3147 197 43 mutism,
430 3146 87 42 and
553 3146 76 42 has
662 3146 195 42 hitherto
891 3144 182 44 resisted
1112 3147 250 47 treatment,
1384 3157 112 29 even
1532 3143 55 55 by
1611 3157 80 28 our
1716 3142 160 44 skilled
