2107 3450
578 330 169 32 SPEECH
780 331 47 31 IN
861 330 246 32 DEMKNTIA.

1593 321 85 41 225

83 451 193 57 Syllable
318 452 253 57 Stumbling
614 466 102 28 may
753 452 53 42 be
845 452 227 43 exhibited
1109 450 47 43 in
1196 450 76 43 the
1312 450 284 44 articulation
1634 452 48 41 of

21 522 188 44 difficult
232 523 137 43 words
392 537 112 29 even
526 524 45 41 in
596 523 74 43 the
695 523 175 43 earliest
892 527 121 39 stage
1028 522 47 43 of
1092 522 176 57 general
1287 522 228 56 paralysis,
1530 522 147 43 before

21 608 86 41 any
160 594 191 56 slurring
403 608 79 29 can
536 594 52 43 be
643 594 214 44 detected.
943 593 245 44 Kussmaul
1237 607 100 29 says
1361 595 95 41 :—"
1479 592 196 56 Syllable

19 665 244 56 stumbling
285 679 101 42 may
409 665 128 43 make
560 666 57 42 its
641 679 269 42 appearance
933 665 46 42 in
1002 664 75 42 the
1101 663 167 43 earliest
1291 677 113 42 stage
1433 663 51 56 of
1504 664 173 54 general

10 737 257 54 progressive
281 736 233 56 paralysis,
536 740 46 39 at
603 751 25 28 a
651 736 107 44 time
784 736 130 43 when
945 736 77 43 the
1054 735 197 43 motility
1283 736 47 41 in
1363 734 177 57 general
1572 734 104 43 does

17 811 78 37 not
116 812 176 50 present
313 807 75 44 the
411 808 111 43 least
544 809 97 42 sign
665 809 44 42 of
733 809 281 42 diminution,
1037 808 88 43 and
1148 807 128 44 when
1299 807 76 43 the
1400 820 274 30 movements

16 878 201 55 required
240 879 66 43 for
330 879 72 44 the
426 880 259 55 production
709 881 47 42 of
775 881 175 43 sounds,
975 881 86 42 and
1086 881 67 42 for
1185 880 60 43 all
1278 880 126 43 other
1437 883 239 52 voluntary

17 950 175 56 objects,
211 965 69 29 are
298 951 92 43 still
414 952 166 56 perfect
602 952 288 58 (Parchappe,
907 954 114 42 Bull,
1045 953 49 42 de
1118 953 164 42 VAcad.
1307 953 49 42 de
1377 952 125 44 MM.,
1518 956 29 39 t.
1572 966 102 28 xxx.

17 1037 42 41 p.
102 1023 173 44 702)."1
353 1023 45 44 It
436 1024 201 44 becomes
685 1040 119 28 more
848 1026 87 42 and
978 1040 118 28 more
1140 1024 184 43 marked
1367 1038 47 29 as
1458 1024 74 42 the
1577 1037 97 29 case

16 1093 276 59 progresses.2

78 1181 29 28 c.
144 1167 157 57 Owing
324 1172 44 39 to
390 1168 249 58 increasing
661 1169 218 43 difficulty
898 1170 47 42 of
964 1169 295 43 articulation,
1282 1168 76 43 the
1380 1172 230 39 utterance
1633 1167 47 42 of

17 1238 76 44 the
130 1240 182 55 patient,
350 1240 46 43 in
441 1241 75 43 the
558 1242 227 43 advanced
828 1247 157 52 stages,
1023 1242 121 43 often
1188 1242 201 42 becomes
1434 1240 116 44 Slow
1588 1239 89 43 and

16 1307 231 58 obviously
271 1310 246 43 Laborious.
582 1311 47 42 It
649 1325 102 42 may
775 1325 123 29 even,
920 1311 68 42 for
1019 1324 25 29 a
1076 1311 120 42 time,
1219 1324 174 28 assume
1427 1309 250 55 something

16 1378 45 43 of
83 1393 25 28 a
129 1383 21 17 "
167 1379 199 44 Staccato
381 1380 22 17 "
425 1381 233 43 character.
724 1381 279 57 Ultimately,
1026 1385 136 39 about
1184 1380 75 43 the
1282 1380 87 43 end
1391 1381 47 41 of
1459 1380 74 43 the
1556 1379 121 43 third

15 1455 133 54 stage,
171 1452 158 56 speech
353 1467 101 42 may
477 1453 176 43 become
678 1454 157 42 totally
858 1453 302 43 Inarticulate.

74 1525 41 42 d.
149 1525 91 43 The
277 1525 137 43 above
454 1525 132 57 being
623 1526 166 44 defects
829 1526 231 57 displayed
1104 1525 214 56 specially
1357 1526 59 55 by
1454 1525 76 43 the
1571 1524 105 44 Oral

13 1595 294 45 Articulative
330 1599 272 42 mechanism
626 1599 45 42 of
692 1599 171 57 speech,
884 1614 64 28 we
966 1599 113 43 have
1097 1613 98 29 now
1218 1605 45 36 to
1287 1599 174 43 remark
1484 1599 99 43 that
1600 1599 76 43 the

13 1667 138 43 Vocal
173 1669 270 44 mechanism
466 1671 104 43 does
593 1675 78 39 not
693 1671 165 57 wholly
877 1686 165 29 escape.
1108 1672 55 42 In
1183 1671 74 43 the
1276 1671 226 44 advanced
1520 1685 157 38 stages,

13 1741 77 43 the
112 1742 121 43 voice
256 1743 37 43 is
316 1747 77 52 apt
411 1748 44 38 to
473 1744 177 44 become
671 1748 290 40 monotonous
980 1744 86 43 and
1085 1744 253 43 sometimes
1353 1743 323 57 high-pitched,

12 1813 87 43 and
123 1818 44 39 to
190 1829 172 30 assume
385 1830 25 29 a
443 1816 196 56 peculiar
673 1817 278 57 iEgophonic
974 1815 270 45 Trembling.
1322 1816 46 43 It
1390 1816 89 44 has,
1504 1816 48 42 in
1575 1816 102 52 fact,

13 1885 109 44 been
145 1886 178 45 likened
346 1892 43 39 to
412 1888 76 44 the
511 1889 195 57 bleating
729 1890 47 43 of
795 1904 25 28 a
840 1893 114 53 goat.

73 1973 26 28 e.
135 1959 45 42 It
201 1959 159 43 should
382 1961 54 43 be
459 1961 132 43 noted
613 1961 98 43 that
742 1962 76 43 the
851 1962 159 43 failure
1048 1962 45 43 of
1129 1975 201 30 memory
1368 1961 146 44 which
1552 1962 38 42 is
1628 1976 48 28 so

12 2031 180 42 marked
215 2046 55 28 an
294 2032 192 43 element
506 2033 47 43 in
576 2033 74 44 the
673 2034 404 57 symptomatology
1101 2035 47 42 of
1177 2034 75 43 the
1283 2034 169 44 disease
1485 2049 104 42 may
1622 2035 54 43 be

13 2101 239 56 displayed,
270 2103 129 43 when
423 2104 75 44 the
517 2105 165 44 disease
700 2106 38 43 is
760 2106 239 44 advanced,
1011 2107 47 42 in
1074 2106 76 44 the
1169 2106 221 57 difficulty
1408 2107 75 43 the
1501 2107 176 56 patient

13 2174 280 55 experiences
314 2175 48 42 in
385 2177 279 43 committing
687 2192 24 28 a
734 2178 84 43 few
843 2178 140 43 words
1006 2182 46 39 to
1083 2192 209 29 memory.
1358 2178 23 42 I
1414 2177 115 44 tried
1567 2178 109 43 hard

10 2249 45 38 to
77 2249 75 53 get
173 2261 83 29 one
278 2262 105 41 poor
405 2263 102 28 man
530 2254 45 38 to
598 2254 150 52 repeat
766 2250 251 44 accurately
1036 2251 114 42 after
1167 2265 70 28 me
1257 2250 74 43 the
1354 2250 126 44 lines,
1504 2256 21 16 "
1542 2251 130 57 Mary

12 2317 88 44 had
122 2333 25 28 a
169 2318 118 45 little
308 2319 133 54 lamb,
465 2321 65 43 Its
552 2321 131 45 fleece
709 2337 87 29 was
819 2323 135 44 white
977 2337 46 29 as
1051 2321 158 45 snow,"
1234 2323 80 43 but
1345 2323 56 43 he
1435 2323 132 43 could
1598 2328 80 38 not

12 2396 162 38 master
209 2392 216 56 perfectly
458 2407 111 29 even
602 2394 75 44 the
709 2396 95 42 first
836 2395 116 55 line;
996 2395 227 58 although,
1255 2395 48 42 in
1337 2396 163 43 former
1532 2396 145 53 times,

11 2462 127 43 when
162 2463 54 44 he
239 2479 88 29 was
357 2465 47 43 in
437 2465 165 54 health,
624 2466 55 44 he
712 2467 86 43 had
832 2468 121 44 often
987 2468 206 44 repeated
1226 2467 76 44 the
1340 2482 146 29 verses
1524 2472 45 39 to
1604 2468 71 43 his

9 2535 208 44 children.
283 2537 23 43 I
329 2538 241 44 remarked,
593 2539 48 43 in
663 2539 89 44 this
776 2555 109 30 case,
907 2541 99 43 that
1030 2555 87 29 any
1141 2540 242 44 emotional
1405 2541 271 44 expression,

9 2608 107 42 such
140 2622 45 29 as
215 2612 22 20 "
253 2609 69 43 Oh
345 2610 103 44 dear
471 2611 105 53 me,"
608 2615 22 20 "
645 2613 105 43 This
783 2614 37 42 is
853 2628 108 43 very
985 2613 114 45 sad,"
1133 2628 89 29 was
1255 2613 136 45 much
1424 2628 120 30 more
1575 2628 98 44 per-

61 2713 12 24 1
101 2713 217 48 Kussmaul,
339 2728 52 36 op.
412 2720 71 43 ext.,
501 2729 35 36 p.
558 2720 81 35 808.

58 2773 13 23 2
98 2775 38 35 It
153 2775 30 36 is
201 2780 38 33 to
258 2776 169 49 Syllable
447 2778 221 51 Stumbling
686 2793 104 25 more
809 2781 202 49 especially
1024 2781 84 37 that
1128 2781 207 38 Esquirol's
1350 2782 126 37 axiom
1494 2794 39 26 as
1552 2786 39 34 to
1610 2782 65 38 the

12 2832 135 50 deadly
165 2836 235 49 significance
418 2838 41 38 of
473 2839 313 40 embarrassment
804 2842 41 37 of
868 2842 135 50 speech
1021 2843 156 49 applies.
1231 2843 177 38 Slurring
1434 2844 32 37 is
1484 2848 78 33 met
1582 2850 93 32 with

12 2905 92 25 even
127 2895 40 37 in
186 2896 62 38 the
266 2899 242 50 monologues
533 2901 41 37 of
597 2902 230 38 Adolescent
854 2904 218 37 Dementia:
1102 2904 75 37 and
1198 2904 104 37 these
1321 2918 99 25 cases
1438 2906 238 49 notoriously

10 2952 102 38 often
123 2954 74 38 live
212 2957 56 36 for
283 2970 114 38 many
410 2973 116 35 years.
565 2962 18 36 I
597 2962 115 38 think
727 2963 177 51 Slurring
917 2965 42 37 in
973 2965 203 37 Dementia
1190 2965 139 38 should
1342 2966 47 37 be
1403 2968 183 47 regarded
1599 2980 39 25 as
1652 2980 22 25 a

9 3019 188 43 symptom
211 3017 40 36 of
265 3019 211 51 advancing
495 3022 142 50 change
656 3023 42 38 in
715 3025 65 37 the
798 3029 114 33 motor
930 3030 144 33 centres
1089 3026 92 49 only
1200 3026 112 37 when
1326 3027 32 36 it
1375 3026 33 38 is
1423 3027 196 38 exhibited
1633 3028 42 37 in

9 3072 63 38 the
91 3076 173 47 patient's
282 3081 133 47 speech
434 3094 94 26 even
548 3083 111 39 when
677 3085 60 38 his
755 3086 192 38 attention
973 3088 32 37 is
1031 3087 101 49 fully
1150 3088 147 37 roused,
1317 3101 39 24 as
1376 3088 41 36 in
1441 3089 178 49 replying
1636 3094 39 33 to

8 3136 201 46 questions.
264 3139 47 37 In
341 3140 64 38 the
437 3142 248 52 Monologues
710 3147 32 37 it
767 3147 33 37 is
827 3147 74 38 due
926 3152 40 33 to
1000 3148 158 37 absence
1189 3148 41 37 of
1256 3148 109 37 mind
1396 3149 76 37 and
1504 3153 104 33 want
1639 3149 42 38 of

9 3197 196 47 attention,
226 3205 65 32 not
315 3203 223 49 necessarily
556 3209 38 33 to
613 3206 141 39 disease
774 3208 42 36 in
835 3207 64 37 the
918 3209 243 37 articulating
1180 3214 138 32 centre.

1422 3261 24 41 2
1471 3272 24 30 F
