<?xml version="1.0" encoding="UTF-8"?>
<alto xmlns="http://www.loc.gov/standards/alto/ns-v2#" xmlns:xsi="http://www.w3.org/2001/XMLSchema-instance" xsi:schemaLocation="http://www.loc.gov/standards/alto/ns-v2# http://www.loc.gov/standards/alto/alto.xsd">
  <Description>
    <MeasurementUnit>pixel</MeasurementUnit>
    <sourceImageInformation>
      <fileName>b21273911_abbyy.xml</fileName>
    </sourceImageInformation>
    <OCRProcessing ID="OCR_1">
      <preProcessingStep>
        <processingDateTime>2014-10-24T02:15:27</processingDateTime>
        <processingAgency>intranda GmbH, www.intranda.com</processingAgency>
        <processingSoftware>
          <softwareCreator>intranda GmbH, Germany</softwareCreator>
          <softwareName>intranda OCR Module for TaskManager</softwareName>
          <softwareVersion>1.0r42</softwareVersion>
        </processingSoftware>
      </preProcessingStep>
      <ocrProcessingStep>
        <processingSoftware>
          <softwareCreator>ABBYY (BIT Software), Russia</softwareCreator>
          <softwareName>FineReader Engine</softwareName>
          <softwareVersion>10</softwareVersion>
        </processingSoftware>
      </ocrProcessingStep>
    </OCRProcessing>
  </Description>
  <Layout>
    <Page PHYSICAL_IMG_NR="212" ID="PAGE_212" WIDTH="2113" HEIGHT="3404">
      <TopMargin ID="TopMargin_1" HPOS="853" VPOS="263" WIDTH="649" HEIGHT="35">
        <TextBlock ID="TextBlock_660" HPOS="853" VPOS="263" WIDTH="649" HEIGHT="35">
          <TextLine ID="TextLine_7843" HPOS="853" VPOS="263" WIDTH="649" HEIGHT="35">
            <String ID="Word_79420" HPOS="853" VPOS="263" WIDTH="86" HEIGHT="31" CONTENT="THE" />
            <SP ID="SP_71582" HPOS="939" VPOS="263" WIDTH="32" HEIGHT="0" />
            <String ID="Word_79421" HPOS="971" VPOS="263" WIDTH="241" HEIGHT="33" CONTENT="DISORDERS" />
            <SP ID="SP_71583" HPOS="1212" VPOS="263" WIDTH="32" HEIGHT="0" />
            <String ID="Word_79422" HPOS="1244" VPOS="265" WIDTH="54" HEIGHT="32" CONTENT="OF" />
            <SP ID="SP_71584" HPOS="1298" VPOS="265" WIDTH="30" HEIGHT="0" />
            <String ID="Word_79423" HPOS="1328" VPOS="266" WIDTH="174" HEIGHT="32" CONTENT="SPEECH." />
          </TextLine>
        </TextBlock>
      </TopMargin>
      <PrintSpace ID="PrintSpace_213" HPOS="347" VPOS="371" WIDTH="1641" HEIGHT="2729">
        <TextBlock ID="TextBlock_657" HPOS="348" VPOS="236" WIDTH="94" HEIGHT="56">
          <TextLine ID="TextLine_7842" HPOS="354" VPOS="243" WIDTH="82" HEIGHT="42">
            <String ID="Word_79419" HPOS="354" VPOS="243" WIDTH="82" HEIGHT="42" CONTENT="19G" />
          </TextLine>
        </TextBlock>
        <TextBlock ID="TextBlock_659" HPOS="347" VPOS="371" WIDTH="1641" HEIGHT="2729">
          <TextLine ID="TextLine_7844" HPOS="354" VPOS="377" WIDTH="1614" HEIGHT="63">
            <String ID="Word_79424" HPOS="354" VPOS="387" WIDTH="158" HEIGHT="41" CONTENT="appear" />
            <SP ID="SP_71585" HPOS="512" VPOS="380" WIDTH="22" HEIGHT="0" />
            <String ID="Word_79425" HPOS="534" VPOS="380" WIDTH="45" HEIGHT="39" CONTENT="to" />
            <SP ID="SP_71586" HPOS="579" VPOS="377" WIDTH="22" HEIGHT="0" />
            <String ID="Word_79426" HPOS="601" VPOS="377" WIDTH="52" HEIGHT="43" CONTENT="be" />
            <SP ID="SP_71587" HPOS="653" VPOS="377" WIDTH="22" HEIGHT="0" />
            <String ID="Word_79427" HPOS="675" VPOS="378" WIDTH="203" HEIGHT="45" CONTENT="localized" />
            <SP ID="SP_71588" HPOS="878" VPOS="378" WIDTH="23" HEIGHT="0" />
            <String ID="Word_79428" HPOS="901" VPOS="381" WIDTH="169" HEIGHT="56" CONTENT="beyond" />
            <SP ID="SP_71589" HPOS="1070" VPOS="381" WIDTH="23" HEIGHT="0" />
            <String ID="Word_79429" HPOS="1093" VPOS="384" WIDTH="74" HEIGHT="42" CONTENT="the" />
            <SP ID="SP_71590" HPOS="1167" VPOS="383" WIDTH="22" HEIGHT="0" />
            <String ID="Word_79430" HPOS="1189" VPOS="383" WIDTH="110" HEIGHT="43" CONTENT="level" />
            <SP ID="SP_71591" HPOS="1299" VPOS="383" WIDTH="23" HEIGHT="0" />
            <String ID="Word_79431" HPOS="1322" VPOS="384" WIDTH="47" HEIGHT="42" CONTENT="of" />
            <SP ID="SP_71592" HPOS="1369" VPOS="384" WIDTH="18" HEIGHT="0" />
            <String ID="Word_79432" HPOS="1387" VPOS="384" WIDTH="74" HEIGHT="42" CONTENT="the" />
            <SP ID="SP_71593" HPOS="1461" VPOS="384" WIDTH="21" HEIGHT="0" />
            <String ID="Word_79433" HPOS="1482" VPOS="385" WIDTH="282" HEIGHT="55" CONTENT="amputation," />
            <SP ID="SP_71594" HPOS="1764" VPOS="385" WIDTH="21" HEIGHT="0" />
            <String ID="Word_79434" HPOS="1785" VPOS="385" WIDTH="43" HEIGHT="41" CONTENT="in" />
            <SP ID="SP_71595" HPOS="1828" VPOS="385" WIDTH="24" HEIGHT="0" />
            <String ID="Word_79435" HPOS="1852" VPOS="389" WIDTH="116" HEIGHT="50" CONTENT="parts" />
          </TextLine>
          <TextLine ID="TextLine_7845" HPOS="355" VPOS="444" WIDTH="1614" HEIGHT="66">
            <String ID="Word_79436" HPOS="355" VPOS="444" WIDTH="97" HEIGHT="43" CONTENT="that" />
            <SP ID="SP_71596" HPOS="452" VPOS="444" WIDTH="20" HEIGHT="0" />
            <String ID="Word_79437" HPOS="472" VPOS="445" WIDTH="110" HEIGHT="44" CONTENT="have" />
            <SP ID="SP_71597" HPOS="582" VPOS="445" WIDTH="17" HEIGHT="0" />
            <String ID="Word_79438" HPOS="599" VPOS="449" WIDTH="135" HEIGHT="56" CONTENT="really" />
            <SP ID="SP_71598" HPOS="734" VPOS="449" WIDTH="16" HEIGHT="0" />
            <String ID="Word_79439" HPOS="750" VPOS="449" WIDTH="108" HEIGHT="44" CONTENT="been" />
            <SP ID="SP_71599" HPOS="858" VPOS="449" WIDTH="19" HEIGHT="0" />
            <String ID="Word_79440" HPOS="877" VPOS="453" WIDTH="209" HEIGHT="44" CONTENT="removed." />
            <SP ID="SP_71600" HPOS="1086" VPOS="453" WIDTH="52" HEIGHT="0" />
            <String ID="Word_79441" HPOS="1138" VPOS="454" WIDTH="136" HEIGHT="42" CONTENT="These" />
            <SP ID="SP_71601" HPOS="1274" VPOS="454" WIDTH="23" HEIGHT="0" />
            <String ID="Word_79442" HPOS="1297" VPOS="467" WIDTH="97" HEIGHT="29" CONTENT="may" />
            <SP ID="SP_71602" HPOS="1394" VPOS="455" WIDTH="16" HEIGHT="0" />
            <String ID="Word_79443" HPOS="1410" VPOS="455" WIDTH="50" HEIGHT="40" CONTENT="be" />
            <SP ID="SP_71603" HPOS="1460" VPOS="454" WIDTH="22" HEIGHT="0" />
            <String ID="Word_79444" HPOS="1482" VPOS="454" WIDTH="219" HEIGHT="42" CONTENT="described" />
            <SP ID="SP_71604" HPOS="1701" VPOS="454" WIDTH="22" HEIGHT="0" />
            <String ID="Word_79445" HPOS="1723" VPOS="468" WIDTH="45" HEIGHT="28" CONTENT="as" />
            <SP ID="SP_71605" HPOS="1768" VPOS="454" WIDTH="22" HEIGHT="0" />
            <String ID="Word_79446" HPOS="1790" VPOS="454" WIDTH="179" HEIGHT="55" CONTENT="psycho-" />
          </TextLine>
          <TextLine ID="TextLine_7846" HPOS="355" VPOS="517" WIDTH="1614" HEIGHT="62">
            <String ID="Word_79447" HPOS="355" VPOS="528" WIDTH="178" HEIGHT="44" CONTENT="sensory" />
            <SP ID="SP_71606" HPOS="533" VPOS="517" WIDTH="31" HEIGHT="0" />
            <String ID="Word_79448" HPOS="564" VPOS="517" WIDTH="347" HEIGHT="47" CONTENT="hallucinations." />
            <SP ID="SP_71607" HPOS="911" VPOS="517" WIDTH="64" HEIGHT="0" />
            <String ID="Word_79449" HPOS="975" VPOS="524" WIDTH="44" HEIGHT="41" CONTENT="It" />
            <SP ID="SP_71608" HPOS="1019" VPOS="524" WIDTH="30" HEIGHT="0" />
            <String ID="Word_79450" HPOS="1049" VPOS="524" WIDTH="36" HEIGHT="41" CONTENT="is" />
            <SP ID="SP_71609" HPOS="1085" VPOS="524" WIDTH="32" HEIGHT="0" />
            <String ID="Word_79451" HPOS="1117" VPOS="529" WIDTH="75" HEIGHT="37" CONTENT="not" />
            <SP ID="SP_71610" HPOS="1192" VPOS="529" WIDTH="37" HEIGHT="0" />
            <String ID="Word_79452" HPOS="1229" VPOS="538" WIDTH="46" HEIGHT="28" CONTENT="so" />
            <SP ID="SP_71611" HPOS="1275" VPOS="524" WIDTH="36" HEIGHT="0" />
            <String ID="Word_79453" HPOS="1311" VPOS="524" WIDTH="217" HEIGHT="55" CONTENT="generally" />
            <SP ID="SP_71612" HPOS="1528" VPOS="524" WIDTH="36" HEIGHT="0" />
            <String ID="Word_79454" HPOS="1564" VPOS="524" WIDTH="160" HEIGHT="41" CONTENT="known" />
            <SP ID="SP_71613" HPOS="1724" VPOS="524" WIDTH="42" HEIGHT="0" />
            <String ID="Word_79455" HPOS="1766" VPOS="524" WIDTH="94" HEIGHT="41" CONTENT="that" />
            <SP ID="SP_71614" HPOS="1860" VPOS="524" WIDTH="36" HEIGHT="0" />
            <String ID="Word_79456" HPOS="1896" VPOS="524" WIDTH="73" HEIGHT="41" CONTENT="the" />
          </TextLine>
          <TextLine ID="TextLine_7847" HPOS="355" VPOS="586" WIDTH="1612" HEIGHT="63">
            <String ID="Word_79457" HPOS="355" VPOS="586" WIDTH="168" HEIGHT="54" CONTENT="patient" />
            <SP ID="SP_71615" HPOS="523" VPOS="586" WIDTH="28" HEIGHT="0" />
            <String ID="Word_79458" HPOS="551" VPOS="602" WIDTH="100" HEIGHT="43" CONTENT="may" />
            <SP ID="SP_71616" HPOS="651" VPOS="590" WIDTH="23" HEIGHT="0" />
            <String ID="Word_79459" HPOS="674" VPOS="590" WIDTH="109" HEIGHT="43" CONTENT="have" />
            <SP ID="SP_71617" HPOS="783" VPOS="590" WIDTH="32" HEIGHT="0" />
            <String ID="Word_79460" HPOS="815" VPOS="591" WIDTH="335" HEIGHT="45" CONTENT="hallucinations" />
            <SP ID="SP_71618" HPOS="1150" VPOS="591" WIDTH="31" HEIGHT="0" />
            <String ID="Word_79461" HPOS="1181" VPOS="595" WIDTH="45" HEIGHT="41" CONTENT="of" />
            <SP ID="SP_71619" HPOS="1226" VPOS="595" WIDTH="29" HEIGHT="0" />
            <String ID="Word_79462" HPOS="1255" VPOS="599" WIDTH="224" HEIGHT="37" CONTENT="movement" />
            <SP ID="SP_71620" HPOS="1479" VPOS="594" WIDTH="29" HEIGHT="0" />
            <String ID="Word_79463" HPOS="1508" VPOS="594" WIDTH="44" HEIGHT="42" CONTENT="in" />
            <SP ID="SP_71621" HPOS="1552" VPOS="594" WIDTH="33" HEIGHT="0" />
            <String ID="Word_79464" HPOS="1585" VPOS="594" WIDTH="73" HEIGHT="42" CONTENT="the" />
            <SP ID="SP_71622" HPOS="1658" VPOS="594" WIDTH="31" HEIGHT="0" />
            <String ID="Word_79465" HPOS="1689" VPOS="608" WIDTH="116" HEIGHT="28" CONTENT="same" />
            <SP ID="SP_71623" HPOS="1805" VPOS="601" WIDTH="36" HEIGHT="0" />
            <String ID="Word_79466" HPOS="1841" VPOS="601" WIDTH="126" HEIGHT="48" CONTENT="parts." />
          </TextLine>
          <TextLine ID="TextLine_7848" HPOS="354" VPOS="656" WIDTH="1615" HEIGHT="63">
            <String ID="Word_79467" HPOS="354" VPOS="656" WIDTH="122" HEIGHT="43" CONTENT="Weir" />
            <SP ID="SP_71624" HPOS="476" VPOS="656" WIDTH="34" HEIGHT="0" />
            <String ID="Word_79468" HPOS="510" VPOS="658" WIDTH="204" HEIGHT="44" CONTENT="Mitchell" />
            <SP ID="SP_71625" HPOS="714" VPOS="658" WIDTH="41" HEIGHT="0" />
            <String ID="Word_79469" HPOS="755" VPOS="661" WIDTH="78" HEIGHT="42" CONTENT="has" />
            <SP ID="SP_71626" HPOS="833" VPOS="661" WIDTH="40" HEIGHT="0" />
            <String ID="Word_79470" HPOS="873" VPOS="663" WIDTH="102" HEIGHT="54" CONTENT="paid" />
            <SP ID="SP_71627" HPOS="975" VPOS="663" WIDTH="41" HEIGHT="0" />
            <String ID="Word_79471" HPOS="1016" VPOS="664" WIDTH="159" HEIGHT="54" CONTENT="special" />
            <SP ID="SP_71628" HPOS="1175" VPOS="664" WIDTH="36" HEIGHT="0" />
            <String ID="Word_79472" HPOS="1211" VPOS="665" WIDTH="214" HEIGHT="41" CONTENT="attention" />
            <SP ID="SP_71629" HPOS="1425" VPOS="665" WIDTH="37" HEIGHT="0" />
            <String ID="Word_79473" HPOS="1462" VPOS="670" WIDTH="44" HEIGHT="36" CONTENT="to" />
            <SP ID="SP_71630" HPOS="1506" VPOS="664" WIDTH="36" HEIGHT="0" />
            <String ID="Word_79474" HPOS="1542" VPOS="664" WIDTH="87" HEIGHT="43" CONTENT="this" />
            <SP ID="SP_71631" HPOS="1629" VPOS="664" WIDTH="36" HEIGHT="0" />
            <String ID="Word_79475" HPOS="1665" VPOS="665" WIDTH="177" HEIGHT="54" CONTENT="subject," />
            <SP ID="SP_71632" HPOS="1842" VPOS="663" WIDTH="43" HEIGHT="0" />
            <String ID="Word_79476" HPOS="1885" VPOS="663" WIDTH="84" HEIGHT="41" CONTENT="and" />
          </TextLine>
          <TextLine ID="TextLine_7849" HPOS="355" VPOS="726" WIDTH="1615" HEIGHT="62">
            <String ID="Word_79477" HPOS="355" VPOS="726" WIDTH="227" HEIGHT="54" CONTENT="describes," />
            <SP ID="SP_71633" HPOS="582" VPOS="726" WIDTH="23" HEIGHT="0" />
            <String ID="Word_79478" HPOS="605" VPOS="729" WIDTH="65" HEIGHT="42" CONTENT="for" />
            <SP ID="SP_71634" HPOS="670" VPOS="729" WIDTH="21" HEIGHT="0" />
            <String ID="Word_79479" HPOS="691" VPOS="731" WIDTH="209" HEIGHT="54" CONTENT="example," />
            <SP ID="SP_71635" HPOS="900" VPOS="731" WIDTH="23" HEIGHT="0" />
            <String ID="Word_79480" HPOS="923" VPOS="745" WIDTH="116" HEIGHT="29" CONTENT="some" />
            <SP ID="SP_71636" HPOS="1039" VPOS="733" WIDTH="22" HEIGHT="0" />
            <String ID="Word_79481" HPOS="1061" VPOS="733" WIDTH="45" HEIGHT="41" CONTENT="of" />
            <SP ID="SP_71637" HPOS="1106" VPOS="733" WIDTH="28" HEIGHT="0" />
            <String ID="Word_79482" HPOS="1134" VPOS="733" WIDTH="69" HEIGHT="42" CONTENT="his" />
            <SP ID="SP_71638" HPOS="1203" VPOS="733" WIDTH="31" HEIGHT="0" />
            <String ID="Word_79483" HPOS="1234" VPOS="734" WIDTH="201" HEIGHT="54" CONTENT="patients," />
            <SP ID="SP_71639" HPOS="1435" VPOS="734" WIDTH="34" HEIGHT="0" />
            <String ID="Word_79484" HPOS="1469" VPOS="734" WIDTH="111" HEIGHT="41" CONTENT="after" />
            <SP ID="SP_71640" HPOS="1580" VPOS="734" WIDTH="34" HEIGHT="0" />
            <String ID="Word_79485" HPOS="1614" VPOS="734" WIDTH="271" HEIGHT="54" CONTENT="amputation" />
            <SP ID="SP_71641" HPOS="1885" VPOS="733" WIDTH="41" HEIGHT="0" />
            <String ID="Word_79486" HPOS="1926" VPOS="733" WIDTH="44" HEIGHT="40" CONTENT="of" />
          </TextLine>
          <TextLine ID="TextLine_7850" HPOS="354" VPOS="796" WIDTH="1619" HEIGHT="62">
            <String ID="Word_79487" HPOS="354" VPOS="796" WIDTH="75" HEIGHT="43" CONTENT="the" />
            <SP ID="SP_71642" HPOS="429" VPOS="796" WIDTH="22" HEIGHT="0" />
            <String ID="Word_79488" HPOS="451" VPOS="812" WIDTH="103" HEIGHT="35" CONTENT="arm," />
            <SP ID="SP_71643" HPOS="554" VPOS="812" WIDTH="22" HEIGHT="0" />
            <String ID="Word_79489" HPOS="576" VPOS="813" WIDTH="45" HEIGHT="28" CONTENT="as" />
            <SP ID="SP_71644" HPOS="621" VPOS="805" WIDTH="24" HEIGHT="0" />
            <String ID="Word_79490" HPOS="645" VPOS="805" WIDTH="111" HEIGHT="37" CONTENT="most" />
            <SP ID="SP_71645" HPOS="756" VPOS="801" WIDTH="21" HEIGHT="0" />
            <String ID="Word_79491" HPOS="777" VPOS="801" WIDTH="169" HEIGHT="55" CONTENT="vividly" />
            <SP ID="SP_71646" HPOS="946" VPOS="801" WIDTH="22" HEIGHT="0" />
            <String ID="Word_79492" HPOS="968" VPOS="802" WIDTH="302" HEIGHT="56" CONTENT="experiencing" />
            <SP ID="SP_71647" HPOS="1270" VPOS="802" WIDTH="22" HEIGHT="0" />
            <String ID="Word_79493" HPOS="1292" VPOS="808" WIDTH="265" HEIGHT="37" CONTENT="movements" />
            <SP ID="SP_71648" HPOS="1557" VPOS="804" WIDTH="22" HEIGHT="0" />
            <String ID="Word_79494" HPOS="1579" VPOS="804" WIDTH="45" HEIGHT="40" CONTENT="in" />
            <SP ID="SP_71649" HPOS="1624" VPOS="803" WIDTH="22" HEIGHT="0" />
            <String ID="Word_79495" HPOS="1646" VPOS="803" WIDTH="73" HEIGHT="42" CONTENT="the" />
            <SP ID="SP_71650" HPOS="1719" VPOS="803" WIDTH="31" HEIGHT="0" />
            <String ID="Word_79496" HPOS="1750" VPOS="804" WIDTH="154" HEIGHT="41" CONTENT="fingers" />
            <SP ID="SP_71651" HPOS="1904" VPOS="803" WIDTH="22" HEIGHT="0" />
            <String ID="Word_79497" HPOS="1926" VPOS="803" WIDTH="47" HEIGHT="40" CONTENT="of" />
          </TextLine>
          <TextLine ID="TextLine_7851" HPOS="354" VPOS="867" WIDTH="1614" HEIGHT="60">
            <String ID="Word_79498" HPOS="354" VPOS="867" WIDTH="75" HEIGHT="41" CONTENT="the" />
            <SP ID="SP_71652" HPOS="429" VPOS="867" WIDTH="42" HEIGHT="0" />
            <String ID="Word_79499" HPOS="471" VPOS="868" WIDTH="153" HEIGHT="42" CONTENT="absent" />
            <SP ID="SP_71653" HPOS="624" VPOS="868" WIDTH="40" HEIGHT="0" />
            <String ID="Word_79500" HPOS="664" VPOS="869" WIDTH="129" HEIGHT="51" CONTENT="hand," />
            <SP ID="SP_71654" HPOS="793" VPOS="869" WIDTH="37" HEIGHT="0" />
            <String ID="Word_79501" HPOS="830" VPOS="870" WIDTH="85" HEIGHT="41" CONTENT="and" />
            <SP ID="SP_71655" HPOS="915" VPOS="870" WIDTH="42" HEIGHT="0" />
            <String ID="Word_79502" HPOS="957" VPOS="884" WIDTH="45" HEIGHT="28" CONTENT="as" />
            <SP ID="SP_71656" HPOS="1002" VPOS="871" WIDTH="43" HEIGHT="0" />
            <String ID="Word_79503" HPOS="1045" VPOS="871" WIDTH="126" HEIGHT="54" CONTENT="being" />
            <SP ID="SP_71657" HPOS="1171" VPOS="871" WIDTH="41" HEIGHT="0" />
            <String ID="Word_79504" HPOS="1212" VPOS="872" WIDTH="94" HEIGHT="41" CONTENT="able" />
            <SP ID="SP_71658" HPOS="1306" VPOS="872" WIDTH="42" HEIGHT="0" />
            <String ID="Word_79505" HPOS="1348" VPOS="876" WIDTH="44" HEIGHT="37" CONTENT="at" />
            <SP ID="SP_71659" HPOS="1392" VPOS="873" WIDTH="30" HEIGHT="0" />
            <String ID="Word_79506" HPOS="1422" VPOS="873" WIDTH="88" HEIGHT="40" CONTENT="will" />
            <SP ID="SP_71660" HPOS="1510" VPOS="873" WIDTH="36" HEIGHT="0" />
            <String ID="Word_79507" HPOS="1546" VPOS="878" WIDTH="44" HEIGHT="36" CONTENT="to" />
            <SP ID="SP_71661" HPOS="1590" VPOS="873" WIDTH="32" HEIGHT="0" />
            <String ID="Word_79508" HPOS="1622" VPOS="873" WIDTH="184" HEIGHT="54" CONTENT="perform" />
            <SP ID="SP_71662" HPOS="1806" VPOS="873" WIDTH="43" HEIGHT="0" />
            <String ID="Word_79509" HPOS="1849" VPOS="873" WIDTH="119" HEIGHT="41" CONTENT="these" />
          </TextLine>
          <TextLine ID="TextLine_7852" HPOS="353" VPOS="937" WIDTH="1616" HEIGHT="58">
            <String ID="Word_79510" HPOS="353" VPOS="937" WIDTH="242" HEIGHT="56" CONTENT="imaginary" />
            <SP ID="SP_71663" HPOS="595" VPOS="937" WIDTH="36" HEIGHT="0" />
            <String ID="Word_79511" HPOS="631" VPOS="944" WIDTH="281" HEIGHT="46" CONTENT="movements," />
            <SP ID="SP_71664" HPOS="912" VPOS="944" WIDTH="37" HEIGHT="0" />
            <String ID="Word_79512" HPOS="949" VPOS="953" WIDTH="107" HEIGHT="29" CONTENT="even" />
            <SP ID="SP_71665" HPOS="1056" VPOS="941" WIDTH="42" HEIGHT="0" />
            <String ID="Word_79513" HPOS="1098" VPOS="941" WIDTH="177" HEIGHT="42" CONTENT="causing" />
            <SP ID="SP_71666" HPOS="1275" VPOS="941" WIDTH="40" HEIGHT="0" />
            <String ID="Word_79514" HPOS="1315" VPOS="941" WIDTH="74" HEIGHT="42" CONTENT="the" />
            <SP ID="SP_71667" HPOS="1389" VPOS="941" WIDTH="42" HEIGHT="0" />
            <String ID="Word_79515" HPOS="1431" VPOS="942" WIDTH="114" HEIGHT="41" CONTENT="hand" />
            <SP ID="SP_71668" HPOS="1545" VPOS="942" WIDTH="40" HEIGHT="0" />
            <String ID="Word_79516" HPOS="1585" VPOS="946" WIDTH="45" HEIGHT="37" CONTENT="to" />
            <SP ID="SP_71669" HPOS="1630" VPOS="946" WIDTH="41" HEIGHT="0" />
            <String ID="Word_79517" HPOS="1671" VPOS="948" WIDTH="177" HEIGHT="36" CONTENT="execute" />
            <SP ID="SP_71670" HPOS="1848" VPOS="943" WIDTH="48" HEIGHT="0" />
            <String ID="Word_79518" HPOS="1896" VPOS="943" WIDTH="73" HEIGHT="40" CONTENT="the" />
          </TextLine>
          <TextLine ID="TextLine_7853" HPOS="355" VPOS="1007" WIDTH="1612" HEIGHT="59">
            <String ID="Word_79519" HPOS="355" VPOS="1007" WIDTH="183" HEIGHT="43" CONTENT="delicate" />
            <SP ID="SP_71671" HPOS="538" VPOS="1007" WIDTH="32" HEIGHT="0" />
            <String ID="Word_79520" HPOS="570" VPOS="1014" WIDTH="271" HEIGHT="37" CONTENT="movements" />
            <SP ID="SP_71672" HPOS="841" VPOS="1010" WIDTH="37" HEIGHT="0" />
            <String ID="Word_79521" HPOS="878" VPOS="1010" WIDTH="44" HEIGHT="41" CONTENT="of" />
            <SP ID="SP_71673" HPOS="922" VPOS="1010" WIDTH="37" HEIGHT="0" />
            <String ID="Word_79522" HPOS="959" VPOS="1010" WIDTH="182" HEIGHT="56" CONTENT="writing." />
            <SP ID="SP_71674" HPOS="1141" VPOS="1010" WIDTH="64" HEIGHT="0" />
            <String ID="Word_79523" HPOS="1205" VPOS="1011" WIDTH="59" HEIGHT="42" CONTENT="Of" />
            <SP ID="SP_71675" HPOS="1264" VPOS="1011" WIDTH="27" HEIGHT="0" />
            <String ID="Word_79524" HPOS="1291" VPOS="1025" WIDTH="161" HEIGHT="37" CONTENT="course," />
            <SP ID="SP_71676" HPOS="1452" VPOS="1012" WIDTH="32" HEIGHT="0" />
            <String ID="Word_79525" HPOS="1484" VPOS="1012" WIDTH="119" HEIGHT="42" CONTENT="these" />
            <SP ID="SP_71677" HPOS="1603" VPOS="1012" WIDTH="30" HEIGHT="0" />
            <String ID="Word_79526" HPOS="1633" VPOS="1012" WIDTH="188" HEIGHT="54" CONTENT="patients" />
            <SP ID="SP_71678" HPOS="1821" VPOS="1012" WIDTH="39" HEIGHT="0" />
            <String ID="Word_79527" HPOS="1860" VPOS="1026" WIDTH="107" HEIGHT="28" CONTENT="were" />
          </TextLine>
          <TextLine ID="TextLine_7854" HPOS="354" VPOS="1077" WIDTH="1614" HEIGHT="58">
            <String ID="Word_79528" HPOS="354" VPOS="1077" WIDTH="166" HEIGHT="55" CONTENT="merely" />
            <SP ID="SP_71679" HPOS="520" VPOS="1077" WIDTH="32" HEIGHT="0" />
            <String ID="Word_79529" HPOS="552" VPOS="1078" WIDTH="160" HEIGHT="55" CONTENT="calling" />
            <SP ID="SP_71680" HPOS="712" VPOS="1078" WIDTH="36" HEIGHT="0" />
            <String ID="Word_79530" HPOS="748" VPOS="1093" WIDTH="59" HEIGHT="41" CONTENT="up" />
            <SP ID="SP_71681" HPOS="807" VPOS="1079" WIDTH="31" HEIGHT="0" />
            <String ID="Word_79531" HPOS="838" VPOS="1079" WIDTH="73" HEIGHT="42" CONTENT="the" />
            <SP ID="SP_71682" HPOS="911" VPOS="1079" WIDTH="34" HEIGHT="0" />
            <String ID="Word_79532" HPOS="945" VPOS="1079" WIDTH="322" HEIGHT="56" CONTENT="psycho-motor" />
            <SP ID="SP_71683" HPOS="1267" VPOS="1079" WIDTH="30" HEIGHT="0" />
            <String ID="Word_79533" HPOS="1297" VPOS="1080" WIDTH="189" HEIGHT="55" CONTENT="pictures" />
            <SP ID="SP_71684" HPOS="1486" VPOS="1080" WIDTH="31" HEIGHT="0" />
            <String ID="Word_79534" HPOS="1517" VPOS="1081" WIDTH="45" HEIGHT="41" CONTENT="of" />
            <SP ID="SP_71685" HPOS="1562" VPOS="1081" WIDTH="30" HEIGHT="0" />
            <String ID="Word_79535" HPOS="1592" VPOS="1081" WIDTH="72" HEIGHT="42" CONTENT="the" />
            <SP ID="SP_71686" HPOS="1664" VPOS="1081" WIDTH="37" HEIGHT="0" />
            <String ID="Word_79536" HPOS="1701" VPOS="1087" WIDTH="267" HEIGHT="36" CONTENT="movements" />
          </TextLine>
          <TextLine ID="TextLine_7855" HPOS="354" VPOS="1146" WIDTH="1614" HEIGHT="58">
            <String ID="Word_79537" HPOS="354" VPOS="1146" WIDTH="156" HEIGHT="42" CONTENT="within" />
            <SP ID="SP_71687" HPOS="510" VPOS="1146" WIDTH="22" HEIGHT="0" />
            <String ID="Word_79538" HPOS="532" VPOS="1147" WIDTH="74" HEIGHT="42" CONTENT="the" />
            <SP ID="SP_71688" HPOS="606" VPOS="1147" WIDTH="24" HEIGHT="0" />
            <String ID="Word_79539" HPOS="630" VPOS="1152" WIDTH="140" HEIGHT="37" CONTENT="motor" />
            <SP ID="SP_71689" HPOS="770" VPOS="1152" WIDTH="21" HEIGHT="0" />
            <String ID="Word_79540" HPOS="791" VPOS="1154" WIDTH="166" HEIGHT="36" CONTENT="centres" />
            <SP ID="SP_71690" HPOS="957" VPOS="1149" WIDTH="23" HEIGHT="0" />
            <String ID="Word_79541" HPOS="980" VPOS="1149" WIDTH="64" HEIGHT="41" CONTENT="for" />
            <SP ID="SP_71691" HPOS="1044" VPOS="1149" WIDTH="21" HEIGHT="0" />
            <String ID="Word_79542" HPOS="1065" VPOS="1149" WIDTH="74" HEIGHT="42" CONTENT="the" />
            <SP ID="SP_71692" HPOS="1139" VPOS="1149" WIDTH="17" HEIGHT="0" />
            <String ID="Word_79543" HPOS="1156" VPOS="1149" WIDTH="115" HEIGHT="41" CONTENT="hand" />
            <SP ID="SP_71693" HPOS="1271" VPOS="1149" WIDTH="17" HEIGHT="0" />
            <String ID="Word_79544" HPOS="1288" VPOS="1149" WIDTH="85" HEIGHT="41" CONTENT="and" />
            <SP ID="SP_71694" HPOS="1373" VPOS="1149" WIDTH="16" HEIGHT="0" />
            <String ID="Word_79545" HPOS="1389" VPOS="1164" WIDTH="116" HEIGHT="38" CONTENT="arm;" />
            <SP ID="SP_71695" HPOS="1505" VPOS="1150" WIDTH="30" HEIGHT="0" />
            <String ID="Word_79546" HPOS="1535" VPOS="1150" WIDTH="80" HEIGHT="41" CONTENT="but" />
            <SP ID="SP_71696" HPOS="1615" VPOS="1150" WIDTH="22" HEIGHT="0" />
            <String ID="Word_79547" HPOS="1637" VPOS="1151" WIDTH="33" HEIGHT="40" CONTENT="if" />
            <SP ID="SP_71697" HPOS="1670" VPOS="1151" WIDTH="21" HEIGHT="0" />
            <String ID="Word_79548" HPOS="1691" VPOS="1151" WIDTH="73" HEIGHT="41" CONTENT="the" />
            <SP ID="SP_71698" HPOS="1764" VPOS="1151" WIDTH="16" HEIGHT="0" />
            <String ID="Word_79549" HPOS="1780" VPOS="1155" WIDTH="188" HEIGHT="49" CONTENT="pictures" />
          </TextLine>
          <TextLine ID="TextLine_7856" HPOS="356" VPOS="1217" WIDTH="1608" HEIGHT="59">
            <String ID="Word_79550" HPOS="356" VPOS="1230" WIDTH="110" HEIGHT="29" CONTENT="were" />
            <SP ID="SP_71699" HPOS="466" VPOS="1230" WIDTH="21" HEIGHT="0" />
            <String ID="Word_79551" HPOS="487" VPOS="1230" WIDTH="105" HEIGHT="42" CONTENT="very" />
            <SP ID="SP_71700" HPOS="592" VPOS="1217" WIDTH="25" HEIGHT="0" />
            <String ID="Word_79552" HPOS="617" VPOS="1217" WIDTH="134" HEIGHT="53" CONTENT="vivid," />
            <SP ID="SP_71701" HPOS="751" VPOS="1217" WIDTH="22" HEIGHT="0" />
            <String ID="Word_79553" HPOS="773" VPOS="1218" WIDTH="75" HEIGHT="42" CONTENT="the" />
            <SP ID="SP_71702" HPOS="848" VPOS="1218" WIDTH="21" HEIGHT="0" />
            <String ID="Word_79554" HPOS="869" VPOS="1218" WIDTH="172" HEIGHT="55" CONTENT="patient" />
            <SP ID="SP_71703" HPOS="1041" VPOS="1218" WIDTH="20" HEIGHT="0" />
            <String ID="Word_79555" HPOS="1061" VPOS="1219" WIDTH="282" HEIGHT="55" CONTENT="experienced" />
            <SP ID="SP_71704" HPOS="1343" VPOS="1219" WIDTH="29" HEIGHT="0" />
            <String ID="Word_79556" HPOS="1372" VPOS="1219" WIDTH="155" HEIGHT="43" CONTENT="almost" />
            <SP ID="SP_71705" HPOS="1527" VPOS="1219" WIDTH="21" HEIGHT="0" />
            <String ID="Word_79557" HPOS="1548" VPOS="1234" WIDTH="47" HEIGHT="28" CONTENT="or" />
            <SP ID="SP_71706" HPOS="1595" VPOS="1220" WIDTH="29" HEIGHT="0" />
            <String ID="Word_79558" HPOS="1624" VPOS="1220" WIDTH="237" HEIGHT="56" CONTENT="altogether" />
            <SP ID="SP_71707" HPOS="1861" VPOS="1220" WIDTH="30" HEIGHT="0" />
            <String ID="Word_79559" HPOS="1891" VPOS="1222" WIDTH="73" HEIGHT="40" CONTENT="the" />
          </TextLine>
          <TextLine ID="TextLine_7857" HPOS="354" VPOS="1288" WIDTH="1611" HEIGHT="57">
            <String ID="Word_79560" HPOS="354" VPOS="1301" WIDTH="117" HEIGHT="29" CONTENT="same" />
            <SP ID="SP_71708" HPOS="471" VPOS="1288" WIDTH="22" HEIGHT="0" />
            <String ID="Word_79561" HPOS="493" VPOS="1288" WIDTH="242" HEIGHT="42" CONTENT="sensations" />
            <SP ID="SP_71709" HPOS="735" VPOS="1288" WIDTH="22" HEIGHT="0" />
            <String ID="Word_79562" HPOS="757" VPOS="1302" WIDTH="46" HEIGHT="29" CONTENT="as" />
            <SP ID="SP_71710" HPOS="803" VPOS="1289" WIDTH="22" HEIGHT="0" />
            <String ID="Word_79563" HPOS="825" VPOS="1289" WIDTH="38" HEIGHT="42" CONTENT="if" />
            <SP ID="SP_71711" HPOS="863" VPOS="1289" WIDTH="18" HEIGHT="0" />
            <String ID="Word_79564" HPOS="881" VPOS="1289" WIDTH="104" HEIGHT="56" CONTENT="they" />
            <SP ID="SP_71712" HPOS="985" VPOS="1289" WIDTH="23" HEIGHT="0" />
            <String ID="Word_79565" HPOS="1008" VPOS="1303" WIDTH="109" HEIGHT="29" CONTENT="were" />
            <SP ID="SP_71713" HPOS="1117" VPOS="1290" WIDTH="22" HEIGHT="0" />
            <String ID="Word_79566" HPOS="1139" VPOS="1290" WIDTH="280" HEIGHT="42" CONTENT="exteriorized" />
            <SP ID="SP_71714" HPOS="1419" VPOS="1290" WIDTH="23" HEIGHT="0" />
            <String ID="Word_79567" HPOS="1442" VPOS="1304" WIDTH="46" HEIGHT="28" CONTENT="or" />
            <SP ID="SP_71715" HPOS="1488" VPOS="1291" WIDTH="21" HEIGHT="0" />
            <String ID="Word_79568" HPOS="1509" VPOS="1291" WIDTH="161" HEIGHT="41" CONTENT="carried" />
            <SP ID="SP_71716" HPOS="1670" VPOS="1291" WIDTH="21" HEIGHT="0" />
            <String ID="Word_79569" HPOS="1691" VPOS="1291" WIDTH="91" HEIGHT="41" CONTENT="into" />
            <SP ID="SP_71717" HPOS="1782" VPOS="1291" WIDTH="31" HEIGHT="0" />
            <String ID="Word_79570" HPOS="1813" VPOS="1304" WIDTH="152" HEIGHT="30" CONTENT="execu-" />
          </TextLine>
          <TextLine ID="TextLine_7858" HPOS="354" VPOS="1358" WIDTH="104" HEIGHT="43">
            <String ID="Word_79571" HPOS="354" VPOS="1358" WIDTH="104" HEIGHT="43" CONTENT="tion." />
          </TextLine>
          <TextLine ID="TextLine_7859" HPOS="414" VPOS="1429" WIDTH="1554" HEIGHT="57">
            <String ID="Word_79572" HPOS="414" VPOS="1429" WIDTH="123" HEIGHT="52" CONTENT="Now," />
            <SP ID="SP_71718" HPOS="537" VPOS="1429" WIDTH="37" HEIGHT="0" />
            <String ID="Word_79573" HPOS="574" VPOS="1429" WIDTH="157" HEIGHT="43" CONTENT="speech" />
            <SP ID="SP_71719" HPOS="731" VPOS="1429" WIDTH="41" HEIGHT="0" />
            <String ID="Word_79574" HPOS="772" VPOS="1430" WIDTH="36" HEIGHT="42" CONTENT="is" />
            <SP ID="SP_71720" HPOS="808" VPOS="1430" WIDTH="42" HEIGHT="0" />
            <String ID="Word_79575" HPOS="850" VPOS="1444" WIDTH="25" HEIGHT="28" CONTENT="a" />
            <SP ID="SP_71721" HPOS="875" VPOS="1444" WIDTH="40" HEIGHT="0" />
            <String ID="Word_79576" HPOS="915" VPOS="1444" WIDTH="105" HEIGHT="42" CONTENT="very" />
            <SP ID="SP_71722" HPOS="1020" VPOS="1430" WIDTH="41" HEIGHT="0" />
            <String ID="Word_79577" HPOS="1061" VPOS="1430" WIDTH="132" HEIGHT="42" CONTENT="finely" />
            <SP ID="SP_71723" HPOS="1193" VPOS="1430" WIDTH="41" HEIGHT="0" />
            <String ID="Word_79578" HPOS="1234" VPOS="1430" WIDTH="293" HEIGHT="42" CONTENT="co-ordinated" />
            <SP ID="SP_71724" HPOS="1527" VPOS="1430" WIDTH="42" HEIGHT="0" />
            <String ID="Word_79579" HPOS="1569" VPOS="1431" WIDTH="154" HEIGHT="41" CONTENT="action," />
            <SP ID="SP_71725" HPOS="1723" VPOS="1430" WIDTH="40" HEIGHT="0" />
            <String ID="Word_79580" HPOS="1763" VPOS="1430" WIDTH="205" HEIGHT="42" CONTENT="rendered" />
          </TextLine>
          <TextLine ID="TextLine_7860" HPOS="354" VPOS="1500" WIDTH="1615" HEIGHT="56">
            <String ID="Word_79581" HPOS="354" VPOS="1500" WIDTH="189" HEIGHT="55" CONTENT="possible" />
            <SP ID="SP_71726" HPOS="543" VPOS="1500" WIDTH="39" HEIGHT="0" />
            <String ID="Word_79582" HPOS="582" VPOS="1500" WIDTH="103" HEIGHT="56" CONTENT="only" />
            <SP ID="SP_71727" HPOS="685" VPOS="1500" WIDTH="32" HEIGHT="0" />
            <String ID="Word_79583" HPOS="717" VPOS="1501" WIDTH="110" HEIGHT="42" CONTENT="after" />
            <SP ID="SP_71728" HPOS="827" VPOS="1501" WIDTH="29" HEIGHT="0" />
            <String ID="Word_79584" HPOS="856" VPOS="1501" WIDTH="103" HEIGHT="55" CONTENT="long" />
            <SP ID="SP_71729" HPOS="959" VPOS="1501" WIDTH="30" HEIGHT="0" />
            <String ID="Word_79585" HPOS="989" VPOS="1501" WIDTH="202" HEIGHT="55" CONTENT="training," />
            <SP ID="SP_71730" HPOS="1191" VPOS="1501" WIDTH="30" HEIGHT="0" />
            <String ID="Word_79586" HPOS="1221" VPOS="1501" WIDTH="85" HEIGHT="41" CONTENT="and" />
            <SP ID="SP_71731" HPOS="1306" VPOS="1501" WIDTH="33" HEIGHT="0" />
            <String ID="Word_79587" HPOS="1339" VPOS="1501" WIDTH="140" HEIGHT="41" CONTENT="based," />
            <SP ID="SP_71732" HPOS="1479" VPOS="1501" WIDTH="35" HEIGHT="0" />
            <String ID="Word_79588" HPOS="1514" VPOS="1501" WIDTH="89" HEIGHT="41" CONTENT="like" />
            <SP ID="SP_71733" HPOS="1603" VPOS="1501" WIDTH="36" HEIGHT="0" />
            <String ID="Word_79589" HPOS="1639" VPOS="1501" WIDTH="59" HEIGHT="41" CONTENT="all" />
            <SP ID="SP_71734" HPOS="1698" VPOS="1501" WIDTH="36" HEIGHT="0" />
            <String ID="Word_79590" HPOS="1734" VPOS="1501" WIDTH="130" HEIGHT="42" CONTENT="finely" />
            <SP ID="SP_71735" HPOS="1864" VPOS="1501" WIDTH="37" HEIGHT="0" />
            <String ID="Word_79591" HPOS="1901" VPOS="1514" WIDTH="68" HEIGHT="28" CONTENT="co-" />
          </TextLine>
          <TextLine ID="TextLine_7861" HPOS="355" VPOS="1569" WIDTH="1612" HEIGHT="57">
            <String ID="Word_79592" HPOS="355" VPOS="1569" WIDTH="226" HEIGHT="42" CONTENT="ordinated" />
            <SP ID="SP_71736" HPOS="581" VPOS="1569" WIDTH="18" HEIGHT="0" />
            <String ID="Word_79593" HPOS="599" VPOS="1574" WIDTH="284" HEIGHT="52" CONTENT="movements," />
            <SP ID="SP_71737" HPOS="883" VPOS="1574" WIDTH="14" HEIGHT="0" />
            <String ID="Word_79594" HPOS="897" VPOS="1584" WIDTH="117" HEIGHT="41" CONTENT="upon" />
            <SP ID="SP_71738" HPOS="1014" VPOS="1570" WIDTH="17" HEIGHT="0" />
            <String ID="Word_79595" HPOS="1031" VPOS="1570" WIDTH="73" HEIGHT="42" CONTENT="the" />
            <SP ID="SP_71739" HPOS="1104" VPOS="1570" WIDTH="15" HEIGHT="0" />
            <String ID="Word_79596" HPOS="1119" VPOS="1570" WIDTH="180" HEIGHT="42" CONTENT="distinct" />
            <SP ID="SP_71740" HPOS="1299" VPOS="1570" WIDTH="14" HEIGHT="0" />
            <String ID="Word_79597" HPOS="1313" VPOS="1571" WIDTH="229" HEIGHT="40" CONTENT="formation" />
            <SP ID="SP_71741" HPOS="1542" VPOS="1570" WIDTH="15" HEIGHT="0" />
            <String ID="Word_79598" HPOS="1557" VPOS="1570" WIDTH="46" HEIGHT="42" CONTENT="of" />
            <SP ID="SP_71742" HPOS="1603" VPOS="1570" WIDTH="13" HEIGHT="0" />
            <String ID="Word_79599" HPOS="1616" VPOS="1575" WIDTH="137" HEIGHT="36" CONTENT="motor" />
            <SP ID="SP_71743" HPOS="1753" VPOS="1570" WIDTH="13" HEIGHT="0" />
            <String ID="Word_79600" HPOS="1766" VPOS="1574" WIDTH="201" HEIGHT="50" CONTENT="pictures." />
          </TextLine>
          <TextLine ID="TextLine_7862" HPOS="354" VPOS="1640" WIDTH="1614" HEIGHT="55">
            <String ID="Word_79601" HPOS="354" VPOS="1640" WIDTH="85" HEIGHT="42" CONTENT="We" />
            <SP ID="SP_71744" HPOS="439" VPOS="1640" WIDTH="31" HEIGHT="0" />
            <String ID="Word_79602" HPOS="470" VPOS="1654" WIDTH="72" HEIGHT="28" CONTENT="are" />
            <SP ID="SP_71745" HPOS="542" VPOS="1640" WIDTH="37" HEIGHT="0" />
            <String ID="Word_79603" HPOS="579" VPOS="1640" WIDTH="60" HEIGHT="41" CONTENT="all" />
            <SP ID="SP_71746" HPOS="639" VPOS="1640" WIDTH="21" HEIGHT="0" />
            <String ID="Word_79604" HPOS="660" VPOS="1640" WIDTH="223" HEIGHT="42" CONTENT="conscious" />
            <SP ID="SP_71747" HPOS="883" VPOS="1640" WIDTH="26" HEIGHT="0" />
            <String ID="Word_79605" HPOS="909" VPOS="1644" WIDTH="97" HEIGHT="38" CONTENT="that" />
            <SP ID="SP_71748" HPOS="1006" VPOS="1640" WIDTH="32" HEIGHT="0" />
            <String ID="Word_79606" HPOS="1038" VPOS="1640" WIDTH="124" HEIGHT="42" CONTENT="when" />
            <SP ID="SP_71749" HPOS="1162" VPOS="1640" WIDTH="33" HEIGHT="0" />
            <String ID="Word_79607" HPOS="1195" VPOS="1654" WIDTH="63" HEIGHT="28" CONTENT="we" />
            <SP ID="SP_71750" HPOS="1258" VPOS="1654" WIDTH="28" HEIGHT="0" />
            <String ID="Word_79608" HPOS="1286" VPOS="1654" WIDTH="70" HEIGHT="28" CONTENT="are" />
            <SP ID="SP_71751" HPOS="1356" VPOS="1640" WIDTH="31" HEIGHT="0" />
            <String ID="Word_79609" HPOS="1387" VPOS="1640" WIDTH="204" HEIGHT="55" CONTENT="thinking" />
            <SP ID="SP_71752" HPOS="1591" VPOS="1640" WIDTH="31" HEIGHT="0" />
            <String ID="Word_79610" HPOS="1622" VPOS="1654" WIDTH="62" HEIGHT="28" CONTENT="we" />
            <SP ID="SP_71753" HPOS="1684" VPOS="1654" WIDTH="32" HEIGHT="0" />
            <String ID="Word_79611" HPOS="1716" VPOS="1654" WIDTH="69" HEIGHT="28" CONTENT="are" />
            <SP ID="SP_71754" HPOS="1785" VPOS="1645" WIDTH="33" HEIGHT="0" />
            <String ID="Word_79612" HPOS="1818" VPOS="1645" WIDTH="76" HEIGHT="49" CONTENT="apt" />
            <SP ID="SP_71755" HPOS="1894" VPOS="1644" WIDTH="31" HEIGHT="0" />
            <String ID="Word_79613" HPOS="1925" VPOS="1644" WIDTH="43" HEIGHT="38" CONTENT="to" />
          </TextLine>
          <TextLine ID="TextLine_7863" HPOS="354" VPOS="1710" WIDTH="1616" HEIGHT="56">
            <String ID="Word_79614" HPOS="354" VPOS="1710" WIDTH="134" HEIGHT="54" CONTENT="speak" />
            <SP ID="SP_71756" HPOS="488" VPOS="1710" WIDTH="22" HEIGHT="0" />
            <String ID="Word_79615" HPOS="510" VPOS="1710" WIDTH="248" HEIGHT="55" CONTENT="internally." />
            <SP ID="SP_71757" HPOS="758" VPOS="1710" WIDTH="62" HEIGHT="0" />
            <String ID="Word_79616" HPOS="820" VPOS="1710" WIDTH="182" HEIGHT="42" CONTENT="Though" />
            <SP ID="SP_71758" HPOS="1002" VPOS="1710" WIDTH="22" HEIGHT="0" />
            <String ID="Word_79617" HPOS="1024" VPOS="1715" WIDTH="77" HEIGHT="37" CONTENT="not" />
            <SP ID="SP_71759" HPOS="1101" VPOS="1711" WIDTH="22" HEIGHT="0" />
            <String ID="Word_79618" HPOS="1123" VPOS="1711" WIDTH="175" HEIGHT="41" CONTENT="moving" />
            <SP ID="SP_71760" HPOS="1298" VPOS="1710" WIDTH="31" HEIGHT="0" />
            <String ID="Word_79619" HPOS="1329" VPOS="1710" WIDTH="73" HEIGHT="42" CONTENT="the" />
            <SP ID="SP_71761" HPOS="1402" VPOS="1710" WIDTH="32" HEIGHT="0" />
            <String ID="Word_79620" HPOS="1434" VPOS="1710" WIDTH="82" HEIGHT="54" CONTENT="lips" />
            <SP ID="SP_71762" HPOS="1516" VPOS="1710" WIDTH="26" HEIGHT="0" />
            <String ID="Word_79621" HPOS="1542" VPOS="1724" WIDTH="47" HEIGHT="27" CONTENT="or" />
            <SP ID="SP_71763" HPOS="1589" VPOS="1710" WIDTH="30" HEIGHT="0" />
            <String ID="Word_79622" HPOS="1619" VPOS="1710" WIDTH="74" HEIGHT="41" CONTENT="the" />
            <SP ID="SP_71764" HPOS="1693" VPOS="1710" WIDTH="21" HEIGHT="0" />
            <String ID="Word_79623" HPOS="1714" VPOS="1715" WIDTH="171" HEIGHT="50" CONTENT="tongue," />
            <SP ID="SP_71765" HPOS="1885" VPOS="1715" WIDTH="22" HEIGHT="0" />
            <String ID="Word_79624" HPOS="1907" VPOS="1724" WIDTH="63" HEIGHT="28" CONTENT="we" />
          </TextLine>
          <TextLine ID="TextLine_7864" HPOS="354" VPOS="1780" WIDTH="1616" HEIGHT="49">
            <String ID="Word_79625" HPOS="354" VPOS="1780" WIDTH="111" HEIGHT="42" CONTENT="have" />
            <SP ID="SP_71766" HPOS="465" VPOS="1780" WIDTH="23" HEIGHT="0" />
            <String ID="Word_79626" HPOS="488" VPOS="1780" WIDTH="75" HEIGHT="42" CONTENT="the" />
            <SP ID="SP_71767" HPOS="563" VPOS="1780" WIDTH="22" HEIGHT="0" />
            <String ID="Word_79627" HPOS="585" VPOS="1786" WIDTH="113" HEIGHT="36" CONTENT="most" />
            <SP ID="SP_71768" HPOS="698" VPOS="1780" WIDTH="22" HEIGHT="0" />
            <String ID="Word_79628" HPOS="720" VPOS="1780" WIDTH="120" HEIGHT="42" CONTENT="vivid" />
            <SP ID="SP_71769" HPOS="840" VPOS="1780" WIDTH="22" HEIGHT="0" />
            <String ID="Word_79629" HPOS="862" VPOS="1780" WIDTH="323" HEIGHT="42" CONTENT="consciousness" />
            <SP ID="SP_71770" HPOS="1185" VPOS="1780" WIDTH="23" HEIGHT="0" />
            <String ID="Word_79630" HPOS="1208" VPOS="1781" WIDTH="43" HEIGHT="40" CONTENT="of" />
            <SP ID="SP_71771" HPOS="1251" VPOS="1780" WIDTH="27" HEIGHT="0" />
            <String ID="Word_79631" HPOS="1278" VPOS="1780" WIDTH="71" HEIGHT="42" CONTENT="the" />
            <SP ID="SP_71772" HPOS="1349" VPOS="1780" WIDTH="24" HEIGHT="0" />
            <String ID="Word_79632" HPOS="1373" VPOS="1781" WIDTH="134" HEIGHT="40" CONTENT="words" />
            <SP ID="SP_71773" HPOS="1507" VPOS="1780" WIDTH="23" HEIGHT="0" />
            <String ID="Word_79633" HPOS="1530" VPOS="1780" WIDTH="95" HEIGHT="41" CONTENT="that" />
            <SP ID="SP_71774" HPOS="1625" VPOS="1780" WIDTH="31" HEIGHT="0" />
            <String ID="Word_79634" HPOS="1656" VPOS="1794" WIDTH="77" HEIGHT="27" CONTENT="our" />
            <SP ID="SP_71775" HPOS="1733" VPOS="1780" WIDTH="31" HEIGHT="0" />
            <String ID="Word_79635" HPOS="1764" VPOS="1780" WIDTH="206" HEIGHT="49" CONTENT="thoughts" />
          </TextLine>
          <TextLine ID="TextLine_7865" HPOS="357" VPOS="1850" WIDTH="1612" HEIGHT="56">
            <String ID="Word_79636" HPOS="357" VPOS="1864" WIDTH="70" HEIGHT="29" CONTENT="are" />
            <SP ID="SP_71776" HPOS="427" VPOS="1851" WIDTH="23" HEIGHT="0" />
            <String ID="Word_79637" HPOS="450" VPOS="1851" WIDTH="152" HEIGHT="55" CONTENT="using;" />
            <SP ID="SP_71777" HPOS="602" VPOS="1850" WIDTH="21" HEIGHT="0" />
            <String ID="Word_79638" HPOS="623" VPOS="1850" WIDTH="86" HEIGHT="42" CONTENT="and" />
            <SP ID="SP_71778" HPOS="709" VPOS="1850" WIDTH="23" HEIGHT="0" />
            <String ID="Word_79639" HPOS="732" VPOS="1864" WIDTH="63" HEIGHT="28" CONTENT="we" />
            <SP ID="SP_71779" HPOS="795" VPOS="1864" WIDTH="23" HEIGHT="0" />
            <String ID="Word_79640" HPOS="818" VPOS="1864" WIDTH="108" HEIGHT="28" CONTENT="even" />
            <SP ID="SP_71780" HPOS="926" VPOS="1850" WIDTH="22" HEIGHT="0" />
            <String ID="Word_79641" HPOS="948" VPOS="1850" WIDTH="219" HEIGHT="42" CONTENT="recognise" />
            <SP ID="SP_71781" HPOS="1167" VPOS="1850" WIDTH="21" HEIGHT="0" />
            <String ID="Word_79642" HPOS="1188" VPOS="1850" WIDTH="43" HEIGHT="42" CONTENT="in" />
            <SP ID="SP_71782" HPOS="1231" VPOS="1850" WIDTH="20" HEIGHT="0" />
            <String ID="Word_79643" HPOS="1251" VPOS="1850" WIDTH="117" HEIGHT="42" CONTENT="them" />
            <SP ID="SP_71783" HPOS="1368" VPOS="1850" WIDTH="24" HEIGHT="0" />
            <String ID="Word_79644" HPOS="1392" VPOS="1850" WIDTH="72" HEIGHT="42" CONTENT="the" />
            <SP ID="SP_71784" HPOS="1464" VPOS="1850" WIDTH="23" HEIGHT="0" />
            <String ID="Word_79645" HPOS="1487" VPOS="1864" WIDTH="115" HEIGHT="28" CONTENT="same" />
            <SP ID="SP_71785" HPOS="1602" VPOS="1850" WIDTH="16" HEIGHT="0" />
            <String ID="Word_79646" HPOS="1618" VPOS="1850" WIDTH="165" HEIGHT="42" CONTENT="variety" />
            <SP ID="SP_71786" HPOS="1783" VPOS="1850" WIDTH="22" HEIGHT="0" />
            <String ID="Word_79647" HPOS="1805" VPOS="1851" WIDTH="45" HEIGHT="40" CONTENT="of" />
            <SP ID="SP_71787" HPOS="1850" VPOS="1851" WIDTH="20" HEIGHT="0" />
            <String ID="Word_79648" HPOS="1870" VPOS="1857" WIDTH="99" HEIGHT="35" CONTENT="tone" />
          </TextLine>
          <TextLine ID="TextLine_7866" HPOS="356" VPOS="1920" WIDTH="1613" HEIGHT="56">
            <String ID="Word_79649" HPOS="356" VPOS="1920" WIDTH="85" HEIGHT="42" CONTENT="and" />
            <SP ID="SP_71788" HPOS="441" VPOS="1920" WIDTH="24" HEIGHT="0" />
            <String ID="Word_79650" HPOS="465" VPOS="1921" WIDTH="218" HEIGHT="42" CONTENT="emphasis" />
            <SP ID="SP_71789" HPOS="683" VPOS="1920" WIDTH="23" HEIGHT="0" />
            <String ID="Word_79651" HPOS="706" VPOS="1920" WIDTH="95" HEIGHT="42" CONTENT="that" />
            <SP ID="SP_71790" HPOS="801" VPOS="1920" WIDTH="21" HEIGHT="0" />
            <String ID="Word_79652" HPOS="822" VPOS="1920" WIDTH="104" HEIGHT="42" CONTENT="they" />
            <SP ID="SP_71791" HPOS="926" VPOS="1920" WIDTH="24" HEIGHT="0" />
            <String ID="Word_79653" HPOS="950" VPOS="1920" WIDTH="142" HEIGHT="41" CONTENT="would" />
            <SP ID="SP_71792" HPOS="1092" VPOS="1920" WIDTH="21" HEIGHT="0" />
            <String ID="Word_79654" HPOS="1113" VPOS="1925" WIDTH="175" HEIGHT="50" CONTENT="present" />
            <SP ID="SP_71793" HPOS="1288" VPOS="1921" WIDTH="20" HEIGHT="0" />
            <String ID="Word_79655" HPOS="1308" VPOS="1921" WIDTH="34" HEIGHT="41" CONTENT="if" />
            <SP ID="SP_71794" HPOS="1342" VPOS="1921" WIDTH="31" HEIGHT="0" />
            <String ID="Word_79656" HPOS="1373" VPOS="1921" WIDTH="104" HEIGHT="41" CONTENT="they" />
            <SP ID="SP_71795" HPOS="1477" VPOS="1921" WIDTH="21" HEIGHT="0" />
            <String ID="Word_79657" HPOS="1498" VPOS="1934" WIDTH="109" HEIGHT="28" CONTENT="were" />
            <SP ID="SP_71796" HPOS="1607" VPOS="1920" WIDTH="32" HEIGHT="0" />
            <String ID="Word_79658" HPOS="1639" VPOS="1920" WIDTH="162" HEIGHT="42" CONTENT="spoken" />
            <SP ID="SP_71797" HPOS="1801" VPOS="1920" WIDTH="31" HEIGHT="0" />
            <String ID="Word_79659" HPOS="1832" VPOS="1920" WIDTH="137" HEIGHT="42" CONTENT="aloud." />
          </TextLine>
          <TextLine ID="TextLine_7867" HPOS="355" VPOS="1990" WIDTH="1615" HEIGHT="56">
            <String ID="Word_79660" HPOS="355" VPOS="1992" WIDTH="71" HEIGHT="42" CONTENT="No" />
            <SP ID="SP_71798" HPOS="426" VPOS="1992" WIDTH="36" HEIGHT="0" />
            <String ID="Word_79661" HPOS="462" VPOS="1992" WIDTH="148" HEIGHT="51" CONTENT="doubt," />
            <SP ID="SP_71799" HPOS="610" VPOS="1991" WIDTH="38" HEIGHT="0" />
            <String ID="Word_79662" HPOS="648" VPOS="1991" WIDTH="225" HEIGHT="43" CONTENT="therefore," />
            <SP ID="SP_71800" HPOS="873" VPOS="1991" WIDTH="36" HEIGHT="0" />
            <String ID="Word_79663" HPOS="909" VPOS="2005" WIDTH="66" HEIGHT="27" CONTENT="we" />
            <SP ID="SP_71801" HPOS="975" VPOS="2004" WIDTH="36" HEIGHT="0" />
            <String ID="Word_79664" HPOS="1011" VPOS="2004" WIDTH="71" HEIGHT="28" CONTENT="are" />
            <SP ID="SP_71802" HPOS="1082" VPOS="1991" WIDTH="37" HEIGHT="0" />
            <String ID="Word_79665" HPOS="1119" VPOS="1991" WIDTH="128" HEIGHT="41" CONTENT="using" />
            <SP ID="SP_71803" HPOS="1247" VPOS="1991" WIDTH="35" HEIGHT="0" />
            <String ID="Word_79666" HPOS="1282" VPOS="1991" WIDTH="46" HEIGHT="41" CONTENT="in" />
            <SP ID="SP_71804" HPOS="1328" VPOS="1991" WIDTH="36" HEIGHT="0" />
            <String ID="Word_79667" HPOS="1364" VPOS="1995" WIDTH="99" HEIGHT="51" CONTENT="part" />
            <SP ID="SP_71805" HPOS="1463" VPOS="1990" WIDTH="34" HEIGHT="0" />
            <String ID="Word_79668" HPOS="1497" VPOS="1990" WIDTH="74" HEIGHT="43" CONTENT="the" />
            <SP ID="SP_71806" HPOS="1571" VPOS="1990" WIDTH="40" HEIGHT="0" />
            <String ID="Word_79669" HPOS="1611" VPOS="2003" WIDTH="359" HEIGHT="43" CONTENT="psycho-sensory" />
          </TextLine>
          <TextLine ID="TextLine_7868" HPOS="354" VPOS="2060" WIDTH="1617" HEIGHT="57">
            <String ID="Word_79670" HPOS="354" VPOS="2062" WIDTH="323" HEIGHT="42" CONTENT="sound-images" />
            <SP ID="SP_71807" HPOS="677" VPOS="2062" WIDTH="22" HEIGHT="0" />
            <String ID="Word_79671" HPOS="699" VPOS="2062" WIDTH="46" HEIGHT="41" CONTENT="of" />
            <SP ID="SP_71808" HPOS="745" VPOS="2061" WIDTH="19" HEIGHT="0" />
            <String ID="Word_79672" HPOS="764" VPOS="2061" WIDTH="73" HEIGHT="42" CONTENT="the" />
            <SP ID="SP_71809" HPOS="837" VPOS="2061" WIDTH="21" HEIGHT="0" />
            <String ID="Word_79673" HPOS="858" VPOS="2061" WIDTH="163" HEIGHT="42" CONTENT="words;" />
            <SP ID="SP_71810" HPOS="1021" VPOS="2061" WIDTH="31" HEIGHT="0" />
            <String ID="Word_79674" HPOS="1052" VPOS="2061" WIDTH="78" HEIGHT="41" CONTENT="but" />
            <SP ID="SP_71811" HPOS="1130" VPOS="2061" WIDTH="21" HEIGHT="0" />
            <String ID="Word_79675" HPOS="1151" VPOS="2061" WIDTH="36" HEIGHT="41" CONTENT="it" />
            <SP ID="SP_71812" HPOS="1187" VPOS="2061" WIDTH="20" HEIGHT="0" />
            <String ID="Word_79676" HPOS="1207" VPOS="2061" WIDTH="37" HEIGHT="42" CONTENT="is" />
            <SP ID="SP_71813" HPOS="1244" VPOS="2060" WIDTH="31" HEIGHT="0" />
            <String ID="Word_79677" HPOS="1275" VPOS="2060" WIDTH="174" HEIGHT="56" CONTENT="equally" />
            <SP ID="SP_71814" HPOS="1449" VPOS="2060" WIDTH="32" HEIGHT="0" />
            <String ID="Word_79678" HPOS="1481" VPOS="2061" WIDTH="161" HEIGHT="41" CONTENT="certain" />
            <SP ID="SP_71815" HPOS="1642" VPOS="2060" WIDTH="31" HEIGHT="0" />
            <String ID="Word_79679" HPOS="1673" VPOS="2060" WIDTH="96" HEIGHT="42" CONTENT="that" />
            <SP ID="SP_71816" HPOS="1769" VPOS="2060" WIDTH="32" HEIGHT="0" />
            <String ID="Word_79680" HPOS="1801" VPOS="2074" WIDTH="60" HEIGHT="28" CONTENT="we" />
            <SP ID="SP_71817" HPOS="1861" VPOS="2074" WIDTH="35" HEIGHT="0" />
            <String ID="Word_79681" HPOS="1896" VPOS="2074" WIDTH="75" HEIGHT="28" CONTENT="use" />
          </TextLine>
          <TextLine ID="TextLine_7869" HPOS="356" VPOS="2130" WIDTH="1616" HEIGHT="57">
            <String ID="Word_79682" HPOS="356" VPOS="2133" WIDTH="90" HEIGHT="42" CONTENT="also" />
            <SP ID="SP_71818" HPOS="446" VPOS="2133" WIDTH="21" HEIGHT="0" />
            <String ID="Word_79683" HPOS="467" VPOS="2137" WIDTH="46" HEIGHT="38" CONTENT="at" />
            <SP ID="SP_71819" HPOS="513" VPOS="2133" WIDTH="21" HEIGHT="0" />
            <String ID="Word_79684" HPOS="534" VPOS="2133" WIDTH="75" HEIGHT="42" CONTENT="the" />
            <SP ID="SP_71820" HPOS="609" VPOS="2133" WIDTH="22" HEIGHT="0" />
            <String ID="Word_79685" HPOS="631" VPOS="2146" WIDTH="117" HEIGHT="29" CONTENT="same" />
            <SP ID="SP_71821" HPOS="748" VPOS="2132" WIDTH="30" HEIGHT="0" />
            <String ID="Word_79686" HPOS="778" VPOS="2132" WIDTH="107" HEIGHT="42" CONTENT="time" />
            <SP ID="SP_71822" HPOS="885" VPOS="2131" WIDTH="34" HEIGHT="0" />
            <String ID="Word_79687" HPOS="919" VPOS="2131" WIDTH="73" HEIGHT="43" CONTENT="the" />
            <SP ID="SP_71823" HPOS="992" VPOS="2131" WIDTH="32" HEIGHT="0" />
            <String ID="Word_79688" HPOS="1024" VPOS="2131" WIDTH="322" HEIGHT="55" CONTENT="psycho-motor" />
            <SP ID="SP_71824" HPOS="1346" VPOS="2131" WIDTH="29" HEIGHT="0" />
            <String ID="Word_79689" HPOS="1375" VPOS="2132" WIDTH="170" HEIGHT="41" CONTENT="images." />
            <SP ID="SP_71825" HPOS="1545" VPOS="2131" WIDTH="62" HEIGHT="0" />
            <String ID="Word_79690" HPOS="1607" VPOS="2131" WIDTH="45" HEIGHT="41" CONTENT="It" />
            <SP ID="SP_71826" HPOS="1652" VPOS="2131" WIDTH="30" HEIGHT="0" />
            <String ID="Word_79691" HPOS="1682" VPOS="2131" WIDTH="38" HEIGHT="41" CONTENT="is" />
            <SP ID="SP_71827" HPOS="1720" VPOS="2130" WIDTH="35" HEIGHT="0" />
            <String ID="Word_79692" HPOS="1755" VPOS="2130" WIDTH="91" HEIGHT="42" CONTENT="said" />
            <SP ID="SP_71828" HPOS="1846" VPOS="2130" WIDTH="31" HEIGHT="0" />
            <String ID="Word_79693" HPOS="1877" VPOS="2136" WIDTH="95" HEIGHT="36" CONTENT="that" />
          </TextLine>
          <TextLine ID="TextLine_7870" HPOS="355" VPOS="2201" WIDTH="1618" HEIGHT="58">
            <String ID="Word_79694" HPOS="355" VPOS="2204" WIDTH="153" HEIGHT="55" CONTENT="people" />
            <SP ID="SP_71829" HPOS="508" VPOS="2204" WIDTH="21" HEIGHT="0" />
            <String ID="Word_79695" HPOS="529" VPOS="2217" WIDTH="114" HEIGHT="41" CONTENT="may," />
            <SP ID="SP_71830" HPOS="643" VPOS="2216" WIDTH="17" HEIGHT="0" />
            <String ID="Word_79696" HPOS="660" VPOS="2217" WIDTH="55" HEIGHT="27" CONTENT="on" />
            <SP ID="SP_71831" HPOS="715" VPOS="2202" WIDTH="21" HEIGHT="0" />
            <String ID="Word_79697" HPOS="736" VPOS="2202" WIDTH="75" HEIGHT="42" CONTENT="the" />
            <SP ID="SP_71832" HPOS="811" VPOS="2201" WIDTH="16" HEIGHT="0" />
            <String ID="Word_79698" HPOS="827" VPOS="2201" WIDTH="151" HEIGHT="42" CONTENT="whole," />
            <SP ID="SP_71833" HPOS="978" VPOS="2201" WIDTH="16" HEIGHT="0" />
            <String ID="Word_79699" HPOS="994" VPOS="2202" WIDTH="53" HEIGHT="41" CONTENT="be" />
            <SP ID="SP_71834" HPOS="1047" VPOS="2201" WIDTH="23" HEIGHT="0" />
            <String ID="Word_79700" HPOS="1070" VPOS="2201" WIDTH="173" HEIGHT="42" CONTENT="divided" />
            <SP ID="SP_71835" HPOS="1243" VPOS="2201" WIDTH="17" HEIGHT="0" />
            <String ID="Word_79701" HPOS="1260" VPOS="2202" WIDTH="92" HEIGHT="41" CONTENT="into" />
            <SP ID="SP_71836" HPOS="1352" VPOS="2202" WIDTH="22" HEIGHT="0" />
            <String ID="Word_79702" HPOS="1374" VPOS="2206" WIDTH="84" HEIGHT="37" CONTENT="two" />
            <SP ID="SP_71837" HPOS="1458" VPOS="2201" WIDTH="18" HEIGHT="0" />
            <String ID="Word_79703" HPOS="1476" VPOS="2201" WIDTH="176" HEIGHT="42" CONTENT="classes:" />
            <SP ID="SP_71838" HPOS="1652" VPOS="2201" WIDTH="28" HEIGHT="0" />
            <String ID="Word_79704" HPOS="1680" VPOS="2201" WIDTH="74" HEIGHT="42" CONTENT="the" />
            <SP ID="SP_71839" HPOS="1754" VPOS="2201" WIDTH="20" HEIGHT="0" />
            <String ID="Word_79705" HPOS="1774" VPOS="2201" WIDTH="199" HEIGHT="55" CONTENT="auditory" />
          </TextLine>
          <TextLine ID="TextLine_7871" HPOS="357" VPOS="2270" WIDTH="1614" HEIGHT="57">
            <String ID="Word_79706" HPOS="357" VPOS="2274" WIDTH="123" HEIGHT="41" CONTENT="class," />
            <SP ID="SP_71840" HPOS="480" VPOS="2273" WIDTH="22" HEIGHT="0" />
            <String ID="Word_79707" HPOS="502" VPOS="2273" WIDTH="96" HEIGHT="42" CONTENT="who" />
            <SP ID="SP_71841" HPOS="598" VPOS="2273" WIDTH="32" HEIGHT="0" />
            <String ID="Word_79708" HPOS="630" VPOS="2273" WIDTH="47" HEIGHT="41" CONTENT="in" />
            <SP ID="SP_71842" HPOS="677" VPOS="2271" WIDTH="23" HEIGHT="0" />
            <String ID="Word_79709" HPOS="700" VPOS="2271" WIDTH="188" HEIGHT="56" CONTENT="thought" />
            <SP ID="SP_71843" HPOS="888" VPOS="2270" WIDTH="31" HEIGHT="0" />
            <String ID="Word_79710" HPOS="919" VPOS="2270" WIDTH="174" HEIGHT="55" CONTENT="employ" />
            <SP ID="SP_71844" HPOS="1093" VPOS="2270" WIDTH="23" HEIGHT="0" />
            <String ID="Word_79711" HPOS="1116" VPOS="2270" WIDTH="154" HEIGHT="42" CONTENT="chiefly" />
            <SP ID="SP_71845" HPOS="1270" VPOS="2270" WIDTH="22" HEIGHT="0" />
            <String ID="Word_79712" HPOS="1292" VPOS="2271" WIDTH="73" HEIGHT="41" CONTENT="the" />
            <SP ID="SP_71846" HPOS="1365" VPOS="2271" WIDTH="32" HEIGHT="0" />
            <String ID="Word_79713" HPOS="1397" VPOS="2271" WIDTH="365" HEIGHT="54" CONTENT="sound-pictures;" />
            <SP ID="SP_71847" HPOS="1762" VPOS="2270" WIDTH="31" HEIGHT="0" />
            <String ID="Word_79714" HPOS="1793" VPOS="2270" WIDTH="84" HEIGHT="41" CONTENT="and" />
            <SP ID="SP_71848" HPOS="1877" VPOS="2270" WIDTH="22" HEIGHT="0" />
            <String ID="Word_79715" HPOS="1899" VPOS="2270" WIDTH="72" HEIGHT="42" CONTENT="the" />
          </TextLine>
          <TextLine ID="TextLine_7872" HPOS="357" VPOS="2340" WIDTH="1615" HEIGHT="57">
            <String ID="Word_79716" HPOS="357" VPOS="2358" WIDTH="141" HEIGHT="28" CONTENT="motor" />
            <SP ID="SP_71849" HPOS="498" VPOS="2344" WIDTH="22" HEIGHT="0" />
            <String ID="Word_79717" HPOS="520" VPOS="2357" WIDTH="122" HEIGHT="29" CONTENT="class," />
            <SP ID="SP_71850" HPOS="642" VPOS="2342" WIDTH="22" HEIGHT="0" />
            <String ID="Word_79718" HPOS="664" VPOS="2356" WIDTH="95" HEIGHT="28" CONTENT="who" />
            <SP ID="SP_71851" HPOS="759" VPOS="2341" WIDTH="29" HEIGHT="0" />
            <String ID="Word_79719" HPOS="788" VPOS="2341" WIDTH="173" HEIGHT="56" CONTENT="employ" />
            <SP ID="SP_71852" HPOS="961" VPOS="2341" WIDTH="22" HEIGHT="0" />
            <String ID="Word_79720" HPOS="983" VPOS="2341" WIDTH="155" HEIGHT="42" CONTENT="chiefly" />
            <SP ID="SP_71853" HPOS="1138" VPOS="2341" WIDTH="26" HEIGHT="0" />
            <String ID="Word_79721" HPOS="1164" VPOS="2341" WIDTH="72" HEIGHT="42" CONTENT="the" />
            <SP ID="SP_71854" HPOS="1236" VPOS="2341" WIDTH="31" HEIGHT="0" />
            <String ID="Word_79722" HPOS="1267" VPOS="2341" WIDTH="323" HEIGHT="55" CONTENT="psycho-motor" />
            <SP ID="SP_71855" HPOS="1590" VPOS="2341" WIDTH="35" HEIGHT="0" />
            <String ID="Word_79723" HPOS="1625" VPOS="2346" WIDTH="197" HEIGHT="49" CONTENT="pictures." />
            <SP ID="SP_71856" HPOS="1822" VPOS="2340" WIDTH="62" HEIGHT="0" />
            <String ID="Word_79724" HPOS="1884" VPOS="2340" WIDTH="88" HEIGHT="41" CONTENT="The" />
          </TextLine>
          <TextLine ID="TextLine_7873" HPOS="357" VPOS="2409" WIDTH="1616" HEIGHT="58">
            <String ID="Word_79725" HPOS="357" VPOS="2414" WIDTH="150" HEIGHT="42" CONTENT="reader" />
            <SP ID="SP_71857" HPOS="507" VPOS="2414" WIDTH="22" HEIGHT="0" />
            <String ID="Word_79726" HPOS="529" VPOS="2427" WIDTH="78" HEIGHT="28" CONTENT="can" />
            <SP ID="SP_71858" HPOS="607" VPOS="2412" WIDTH="19" HEIGHT="0" />
            <String ID="Word_79727" HPOS="626" VPOS="2412" WIDTH="132" HEIGHT="55" CONTENT="judge" />
            <SP ID="SP_71859" HPOS="758" VPOS="2411" WIDTH="22" HEIGHT="0" />
            <String ID="Word_79728" HPOS="780" VPOS="2411" WIDTH="65" HEIGHT="41" CONTENT="for" />
            <SP ID="SP_71860" HPOS="845" VPOS="2410" WIDTH="30" HEIGHT="0" />
            <String ID="Word_79729" HPOS="875" VPOS="2410" WIDTH="177" HEIGHT="42" CONTENT="himself" />
            <SP ID="SP_71861" HPOS="1052" VPOS="2410" WIDTH="32" HEIGHT="0" />
            <String ID="Word_79730" HPOS="1084" VPOS="2410" WIDTH="202" HEIGHT="42" CONTENT="whether," />
            <SP ID="SP_71862" HPOS="1286" VPOS="2410" WIDTH="22" HEIGHT="0" />
            <String ID="Word_79731" HPOS="1308" VPOS="2411" WIDTH="46" HEIGHT="40" CONTENT="in" />
            <SP ID="SP_71863" HPOS="1354" VPOS="2411" WIDTH="32" HEIGHT="0" />
            <String ID="Word_79732" HPOS="1386" VPOS="2411" WIDTH="249" HEIGHT="54" CONTENT="expressing" />
            <SP ID="SP_71864" HPOS="1635" VPOS="2410" WIDTH="30" HEIGHT="0" />
            <String ID="Word_79733" HPOS="1665" VPOS="2410" WIDTH="66" HEIGHT="41" CONTENT="his" />
            <SP ID="SP_71865" HPOS="1731" VPOS="2409" WIDTH="38" HEIGHT="0" />
            <String ID="Word_79734" HPOS="1769" VPOS="2409" WIDTH="204" HEIGHT="54" CONTENT="thoughts" />
          </TextLine>
          <TextLine ID="TextLine_7874" HPOS="358" VPOS="2477" WIDTH="1616" HEIGHT="59">
            <String ID="Word_79735" HPOS="358" VPOS="2482" WIDTH="249" HEIGHT="54" CONTENT="internally," />
            <SP ID="SP_71866" HPOS="607" VPOS="2481" WIDTH="20" HEIGHT="0" />
            <String ID="Word_79736" HPOS="627" VPOS="2481" WIDTH="55" HEIGHT="42" CONTENT="he" />
            <SP ID="SP_71867" HPOS="682" VPOS="2480" WIDTH="24" HEIGHT="0" />
            <String ID="Word_79737" HPOS="706" VPOS="2493" WIDTH="194" HEIGHT="41" CONTENT="employs" />
            <SP ID="SP_71868" HPOS="900" VPOS="2479" WIDTH="34" HEIGHT="0" />
            <String ID="Word_79738" HPOS="934" VPOS="2479" WIDTH="72" HEIGHT="42" CONTENT="the" />
            <SP ID="SP_71869" HPOS="1006" VPOS="2479" WIDTH="32" HEIGHT="0" />
            <String ID="Word_79739" HPOS="1038" VPOS="2479" WIDTH="199" HEIGHT="42" CONTENT="auditory" />
            <SP ID="SP_71870" HPOS="1237" VPOS="2479" WIDTH="31" HEIGHT="0" />
            <String ID="Word_79740" HPOS="1268" VPOS="2493" WIDTH="46" HEIGHT="27" CONTENT="or" />
            <SP ID="SP_71871" HPOS="1314" VPOS="2479" WIDTH="31" HEIGHT="0" />
            <String ID="Word_79741" HPOS="1345" VPOS="2479" WIDTH="74" HEIGHT="42" CONTENT="the" />
            <SP ID="SP_71872" HPOS="1419" VPOS="2479" WIDTH="31" HEIGHT="0" />
            <String ID="Word_79742" HPOS="1450" VPOS="2492" WIDTH="136" HEIGHT="28" CONTENT="motor" />
            <SP ID="SP_71873" HPOS="1586" VPOS="2479" WIDTH="30" HEIGHT="0" />
            <String ID="Word_79743" HPOS="1616" VPOS="2479" WIDTH="150" HEIGHT="54" CONTENT="image," />
            <SP ID="SP_71874" HPOS="1766" VPOS="2479" WIDTH="27" HEIGHT="0" />
            <String ID="Word_79744" HPOS="1793" VPOS="2491" WIDTH="46" HEIGHT="28" CONTENT="or" />
            <SP ID="SP_71875" HPOS="1839" VPOS="2477" WIDTH="29" HEIGHT="0" />
            <String ID="Word_79745" HPOS="1868" VPOS="2477" WIDTH="106" HEIGHT="43" CONTENT="both" />
          </TextLine>
          <TextLine ID="TextLine_7875" HPOS="359" VPOS="2547" WIDTH="1614" HEIGHT="57">
            <String ID="Word_79746" HPOS="359" VPOS="2552" WIDTH="240" HEIGHT="44" CONTENT="combined." />
            <SP ID="SP_71876" HPOS="599" VPOS="2551" WIDTH="63" HEIGHT="0" />
            <String ID="Word_79747" HPOS="662" VPOS="2551" WIDTH="43" HEIGHT="42" CONTENT="If" />
            <SP ID="SP_71877" HPOS="705" VPOS="2551" WIDTH="21" HEIGHT="0" />
            <String ID="Word_79748" HPOS="726" VPOS="2551" WIDTH="54" HEIGHT="41" CONTENT="he" />
            <SP ID="SP_71878" HPOS="780" VPOS="2550" WIDTH="21" HEIGHT="0" />
            <String ID="Word_79749" HPOS="801" VPOS="2550" WIDTH="38" HEIGHT="42" CONTENT="is" />
            <SP ID="SP_71879" HPOS="839" VPOS="2549" WIDTH="22" HEIGHT="0" />
            <String ID="Word_79750" HPOS="861" VPOS="2549" WIDTH="207" HEIGHT="55" CONTENT="specially" />
            <SP ID="SP_71880" HPOS="1068" VPOS="2549" WIDTH="17" HEIGHT="0" />
            <String ID="Word_79751" HPOS="1085" VPOS="2553" WIDTH="137" HEIGHT="37" CONTENT="motor" />
            <SP ID="SP_71881" HPOS="1222" VPOS="2549" WIDTH="15" HEIGHT="0" />
            <String ID="Word_79752" HPOS="1237" VPOS="2549" WIDTH="54" HEIGHT="41" CONTENT="he" />
            <SP ID="SP_71882" HPOS="1291" VPOS="2548" WIDTH="20" HEIGHT="0" />
            <String ID="Word_79753" HPOS="1311" VPOS="2548" WIDTH="87" HEIGHT="41" CONTENT="will" />
            <SP ID="SP_71883" HPOS="1398" VPOS="2548" WIDTH="22" HEIGHT="0" />
            <String ID="Word_79754" HPOS="1420" VPOS="2548" WIDTH="109" HEIGHT="42" CONTENT="have" />
            <SP ID="SP_71884" HPOS="1529" VPOS="2548" WIDTH="17" HEIGHT="0" />
            <String ID="Word_79755" HPOS="1546" VPOS="2562" WIDTH="23" HEIGHT="28" CONTENT="a" />
            <SP ID="SP_71885" HPOS="1569" VPOS="2552" WIDTH="22" HEIGHT="0" />
            <String ID="Word_79756" HPOS="1591" VPOS="2552" WIDTH="147" HEIGHT="51" CONTENT="strong" />
            <SP ID="SP_71886" HPOS="1738" VPOS="2547" WIDTH="21" HEIGHT="0" />
            <String ID="Word_79757" HPOS="1759" VPOS="2547" WIDTH="214" HEIGHT="55" CONTENT="tendency" />
          </TextLine>
          <TextLine ID="TextLine_7876" HPOS="358" VPOS="2618" WIDTH="1617" HEIGHT="57">
            <String ID="Word_79758" HPOS="358" VPOS="2629" WIDTH="45" HEIGHT="37" CONTENT="to" />
            <SP ID="SP_71887" HPOS="403" VPOS="2621" WIDTH="32" HEIGHT="0" />
            <String ID="Word_79759" HPOS="435" VPOS="2621" WIDTH="249" HEIGHT="45" CONTENT="exteriorize" />
            <SP ID="SP_71888" HPOS="684" VPOS="2620" WIDTH="32" HEIGHT="0" />
            <String ID="Word_79760" HPOS="716" VPOS="2620" WIDTH="74" HEIGHT="42" CONTENT="the" />
            <SP ID="SP_71889" HPOS="790" VPOS="2619" WIDTH="32" HEIGHT="0" />
            <String ID="Word_79761" HPOS="822" VPOS="2619" WIDTH="309" HEIGHT="56" CONTENT="word-images," />
            <SP ID="SP_71890" HPOS="1131" VPOS="2619" WIDTH="26" HEIGHT="0" />
            <String ID="Word_79762" HPOS="1157" VPOS="2632" WIDTH="47" HEIGHT="29" CONTENT="so" />
            <SP ID="SP_71891" HPOS="1204" VPOS="2632" WIDTH="31" HEIGHT="0" />
            <String ID="Word_79763" HPOS="1235" VPOS="2632" WIDTH="59" HEIGHT="38" CONTENT="as," />
            <SP ID="SP_71892" HPOS="1294" VPOS="2618" WIDTH="24" HEIGHT="0" />
            <String ID="Word_79764" HPOS="1318" VPOS="2618" WIDTH="46" HEIGHT="42" CONTENT="in" />
            <SP ID="SP_71893" HPOS="1364" VPOS="2618" WIDTH="33" HEIGHT="0" />
            <String ID="Word_79765" HPOS="1397" VPOS="2618" WIDTH="214" HEIGHT="55" CONTENT="thinking," />
            <SP ID="SP_71894" HPOS="1611" VPOS="2618" WIDTH="27" HEIGHT="0" />
            <String ID="Word_79766" HPOS="1638" VPOS="2622" WIDTH="43" HEIGHT="37" CONTENT="to" />
            <SP ID="SP_71895" HPOS="1681" VPOS="2618" WIDTH="33" HEIGHT="0" />
            <String ID="Word_79767" HPOS="1714" VPOS="2618" WIDTH="183" HEIGHT="55" CONTENT="whisper" />
            <SP ID="SP_71896" HPOS="1897" VPOS="2618" WIDTH="31" HEIGHT="0" />
            <String ID="Word_79768" HPOS="1928" VPOS="2632" WIDTH="47" HEIGHT="27" CONTENT="or" />
          </TextLine>
          <TextLine ID="TextLine_7877" HPOS="359" VPOS="2689" WIDTH="714" HEIGHT="49">
            <String ID="Word_79769" HPOS="359" VPOS="2709" WIDTH="107" HEIGHT="29" CONTENT="even" />
            <SP ID="SP_71897" HPOS="466" VPOS="2698" WIDTH="23" HEIGHT="0" />
            <String ID="Word_79770" HPOS="489" VPOS="2698" WIDTH="44" HEIGHT="37" CONTENT="to" />
            <SP ID="SP_71898" HPOS="533" VPOS="2692" WIDTH="22" HEIGHT="0" />
            <String ID="Word_79771" HPOS="555" VPOS="2692" WIDTH="94" HEIGHT="42" CONTENT="talk" />
            <SP ID="SP_71899" HPOS="649" VPOS="2690" WIDTH="22" HEIGHT="0" />
            <String ID="Word_79772" HPOS="671" VPOS="2690" WIDTH="129" HEIGHT="43" CONTENT="aloud" />
            <SP ID="SP_71900" HPOS="800" VPOS="2690" WIDTH="24" HEIGHT="0" />
            <String ID="Word_79773" HPOS="824" VPOS="2694" WIDTH="44" HEIGHT="38" CONTENT="to" />
            <SP ID="SP_71901" HPOS="868" VPOS="2689" WIDTH="21" HEIGHT="0" />
            <String ID="Word_79774" HPOS="889" VPOS="2689" WIDTH="184" HEIGHT="43" CONTENT="himself." />
          </TextLine>
          <TextLine ID="TextLine_7878" HPOS="419" VPOS="2757" WIDTH="1553" HEIGHT="58">
            <String ID="Word_79775" HPOS="419" VPOS="2765" WIDTH="95" HEIGHT="42" CONTENT="One" />
            <SP ID="SP_71902" HPOS="514" VPOS="2763" WIDTH="21" HEIGHT="0" />
            <String ID="Word_79776" HPOS="535" VPOS="2763" WIDTH="45" HEIGHT="42" CONTENT="of" />
            <SP ID="SP_71903" HPOS="580" VPOS="2762" WIDTH="20" HEIGHT="0" />
            <String ID="Word_79777" HPOS="600" VPOS="2762" WIDTH="74" HEIGHT="42" CONTENT="the" />
            <SP ID="SP_71904" HPOS="674" VPOS="2762" WIDTH="23" HEIGHT="0" />
            <String ID="Word_79778" HPOS="697" VPOS="2764" WIDTH="113" HEIGHT="38" CONTENT="most" />
            <SP ID="SP_71905" HPOS="810" VPOS="2759" WIDTH="20" HEIGHT="0" />
            <String ID="Word_79779" HPOS="830" VPOS="2759" WIDTH="200" HEIGHT="43" CONTENT="valuable" />
            <SP ID="SP_71906" HPOS="1030" VPOS="2759" WIDTH="22" HEIGHT="0" />
            <String ID="Word_79780" HPOS="1052" VPOS="2764" WIDTH="118" HEIGHT="51" CONTENT="parts" />
            <SP ID="SP_71907" HPOS="1170" VPOS="2759" WIDTH="23" HEIGHT="0" />
            <String ID="Word_79781" HPOS="1193" VPOS="2759" WIDTH="46" HEIGHT="42" CONTENT="of" />
            <SP ID="SP_71908" HPOS="1239" VPOS="2758" WIDTH="28" HEIGHT="0" />
            <String ID="Word_79782" HPOS="1267" VPOS="2758" WIDTH="180" HEIGHT="56" CONTENT="Seglas's" />
            <SP ID="SP_71909" HPOS="1447" VPOS="2758" WIDTH="32" HEIGHT="0" />
            <String ID="Word_79783" HPOS="1479" VPOS="2759" WIDTH="117" HEIGHT="42" CONTENT="work" />
            <SP ID="SP_71910" HPOS="1596" VPOS="2759" WIDTH="32" HEIGHT="0" />
            <String ID="Word_79784" HPOS="1628" VPOS="2759" WIDTH="116" HEIGHT="42" CONTENT="deals" />
            <SP ID="SP_71911" HPOS="1744" VPOS="2757" WIDTH="24" HEIGHT="0" />
            <String ID="Word_79785" HPOS="1768" VPOS="2757" WIDTH="103" HEIGHT="44" CONTENT="with" />
            <SP ID="SP_71912" HPOS="1871" VPOS="2757" WIDTH="28" HEIGHT="0" />
            <String ID="Word_79786" HPOS="1899" VPOS="2758" WIDTH="73" HEIGHT="42" CONTENT="the" />
          </TextLine>
          <TextLine ID="TextLine_7879" HPOS="357" VPOS="2828" WIDTH="1617" HEIGHT="50">
            <String ID="Word_79787" HPOS="357" VPOS="2833" WIDTH="339" HEIGHT="45" CONTENT="hallucinations" />
            <SP ID="SP_71913" HPOS="696" VPOS="2831" WIDTH="36" HEIGHT="0" />
            <String ID="Word_79788" HPOS="732" VPOS="2831" WIDTH="141" HEIGHT="42" CONTENT="which" />
            <SP ID="SP_71914" HPOS="873" VPOS="2831" WIDTH="32" HEIGHT="0" />
            <String ID="Word_79789" HPOS="905" VPOS="2844" WIDTH="70" HEIGHT="28" CONTENT="are" />
            <SP ID="SP_71915" HPOS="975" VPOS="2830" WIDTH="38" HEIGHT="0" />
            <String ID="Word_79790" HPOS="1013" VPOS="2830" WIDTH="83" HEIGHT="42" CONTENT="due" />
            <SP ID="SP_71916" HPOS="1096" VPOS="2830" WIDTH="31" HEIGHT="0" />
            <String ID="Word_79791" HPOS="1127" VPOS="2835" WIDTH="44" HEIGHT="36" CONTENT="to" />
            <SP ID="SP_71917" HPOS="1171" VPOS="2831" WIDTH="32" HEIGHT="0" />
            <String ID="Word_79792" HPOS="1203" VPOS="2831" WIDTH="73" HEIGHT="41" CONTENT="the" />
            <SP ID="SP_71918" HPOS="1276" VPOS="2830" WIDTH="33" HEIGHT="0" />
            <String ID="Word_79793" HPOS="1309" VPOS="2830" WIDTH="219" HEIGHT="42" CONTENT="abnormal" />
            <SP ID="SP_71919" HPOS="1528" VPOS="2830" WIDTH="32" HEIGHT="0" />
            <String ID="Word_79794" HPOS="1560" VPOS="2830" WIDTH="219" HEIGHT="41" CONTENT="vividness" />
            <SP ID="SP_71920" HPOS="1779" VPOS="2829" WIDTH="37" HEIGHT="0" />
            <String ID="Word_79795" HPOS="1816" VPOS="2829" WIDTH="44" HEIGHT="41" CONTENT="of" />
            <SP ID="SP_71921" HPOS="1860" VPOS="2828" WIDTH="40" HEIGHT="0" />
            <String ID="Word_79796" HPOS="1900" VPOS="2828" WIDTH="74" HEIGHT="42" CONTENT="the" />
          </TextLine>
          <TextLine ID="TextLine_7880" HPOS="358" VPOS="2895" WIDTH="1614" HEIGHT="64">
            <String ID="Word_79797" HPOS="358" VPOS="2915" WIDTH="326" HEIGHT="44" CONTENT="psycho-motor" />
            <SP ID="SP_71922" HPOS="684" VPOS="2897" WIDTH="35" HEIGHT="0" />
            <String ID="Word_79798" HPOS="719" VPOS="2897" WIDTH="310" HEIGHT="43" CONTENT="word-images." />
            <SP ID="SP_71923" HPOS="1029" VPOS="2897" WIDTH="62" HEIGHT="0" />
            <String ID="Word_79799" HPOS="1091" VPOS="2897" WIDTH="45" HEIGHT="41" CONTENT="It" />
            <SP ID="SP_71924" HPOS="1136" VPOS="2897" WIDTH="37" HEIGHT="0" />
            <String ID="Word_79800" HPOS="1173" VPOS="2897" WIDTH="36" HEIGHT="41" CONTENT="is" />
            <SP ID="SP_71925" HPOS="1209" VPOS="2897" WIDTH="38" HEIGHT="0" />
            <String ID="Word_79801" HPOS="1247" VPOS="2910" WIDTH="24" HEIGHT="28" CONTENT="a" />
            <SP ID="SP_71926" HPOS="1271" VPOS="2896" WIDTH="35" HEIGHT="0" />
            <String ID="Word_79802" HPOS="1306" VPOS="2896" WIDTH="168" HEIGHT="42" CONTENT="subject" />
            <SP ID="SP_71927" HPOS="1474" VPOS="2896" WIDTH="37" HEIGHT="0" />
            <String ID="Word_79803" HPOS="1511" VPOS="2896" WIDTH="95" HEIGHT="42" CONTENT="that" />
            <SP ID="SP_71928" HPOS="1606" VPOS="2896" WIDTH="35" HEIGHT="0" />
            <String ID="Word_79804" HPOS="1641" VPOS="2896" WIDTH="53" HEIGHT="41" CONTENT="he" />
            <SP ID="SP_71929" HPOS="1694" VPOS="2896" WIDTH="43" HEIGHT="0" />
            <String ID="Word_79805" HPOS="1737" VPOS="2896" WIDTH="87" HEIGHT="49" CONTENT="has," />
            <SP ID="SP_71930" HPOS="1824" VPOS="2895" WIDTH="32" HEIGHT="0" />
            <String ID="Word_79806" HPOS="1856" VPOS="2908" WIDTH="116" HEIGHT="28" CONTENT="since" />
          </TextLine>
          <TextLine ID="TextLine_7881" HPOS="361" VPOS="2964" WIDTH="1611" HEIGHT="60">
            <String ID="Word_79807" HPOS="361" VPOS="2973" WIDTH="126" HEIGHT="43" CONTENT="1888," />
            <SP ID="SP_71931" HPOS="487" VPOS="2968" WIDTH="23" HEIGHT="0" />
            <String ID="Word_79808" HPOS="510" VPOS="2968" WIDTH="184" HEIGHT="45" CONTENT="devoted" />
            <SP ID="SP_71932" HPOS="694" VPOS="2967" WIDTH="22" HEIGHT="0" />
            <String ID="Word_79809" HPOS="716" VPOS="2967" WIDTH="160" HEIGHT="43" CONTENT="special" />
            <SP ID="SP_71933" HPOS="876" VPOS="2967" WIDTH="22" HEIGHT="0" />
            <String ID="Word_79810" HPOS="898" VPOS="2967" WIDTH="214" HEIGHT="42" CONTENT="attention" />
            <SP ID="SP_71934" HPOS="1112" VPOS="2967" WIDTH="24" HEIGHT="0" />
            <String ID="Word_79811" HPOS="1136" VPOS="2970" WIDTH="68" HEIGHT="49" CONTENT="to;" />
            <SP ID="SP_71935" HPOS="1204" VPOS="2966" WIDTH="30" HEIGHT="0" />
            <String ID="Word_79812" HPOS="1234" VPOS="2966" WIDTH="96" HEIGHT="42" CONTENT="and," />
            <SP ID="SP_71936" HPOS="1330" VPOS="2966" WIDTH="17" HEIGHT="0" />
            <String ID="Word_79813" HPOS="1347" VPOS="2967" WIDTH="46" HEIGHT="41" CONTENT="of" />
            <SP ID="SP_71937" HPOS="1393" VPOS="2966" WIDTH="17" HEIGHT="0" />
            <String ID="Word_79814" HPOS="1410" VPOS="2966" WIDTH="99" HEIGHT="42" CONTENT="late," />
            <SP ID="SP_71938" HPOS="1509" VPOS="2965" WIDTH="22" HEIGHT="0" />
            <String ID="Word_79815" HPOS="1531" VPOS="2965" WIDTH="142" HEIGHT="43" CONTENT="others" />
            <SP ID="SP_71939" HPOS="1673" VPOS="2965" WIDTH="22" HEIGHT="0" />
            <String ID="Word_79816" HPOS="1695" VPOS="2965" WIDTH="108" HEIGHT="42" CONTENT="have" />
            <SP ID="SP_71940" HPOS="1803" VPOS="2964" WIDTH="23" HEIGHT="0" />
            <String ID="Word_79817" HPOS="1826" VPOS="2964" WIDTH="146" HEIGHT="55" CONTENT="joined" />
          </TextLine>
          <TextLine ID="TextLine_7882" HPOS="358" VPOS="3034" WIDTH="1616" HEIGHT="60">
            <String ID="Word_79818" HPOS="358" VPOS="3044" WIDTH="107" HEIGHT="44" CONTENT="with" />
            <SP ID="SP_71941" HPOS="465" VPOS="3043" WIDTH="31" HEIGHT="0" />
            <String ID="Word_79819" HPOS="496" VPOS="3043" WIDTH="89" HEIGHT="42" CONTENT="him" />
            <SP ID="SP_71942" HPOS="585" VPOS="3041" WIDTH="34" HEIGHT="0" />
            <String ID="Word_79820" HPOS="619" VPOS="3041" WIDTH="46" HEIGHT="42" CONTENT="in" />
            <SP ID="SP_71943" HPOS="665" VPOS="3039" WIDTH="32" HEIGHT="0" />
            <String ID="Word_79821" HPOS="697" VPOS="3039" WIDTH="75" HEIGHT="43" CONTENT="the" />
            <SP ID="SP_71944" HPOS="772" VPOS="3038" WIDTH="32" HEIGHT="0" />
            <String ID="Word_79822" HPOS="804" VPOS="3038" WIDTH="132" HEIGHT="43" CONTENT="study" />
            <SP ID="SP_71945" HPOS="936" VPOS="3038" WIDTH="29" HEIGHT="0" />
            <String ID="Word_79823" HPOS="965" VPOS="3038" WIDTH="46" HEIGHT="42" CONTENT="of" />
            <SP ID="SP_71946" HPOS="1011" VPOS="3037" WIDTH="29" HEIGHT="0" />
            <String ID="Word_79824" HPOS="1040" VPOS="3037" WIDTH="45" HEIGHT="42" CONTENT="it." />
            <SP ID="SP_71947" HPOS="1085" VPOS="3037" WIDTH="21" HEIGHT="0" />
            <String ID="Word_79825" HPOS="1149" VPOS="3037" WIDTH="22" HEIGHT="42" CONTENT="I" />
            <SP ID="SP_71948" HPOS="1171" VPOS="3037" WIDTH="32" HEIGHT="0" />
            <String ID="Word_79826" HPOS="1203" VPOS="3051" WIDTH="77" HEIGHT="28" CONTENT="can" />
            <SP ID="SP_71949" HPOS="1280" VPOS="3036" WIDTH="30" HEIGHT="0" />
            <String ID="Word_79827" HPOS="1310" VPOS="3036" WIDTH="101" HEIGHT="43" CONTENT="here" />
            <SP ID="SP_71950" HPOS="1411" VPOS="3036" WIDTH="31" HEIGHT="0" />
            <String ID="Word_79828" HPOS="1442" VPOS="3036" WIDTH="101" HEIGHT="56" CONTENT="only" />
            <SP ID="SP_71951" HPOS="1543" VPOS="3036" WIDTH="32" HEIGHT="0" />
            <String ID="Word_79829" HPOS="1575" VPOS="3036" WIDTH="96" HEIGHT="55" CONTENT="give" />
            <SP ID="SP_71952" HPOS="1671" VPOS="3036" WIDTH="30" HEIGHT="0" />
            <String ID="Word_79830" HPOS="1701" VPOS="3049" WIDTH="24" HEIGHT="27" CONTENT="a" />
            <SP ID="SP_71953" HPOS="1725" VPOS="3035" WIDTH="31" HEIGHT="0" />
            <String ID="Word_79831" HPOS="1756" VPOS="3035" WIDTH="80" HEIGHT="41" CONTENT="few" />
            <SP ID="SP_71954" HPOS="1836" VPOS="3034" WIDTH="29" HEIGHT="0" />
            <String ID="Word_79832" HPOS="1865" VPOS="3034" WIDTH="109" HEIGHT="41" CONTENT="brief" />
          </TextLine>
        </TextBlock>
      </PrintSpace>
    </Page>
  </Layout>
</alto>
