2113 3404
416 288 87 41 454

753 302 86 31 THE
872 304 242 34 DISORDERS
1147 308 52 30 OF
1231 309 468 38 SPEECH.—APPENDIX.

463 413 61 47 (c.)
540 414 162 48 Echoing
721 416 39 46 of
772 418 134 46 Spoken
922 421 242 45 Speech.—As
1181 422 147 49 already
1342 425 197 38 indicated,
1554 427 62 36 the
1634 440 120 35 power
1768 428 39 36 of
1821 429 153 48 echoing
1991 443 39 23 or

414 470 190 48 repeating
618 471 118 37 words
749 473 31 36 is
794 485 90 37 very
900 476 143 47 greatly
1060 477 188 48 impaired.
1301 480 37 36 It
1349 480 32 37 is
1394 481 190 49 impaired,
1604 484 202 47 evidently,
1824 485 152 37 because
1994 486 39 36 of

413 525 64 37 the
492 526 182 49 difficulty
693 529 64 36 the
776 531 144 47 patient
940 532 66 36 has
1023 533 40 35 in
1088 535 143 46 getting
1248 547 21 26 a
1285 537 93 47 good
1395 539 171 47 auditory
1583 540 119 36 image
1728 541 40 34 of
1781 540 63 36 the
1870 542 159 45 word,—

414 582 75 36 and
521 587 67 33 not
620 585 153 37 because
800 587 40 36 of
866 588 183 48 difficulty
1074 591 39 34 in
1139 592 232 38 articulative
1396 595 229 47 production.
1678 596 52 36 To
1757 596 63 36 the
1846 597 184 37 examples

415 637 151 49 already
582 642 123 46 given,
723 655 86 36 may
826 644 46 36 be
889 645 120 36 added
1027 646 63 36 the
1107 647 261 38 following:—

830 735 72 36 For
929 736 248 48 "Thinkest,"
1201 738 46 36 he
1273 751 81 35 says
1381 740 246 37 "Thickest."

858 819 21 17 „
956 791 172 50 "Thou,"
1258 822 21 18 „
1312 777 7 10 '
1425 796 160 36 "Now."

988 849 112 35 "So"
1255 877 21 19 „
1406 852 194 36 "Snows."

463 989 32 32 2.
523 986 192 36 Written
743 986 166 37 Speech.

462 1069 67 47 (a.)
554 1070 186 46 Reception
753 1070 74 36 and
839 1071 276 47 Interpretation
1127 1073 40 45 of
1186 1073 152 36 Written
1355 1074 264 47 Speech.—The
1635 1077 169 47 patient's
1822 1078 164 36 eyesight
2002 1079 31 35 is

414 1126 106 48 good,
538 1126 73 36 and
629 1126 103 37 there
750 1126 31 36 is
798 1139 49 24 no
864 1127 264 37 hemianopsia.

463 1183 38 35 It
517 1195 87 35 may
621 1183 87 36 here
725 1183 45 36 be
787 1184 196 35 remarked
1000 1184 82 36 that
1099 1185 63 35 the
1180 1186 143 46 patient
1345 1186 65 36 has
1433 1187 93 36 been
1553 1188 177 36 educated
1751 1189 220 48 sufficiently
1994 1194 38 32 at

413 1239 126 36 school
553 1243 37 32 to
602 1239 131 37 enable
746 1240 81 35 him
840 1244 37 32 to
891 1241 96 45 read,
1007 1241 91 35 with
1113 1253 90 34 ease,
1219 1254 73 35 any
1306 1243 203 48 ordinarily
1523 1256 84 24 easy
1620 1245 118 35 words
1752 1245 105 36 when
1870 1246 88 47 they
1970 1259 60 24 are

414 1297 39 35 in
467 1297 114 46 print.
627 1297 73 35 For
714 1297 178 47 example,
908 1297 46 35 he
969 1309 67 24 can
1049 1298 87 35 read
1150 1297 62 37 the
1226 1310 224 36 newspaper,
1464 1300 73 36 and
1551 1312 68 24 can
1632 1301 226 36 understand
1875 1303 30 34 it
1923 1303 108 46 fairly

413 1353 95 36 well.
557 1355 89 45 Any
676 1353 132 47 simple
841 1354 171 46 question
1045 1358 69 43 put
1147 1358 37 31 to
1218 1354 80 36 him
1331 1356 40 34 in
1404 1360 113 43 print,
1547 1356 47 37 he
1626 1358 104 35 reads
1759 1362 39 32 at
1830 1370 98 24 once,
1958 1358 74 35 and

413 1410 134 48 replies
561 1414 37 32 to
612 1409 267 48 intelligently.
924 1410 72 35 For
1010 1410 178 47 example,
1204 1411 108 35 when
1325 1411 63 36 the
1402 1418 144 30 request
1566 1415 19 17 "
1600 1413 72 36 Put
1686 1418 64 31 out
1763 1426 93 34 your
1868 1419 135 30 tongue
2013 1413 18 17 "

413 1479 74 23 was
504 1471 69 43 put
586 1466 123 36 before
723 1466 80 35 him
822 1467 37 34 in
878 1466 113 48 print,
1006 1466 46 36 he
1072 1467 146 46 obeyed.
1268 1468 122 35 When
1403 1469 113 35 asked
1535 1471 19 17 "
1567 1470 91 34 How
1683 1470 61 34 old
1762 1482 59 23 are
1839 1483 73 33 you
1926 1471 41 35 ?"
1985 1470 47 35 he

413 1523 198 36 answered,
638 1525 18 17 "
671 1523 56 45 76,
747 1523 55 36 77,
822 1526 46 32 40
886 1523 251 46 years,"—the
1160 1524 72 35 last
1258 1523 111 48 being
1396 1529 144 32 correct.
1593 1526 121 35 When
1736 1526 113 36 asked
1871 1526 39 35 in
1933 1529 101 44 print

413 1580 131 35 "How
569 1579 88 47 long
682 1579 95 35 have
801 1591 76 35 you
902 1579 93 35 been
1020 1579 99 36 ill?"
1149 1580 46 35 he
1220 1581 187 35 answered
1433 1582 188 47 correctly,
1650 1581 176 37 "Fifteen
1852 1582 170 35 months.'

412 1636 123 36 When
552 1636 195 47 requested
765 1639 38 31 to
822 1636 21 18 "
855 1635 88 36 shut
961 1635 63 36 the
1042 1636 120 45 door,"
1179 1636 46 36 he
1243 1636 65 36 did
1326 1649 48 23 so.
1420 1638 88 35 And
1525 1638 109 35 when
1650 1639 112 34 asked
1781 1641 19 17 "
1814 1638 96 35 How
1928 1643 99 30 often

412 1693 65 35 did
494 1704 75 35 you
586 1692 67 36 fall
671 1692 111 46 (from
799 1692 142 35 attacks
959 1692 40 35 of
1012 1692 202 47 giddiness)
1232 1692 109 36 when
1359 1693 147 48 driving
1522 1706 93 34 your
1632 1698 76 32 cart
1720 1695 12 35 ?
1746 1694 15 17 "
1780 1694 46 35 he
1843 1694 186 35 answered

413 1749 189 47 correctly,
623 1748 165 45 "Twice,
807 1751 74 32 two
898 1748 144 36 times."
1090 1749 36 34 It
1146 1761 70 23 was
1234 1749 41 35 in
1291 1749 75 35 this
1384 1750 181 46 Avay—by
1581 1750 147 46 printed
1745 1750 186 47 questions
1956 1750 72 35 and

411 1806 144 46 getting
580 1805 63 36 the
660 1804 172 48 patient's
858 1804 77 36 oral
960 1805 133 35 replies
1118 1809 38 31 to
1181 1805 235 35 them—that
1443 1806 53 35 Dr
1522 1806 92 35 Bell,
1632 1806 92 35 with
1749 1806 110 35 much
1885 1806 141 45 labour,

412 1862 147 36 elicited
576 1861 64 36 the
657 1861 90 35 facts
766 1860 39 36 of
819 1860 59 35 his
895 1861 152 46 history.

460 1919 63 47 (b.)
549 1917 218 36 Production
783 1917 41 46 of
842 1917 377 36 Writing.—Though
1235 1917 62 35 the
1311 1918 142 46 patient
1468 1930 66 23 can
1550 1918 86 35 read
1651 1919 145 34 written
1815 1931 83 33 easy
1911 1918 117 36 words

411 1975 75 37 and
512 1986 199 24 sentences,
738 1973 47 36 he
810 1972 76 46 has,
913 1973 295 47 unfortunately,
1226 1977 65 31 not
1317 1974 92 34 been
1436 1974 221 35 sufficiently
1679 1974 86 35 well
1790 1974 176 36 educated
1991 1978 37 32 to

411 2031 132 37 enable
559 2031 81 35 him
657 2034 38 31 to
713 2041 145 24 express
879 2029 154 36 himself
1054 2030 41 35 in
1121 2030 158 35 writing.
1332 2030 60 35 He
1417 2042 68 23 can
1510 2030 105 35 write
1640 2030 58 35 his
1723 2042 107 24 name
1855 2031 40 34 in
1920 2030 109 47 fairly

410 2087 137 48 legible
572 2090 213 32 characters,
805 2086 69 35 but
891 2086 109 35 when
1025 2086 113 35 asked
1162 2090 38 31 to
1221 2086 102 36 write
1349 2086 183 47 anything
1557 2086 73 36 else
1650 2086 46 36 he
1714 2087 130 35 shakes
1861 2086 57 36 his
1935 2087 94 35 head

410 2144 119 47 sadly,
547 2144 73 35 and
638 2145 154 33 says—"
804 2143 128 35 Canna
949 2143 46 35 do
1012 2143 42 44 it,
1073 2142 126 37 doctor
1214 2156 8 30 ;
1249 2154 116 24 canna
1383 2143 123 47 spell."

458 2200 61 48 (c.)
547 2199 155 48 Copying
717 2199 40 35 of
768 2199 150 35 Printed
937 2199 324 35 Characters.—He
1276 2199 119 35 copies
1412 2211 21 23 a
1450 2199 148 47 printed
1613 2199 99 35 word
1729 2199 109 47 fairly
1852 2199 94 36 well,
1964 2199 65 35 but

410 2257 32 36 if
456 2258 64 35 the
538 2257 102 35 word
658 2256 30 35 is
706 2255 223 36 withdrawn
946 2255 96 36 from
1058 2255 60 36 his
1136 2256 109 47 sight,
1263 2256 74 35 and
1361 2255 48 36 he
1434 2256 31 35 is
1492 2255 112 36 asked
1629 2259 37 32 to
1683 2260 102 43 print
1802 2256 30 35 it
1848 2256 116 47 again,
1982 2255 47 35 he

410 2326 127 24 makes
555 2312 250 48 misspellings
822 2312 40 35 in
881 2312 113 36 doing
1011 2323 48 25 so.

458 2449 31 32 3.
519 2445 187 36 Gesture
733 2445 234 35 Language.

459 2518 80 36 The
556 2522 144 43 patient
717 2517 91 36 both
825 2517 197 36 interprets
1039 2517 64 35 the
1120 2521 144 43 gesture
1282 2517 178 47 language
1479 2516 39 35 of
1544 2515 120 36 others
1681 2516 73 35 and
1771 2527 182 36 expresses
1970 2515 58 35 his

411 2587 84 24 own
512 2575 178 35 thoughts
706 2575 40 34 in
764 2578 144 43 gesture
925 2573 181 47 language
1124 2573 92 35 with
1234 2577 101 43 great
1351 2573 183 35 readiness
1550 2572 74 35 and
1641 2572 243 47 intelligence.

458 2711 31 32 4.
519 2707 141 35 Mosic.

460 2783 35 35 A
513 2783 140 35 feature
671 2781 39 36 of
723 2785 102 44 great
842 2781 151 35 interest
1010 2781 40 34 in
1068 2780 75 35 this
1157 2792 78 23 case
1253 2780 30 34 is
1300 2779 82 36 that
1395 2779 63 36 the
1471 2779 169 47 patient's
1653 2778 127 36 illness
1793 2778 65 36 has
1872 2778 157 47 entirety

411 2839 176 37 deprived
605 2839 80 35 him
703 2838 40 36 of
762 2838 58 35 his
838 2837 155 35 musical
1014 2849 111 23 sense.
1179 2836 128 36 Before
1330 2836 58 35 his
1406 2836 126 36 illness
1558 2835 47 37 he
1623 2848 72 23 was
1721 2835 88 36 fond
1827 2835 39 35 of
1888 2836 115 34 music
2021 2847 8 30 ;

411 2897 73 36 and
502 2897 59 35 his
578 2894 248 37 half-brother
843 2893 156 36 informs
1016 2905 42 23 us
1077 2893 81 35 that
1178 2893 46 35 he
1243 2892 107 36 could
1369 2892 151 35 himself
1535 2893 80 46 sing
1632 2891 203 44 well,—his
1851 2890 178 36 favourite

411 2966 90 35 song
514 2954 112 35 being
645 2954 20 17 "
679 2953 117 34 DoAvn
812 2951 39 35 in
865 2950 64 36 the
947 2950 103 35 trade
1065 2949 118 36 winds
1201 2949 167 35 fourteen
1386 2949 119 35 days."
1540 2949 74 35 But
1631 2960 82 23 now
1729 2947 105 35 when
1853 2946 120 44 asked,
1989 2946 39 35 in

408 3011 114 47 print,
541 3014 39 31 to
597 3021 82 24 sing
697 3008 74 36 this
789 3020 100 34 song,
908 3007 46 35 he
972 3006 134 36 smiles,
1126 3005 131 36 shakes
1274 3005 58 35 his
1349 3004 105 42 head,
1473 3005 70 35 and
1563 3017 93 33 says,
1675 3004 102 40 "No,
1797 3015 114 24 canna
1934 3002 46 35 do
1997 3002 31 35 it

409 3080 84 24 now
510 3080 8 31 ;
545 3079 75 35 yes,
639 3065 108 37 could
769 3065 46 35 do
830 3065 29 34 it
873 3063 152 36 before."
1068 3062 120 36 When
1204 3062 122 36 asked,
1347 3064 19 17 "
1379 3061 122 36 When
1516 3061 106 36 could
1637 3072 73 36 you
1728 3061 81 47 sing
1826 3059 37 36 i"
1880 3059 46 36 he
1939 3059 88 44 said,
