2287 3957
1136 174 65 50 28

179 318 86 66 get
307 333 27 33 a
373 314 110 71 just
525 312 99 54 and
670 311 131 55 clear
844 311 112 53 idea
995 312 57 53 of
1087 331 95 34 one
1223 330 125 52 pure
1374 310 144 54 circle
1545 311 56 53 of
1634 310 90 55 her
1749 331 164 34 works
1940 321 210 49 without

179 389 114 52 that
331 388 111 53 idea
481 387 268 71 becoming
788 392 134 47 most
949 386 167 53 useful
1141 386 54 53 in
1222 386 217 70 flashing
1466 406 28 32 a
1519 385 134 53 light
1679 386 107 53 into
1816 407 211 35 obscure
2053 391 96 53 and

180 481 260 34 unknown
467 463 218 70 regions,
715 461 101 53 and
854 462 53 52 in
946 466 120 47 thus
1095 461 172 69 aiding
1294 465 86 47 the
1407 479 261 34 conscious
1696 461 377 55 establishment
2100 466 54 52 of

178 557 29 33 a
248 537 196 52 further
488 536 247 72 harmony
780 536 55 52 of
885 540 293 48 adaptation
1223 534 218 53 between
1487 554 117 33 man
1640 535 98 53 and
1777 541 192 49 nature.
2046 538 104 53 The

178 610 227 53 brilliant
446 611 192 52 insight
677 630 55 33 or
770 610 244 52 intuition
1060 609 56 53 of
1150 615 87 47 the
1281 629 118 33 man
1441 610 57 52 of
1532 628 198 52 genius,
1772 629 112 34 who
1927 630 54 33 so
2015 625 135 40 often

181 686 296 52 anticipates
505 691 86 47 the
619 705 121 32 slow
766 684 158 53 result
952 685 55 51 of
1032 684 290 70 systematic
1347 684 377 70 investigation,
1754 685 255 53 witnesses
2032 687 117 52 with

182 760 225 70 singular
434 760 135 53 force
594 764 55 48 to
676 760 112 52 that
813 760 163 51 truth.
1055 758 100 53 Tar
1183 758 141 52 wiser
1368 763 124 47 than
1521 778 147 51 many
1700 758 55 53 of
1789 759 78 52 his
1896 778 252 35 commen-

181 839 160 48 tators
380 835 125 52 have
544 834 144 64 been,
719 834 173 52 Bacon
933 833 321 71 accordingly
1282 833 149 52 failed
1460 838 92 47 not
1578 832 181 71 clearly
1785 839 54 47 to
1867 842 280 62 appreciate

180 913 88 48 the
295 909 277 71 exceeding
598 928 148 33 value
773 908 55 53 of
864 908 111 52 idea
1000 907 54 52 in
1080 907 89 53 the
1195 908 383 70 interpretation
1607 907 55 53 of
1696 926 196 34 nature.

256 984 107 52 But
412 983 44 53 if
503 984 88 52 the
644 983 97 52 due
781 987 345 48 co-operation
1172 982 54 53 of
1267 989 86 45 the
1404 982 140 52 mind
1580 982 41 52 is
1661 1000 278 53 necessary,
1992 981 42 54 if
2067 982 82 54 the

180 1057 247 72 harmony
456 1058 55 52 of
534 1057 273 53 subjective
835 1057 100 53 and
963 1058 245 51 objective
1233 1076 100 32 was
1360 1057 218 52 Bacon's
1605 1056 101 52 real
1734 1056 223 65 method,
1985 1056 53 53 in
2069 1057 83 53 the

181 1139 325 63 prosecution
546 1132 56 52 of
636 1132 227 70 physical
904 1132 207 63 science,
1154 1131 111 52 how
1310 1131 155 53 much
1510 1150 137 33 more
1691 1131 165 52 useful
1896 1137 137 47 must
2067 1131 82 53 the

178 1207 109 70 just
314 1207 160 52 union
495 1207 56 52 of
585 1213 88 46 the
719 1206 257 53 empirical
1021 1206 98 53 and
1165 1206 216 52 rational
1425 1205 190 72 faculty
1642 1204 63 54 be
1730 1205 55 53 in
1812 1211 85 47 the
1925 1211 149 64 study
2101 1206 52 52 of

181 1282 193 52 mental
401 1281 223 66 science;
665 1286 88 47 the
791 1280 116 53 task
948 1281 121 52 then
1098 1281 154 70 being
1277 1286 54 47 to
1359 1280 149 71 apply
1536 1280 85 52 the
1648 1279 134 53 ideas
1810 1280 55 53 of
1898 1284 87 48 the
2012 1280 134 52 mind

181 1361 55 47 to
278 1355 87 53 the
408 1355 385 53 interpretation
820 1355 55 53 of
909 1361 86 46 the
1037 1355 185 52 mind's
1262 1373 254 52 processes
1544 1355 56 52 of
1635 1354 223 53 activity.
1939 1354 50 52 It
2020 1360 128 46 must

183 1430 258 71 assuredly
472 1429 60 54 be
560 1430 211 52 allowed
796 1430 114 52 that
934 1430 90 52 the
1047 1429 131 53 light
1207 1429 55 53 of
1299 1448 137 34 one's
1473 1448 113 33 own
1612 1433 132 48 train
1772 1429 56 52 of
1861 1428 222 53 thought
2107 1429 40 51 is

182 1505 139 51 often
346 1510 135 47 most
507 1504 300 53 serviceable
833 1505 52 51 in
910 1505 338 69 interpreting
1276 1508 85 48 the
1386 1503 137 53 mind
1555 1503 55 52 of
1633 1509 208 46 another
1864 1526 10 37 ;
1919 1521 55 33 so
2003 1503 147 52 much

184 1598 72 46 so,
285 1578 209 66 indeed,
517 1584 111 48 that
656 1598 93 34 one
775 1598 115 52 may
918 1578 149 52 know
1098 1578 130 52 what
1267 1578 43 51 is
1338 1578 206 70 passing
1571 1577 195 53 therein
1794 1577 121 52 with
1939 1583 92 47 not
2058 1576 90 53 less

184 1659 263 65 certainty,
493 1658 288 48 sometimes
824 1672 123 34 even
972 1653 118 52 with
1141 1672 196 52 greater
1380 1654 263 68 certainty,
1691 1660 126 44 than
1844 1651 143 52 when
2032 1651 38 52 it
2110 1651 38 52 is

184 1728 220 70 actually
431 1728 216 53 uttered.
727 1729 66 53 In
820 1727 145 54 order
991 1733 53 47 to
1072 1727 63 53 be
1163 1727 278 53 successful
1468 1727 52 52 in
1545 1727 102 52 this
1676 1732 103 46 sort
1808 1726 55 52 of
1896 1725 251 63 intuition,

183 1802 246 64 however,
470 1809 92 47 not
602 1823 119 51 only
761 1802 135 72 good
934 1801 202 53 natural
1174 1801 212 71 insight,
1415 1801 94 53 but
1549 1820 28 33 a
1615 1801 138 52 large
1788 1819 288 33 experience
2104 1799 50 52 of

183 1876 88 53 life
298 1876 99 53 and
424 1896 132 47 men,
585 1877 40 53 is
653 1883 134 47 most
812 1896 276 52 necessary,
1117 1876 100 53 else
1244 1882 86 46 the
1358 1881 133 47 most
1519 1875 233 71 grievous
1778 1894 238 33 mistakes
2045 1892 105 51 may

184 1950 63 53 be
274 1951 174 66 made;
490 1952 135 66 here,
668 1972 54 34 as
762 1951 283 66 elsewhere,
1092 1970 168 51 power
1300 1951 41 52 is
1383 1949 237 54 acquired
1664 1949 67 72 by
1758 1950 267 70 intending
2069 1949 81 52 the

184 2025 141 53 mind
351 2031 54 47 to
433 2027 224 52 external
678 2026 232 66 realities,
937 2026 67 71 by
1023 2025 304 71 submitting
1347 2031 88 47 the
1455 2024 401 72 understanding
1881 2031 53 48 to
1962 2026 185 70 things.

184 2100 219 71 Plainly,
422 2105 106 61 too,
555 2101 104 53 this
694 2100 242 53 objective
963 2100 308 72 application
1298 2100 54 52 of
1375 2119 92 33 our
1493 2101 137 52 ideas
1657 2101 43 52 is
1730 2121 27 33 a
1783 2121 117 52 very
1930 2102 219 53 different

184 2180 184 46 matter
412 2175 131 52 from
585 2176 87 52 the
719 2175 270 53 deliberate
1032 2175 242 52 direction
1318 2175 56 52 of
1424 2175 378 53 consciousness
1846 2181 54 48 to
1935 2177 65 52 its
2042 2196 107 34 own

188 2252 173 61 states,
413 2249 113 52 that
577 2249 363 72 introspective
991 2249 216 53 analysis
1259 2249 56 52 of
1374 2254 87 48 the
1512 2269 254 51 processes
1818 2251 55 52 of
1931 2251 215 69 thought

186 2323 252 70 whereby,
467 2343 52 32 as
547 2323 169 54 before
743 2324 125 65 said,
895 2329 86 47 the
1007 2323 202 52 natural
1240 2328 133 48 train
1409 2324 56 53 of
1498 2324 134 53 ideas
1660 2324 155 72 being
1839 2326 308 71 interrupted

187 2397 100 52 and
313 2402 88 47 the
427 2403 202 47 tension
658 2399 54 52 of
748 2418 27 33 a
801 2399 271 71 particular
1099 2399 203 70 activity
1330 2399 321 65 maintained,
1681 2419 64 33 an
1772 2400 226 52 artificial
2025 2407 121 45 state

187 2472 56 51 of
277 2471 144 52 mind
460 2472 43 52 is
546 2472 277 71 produced,
852 2473 100 53 and
992 2493 28 32 a
1058 2472 233 53 tortured
1318 2473 521 67 self-consciousness,
1879 2475 101 52 like
2008 2494 54 34 as
2088 2493 58 33 an

185 2545 286 53 individual
515 2552 97 65 put
652 2552 55 47 to
748 2547 88 53 the
879 2553 212 59 torture,
1138 2567 172 33 makes
1357 2548 311 53 confessions
1708 2549 110 52 that
1857 2569 82 33 are
1967 2549 179 71 utterly

187 2619 292 54 unreliable.
559 2622 107 52 The
705 2641 220 51 genuine
966 2627 280 47 utterances
1275 2622 54 52 of
1363 2622 78 52 his
1470 2624 142 51 inner
1637 2623 102 65 life,
1770 2643 55 33 or
1851 2631 86 46 the
1965 2643 182 34 sincere

187 2694 98 53 and
315 2694 156 53 direct
497 2695 300 54 revelations
826 2697 55 52 of
916 2703 87 46 the
1042 2716 119 32 man
1201 2696 56 52 of
1292 2702 140 65 great
1459 2697 201 54 natural
1688 2698 179 72 ability
1894 2698 97 53 and
2019 2696 127 72 good

185 2768 240 70 training,
455 2789 82 33 are
564 2770 87 53 the
677 2771 205 70 highest
907 2770 383 53 truthswhat
1316 2771 148 53 Plato
1488 2771 89 53 has
1599 2773 200 53 written
1826 2775 40 51 is
1889 2775 53 51 of
1965 2770 182 56 eternal

186 2843 243 65 interest;
489 2844 96 53 but
623 2850 87 48 the
752 2845 371 70 contradictory
1163 2846 302 52 anatomical
1503 2846 297 55 revelations
1841 2848 54 52 of
1941 2845 205 55 internal

186 2917 219 70 analysis
432 2916 68 74 by
516 2924 88 47 the
630 2920 258 70 professed
903 2920 371 71 psychologists
1302 2939 82 34 are
1408 2927 87 46 the
1521 2921 194 53 vainest
1736 2922 135 53 word
1886 2922 259 71 jugglings

186 2991 123 52 with
357 2991 163 54 which
565 3012 28 33 a
636 2999 260 48 tenacious
948 3013 354 52 perseverance
1353 2994 88 53 has
1492 2995 157 53 vexed
1695 3016 28 33 a
1767 2995 380 70 long-suffering

187 3065 175 53 world.
441 3067 139 71 They
607 3067 185 54 should
827 3068 161 71 justly
1015 3068 60 53 be
1103 3087 238 52 opposed,
1372 3089 53 32 as
1466 3068 64 72 by
1561 3071 202 65 Bacon;
1807 3090 56 34 or
1903 3068 239 64 shunned,

187 3159 54 33 as
268 3139 67 70 by
366 3140 370 72 Shakespeare;
779 3161 57 34 or
863 3143 266 65 abhorred,
1158 3163 52 32 as
1240 3142 64 72 by
1333 3143 197 53 Goethe
1555 3149 125 47 :
1702 3145 95 52 Ich
1823 3145 130 52 habe
1979 3145 79 52 nie
2084 3162 59 34 an

191 3213 214 52 Denken
431 3214 268 71 gedacht."
777 3218 75 51 As
888 3217 52 52 in
966 3223 88 47 the
1081 3217 137 52 child
1244 3218 142 51 there
1411 3218 42 52 is
1481 3237 65 33 no
1575 3237 373 34 consciousness
1976 3218 54 53 of
2062 3218 81 52 the

187 3307 101 47 ego,
319 3307 55 34 so
400 3288 55 52 in
489 3289 88 52 the
618 3289 202 71 highest
860 3291 349 53 development
1249 3293 56 51 of
1339 3291 283 73 humanity,
1662 3313 53 33 as
1743 3291 313 55 represented
2083 3291 60 71 by

188 3367 143 47 these
373 3381 93 34 our
506 3369 237 64 greatest,
771 3370 141 48 there
957 3384 156 34 seems
1165 3370 54 48 to
1270 3365 126 53 have
1447 3365 129 54 been
1625 3367 214 54 reached
1884 3387 25 34 a
1964 3385 180 35 similar

188 3455 454 35 unconsciousness
688 3439 56 51 of
791 3444 88 47 the
923 3458 121 49 ego;
1103 3439 97 52 and
1245 3438 86 54 the
1372 3439 279 54 individual
1690 3442 54 52 in
1786 3441 229 53 intimate
2052 3439 90 54 and

190 3510 263 70 congenial
480 3517 268 66 sympathy
774 3513 122 52 with
922 3532 179 34 nature
1128 3513 178 53 carries
1333 3514 212 52 forward
1572 3515 65 52 its
1664 3534 204 53 organic
1893 3515 249 54 evolution

187 3583 124 53 with
336 3604 29 32 a
389 3585 241 53 childlike
656 3605 454 35 unconsciousness
1138 3588 97 52 and
1263 3608 29 32 a
1318 3587 237 54 childlike
1581 3609 210 33 success.

262 3658 183 53 Before
486 3660 307 71 concluding
832 3661 101 53 this
970 3662 207 53 chapter
1203 3662 41 52 it
1270 3661 42 53 is
1340 3681 258 52 necessary
1627 3663 255 72 distinctly
1908 3669 52 47 to
1988 3663 150 53 affirm
