2125 3612
239 266 311 34 STAMMERING,
583 266 92 31 AND
709 266 87 30 THE
831 265 147 31 STUDY
1011 265 55 32 OF
1097 266 89 30 THE
1220 266 244 32 ALPHABET.
1625 256 55 42 27

21 388 334 49 Demosthenes,
378 385 105 46 with
509 386 68 42 his
607 385 194 56 pebbles,
824 385 78 42 has
935 383 46 45 in
1016 385 88 43 this
1138 390 172 51 respect
1337 389 67 39 set
1438 399 56 30 an
1530 386 149 41 unfor-

20 465 153 37 tunate
197 472 212 42 example.

540 644 226 55 Prognosis
787 643 50 54 of
854 642 299 56 Stammering.

79 778 64 43 As
182 777 174 57 regards
392 775 245 58 Prognosis,
670 775 37 42 it
745 774 93 43 will
879 775 55 43 be
976 774 138 43 easily
1156 788 268 28 understood
1469 772 97 42 that
1603 772 75 42 the

25 849 289 43 stammerer's
362 862 196 42 progress
597 846 93 47 will
737 847 174 56 depend
958 861 106 42 very
1102 846 167 56 largely
1307 860 120 41 upon
1468 845 70 42 his
1579 858 101 28 own

22 922 254 55 intelligent
318 920 365 43 comprehension
726 920 45 42 of
824 919 75 43 the
951 933 243 42 principles
1247 918 139 42 above
1430 916 248 57 explained.

19 993 75 43 An
116 993 242 56 important
380 993 137 42 factor
539 992 37 42 is
610 1006 92 28 also
735 991 75 43 the
843 1005 78 42 age
954 992 45 42 of
1031 991 76 43 the
1139 991 183 56 patient.
1387 990 195 43 Perhaps
1602 989 77 43 the

21 1065 97 42 best
139 1079 78 28 age
240 1065 37 42 is
307 1065 201 42 between
541 1063 159 43 twelve
733 1063 88 42 and
853 1064 197 42 sixteen;
1082 1064 129 42 when
1244 1063 75 43 the
1352 1062 172 57 patient
1545 1063 38 42 is
1606 1062 74 42 old

24 1136 173 43 enough
220 1140 44 38 to
286 1136 158 42 realize
466 1135 75 43 the
564 1136 271 41 importance
858 1135 45 42 of
933 1136 173 55 getting
1135 1134 66 42 rid
1235 1135 47 41 of
1311 1134 69 42 his
1414 1133 155 52 defect,
1592 1133 88 42 and

22 1213 76 50 yet
139 1213 78 37 not
260 1222 46 28 so
350 1207 73 42 old
469 1221 46 28 as
569 1212 44 37 to
666 1207 112 42 have
833 1206 74 43 the
960 1207 144 42 defect
1155 1206 152 42 rooted
1359 1219 106 42 very
1518 1205 162 56 deeply

20 1280 49 41 in
102 1280 68 41 his
214 1294 154 41 organs
403 1279 44 42 of
489 1279 158 55 speech
690 1280 58 41 by
781 1279 115 41 force
939 1279 47 41 of
1020 1278 134 42 habit.
1220 1278 24 42 I
1287 1278 135 41 think
1464 1278 98 41 that
1604 1277 76 42 the

23 1352 290 42 stammerer's
346 1351 246 55 possession
627 1351 45 41 of
708 1365 25 27 a
769 1350 111 55 good
917 1350 187 42 musical
1135 1364 74 28 ear
1242 1349 38 42 is
1318 1349 91 42 also
1442 1363 24 28 a
1498 1349 183 55 hopeful

22 1424 150 49 factor,
195 1423 149 42 seeing
367 1422 97 41 that
486 1421 37 42 it
543 1421 122 56 gives
688 1421 75 42 the
786 1426 257 37 stammerer
1065 1435 25 27 a
1118 1435 122 28 more
1272 1421 180 42 definite
1486 1435 195 28 compre-

20 1494 188 43 hension
246 1494 44 42 of
332 1499 102 36 tone
477 1493 109 42 than
625 1492 55 43 he
717 1492 147 43 would
906 1492 112 43 have
1057 1492 190 43 without
1284 1493 46 42 it.
1397 1492 131 43 Cases
1572 1498 109 36 with

22 1581 108 28 very
162 1580 149 29 severe
343 1565 248 57 spasmodic
629 1564 332 42 complications
995 1578 71 28 are
1099 1564 225 56 generally
1356 1564 87 43 less
1481 1564 201 43 satisfac-

22 1642 99 38 tory
158 1637 108 42 than
310 1636 124 43 those
472 1640 78 38 not
586 1635 105 43 thus
726 1635 302 42 complicated.
1093 1635 92 42 The
1222 1635 126 42 habit
1386 1635 45 42 of
1463 1633 218 44 Overflow

19 1709 49 43 in
101 1709 75 42 the
209 1723 189 28 nervous
429 1708 271 43 mechanism
733 1708 47 41 of
809 1707 284 42 articulation
1131 1721 149 29 wears,
1325 1706 46 43 in
1416 1707 119 52 time,
1579 1721 104 42 easy

20 1780 211 44 channels
266 1780 66 42 for
354 1780 229 42 overflow;
614 1793 46 28 so
684 1779 97 42 that
804 1793 104 41 very
935 1778 137 57 slight
1105 1778 235 57 surcharge
1373 1793 102 41 may
1498 1782 184 39 eventu-

26 1853 90 43 ally
155 1853 149 42 suffice
350 1860 43 35 to
436 1852 191 56 produce
673 1851 249 56 spasmodic
967 1856 255 38 movement
1270 1852 47 41 of
1359 1851 324 56 neighbouring

21 1925 199 43 muscles.
284 1925 124 41 Even
442 1924 47 42 in
522 1924 109 42 such
664 1938 132 37 cases,
825 1923 215 51 however,
1062 1938 109 41 very
1202 1927 125 53 great
1357 1923 327 56 improvement

25 2012 101 28 may
149 1998 54 41 be
226 1996 158 43 looked
407 1997 76 41 for,
505 1996 37 42 if
563 1996 75 42 the
661 1996 174 55 patient
856 1996 38 41 is
917 1995 253 42 intelligent
1192 1995 88 42 and
1302 1995 290 56 persevering.

82 2068 148 42 When
264 2067 194 56 patients
492 2081 73 28 are
599 2066 217 43 defective
853 2066 47 41 in
938 2066 296 57 intelligence,
1269 2081 59 27 or,
1361 2067 47 40 in
1441 2080 25 28 a
1500 2065 184 43 marked

24 2140 167 57 degree,
213 2139 216 42 defective
466 2138 47 42 in
552 2138 287 43 self-control,
874 2137 74 43 the
986 2137 230 56 prognosis
1255 2151 79 28 can
1374 2151 134 28 never
1545 2136 52 43 be
1636 2151 48 28 so

27 2211 136 58 good;
195 2211 87 43 and
311 2211 327 42 improvement
667 2224 81 29 can
777 2210 54 43 be
864 2210 158 42 looked
1060 2210 68 42 for
1159 2209 105 43 only
1295 2216 113 36 after
1445 2208 239 56 prolonged

24 2288 240 39 treatment
286 2283 140 41 under
443 2281 75 43 the
536 2282 276 42 supervision
831 2282 45 42 of
898 2296 54 27 an
970 2281 254 43 intelligent
1247 2285 119 38 tutor
1384 2295 47 28 or
1448 2280 237 52 specialist,

23 2369 97 27 who
145 2353 187 44 entirely
355 2352 294 44 understands
674 2352 74 44 the
780 2367 157 28 nature
961 2353 48 42 of
1037 2352 76 44 the
1137 2352 158 43 defectj
1319 2352 86 42 and
1430 2352 74 43 the
1531 2366 154 28 means

24 2427 98 42 that
145 2441 81 28 can
249 2426 52 43 be
324 2425 232 57 employed
578 2425 67 43 for
665 2426 59 42 its
747 2425 205 43 removal.

272 2626 116 43 Bare
411 2627 89 42 and
522 2628 277 56 Exceptional
831 2628 212 43 Varieties
1063 2628 51 57 of
1127 2626 302 57 Stammering.

84 2762 45 42 It
160 2775 102 42 may
285 2774 97 28 now
406 2759 53 45 be
482 2760 135 43 asked
639 2761 36 42 if
706 2761 76 42 the
806 2761 226 57 foregoing
1064 2761 267 58 description
1365 2765 169 55 applies
1558 2768 44 38 to
1625 2762 62 44 all

24 2848 118 29 cases
183 2834 47 42 of
261 2834 310 55 stammering;
603 2849 48 27 or
684 2835 45 50 if,
764 2849 57 28 on
856 2834 76 43 the
975 2835 125 42 other
1134 2834 133 52 hand,
1302 2836 123 43 there
1460 2851 73 28 are
1566 2850 120 29 some

22 2920 95 28 rare
151 2919 119 29 cases
312 2904 144 43 which
495 2905 159 57 belong
687 2910 47 39 to
769 2920 26 28 a
832 2911 199 51 separate
1064 2911 215 52 category.
1344 2908 92 43 The
1465 2908 221 43 doctrines

22 2975 94 56 just
169 2975 237 56 explained
460 2991 84 37 are,
598 2977 109 42 with
762 2992 119 28 some
931 2978 255 53 variations,
1240 2992 318 29 substantially
1609 2977 78 44 the

26 3047 219 43 doctrines
295 3047 217 44 admitted
563 3049 59 56 by
667 3049 77 43 the
794 3049 99 43 best
943 3049 216 43 scientific
1211 3050 183 43 authors
1442 3050 121 43 since
1612 3049 74 42 the

28 3118 107 57 days
173 3120 45 41 of
258 3120 173 43 Arnott.
502 3121 45 42 It
588 3121 50 52 is,
670 3121 216 53 however,
924 3121 263 43 interesting
1225 3126 45 37 to
1308 3129 104 35 note
1447 3122 96 41 that
1581 3121 105 42 Pro-
