2113 3404
869 290 86 31 THE
989 291 241 35 DISORDERS
1263 295 53 30 OF
1348 296 174 32 SPEECH.

388 272 83 42 210

447 403 147 57 Seglas
616 407 58 56 (p.
700 409 72 56 63)
796 414 134 38 states
954 410 96 42 that
1072 411 119 43 these
1214 413 169 42 various
1408 415 131 43 forms
1566 417 44 42 of
1643 418 270 43 embololalia
1933 433 69 29 are

389 478 91 38 met
501 476 106 43 with
630 480 286 56 occasionally
939 494 155 43 among
1117 482 73 42 the
1213 483 167 44 Insane.

448 612 296 47 Logorrhcea
774 629 92 30 and
893 619 387 43 Bradylalia.—I
1314 621 109 43 have
1456 622 185 57 already,
1675 624 45 42 in
1754 624 74 43 the
1848 626 154 42 second

388 681 193 57 chapter,
603 687 124 41 made
750 701 116 28 some
889 688 214 42 reference
1136 694 44 37 to
1213 690 121 43 these
1368 696 84 37 two
1486 693 241 42 conditions
1760 695 46 40 of
1835 695 166 41 speech.

389 751 189 46 Neither
593 757 44 40 of
652 757 119 42 them
786 771 77 28 can
879 759 51 41 be
946 759 91 41 said
1053 763 43 37 to
1111 759 51 42 be
1177 760 232 42 unknown,
1427 775 46 27 or
1486 775 108 29 even
1614 776 101 42 very
1732 777 268 40 uncommon,

388 837 156 44 among
565 827 152 54 people
742 827 95 42 who
859 842 70 28 are
964 832 77 38 not
1061 829 175 43 insane;
1270 831 78 41 but
1369 831 74 42 the
1465 831 95 42 best
1581 832 218 56 examples
1821 834 43 41 of
1897 834 102 42 both

387 908 71 29 are
495 897 208 53 probably
729 903 89 37 met
855 899 106 41 with
994 913 155 41 among
1172 900 72 42 the
1281 901 160 42 insane.
1502 902 89 41 The
1614 908 19 16 "
1648 903 352 43 Verbigeration"

387 965 47 41 of
453 964 73 43 the
549 967 169 42 maniac
734 968 36 42 is
794 982 24 28 a
834 968 108 42 kind
960 969 45 41 of
1024 969 261 55 logorrhcea;
1307 971 82 42 and
1407 971 74 43 the
1498 973 220 42 condition
1740 975 35 41 is
1793 975 206 55 typically

384 1037 230 53 presented
656 1038 57 55 by
755 1052 117 29 some
913 1039 223 55 garrulous
1178 1041 82 41 and
1303 1042 168 55 rapidly
1513 1043 208 56 speaking
1762 1044 236 43 Imbeciles.

384 1106 249 56 Bradylalia
666 1108 225 54 (slowness
917 1110 46 41 of
991 1111 239 42 utterance)
1254 1111 36 42 is
1311 1117 90 37 met
1423 1112 106 42 with
1551 1120 111 36 most
1690 1115 241 42 frequently
1953 1116 44 41 in

384 1178 241 41 connexion
661 1179 103 41 with
798 1180 243 42 conditions
1074 1181 46 41 of
1150 1181 258 55 depression.
1471 1183 44 41 It
1545 1184 48 50 is,
1616 1197 45 29 as
1688 1184 171 55 already
1886 1186 111 41 indi-

382 1248 136 52 cated,
542 1262 197 29 common
761 1250 47 41 in
830 1264 116 28 cases
969 1251 44 41 of
1035 1251 293 43 Melancholia
1350 1252 104 42 with
1478 1257 160 39 stupor.

439 1389 268 42 Formation
730 1399 53 33 of
804 1390 268 52 Sentences,
1097 1402 89 30 and
1208 1391 337 43 Articulation
1567 1403 53 31 of
1642 1393 183 42 Words,
1847 1404 47 31 in
1921 1394 74 41 In-

381 1460 281 42 sanity.—It
691 1461 78 41 has
799 1461 173 42 already
995 1461 108 42 been
1127 1461 150 43 shown
1299 1463 96 41 that
1416 1463 46 41 in
1485 1477 116 28 some
1624 1464 131 41 forms
1777 1464 44 41 of
1852 1465 144 40 mania

379 1531 108 42 with
519 1531 238 42 exaltation
787 1532 86 41 and
901 1532 264 42 excitement
1186 1532 72 42 the
1281 1532 117 42 ideas
1420 1547 111 41 may,
1554 1534 66 41 for
1643 1534 71 42 the
1737 1534 255 52 individual,

380 1603 53 41 be
466 1602 237 54 unusually
735 1602 219 42 brilliant;
991 1603 84 41 and
1107 1603 103 55 they
1234 1617 98 41 may
1355 1604 51 41 be
1429 1605 226 41 expressed
1680 1604 103 41 with
1807 1606 185 40 unusual

379 1672 168 42 felicity
571 1673 45 40 of
645 1673 176 41 diction,
844 1673 84 41 and
961 1672 104 42 with
1099 1673 164 54 perfect
1293 1673 284 42 articulation.
1641 1675 88 41 But
1750 1674 104 42 such
1878 1689 115 28 cases

381 1757 71 27 are
475 1743 236 42 somewhat
734 1743 284 55 exceptional,
1041 1744 73 41 the
1147 1757 117 28 more
1287 1758 195 27 common
1509 1744 337 42 characteristics
1868 1745 128 55 being

378 1813 175 42 voluble
586 1813 281 42 incoherence
905 1813 85 41 and
1023 1827 114 28 mere
1170 1827 129 28 noise,
1332 1813 104 41 with
1469 1814 259 54 incomplete
1761 1815 85 41 and
1877 1820 117 36 often

379 1884 359 42 ungrammatical
770 1888 234 38 sentences.
1069 1884 267 49 Sometimes,
1358 1884 136 54 again,
1518 1884 125 42 when
1666 1885 261 41 excitement
1957 1886 36 41 is

379 1960 78 37 not
488 1969 46 28 so
566 1959 130 51 great,
729 1955 84 41 and
846 1955 155 41 speecli
1033 1955 37 41 is
1107 1968 118 27 more
1258 1954 244 42 deliberate,
1533 1954 120 42 there
1692 1969 98 41 may
1821 1955 90 42 still
1943 1956 51 41 be

380 2026 161 41 defects
579 2025 46 41 in
663 2039 215 41 grammar
899 2024 428 55 (agrammatisnms),
1350 2025 140 41 which
1516 2025 72 41 the
1610 2025 166 54 patient
1809 2025 74 41 did
1920 2030 74 36 not

381 2097 168 41 exhibit
571 2095 123 43 when
719 2110 112 28 sane.
894 2095 71 42 He
987 2109 99 42 may
1108 2100 146 36 return
1278 2100 44 36 to
1345 2109 24 27 a
1391 2095 104 41 kind
1519 2095 45 41 of
1588 2095 299 54 baby-speech,
1910 2095 83 41 and

380 2181 75 28 use
492 2182 65 26 me
594 2167 65 41 for
689 2165 39 53 I,
761 2171 177 37 convert
976 2166 72 42 the
1085 2166 300 41 terminations
1422 2167 45 40 of
1500 2166 206 41 irregular
1742 2166 126 41 verbs
1904 2166 91 41 into

381 2239 123 41 those
537 2238 44 42 of
611 2237 169 56 regular
812 2251 114 28 ones,
949 2251 45 26 or
1026 2251 75 27 use
1133 2237 74 41 the
1235 2237 104 41 verb
1362 2236 101 41 only
1485 2236 45 40 in
1564 2236 71 41 the
1668 2236 240 52 infinitive;
1939 2249 56 37 or,

380 2309 90 41 like
503 2323 24 27 a
558 2307 130 52 child,
711 2307 53 43 he
795 2321 101 41 may
918 2307 133 42 speak
1083 2306 46 42 of
1157 2306 177 42 himself
1366 2306 101 41 only
1490 2306 45 40 in
1568 2306 73 41 the
1675 2305 115 41 third
1819 2319 177 40 person;

382 2393 57 27 or,
461 2378 45 41 in
529 2378 231 42 obedience
784 2383 42 35 to
849 2390 116 29 some
988 2376 195 42 delusion
1207 2380 130 37 about
1358 2376 67 42 his
1447 2375 275 55 personality,
1744 2375 53 42 he
1819 2389 109 40 may,
1951 2376 41 39 in

382 2449 208 42 referring
614 2452 42 37 to
678 2447 186 51 himself,
887 2447 160 41 always
1069 2460 75 28 use
1167 2447 104 41 such
1295 2460 53 27 an
1371 2445 249 43 expression
1642 2459 46 28 as
1710 2450 20 16 "
1746 2445 73 42 the
1842 2459 151 41 person

382 2520 47 41 of
448 2518 103 42 me."
614 2518 115 42 Such
754 2531 133 28 errors
909 2517 46 41 in
977 2522 157 36 syntax
1158 2516 83 41 and
1263 2515 184 56 prosody
1469 2529 70 28 are
1561 2529 195 28 common
1780 2515 179 43 enough.

441 2590 63 42 As
529 2593 41 38 to
594 2588 305 42 Articulation,
929 2588 22 40 I
984 2587 128 41 think
1145 2601 61 27 we
1239 2600 98 41 may
1361 2600 75 28 say
1459 2586 95 41 that
1575 2585 46 41 in
1644 2585 73 42 the
1739 2585 152 42 earlier
1913 2585 82 41 and

383 2674 116 28 more
529 2659 139 42 active
697 2663 141 37 stages
867 2658 47 41 of
941 2657 193 42 insanity
1157 2656 275 42 articulation
1454 2656 46 41 of
1525 2655 241 42 individual
1790 2655 137 42 words
1958 2655 37 41 is

384 2730 172 55 usually
578 2729 174 56 perfect.
816 2729 53 41 In
904 2727 174 43 chronic
1100 2741 117 28 cases
1249 2726 89 42 also
1364 2727 36 41 it
1421 2739 103 29 very
1546 2726 116 41 often
1696 2726 186 41 remains
1903 2739 92 41 per-

381 2803 87 41 fect
490 2799 275 43 throughout.
828 2799 121 41 Even
974 2798 125 41 when
1122 2797 192 42 insanity
1333 2797 120 42 sinks
1475 2796 92 42 into
1591 2796 154 55 partial
1767 2795 229 50 dementia,

381 2873 122 42 there
534 2871 37 41 is
604 2875 118 37 often
756 2870 183 54 nothing
960 2868 161 43 special
1151 2871 45 39 to
1217 2867 171 42 remark
1410 2881 129 28 about
1562 2866 74 42 the
1658 2866 272 41 articulation
1954 2866 46 40 of

379 2943 75 43 the
494 2941 152 43 words,
689 2941 199 41 however
935 2940 151 41 barren
1135 2939 43 41 of
1223 2938 203 42 meaning
1466 2937 74 42 the
1585 2936 200 56 patient's
1831 2950 74 27 use
1951 2935 44 41 of

380 3013 118 42 them
534 3025 98 28 may
655 3011 62 41 be.
782 3010 52 41 In
856 3008 238 43 Advanced
1118 3023 45 27 or
1195 3022 155 28 almost
1377 3006 122 43 Total
1522 3006 241 49 Dementia,
1786 3005 207 49 however,

378 3098 46 28 as
457 3096 171 43 already
657 3080 230 43 indicated,
910 3080 72 42 the
1015 3079 282 42 maundering
1328 3077 83 43 and
1445 3076 241 56 mumbling
1713 3075 279 57 Monologues
