2113 3404
830 215 87 30 THE
951 216 241 32 DISORDERS
1223 218 53 30 OF
1308 219 173 31 SPEECH.

331 195 84 43 316

331 326 95 42 that
459 328 105 56 they
587 336 156 36 cannot
782 338 127 45 trace,
934 334 40 40 in
1017 335 181 55 writing,
1232 350 127 40 many
1383 351 114 27 more
1539 339 136 41 words
1708 340 102 41 than
1845 342 102 53 they

329 409 78 28 can
431 411 175 42 express
628 401 45 41 in
706 403 190 54 speech."
960 404 68 42 He
1061 404 237 43 illustrates
1332 406 85 42 this
1441 409 261 53 proposition
1736 410 56 55 by
1814 416 134 50 citing

330 480 26 28 a
378 469 184 43 number
582 472 47 40 of
647 485 141 39 cases;
819 487 157 39 among
997 475 145 41 others
1164 476 95 41 that
1280 477 47 40 of
1350 489 25 29 a
1409 478 165 54 patient
1607 479 93 41 who
1734 479 81 42 had
1847 481 100 54 only

332 542 85 37 two
443 541 136 40 words
602 541 41 41 in
671 542 66 41 his
760 544 274 55 vocabulary,
1059 545 94 43 viz.,
1173 547 73 40 oui
1276 547 82 41 and
1383 562 185 37 maman,
1590 549 84 41 and
1709 550 94 42 who
1824 551 122 41 could

333 609 101 55 only
456 611 118 42 write
593 626 80 28 one
693 614 126 49 word,
839 614 91 43 viz.,
950 615 64 41 his
1037 630 94 27 own
1157 630 132 28 name.
1352 618 143 42 When
1518 619 129 42 asked
1666 624 43 37 to
1730 623 118 38 write
1865 635 83 39 any

336 679 126 53 word,
486 680 52 43 he
560 681 161 56 always
746 688 130 37 wrote
900 684 66 41 his
995 699 92 27 own
1124 699 148 29 name;
1303 687 85 41 and
1420 688 53 42 he
1504 688 73 42 did
1610 703 46 27 so
1687 703 106 29 even
1828 689 119 42 when

334 750 53 42 he
411 765 85 28 was
519 752 130 42 asked
675 758 43 36 to
743 753 120 42 write
885 755 72 41 oui
978 769 47 27 or
1046 771 185 28 maman.

393 819 240 53 Gairdner,1
665 823 42 40 in
746 823 125 51 1867,
895 838 221 41 expresses
1147 827 164 41 similar
1343 828 141 42 views.
1547 829 68 41 He
1637 829 311 50 says,—"Not-

336 890 311 56 withstanding
668 906 117 28 some
810 895 268 55 noteworthy
1097 897 247 54 exceptions
1365 898 64 54 (to
1446 899 281 53 appearance)
1749 899 42 40 in
1814 900 136 40 which

333 960 175 54 aphasic
532 962 264 43 individuals
819 978 70 27 are
911 965 103 52 said,
1031 979 55 29 on
1110 967 145 42 rather
1275 968 108 54 good
1405 968 231 54 authority,
1653 973 43 36 to
1718 969 108 41 have
1844 969 103 41 been

333 1031 178 54 capable
533 1033 46 40 of
598 1034 250 55 expressing
878 1035 114 41 their
1025 1036 203 54 thoughts
1253 1038 45 40 in
1334 1044 180 49 writing,
1538 1038 73 42 the
1643 1039 122 41 usual
1798 1039 86 41 fact
1913 1039 37 42 is

334 1102 212 55 certainly
569 1104 73 41 the
666 1105 342 53 opposite,—the
1030 1106 175 55 aphasic
1227 1108 142 41 writes
1391 1112 45 37 at
1456 1108 109 42 least
1594 1123 45 27 as
1671 1109 128 41 badly
1821 1122 46 28 as
1900 1109 50 41 he

334 1173 179 54 speaks;
545 1175 84 40 and
655 1175 123 41 when
802 1175 53 42 he
878 1176 154 53 speaks
1056 1183 73 35 not
1152 1183 44 36 at
1219 1178 69 41 all,
1311 1178 52 41 he
1388 1179 140 41 writes
1552 1183 73 37 not
1647 1183 45 37 at
1713 1179 93 41 all."

396 1245 43 40 It
481 1245 35 42 is
550 1246 45 40 in
638 1245 87 42 this
767 1260 132 40 paper
940 1248 96 40 that
1078 1248 213 42 Gairdner
1325 1248 155 42 directs
1518 1249 212 41 attention
1773 1254 43 36 to
1858 1250 92 41 that

334 1316 268 42 remarkable
625 1316 299 55 phenomenon
959 1318 223 42 exhibited
1203 1319 46 40 in
1282 1319 72 41 the
1378 1320 170 40 writing
1582 1320 42 39 of
1653 1319 206 54 aphasics,
1881 1319 71 41 the

335 1388 20 18 "
370 1385 285 43 intoxication
671 1387 20 15 "
714 1388 46 40 of
780 1387 72 42 the
875 1389 120 40 brain
1026 1389 103 40 with
1153 1403 23 26 a
1198 1388 136 42 letter.
1398 1389 69 41 He
1498 1389 119 54 gives
1650 1389 228 41 facsimiles
1909 1389 44 41 of

334 1456 75 41 the
431 1456 293 56 handwriting
746 1458 44 41 of
809 1459 163 41 several
998 1460 43 40 of
1075 1460 65 40 his
1172 1460 199 54 patients,
1397 1459 137 41 which
1567 1460 115 40 show
1716 1460 235 53 admirably

337 1527 108 49 how,
471 1528 124 41 when
619 1528 73 41 the
717 1529 167 54 patient
901 1530 104 41 tries
1024 1535 42 36 to
1085 1530 121 41 write
1223 1544 24 27 a
1265 1530 242 40 word—his
1525 1544 135 26 name,
1678 1530 63 40 for
1759 1530 195 53 example

337 1613 175 26 —some
535 1598 129 42 letter
686 1600 44 39 in
754 1600 35 40 it
812 1600 36 41 is
871 1605 75 36 apt
970 1609 41 32 to
1035 1601 52 41 be
1119 1601 196 41 repeated
1346 1615 99 26 over
1466 1600 84 41 and
1573 1614 100 28 over
1695 1600 138 55 again,
1854 1614 45 26 as
1922 1600 33 40 if

336 1669 74 41 the
433 1669 169 54 patient
623 1670 127 41 could
774 1674 76 37 not
871 1675 73 50 get
966 1670 74 42 the
1063 1671 137 54 image
1224 1671 45 40 of
1288 1671 35 40 it
1346 1676 41 35 to
1409 1671 128 40 retire
1561 1671 108 40 from
1692 1670 65 41 his
1781 1684 129 26 mind.

395 1738 156 42 When,
575 1744 44 35 at
642 1754 23 25 a
688 1739 108 41 later
816 1740 162 54 period,
1000 1740 74 42 the
1101 1747 168 35 centres
1291 1740 66 40 for
1388 1740 73 41 the
1486 1740 137 41 visual
1645 1739 84 41 and
1761 1740 192 53 graphic-

336 1814 140 36 motor
498 1810 160 54 images
680 1810 44 40 of
748 1810 137 41 words
908 1811 44 40 in
976 1811 72 41 the
1070 1811 123 41 brain
1216 1810 83 41 had
1324 1811 105 40 been
1460 1810 329 41 differentiated,
1813 1810 34 40 it
1871 1824 82 26 was

335 1879 230 54 suggested
607 1880 95 41 that
745 1880 72 42 the
862 1881 188 41 troubles
1093 1881 43 41 of
1183 1881 195 40 aphasics
1421 1881 43 40 in
1508 1886 171 48 writing
1725 1880 138 54 might
1905 1880 49 40 be

337 1950 237 42 accounted
598 1951 65 41 for
685 1951 57 54 by
765 1951 237 55 supposing
1024 1951 95 41 that
1149 1951 73 41 the
1243 1950 134 41 lesion
1401 1951 45 40 in
1479 1950 167 41 Broca's
1679 1955 275 36 convolution

337 2021 215 41 extended
575 2021 92 41 into
702 2021 72 42 the
806 2022 210 54 posterior
1048 2021 230 42 extremity
1301 2022 47 38 of
1376 2020 72 42 the
1481 2020 153 42 second
1668 2020 154 41 frontal
1856 2033 98 28 con-

340 2090 206 42 volution,
578 2091 84 40 and
696 2091 101 41 thus
834 2092 201 41 involved
1075 2091 72 41 the
1188 2098 145 34 centre
1375 2091 64 41 for
1481 2090 180 41 writing.
1723 2090 82 41 We
1847 2089 108 42 shall

340 2162 244 54 by-and-by
609 2162 108 41 have
750 2167 43 36 to
816 2162 196 42 consider
1035 2162 116 40 what
1182 2162 124 41 effect
1338 2175 113 40 upon
1487 2161 171 54 writing
1688 2174 25 27 a
1743 2159 136 43 lesion
1910 2173 46 27 so

339 2231 189 42 situated
552 2246 98 40 may
673 2232 196 55 produce.
936 2234 51 39 In
1012 2232 72 41 the
1110 2232 232 40 meantime
1365 2232 35 40 it
1422 2245 96 27 may
1543 2231 51 41 be
1616 2230 222 42 remarked
1861 2230 95 41 that

339 2302 176 53 opinion
553 2302 36 41 is
627 2302 171 55 coming
834 2303 138 41 round
1010 2307 44 37 to
1098 2302 72 41 the
1213 2301 118 41 older
1367 2314 105 27 view
1514 2300 44 41 of
1600 2300 234 41 Trousseau
1870 2299 84 41 and

340 2371 225 52 Gairdner,
597 2372 227 55 according
855 2377 44 36 to
933 2373 140 40 which
1110 2372 88 40 this
1232 2370 284 41 disablement
1547 2369 43 41 of
1627 2369 72 40 the
1736 2382 140 40 power
1912 2369 43 40 of

341 2443 173 41 writing
546 2444 36 40 is
615 2458 80 27 one
727 2444 46 40 of
803 2443 72 42 the
907 2456 208 28 common,
1148 2441 155 41 almost
1335 2445 210 36 constant,
1566 2438 155 42 results
1753 2439 47 40 of
1819 2443 136 36 motor

339 2513 187 55 aphasia.
589 2513 203 54 Dejerine
815 2513 101 41 thus
945 2512 229 42 concludes
1205 2525 24 27 a
1260 2515 145 37 recent
1436 2508 196 42 valuable
1665 2508 288 42 contribution

341 2589 43 36 to
400 2584 74 42 the
493 2586 21 20 "
530 2584 138 41 Study
687 2584 44 41 of
749 2584 72 41 the
838 2583 207 41 Troubles
1063 2583 46 41 of
1118 2581 193 42 Writing
1328 2581 41 39 in
1387 2579 211 55 Aphasics
1613 2578 55 42 :"2
1682 2583 78 26 —"
1776 2577 121 43 Thus
1912 2580 43 40 in

340 2655 250 55 proportion
613 2669 46 26 as
683 2668 62 27 we
777 2667 188 28 advance
998 2653 44 40 in
1077 2653 71 40 the
1180 2651 128 42 study
1342 2651 45 40 of
1416 2648 202 57 agraphia
1650 2663 61 27 we
1743 2649 89 41 find
1865 2649 93 41 that

339 2727 239 40 Trousseau
617 2739 85 28 was
735 2725 125 55 right,
891 2738 138 37 when,
1061 2722 208 55 speaking
1300 2721 44 40 in
1380 2721 65 39 his
1477 2719 238 42 celebrated
1749 2719 208 54 cliniques

343 2810 116 41 upon
501 2795 189 55 aphasia,
732 2795 46 41 of
816 2794 73 41 the
927 2793 189 42 troubles
1153 2792 46 41 of
1230 2791 173 54 writing
1440 2791 44 40 in
1521 2789 208 56 aphasics,
1765 2789 52 41 he
1853 2789 103 49 said,

344 2867 161 41 having
541 2867 44 39 in
626 2878 108 29 view
772 2864 209 53 certainly
1018 2876 102 28 only
1160 2861 71 41 the
1268 2859 174 42 cortical
1478 2863 135 38 motor
1646 2857 207 55 aphasics,
1886 2857 72 41 the

489 2952 8 22 1
526 2952 102 35 Proc.
649 2950 40 36 of
701 2950 54 36 the
773 2950 101 36 Phil.
894 2949 72 37 Soc.
986 2948 41 47 of
1041 2948 166 46 Glasgow,
1228 2948 175 43 1865-68,
1420 2956 36 35 p.
1477 2946 78 34 104.

490 3011 13 25 a
535 3012 159 36 Comptes
711 3011 145 35 Renclus
873 3010 56 35 des
945 3008 146 37 Stances
1108 3007 40 35 de
1166 3007 34 35 la
1218 3005 135 36 Socie'te'
1364 3004 40 36 de
1420 3003 166 46 Biologic,
1605 3001 91 47 July
1719 3003 99 33 1891.
