2113 3404
929 238 86 30 THE
1051 238 238 33 DISOHDEIiS
1322 241 54 31 OF
1406 243 173 32 SI'KECII.

426 223 20 38 -I
456 225 53 36 OS

425 350 68 43 his
525 355 170 54 tongue,
727 355 86 43 and
847 356 134 43 found
1019 357 178 44 himself
1228 359 168 57 talking
1437 363 466 43 nonsense—absolute
1941 377 102 29 non-

424 436 134 30 sense.
621 425 73 43 He
717 425 124 43 knew
865 427 95 43 that
990 427 54 43 lie
1070 442 83 28 was
1186 429 167 58 talking
1387 445 223 30 nonsense,
1633 434 78 41 but
1742 433 54 43 he
1821 433 125 42 could
1969 439 75 37 not

424 494 102 55 help
549 495 47 53 it,
618 496 85 42 and
725 496 54 43 he
802 497 79 43 felt
903 498 66 41 for
991 498 73 42 the
1083 499 103 42 time
1208 500 128 55 being
1353 501 95 42 that
1469 502 53 42 he
1541 508 117 36 must
1673 503 130 55 speak
1823 517 218 29 nonsense.

423 565 64 42 At
509 566 72 42 the
603 581 117 29 same
743 568 105 42 time
870 568 54 42 he
948 583 85 27 was
1066 570 200 41 attacked
1290 571 103 41 with
1426 572 245 54 giddiness;
1701 574 79 41 but
1800 574 111 41 after
1939 578 102 39 rest-

422 636 75 47 ing
534 652 24 27 a
594 637 127 53 little,
758 638 53 42 he
851 639 200 55 regained
1084 640 166 42 control
1282 642 42 40 of
1356 642 186 51 himself,
1573 645 84 40 and
1695 645 72 42 the
1803 658 239 41 symptoms

424 722 131 29 never
576 709 205 42 occurred
803 709 163 55 again."

482 779 130 50 Thus,
654 793 156 42 among
847 779 74 41 the
957 779 273 55 phenomena
1270 781 44 41 of
1354 781 243 42 functional
1633 782 176 55 aphasia
1849 798 112 41 may,
1997 798 45 28 as

422 850 44 41 of
509 850 240 42 occasional
787 864 269 36 occurrence,
1098 850 52 42 be
1192 851 214 42 reckoned
1447 852 265 55 paraphasia,
1752 855 291 54 paragraphia,

424 921 372 50 word-blindness,
829 921 85 40 and
946 920 342 44 word-deafness.
1350 921 89 42 But
1472 922 71 42 the
1573 936 251 29 occurrence
1853 924 43 41 of
1923 924 119 43 these

421 991 275 55 phenomena
716 991 38 42 is
779 1004 105 29 rare.
947 990 90 42 The
1059 1004 265 39 occurrence,
1346 991 166 51 indeed,
1533 992 44 42 of
1608 993 358 43 word-blindness
1997 1008 48 28 or

421 1063 47 41 of
498 1061 337 42 word-deafness
868 1061 135 54 ought
1033 1061 219 55 generally
1284 1066 43 37 to
1359 1068 174 49 suggest
1563 1067 43 37 to
1638 1063 74 42 the
1743 1064 121 41 mind
1894 1064 44 42 of
1970 1065 72 41 the

421 1132 227 55 physician
684 1132 72 41 the
791 1131 265 55 probability
1089 1131 46 42 of
1168 1145 55 28 an
1255 1132 171 54 organic
1447 1132 145 42 rather
1619 1133 104 41 than
1746 1147 25 27 a
1802 1134 237 41 functional

421 1216 137 29 cause.
623 1202 54 40 In
709 1215 198 28 common
941 1215 117 28 cases
1090 1201 43 41 of
1166 1201 239 42 functional
1435 1203 187 54 aphasia,
1652 1204 74 42 the
1758 1204 171 42 leading
1956 1205 84 41 and

421 1272 120 41 often
575 1272 72 41 the
674 1271 103 55 only
800 1270 303 55 phenomenon
1124 1271 37 41 is
1183 1272 192 41 amnesia
1396 1272 185 41 verbalis
1610 1272 431 57 (logamnesia)—the

420 1343 86 41 loss
529 1343 43 41 of
595 1342 74 42 the
692 1356 141 40 power
855 1342 44 40 of
921 1341 159 55 calling
1112 1355 58 41 up
1194 1341 138 42 words
1364 1342 46 40 in
1441 1341 73 42 the
1536 1356 192 28 memory
1750 1343 109 41 from
1877 1344 162 42 within.

423 1412 256 43 Commonly
703 1412 73 42 the
800 1412 177 54 aphasia
998 1412 37 41 is
1064 1411 153 56 purely
1240 1412 211 42 amnesic:
1484 1412 101 55 only
1613 1412 42 40 in
1688 1427 25 26 a
1745 1413 80 41 few
1857 1427 116 28 cases
2004 1413 36 42 is

422 1484 37 41 it
480 1484 89 41 also
592 1482 205 43 agnostic.

482 1554 182 42 Curious
686 1568 70 27 are
779 1553 73 42 the
875 1553 135 41 tricks
1033 1552 95 41 that
1159 1567 100 40 may
1290 1553 52 42 be
1374 1553 157 55 played
1565 1568 115 40 upon
1712 1568 53 27 an
1797 1554 238 42 individual

422 1626 55 41 by
501 1639 24 27 a
546 1624 155 43 simple
724 1624 191 41 amnesia
938 1624 43 41 of
1002 1637 150 27 nouns.
1215 1623 88 41 The
1325 1638 125 27 name
1472 1624 45 41 of
1537 1638 115 28 some
1678 1624 186 42 familiar
1886 1625 151 50 friend,

419 1710 48 28 or
489 1696 46 42 of
553 1709 117 28 some
692 1694 189 42 familiar
905 1695 129 53 place,
1060 1708 109 40 may,
1190 1694 66 41 for
1272 1694 73 41 the
1363 1698 201 46 moment,
1582 1695 51 41 be
1651 1694 221 55 forgotten.
1935 1695 101 42 This

420 1769 37 40 is
480 1781 46 28 so
547 1780 199 28 common
769 1780 45 27 as
838 1771 42 35 to
902 1765 52 41 be
977 1764 188 55 scarcely
1187 1764 296 55 pathological.
1548 1766 87 39 But
1657 1765 119 41 there
1808 1765 36 41 is
1867 1765 170 55 usually

419 1838 246 53 something
697 1835 287 55 pathological
1016 1835 45 40 in
1096 1835 71 41 the
1200 1848 105 28 case,
1326 1834 36 41 if
1391 1835 73 40 the
1495 1834 255 52 individual,
1779 1848 107 28 even
1918 1835 64 41 for
2013 1849 25 27 a

419 1912 206 47 moment,
657 1907 137 41 forget
825 1906 67 40 his
924 1919 97 27 own
1053 1918 139 28 name,
1225 1918 47 28 or
1302 1904 68 42 his
1399 1918 96 28 own
1517 1904 183 42 address.
1762 1905 88 41 The
1874 1906 164 41 famous

420 1992 95 29 case
549 1978 43 41 of
627 1977 72 42 the
734 1975 274 43 ambassador
1039 1980 45 36 at
1118 1973 52 45 St
1202 1974 266 56 Petersburg,
1491 1974 228 55 originally
1750 1974 199 42 recorded
1981 1975 56 54 by

420 2047 235 44 Crichton,1
677 2048 37 41 is
749 2046 186 42 referred
970 2051 43 36 to
1048 2046 56 55 by
1139 2059 155 27 almost
1327 2044 59 42 all
1420 2045 161 41 writers
1613 2058 53 28 on
1701 2045 184 55 aphasia.
1947 2045 88 41 The

418 2133 276 29 ambassador
736 2118 84 41 had
857 2116 196 43 occasion
1087 2122 42 35 to
1167 2115 83 42 call
1286 2119 45 37 at
1367 2129 25 27 a
1423 2115 133 41 house
1588 2114 138 43 where
1759 2115 52 42 he
1846 2129 82 27 was
1961 2120 74 36 not

418 2192 161 41 known
613 2194 44 37 to
691 2189 74 41 the
799 2201 206 29 servants.
1067 2186 205 42 Wishing
1305 2190 42 37 to
1377 2199 98 41 give
1497 2185 67 42 his
1586 2199 138 37 name,
1745 2185 53 42 he
1823 2185 146 51 found,
1990 2190 43 36 to

417 2262 69 42 his
508 2260 333 44 consternation,
865 2258 95 42 that
981 2258 53 41 he
1059 2271 85 27 was
1166 2261 76 37 not
1263 2256 107 50 able,
1387 2256 65 41 for
1474 2256 73 42 the
1570 2262 200 44 moment,
1789 2261 42 36 to
1854 2270 179 27 remem-

416 2333 76 42 ber
513 2333 45 41 it.
620 2331 281 42 Whereupon
921 2329 56 41 he
997 2327 158 43 turned
1177 2332 42 37 to
1243 2327 65 41 his
1331 2326 268 55 companion,
1621 2327 84 41 and
1734 2327 91 42 said
1857 2332 42 36 to
1931 2327 102 49 him,

418 2404 108 41 with
547 2402 131 42 much
700 2413 282 31 earnestness,
1003 2401 20 20 "
1038 2399 82 40 For
1142 2396 128 43 God's
1292 2397 115 50 sake,
1429 2396 77 43 tell
1528 2411 66 27 me
1617 2397 95 42 who
1735 2397 23 41 I
1779 2395 104 43 am."

416 2564 198 43 Aphasia
645 2562 90 42 and
766 2561 111 42 other
905 2558 145 44 Speech
1086 2557 190 42 Troubles
1305 2556 148 42 caused
1482 2557 167 54 rcjicxly
1670 2557 49 54 by
1738 2556 231 42 Irritation
1989 2557 50 54 of

921 2630 160 41 certain
1101 2627 250 42 Peripheral
1371 2626 160 42 Nerves.

475 2744 90 42 The
617 2743 110 41 form
778 2740 43 41 of
872 2738 130 42 reflex
1054 2737 213 42 irritation
1323 2740 112 37 most
1492 2736 228 56 familiarly
1783 2736 246 56 recognised

414 2832 46 27 as
502 2830 24 28 a
567 2812 188 58 possible
800 2824 125 29 cause
962 2809 44 42 of
1047 2807 176 43 aphasia
1263 2807 37 41 is
1338 2806 213 42 irritation
1599 2807 44 41 of
1685 2808 73 41 the
1804 2807 225 42 intestines

414 2889 57 55 by
510 2899 165 36 worms,
718 2880 231 57 especially
987 2885 273 36 tape-worms
1297 2890 47 28 or
1385 2876 323 43 round-worms.
1785 2877 133 41 There
1959 2890 68 28 are

413 2970 233 31 numerous
683 2966 117 30 cases
837 2952 46 41 of
916 2950 88 42 this
1041 2949 104 42 kind
1179 2963 53 26 on
1271 2946 157 43 record.
1491 2947 45 44 It
1566 2948 36 41 is
1634 2948 44 40 in
1711 2947 190 42 children
1935 2952 93 36 that

487 3051 12 22 1
527 3049 64 37 An
607 3046 154 50 Inquiry
778 3045 76 36 into
872 3043 55 37 the
947 3042 136 38 Nature
1100 3040 73 38 and
1192 3038 129 48 Origin
1338 3039 41 48 of
1390 3038 141 36 Mental
1550 3039 262 49 Derangement,
1832 3041 101 35 1798.
