2113 3404
933 244 87 31 THE
1054 246 240 32 DISORDERS
1328 249 52 29 OF
1413 250 176 32 SPEECH.

432 227 85 42 416

433 371 243 42 crossover,
698 360 45 45 in
765 368 165 50 greater
952 370 106 50 part,
1080 369 44 38 at
1148 366 71 43 the
1242 371 20 17 "
1277 367 284 44 Decussation
1576 370 43 41 of
1643 371 71 42 the
1730 372 222 54 Pyramids
1967 374 20 16 "
2011 380 41 37 to

435 428 73 43 the
545 432 194 54 opposite
768 433 142 43 sides.1
971 436 118 55 They
1125 451 69 28 are
1237 438 247 43 afterwards
1517 441 236 42 continued
1788 442 266 46 downwards

435 500 152 43 within
611 502 73 42 the
707 503 151 43 lateral
881 505 172 42 column
1077 507 45 41 of
1153 507 72 42 the
1259 509 140 54 spinal
1422 509 111 51 cord,
1555 514 43 38 to
1622 511 73 42 the
1721 512 167 43 various
1922 513 134 45 levels

432 574 46 38 at
501 571 140 43 which
664 573 114 43 their
800 575 125 42 fibres
946 576 290 56 individually
1261 579 225 43 terminate
1509 580 54 56 by
1588 581 185 57 forming
1794 584 261 44 connexions

434 641 104 42 with
561 643 74 43 the
659 649 138 37 motor
819 645 103 42 cells
956 646 46 41 of
1032 646 72 42 the
1127 648 185 42 anterior
1334 662 168 30 cornua.
1563 651 59 41 To
1646 651 119 43 these
1788 653 141 55 spinal
1951 655 103 42 cells

432 712 83 41 and
540 713 114 42 their
676 728 128 29 nerve
827 715 125 42 fibres
975 716 102 55 they
1101 718 199 41 transmit
1322 718 72 42 the
1419 724 136 37 motor
1577 721 233 43 influences
1833 726 218 41 conveyed

432 782 56 56 by
508 783 117 42 them
649 785 110 41 from
793 785 74 42 the
901 790 170 49 cortex;
1106 786 98 51 and,
1226 787 56 55 by
1305 788 74 42 the
1411 789 141 55 spinal
1588 804 161 39 nerves,
1772 793 118 42 these
1926 794 127 42 influ-

431 866 125 29 ences
579 867 69 29 are
671 854 163 42 carried
857 856 197 41 onwards
1077 862 43 36 to
1144 857 71 42 the
1238 858 195 42 muscles.

489 923 118 42 Thus
630 925 73 40 the
728 925 125 42 fibres
886 925 143 42 whose
1052 926 195 41 function
1284 927 35 41 is
1354 931 43 38 to
1430 927 224 44 innervate
1682 930 72 42 the
1789 938 265 38 movements

429 995 48 42 of
496 995 72 42 the
591 994 116 56 right
728 995 114 42 hand
868 1010 96 41 pass
986 996 279 52 downwards,
1282 998 109 41 after
1412 999 189 55 crossing
1622 1005 44 36 at
1685 1000 71 42 the
1774 1001 282 55 decussation,

432 1065 154 42 within
611 1065 72 43 the
717 1065 151 43 lateral
902 1067 173 41 column
1110 1067 44 41 of
1188 1067 72 42 the
1290 1068 182 41 cervical
1494 1069 111 52 cord,
1627 1070 85 41 and
1747 1073 227 42 terminate
1998 1074 56 55 by

429 1136 172 55 coming
634 1136 93 42 into
772 1136 309 56 physiological
1126 1138 252 41 connexion,
1411 1142 44 37 at
1489 1139 72 41 the
1604 1139 129 43 lower
1767 1146 95 49 part
1895 1143 46 40 of
1982 1144 70 41 the

428 1205 185 42 cervical
646 1205 306 56 enlargement,
985 1207 105 41 with
1124 1207 72 41 the
1233 1213 136 35 motor
1402 1207 103 42 cells
1539 1209 45 40 of
1614 1209 74 42 the
1723 1210 112 54 right
1867 1213 186 40 anterior

428 1291 144 27 cornu.
636 1277 128 42 From
787 1276 73 43 the
882 1291 130 28 cornu
1035 1278 148 54 spring
1205 1278 73 42 the
1302 1292 129 28 nerve
1454 1278 125 43 fibres
1601 1279 96 42 that
1717 1294 69 28 are
1811 1286 241 52 ultimately

429 1347 260 42 distributed
712 1352 43 37 to
778 1347 73 42 the
876 1348 183 42 muscles
1082 1348 46 41 of
1146 1348 73 41 the
1242 1348 126 41 hand.

488 1418 246 56 Eeturning
755 1432 96 27 now
875 1422 43 37 to
942 1419 72 41 the
1037 1419 126 41 Pons,
1186 1418 83 41 and
1305 1423 43 37 to
1372 1419 71 41 the
1466 1419 125 42 fibres
1616 1420 61 42 for
1699 1420 234 55 phonation
1968 1422 84 41 and

427 1488 89 42 oral
551 1488 287 42 articulation,
863 1503 60 27 we
947 1488 87 41 find
1071 1488 94 42 that
1186 1488 43 41 in
1266 1488 71 42 the
1362 1489 113 42 Pons
1511 1489 118 42 these
1651 1490 125 42 fibres
1799 1490 171 43 diverge
2006 1493 43 40 in

429 1559 112 42 their
563 1573 147 28 course
733 1559 108 41 from
879 1559 72 42 the
986 1563 86 38 rest
1091 1559 44 41 of
1171 1560 70 40 the
1263 1559 171 53 general
1471 1563 135 38 motor
1627 1564 118 38 tract.
1810 1561 174 42 Instead
2007 1563 43 40 of

428 1628 174 55 passing
624 1627 209 42 onwards,
857 1627 101 41 with
985 1627 72 42 the
1090 1631 87 38 rest
1205 1627 46 40 of
1281 1627 73 41 the
1389 1632 119 45 tract,
1530 1631 43 37 to
1606 1627 74 41 the
1715 1629 216 53 pyramids
1965 1629 84 41 and

426 1699 113 42 their
553 1699 283 50 decussation,
853 1698 104 55 they
975 1698 233 51 decussate,
1227 1697 125 55 along
1372 1697 102 41 with
1493 1697 121 41 other
1634 1698 122 41 fibres
1775 1698 63 40 for
1855 1698 72 42 the
1944 1699 103 51 face,

425 1770 45 42 in
495 1770 72 41 the
591 1770 130 41 lower
743 1773 96 51 part
861 1769 43 41 of
939 1768 71 42 the
1033 1781 130 42 pons;
1200 1768 84 41 and
1318 1768 233 42 thereafter
1572 1768 103 42 they
1697 1782 102 27 soon
1821 1769 228 42 terminate

426 1841 57 55 by
525 1841 171 41 coming
738 1840 91 41 into
881 1838 258 42 anatomical
1185 1838 84 41 and
1313 1838 308 55 physiological
1663 1839 237 41 connexion
1943 1847 104 34 with

429 1911 168 41 various
631 1924 140 28 motor
804 1909 143 41 nuclei
982 1909 44 40 in
1062 1908 71 41 the
1169 1908 102 41 floor
1304 1908 43 41 of
1380 1908 74 42 the
1477 1908 145 42 fourth
1646 1909 214 41 ventricle.
1924 1909 124 41 From

427 1981 73 42 the
523 1980 103 42 cells
658 1980 44 41 of
736 1979 119 42 these
890 1978 153 42 nuclei,
1067 1977 142 42 which
1231 1992 69 27 are
1324 1977 72 42 the
1429 1977 271 55 equivalents
1734 1978 42 41 of
1810 1978 72 42 the
1915 1983 137 36 motor

426 2051 103 43 cells
552 2051 44 41 in
619 2051 74 41 the
713 2050 190 42 anterior
925 2063 131 27 cornu
1078 2048 43 42 of
1155 2048 73 42 the
1251 2048 112 51 cord,
1385 2048 147 55 spring
1556 2047 71 43 the
1651 2053 136 36 motor
1814 2062 150 28 nerves
1987 2049 65 41 for

428 2136 236 42 phonation
700 2121 85 41 and
812 2120 89 42 oral
935 2118 275 43 articulation
1234 2118 140 41 which
1397 2132 120 28 carry
1541 2118 73 41 the
1647 2123 138 36 motor
1818 2118 234 43 influences

427 2194 196 42 onwards
647 2197 43 37 to
713 2192 72 42 the
810 2204 193 29 muscles.

487 2263 158 43 Before
668 2263 22 41 I
715 2262 127 41 finish
865 2261 120 41 these
1010 2260 112 41 brief
1153 2264 121 37 notes
1308 2263 131 37 about
1461 2258 72 43 the
1557 2272 147 28 course
1725 2258 44 41 of
1803 2258 72 42 the
1897 2258 154 42 speech

427 2339 145 39 tracts,
593 2334 62 41 let
690 2347 69 27 me
796 2346 76 28 say
895 2346 24 27 a
940 2331 118 41 word
1093 2334 132 38 about
1261 2329 73 41 the
1370 2328 171 56 general
1572 2328 98 56 plan
1709 2343 53 26 on
1801 2329 139 41 which
1977 2327 72 44 the

429 2406 138 42 whole
590 2418 140 28 motor
751 2407 112 38 tract
884 2402 37 42 is
943 2401 177 42 formed.

487 2477 52 41 In
564 2475 74 42 the
674 2478 140 37 motor
837 2477 120 37 tract,
981 2471 118 42 there
1135 2484 71 28 are
1228 2473 85 38 two
1350 2474 85 37 sets
1458 2469 43 41 of
1538 2469 102 41 cells
1675 2469 84 41 and
1797 2474 83 36 two
1902 2473 85 37 sets
2010 2469 46 41 of

428 2548 137 42 fibres.
628 2543 263 43 Proceeding
912 2542 109 41 from
1053 2554 133 28 above
1210 2539 277 42 downwards,
1512 2553 59 26 we
1595 2539 85 40 find
1717 2538 71 41 the
1813 2538 89 42 first
1923 2543 65 37 set
2008 2539 43 40 of

427 2615 104 43 cells
563 2618 44 37 to
639 2613 51 41 be
723 2612 74 41 the
828 2624 139 27 motor
998 2608 102 42 cells
1125 2607 300 52 (represented,
1447 2606 45 40 in
1524 2605 58 42 all
1605 2605 271 55 probability,
1899 2606 54 54 by
1979 2606 70 41 the

427 2686 116 41 large
566 2683 103 43 cells
692 2682 46 41 of
766 2679 124 43 Betz)
915 2679 44 41 in
984 2678 72 41 the
1078 2681 138 37 motor
1238 2690 170 38 cortex;
1439 2675 82 42 and
1555 2675 72 41 the
1652 2676 90 41 first
1764 2680 65 36 set
1850 2675 42 41 of
1926 2675 122 43 fibres

429 2762 43 36 to
494 2755 53 41 be
569 2753 73 42 the
664 2751 125 41 fibres
813 2748 138 42 which
983 2762 69 27 are
1085 2760 230 42 prolonged
1349 2745 264 41 downwards
1646 2744 106 41 from
1785 2745 118 41 these
1935 2744 114 49 cells,

428 2823 184 46 through
637 2822 73 42 the
742 2818 282 57 hemisphere,
1047 2831 107 28 cms,
1175 2816 84 42 and
1282 2829 120 42 pons,
1422 2815 68 41 till
1516 2814 102 56 they
1639 2814 239 50 terminate,
1901 2814 41 40 in
1978 2814 72 41 the

477 2931 12 23 1
517 2930 46 35 In
580 2927 103 37 these
701 2924 97 38 brief
812 2936 114 24 notes,
942 2924 17 34 I
975 2922 106 36 have,
1101 2921 55 36 for
1173 2920 62 36 the
1254 2931 85 25 sake
1357 2919 39 36 of
1411 2918 214 48 simplicity,
1653 2916 153 37 omitted
1833 2916 163 36 mention
2017 2915 41 35 of

427 2993 105 37 those
560 2988 109 36 fibres
696 2985 40 37 of
760 2983 87 37 each
876 2981 171 49 pyramid
1076 2980 121 36 which
1229 2991 60 24 are
1316 2977 199 37 continued
1548 2976 229 36 downwards
1808 2975 37 35 in
1878 2973 61 37 the
1969 2973 84 36 cord

429 3055 160 35 without
606 3045 161 38 crossing
785 3048 37 32 at
837 3043 63 36 the
918 3040 230 40 decussation
1167 3039 39 35 of
1222 3039 62 35 the
1303 3037 197 50 pyramids.
