2107 3450
792 303 294 34 GRADUATION
1118 307 166 33 THESIS.

1781 305 85 42 463

569 455 316 44 B.—Reprint
914 468 55 32 of
1001 457 303 47 Graduation
1336 463 176 44 Thesis.

467 559 119 41 (From
603 558 52 34 the
671 559 208 44 Edinburgh
897 559 156 34 Medical
1069 562 152 34 Journal
1237 565 41 41 of
1289 565 191 42 September
1497 569 117 40 1866.)

215 642 274 40 Observations
508 656 49 25 on
577 642 61 39 the
658 642 239 52 Physiology
918 645 48 48 of
978 644 60 39 the
1059 646 184 50 Larynx.
1305 646 64 52 By
1390 647 114 40 John
1527 649 192 53 Wyllie,
1743 652 125 52 M.D.,

267 706 220 51 M.R.C.S.,
514 706 140 40 Senior
678 706 208 40 President
908 707 43 38 of
974 708 66 39 the
1074 709 132 52 Royal
1228 710 173 39 Medical
1436 712 174 53 Society,
1638 714 79 40 and
1746 715 123 54 lately

266 785 73 26 one
362 771 43 39 of
422 772 66 39 the
511 770 194 40 Resident
722 771 238 52 Physicians
981 771 41 40 in
1044 773 67 39 the
1129 774 133 53 Royal
1282 775 224 54 Infirmary.
1548 776 86 55 (An
1658 779 213 40 Inaugural

270 836 278 50 Dissertation,
573 835 59 40 for
652 835 132 40 which
807 850 23 25 a
851 835 108 41 Gold
992 837 136 40 Medal
1149 851 83 27 was
1261 840 186 40 awarded
1473 841 54 53 by
1548 842 67 40 the
1639 843 234 55 University

268 900 44 40 of
330 901 237 40 Edinburgh
589 906 40 34 at
651 901 66 39 the
741 900 176 40 Medical
939 901 250 41 Graduation
1212 903 43 39 of
1271 904 166 53 August
1463 908 135 53 1865.)

259 1016 92 36 This
369 1029 115 36 paper
501 1017 32 35 is
551 1015 181 37 intended
750 1028 39 24 as
815 1029 22 23 a
863 1016 260 37 contribution
1148 1022 39 32 to
1213 1018 65 37 the
1306 1019 230 50 Physiology
1555 1021 39 37 of
1617 1022 64 37 the
1709 1023 160 36 Larynx,

208 1075 75 35 and
300 1078 67 33 not
385 1087 39 23 as
441 1087 50 24 an
509 1073 221 37 exhaustive
753 1074 151 36 treatise
931 1086 49 24 on
1006 1075 65 36 the
1098 1075 154 49 subject.
1307 1077 37 36 It
1370 1078 189 37 embodies
1585 1079 64 37 the
1675 1081 135 36 results
1835 1082 41 36 of

207 1144 23 24 a
246 1131 205 37 somewhat
466 1131 230 50 lengthened
714 1132 112 36 series
845 1132 40 36 of
901 1132 253 48 experiments
1171 1134 76 36 and
1265 1134 255 39 observations
1539 1149 47 25 on
1606 1137 63 37 the
1680 1138 194 50 following

210 1190 192 48 topics:—

262 1250 61 43 1st,
343 1247 61 37 On
421 1247 65 37 the
504 1248 153 36 descent
675 1247 40 37 of
730 1247 64 36 the
814 1246 192 49 epiglottis
1025 1246 140 50 during
1182 1248 239 37 deglutition.

254 1304 86 46 2nd,
359 1305 61 37 On
438 1305 64 36 the
520 1304 174 38 valvular
711 1305 127 37 action
857 1306 40 35 of
912 1304 65 37 the
995 1309 141 44 glottis.

259 1364 77 36 3rd,
357 1363 61 37 On
436 1363 65 37 the
520 1363 229 50 production
768 1364 41 36 of
822 1363 116 36 voice.

677 1473 142 37 I.—On
836 1473 56 37 the
910 1474 152 36 Descent
1081 1473 41 36 of
1135 1473 55 36 the
1207 1474 210 36 Epiglottis.

258 1557 47 36 In
324 1556 138 37 former
478 1557 110 36 times
608 1557 64 37 the
690 1557 190 49 epiglottis
899 1569 75 25 was
992 1557 164 48 thought
1180 1561 39 32 to
1245 1557 47 37 be
1317 1557 66 37 the
1409 1557 91 49 only
1518 1557 193 49 safeguard
1729 1565 145 32 against

208 1614 64 37 the
291 1618 175 33 entrance
485 1614 40 37 of
539 1615 87 36 food
644 1615 81 36 into
743 1615 65 36 the
826 1615 205 48 windpipe,
1050 1615 77 36 and
1144 1615 50 36 its
1211 1615 182 49 integrity
1408 1628 74 24 was
1496 1615 183 38 therefore
1697 1619 178 35 regarded

209 1685 39 24 as
279 1673 40 36 of
345 1673 137 36 almost
499 1674 95 36 vital
624 1685 264 25 consequence.
942 1674 77 35 But
1051 1685 103 24 more
1185 1674 180 47 recently,
1385 1686 98 23 cases
1502 1686 95 24 were
1627 1675 175 36 recorded
1833 1677 40 35 in

210 1730 124 37 which
352 1731 31 36 it
404 1731 75 36 had
505 1731 95 37 been
627 1731 162 37 entirely
807 1731 178 37 removed
1011 1731 48 36 by
1080 1731 171 36 accident
1277 1743 41 24 or
1343 1731 200 47 destroyed
1561 1731 51 48 by
1630 1732 150 47 disease,
1800 1734 74 36 and

209 1793 65 43 yet
290 1789 42 35 in
350 1788 104 37 these
472 1788 65 38 the
555 1789 110 36 bolus
683 1789 67 36 did
768 1793 67 32 not
861 1789 81 36 find
967 1790 49 35 its
1043 1801 84 24 way
1144 1789 82 36 into
1252 1788 66 37 the
1343 1788 148 48 larynx,
1510 1789 57 36 for
1593 1789 75 36 this
1695 1802 74 25 was
1796 1792 81 36 still

211 1846 214 48 effectually
443 1847 205 48 prevented
666 1847 51 36 by
736 1847 64 36 the
819 1847 145 37 closure
983 1848 40 36 of
1038 1847 65 37 the
1120 1847 131 47 glottis,
1271 1859 39 24 so
1329 1847 83 36 that
1435 1847 65 36 the
1518 1851 59 32 act
1595 1848 40 36 of
1649 1847 227 37 deglutition

210 1905 204 36 continued
432 1910 39 31 to
489 1905 46 37 be
561 1905 214 49 performed
794 1905 95 36 with
916 1905 131 48 safety,
1068 1905 76 37 and
1171 1917 94 24 even
1291 1905 95 36 with
1413 1917 90 24 ease.
1558 1906 209 47 Magendie,
1787 1907 87 48 also,

208 1961 42 36 in
280 1962 59 36 his
370 1968 262 43 experiments,
663 1963 220 49 repeatedly
910 1963 179 36 removed
1120 1962 66 37 the
1217 1962 191 48 epiglottis
1439 1963 41 35 of
1510 1962 65 36 the
1609 1963 73 48 dog
1715 1968 161 34 without

208 2020 224 48 apparently
450 2021 155 48 putting
632 2021 65 37 the
723 2021 143 37 animal
884 2025 38 32 to
949 2020 115 37 much
1091 2019 319 37 inconvenience.1
1466 2020 117 47 Many
1609 2021 267 49 physiologists

209 2088 96 26 were
323 2077 185 38 therefore
525 2078 63 37 led
605 2083 39 33 to
670 2079 132 47 regard
831 2079 78 36 this
937 2078 111 37 valve
1075 2090 40 24 as
1143 2077 92 37 only
1254 2078 40 35 of
1319 2077 203 49 secondary
1540 2078 242 48 importance,
1801 2082 75 35 and

208 2135 143 49 merely
368 2148 189 25 accessory
575 2142 38 31 to
632 2137 65 37 the
715 2136 130 49 glottis
863 2138 41 35 in
922 2137 66 36 the
1005 2136 259 49 performance
1282 2136 41 36 of
1335 2136 50 36 its
1402 2136 184 36 function.
1640 2137 47 35 In
1706 2149 68 24 our
1792 2150 83 23 own

206 2193 104 46 time,
329 2193 185 49 however,
533 2195 159 37 another
709 2195 93 37 class
829 2195 41 36 of
895 2207 99 24 cases
1021 2195 32 36 is
1090 2194 114 36 being
1231 2206 180 24 observed
1439 2193 95 36 with
1562 2193 64 36 the
1656 2194 63 36 aid
1747 2194 39 36 of
1811 2195 64 37 the

207 2249 278 52 laryngoscope,
504 2253 41 36 in
564 2253 126 37 which
715 2253 66 37 the
805 2254 121 47 glottis
951 2252 32 37 is
1009 2251 267 50 permanently
1293 2250 197 50 incapable
1516 2251 40 36 of
1579 2251 153 46 closure,
1753 2253 123 48 owing

207 2308 42 36 in
279 2321 101 26 some
409 2315 38 32 to
474 2310 184 49 paralysis
688 2311 41 37 of
753 2311 66 37 the
845 2311 176 36 intrinsic
1047 2322 161 24 muscles
1239 2309 41 37 of
1307 2309 65 36 the
1400 2309 148 47 larynx,
1583 2309 74 36 and
1683 2309 42 36 in
1751 2309 125 38 others

207 2371 39 32 to
297 2367 65 38 the
404 2380 175 37 presence
623 2369 41 37 of
704 2374 174 32 tumours
921 2381 104 24 upon
1068 2367 66 37 the
1176 2367 108 37 vocal
1327 2366 130 45 cords;
1500 2366 76 36 and
1621 2370 75 44 yet,
1731 2367 42 36 in
1811 2368 64 37 the

207 2425 177 49 majority
402 2426 40 37 of
453 2426 115 38 these,
587 2427 66 37 the
670 2427 137 49 larynx
825 2439 130 33 seems,
974 2427 52 36 by
1045 2425 64 37 the
1136 2425 193 49 epiglottis
1356 2424 120 47 alone,
1504 2429 39 31 to
1569 2424 47 37 be
1642 2437 38 24 as
1706 2426 168 48 securely

206 2484 167 48 guarded
391 2497 39 24 as
448 2486 32 35 it
497 2498 76 24 was
592 2485 112 37 when
721 2485 65 37 the
805 2490 103 44 parts
926 2497 96 25 were
1041 2484 166 36 healthy.
1263 2483 121 37 There
1403 2495 72 33 are,
1494 2483 103 45 then,
1615 2487 39 32 at
1678 2482 65 37 the
1761 2495 113 36 open-

207 2541 66 49 ing
292 2541 40 37 of
346 2542 65 37 the
430 2543 205 49 windpipe,
654 2548 76 32 two
748 2543 214 49 protecting
980 2554 140 25 valves,
1141 2541 121 36 either
1280 2541 41 36 of
1343 2540 125 37 which
1486 2540 32 36 is
1536 2541 41 35 in
1594 2540 106 37 itself
1722 2542 152 36 capable

207 2600 40 37 of
261 2600 143 37 closing
421 2601 32 36 it
470 2601 112 37 when
600 2602 88 36 food
707 2602 32 36 is
757 2602 153 48 passing
926 2614 9 32 ;
961 2600 71 37 but
1057 2613 22 24 a
1104 2599 137 37 double
1263 2599 164 37 security
1445 2599 32 35 is
1504 2599 178 36 obtained
1707 2599 52 48 by
1777 2600 98 36 their

206 2658 274 38 simultaneous
495 2660 135 36 action.
685 2660 52 37 Of
752 2659 65 37 the
835 2663 87 41 two,
941 2658 162 49 perhaps
1121 2658 65 36 the
1205 2657 193 49 epiglottis
1415 2657 32 36 is
1465 2657 65 36 the
1547 2669 102 25 more
1667 2657 208 37 important

206 2716 42 37 in
265 2717 232 48 performing
516 2718 78 36 this
612 2719 186 35 function,
817 2718 58 36 for
900 2718 52 36 by
970 2717 50 37 its
1047 2717 114 36 shape
1188 2716 75 37 and
1294 2715 164 49 position
1487 2715 32 37 it
1548 2727 117 25 seems
1695 2715 181 49 specially

204 2775 109 36 fitted
331 2779 38 32 to
387 2775 84 37 roof
486 2776 40 36 in
547 2776 64 37 the
629 2776 137 48 larynx
783 2790 8 31 ;
819 2776 85 37 and,
924 2776 40 36 in
984 2775 179 48 ordinary
1181 2786 299 25 circumstances,
1495 2774 31 36 it
1544 2773 109 37 alone
1664 2774 31 35 is
1707 2773 167 48 actually

206 2833 41 37 of
264 2834 151 36 service,
434 2833 58 37 for
509 2846 49 24 no
577 2834 87 36 food
683 2846 123 25 comes
824 2834 41 36 in
884 2837 148 33 contact
1052 2833 93 36 with
1160 2833 64 36 the
1250 2836 141 45 glottis,
1411 2832 127 36 which
1564 2830 253 38 nevertheless
1843 2831 32 35 is

206 2889 124 38 closed
348 2903 40 24 as
406 2903 48 24 an
473 2891 210 37 additional
701 2891 223 49 protection.

257 2947 126 46 What,
402 2947 105 37 then,
526 2948 32 35 is
584 2948 65 36 the
675 2947 233 37 mechanism
935 2948 52 36 by
1005 2947 126 36 which
1158 2947 66 36 the
1251 2946 215 37 depression
1485 2945 40 37 of
1549 2945 65 37 the
1636 2945 189 48 epiglottis
1843 2945 32 36 is

205 3005 278 38 accomplished
497 3005 13 37 1
563 3005 60 37 On
642 3005 76 36 this
737 3005 146 48 subject
901 3006 150 36 various
1069 3005 163 36 theories
1258 3004 95 36 have
1372 3004 94 36 been
1492 3002 256 49 propounded.
1802 3002 73 36 For

204 3063 183 49 example,
403 3063 30 36 it
451 3062 67 37 has
536 3063 94 36 been
645 3062 235 37 maintained
899 3062 84 37 that
1003 3065 19 17 "
1036 3062 65 36 the
1118 3062 137 36 larynx
1272 3062 32 35 is
1318 3060 133 37 closed,
1468 3072 41 24 or
1521 3059 126 37 rather
1661 3060 31 36 is
1706 3059 167 46 covered,

647 3148 6 15 1
678 3146 180 34 MagondiD's
873 3145 206 36 Compendium
1091 3145 34 33 of
1135 3144 176 34 Physiology,
1328 3150 27 29 p.
1373 3145 59 27 240.
