2113 3404
411 311 85 43 470

667 325 86 31 THE
786 326 273 34 PHYSIOLOGY
1094 328 52 34 OF
1177 330 86 33 THE
1296 333 482 43 LARYNX.—APPENDIX.

412 449 76 35 any
505 438 139 36 serious
665 439 159 38 obstacle
851 445 37 33 to
914 442 63 37 the
1002 444 68 36 exit
1095 444 41 36 of
1156 445 55 37 air
1235 446 108 40 when
1369 449 63 37 the
1454 451 125 47 glottis
1597 453 30 35 is
1645 453 131 38 closed,
1797 456 18 35 I
1833 468 83 24 now
1933 458 96 36 drew

412 493 56 35 air
486 494 212 38 backwards
716 496 162 50 through
896 499 63 37 the
976 500 144 48 larynx,
1138 502 41 36 in
1196 504 106 36 order
1319 509 36 32 to
1378 510 70 32 test
1474 507 96 37 their
1595 509 107 37 value
1727 523 38 23 as
1791 513 176 46 opposing
1983 515 47 35 its

412 553 161 34 entrance
590 552 136 48 during
743 556 204 47 attempted
965 556 229 48 inspiration.
1247 561 17 35 I
1286 561 114 37 found
1419 563 82 36 that
1518 564 49 47 by
1583 577 22 24 a
1622 577 88 37 very
1727 566 114 49 slight
1857 569 73 36 and
1948 582 83 35 easy

412 606 230 47 adjustment
665 610 39 34 of
726 610 63 36 the
814 613 194 45 arytenoid
1033 614 189 48 cartilages
1242 617 18 35 I
1281 617 109 37 could
1415 624 155 42 prevent
1594 621 46 36 its
1666 627 171 33 entrance
1862 625 166 47 entirely.

414 662 79 37 The
513 665 105 37 cords
635 666 66 36 did
718 672 66 32 not
801 670 145 46 require
971 674 39 32 to
1035 671 45 36 be
1106 672 155 48 forcibly
1278 675 146 46 pressed
1450 677 165 47 together
1631 691 8 30 ;
1665 678 61 37 the
1753 685 277 33 circumstances

413 725 96 31 most
533 721 215 39 favourable
771 725 58 36 for
853 726 193 49 obtaining
1075 729 97 35 their
1196 731 138 46 perfect
1363 732 168 37 valvular
1559 735 121 35 action
1710 747 93 26 were
1832 737 81 36 that
1942 738 89 47 they

412 776 136 38 should
573 779 45 37 be
643 782 209 47 accurately
874 784 279 46 approximated
1178 786 68 35 but
1271 791 65 32 not
1361 789 193 46 stretched,
1575 802 38 24 so
1639 791 82 36 that
1746 793 107 36 when
1877 795 55 35 air
1956 807 73 23 was

411 833 124 37 blown
553 837 171 46 upwards
741 837 161 49 through
920 839 63 36 the
1000 841 146 36 trachea
1162 853 21 24 a
1200 841 72 37 low
1289 848 86 31 note
1394 856 71 24 was
1488 846 193 46 produced.
1734 849 45 35 In
1804 850 75 36 this
1904 851 122 35 condi-

409 891 81 36 tion
508 892 50 47 by
575 893 129 47 gently
720 895 166 46 pressing
903 895 157 37 forward
1082 897 64 35 the
1171 898 119 47 apices
1308 899 39 36 of
1370 900 62 35 the
1457 903 192 45 aiytenoid
1674 905 188 48 cartilages
1887 907 63 35 the
1974 908 55 35 air

411 959 73 24 was
504 949 220 47 completely
743 955 222 32 obstructed.

458 1004 18 35 I
496 1009 89 31 next
602 1006 202 46 proceeded
820 1010 39 32 to
877 1009 178 35 ascertain
1072 1009 64 35 the
1154 1010 105 35 effect
1276 1010 40 36 of
1338 1011 173 49 bringing
1535 1014 166 47 together
1725 1015 63 37 the
1805 1017 94 46 false
1923 1017 103 37 vocal

407 1060 104 35 cords
529 1060 73 47 (B).
655 1061 119 37 These
798 1075 61 23 are
883 1067 67 32 not
975 1076 38 23 so
1044 1065 114 47 easily
1182 1065 161 48 brought
1376 1067 79 36 into
1489 1073 144 32 contact
1661 1082 38 24 as
1732 1071 63 36 the
1827 1076 92 33 true,
1952 1073 74 35 and

407 1115 64 37 the
488 1128 126 25 means
631 1118 160 47 adopted
808 1131 95 24 were
920 1119 181 37 therefore
1118 1121 124 36 rather
1258 1134 101 24 more
1381 1124 250 47 complicated.
1683 1126 88 36 Still
1787 1127 158 49 keeping
1964 1129 61 36 the

405 1174 194 44 arytenoid
614 1175 188 48 cartilages
818 1176 96 36 fixed
928 1178 166 46 together
1106 1190 38 24 as
1158 1178 133 45 before,
1307 1179 91 36 with
1411 1192 21 23 a
1445 1181 128 36 needle
1586 1182 72 35 and
1672 1182 165 48 ligature,
1854 1185 18 35 I
1886 1186 139 46 passed,

405 1229 41 35 in
471 1230 180 46 addition,
678 1235 73 33 two
782 1232 105 36 other
911 1234 148 35 needles
1089 1234 161 48 through
1275 1235 63 36 the
1367 1237 161 35 anterior
1556 1238 139 36 surface
1721 1239 38 36 of
1786 1240 62 36 the
1877 1242 148 35 thyroid

404 1286 183 48 cartilage,
623 1300 69 24 one
726 1301 49 23 on
809 1289 88 36 each
930 1290 78 36 side
1042 1291 39 35 of
1112 1291 64 35 the
1204 1291 142 36 middle
1373 1293 87 46 line,
1486 1293 79 47 just
1590 1295 163 46 opposite
1779 1296 61 36 the
1865 1297 160 36 anterior

402 1342 247 37 attachments
667 1344 40 36 of
726 1344 63 36 the
806 1345 113 45 cords,
938 1346 74 35 and
1029 1347 179 47 carefully
1226 1348 136 46 guided
1382 1348 98 36 their
1503 1350 124 46 points
1644 1350 211 38 backwards
1872 1356 37 32 to
1926 1353 97 35 their

402 1399 194 46 arytenoid
615 1401 236 45 extremities,
869 1414 39 23 so
925 1402 82 36 that
1025 1402 88 36 each
1130 1403 130 36 needle
1284 1416 74 23 was
1384 1405 195 36 contained
1603 1406 135 36 within
1762 1407 64 37 the
1841 1407 75 37 free
1933 1408 89 36 edge

402 1455 41 35 of
472 1467 22 24 a
526 1455 91 37 false
649 1457 190 47 ligament.
907 1458 80 36 The
1020 1460 178 46 posterior
1231 1460 245 36 attachments
1505 1461 40 35 of
1574 1461 63 36 the
1671 1462 102 36 cords
1807 1475 93 24 were
1932 1464 90 36 then

401 1513 281 46 approximated
700 1514 50 45 by
763 1527 167 34 pressure
948 1515 164 36 between
1131 1516 63 35 the
1213 1516 114 46 finger
1343 1517 74 35 and
1435 1517 143 36 thumb,
1593 1518 74 35 and
1683 1523 38 31 at
1737 1519 63 37 the
1817 1532 97 24 same
1931 1521 90 35 time

399 1568 41 36 in
465 1568 96 36 their
580 1569 118 37 whole
724 1570 129 48 length
878 1571 86 47 they
985 1584 94 24 were
1103 1572 162 36 brought
1289 1573 79 35 into
1394 1573 95 36 close
1514 1575 208 46 apposition
1746 1575 51 47 by
1815 1577 205 35 separating

401 1625 63 36 the
482 1625 113 37 heads
613 1626 39 36 of
672 1626 63 36 the
753 1627 148 36 needles
917 1628 41 35 in
976 1627 100 36 front
1095 1628 38 36 of
1155 1628 63 36 the
1244 1629 150 47 thyroid
1420 1630 182 46 cartilage.
1655 1631 59 35 On
1738 1633 221 46 attempting
1983 1638 38 31 to

400 1681 98 37 blow
527 1683 171 47 upwards
725 1683 163 48 through
914 1684 64 36 the
1007 1684 157 46 trachea,
1193 1684 109 37 when
1331 1685 64 36 the
1424 1689 99 43 parts
1553 1698 94 24 were
1675 1699 38 24 so
1743 1688 185 46 arranged,
1956 1688 64 36 the

400 1739 140 36 closure
559 1739 39 35 of
613 1739 62 36 the
693 1740 126 47 glottis
836 1753 73 23 was
927 1741 116 35 found
1061 1744 37 32 to
1116 1741 45 35 be
1179 1741 190 47 complete.
1421 1741 79 36 The
1518 1742 131 47 simple
1672 1743 206 47 coaptation
1896 1744 39 35 of
1958 1744 62 36 the

398 1796 75 36 free
491 1808 106 35 edges
615 1795 40 36 of
668 1796 64 36 the
749 1796 90 36 false
858 1797 103 35 cords
978 1797 139 47 proved
1141 1797 103 36 itself
1258 1797 181 36 sufficient
1462 1802 37 31 to
1519 1798 162 36 obstruct
1707 1800 156 47 entirely
1881 1812 92 24 even
1997 1813 22 24 a

400 1852 181 47 powerful
599 1856 148 32 current
765 1853 40 35 of
818 1854 56 34 air
891 1854 94 35 from
1002 1853 129 36 below.

445 1908 80 36 The
544 1908 212 36 conclusion
774 1914 38 31 to
830 1909 45 36 be
893 1910 150 35 derived
1068 1909 95 36 from
1188 1909 102 36 these
1316 1911 246 46 experiments
1583 1911 30 34 is
1638 1911 163 36 obvious.
1852 1912 117 36 There
1988 1914 29 34 is

397 1970 134 31 within
549 1965 63 36 the
630 1965 133 47 larynx
780 1978 21 23 a
818 1966 136 36 double
972 1966 107 36 valve
1096 1966 122 36 which
1236 1967 31 35 is
1286 1967 150 35 capable
1458 1966 39 35 of
1519 1967 221 47 controlling
1756 1967 91 36 both
1865 1968 61 36 the
1944 1973 75 31 exit

395 2022 75 36 and
495 2034 173 24 entrance
693 2022 40 36 of
754 2022 63 36 air.
870 2022 80 36 The
975 2023 90 47 plan
1090 2023 117 35 found
1233 2035 37 23 so
1297 2022 209 47 commonly
1524 2022 227 49 throughout
1776 2024 63 36 the
1861 2024 98 48 body
1976 2026 41 35 in

394 2078 91 36 such
503 2083 211 32 structures,
732 2080 41 34 in
791 2079 63 35 the
871 2080 114 34 aortic
1005 2079 74 35 and
1098 2078 196 37 ileo-csecal
1322 2078 150 36 orifices,
1491 2079 74 35 and
1590 2079 40 35 in
1654 2079 64 35 the
1743 2092 124 24 course
1893 2081 39 35 of
1954 2081 63 36 the

392 2134 116 46 veins,
529 2135 107 36 holds
654 2136 93 47 good
764 2135 87 36 here
868 2136 176 35 likewise.
1097 2136 48 35 In
1170 2135 63 35 the
1260 2147 116 35 upper
1402 2134 82 36 half
1507 2134 62 36 the
1594 2135 246 37 resemblance
1865 2137 31 35 is
1921 2142 95 31 most

394 2191 165 36 obvious.
611 2192 224 47 Comparing
852 2193 31 34 it
900 2192 91 36 with
1010 2192 63 35 the
1086 2192 114 35 aortic
1216 2191 120 36 valve,
1351 2203 55 24 we
1420 2191 78 35 find
1511 2191 63 35 the
1587 2192 300 46 representatives
1901 2194 38 34 of
1955 2193 60 36 the

394 2247 142 37 sinuses
551 2248 39 36 of
606 2248 177 36 Valsalva
800 2249 40 35 in
854 2248 64 36 the
935 2248 256 36 well-marked
1209 2247 195 36 ventricles
1419 2247 38 35 of
1473 2247 201 48 Morgagni,
1690 2247 124 36 whilst
1830 2248 62 36 the
1910 2261 105 35 cusps

392 2314 61 26 are
473 2305 227 35 reproduced
723 2305 41 35 in
787 2305 64 35 the
876 2309 73 31 two
975 2305 96 35 folds
1097 2304 39 36 of
1158 2315 154 25 mucous
1337 2303 223 45 membrane,
1579 2303 122 36 whose
1725 2302 74 37 free
1825 2304 105 48 edges
1954 2318 60 24 are

397 2360 139 36 known
554 2373 38 24 as
610 2361 63 36 the
690 2361 91 36 false
798 2361 105 36 vocal
921 2373 113 24 cords.

443 2416 80 36 The
541 2429 99 24 same
658 2417 128 47 design
804 2429 85 35 may
908 2417 45 36 be
978 2416 123 36 traced
1126 2416 41 36 in
1191 2416 64 36 the
1280 2415 112 36 lower
1411 2415 82 36 half
1508 2414 39 36 of
1569 2414 63 36 the
1649 2414 116 36 valve.
1817 2415 119 36 When
1954 2416 62 37 the

393 2476 83 32 true
502 2473 104 36 vocal
631 2473 198 47 ligaments
854 2485 60 24 are
939 2473 161 35 brought
1125 2473 80 34 into
1231 2472 219 47 apposition,
1469 2483 47 24 no
1542 2471 91 47 deep
1659 2471 102 35 sinus
1781 2471 31 35 is
1833 2471 114 36 found
1968 2485 47 23 on

394 2529 118 35 either
537 2529 88 36 side,
651 2530 69 35 but
746 2529 98 35 their
868 2541 119 35 upper
1016 2540 159 24 surfaces
1201 2527 94 36 form
1324 2527 166 36 together
1514 2539 21 23 a
1561 2527 111 35 broad
1702 2527 174 35 flattened
1905 2527 109 47 plane

395 2584 155 49 slightly
569 2585 184 36 hollowed
779 2589 65 32 out
867 2585 158 36 exterior
1049 2589 38 31 to
1112 2584 64 35 the
1201 2594 160 25 margins
1387 2582 40 36 of
1448 2581 63 36 the
1534 2582 93 35 rima
1650 2581 175 47 glottidis,
1843 2582 73 35 and
1941 2584 75 35 this

394 2646 268 43 arrangement,
681 2641 122 36 owing
819 2645 38 32 to
875 2641 64 36 the
955 2645 142 43 greater
1121 2640 147 35 density
1287 2638 73 36 and
1385 2637 173 47 mobility
1575 2637 40 35 of
1636 2637 63 35 the
1717 2641 108 43 parts,
1843 2638 31 35 is
1898 2638 116 37 found

394 2702 38 31 to
450 2702 59 31 act
526 2710 38 23 as
582 2697 199 37 efficiently
794 2709 38 24 as
849 2697 64 36 the
931 2696 256 36 well-marked
1204 2694 196 37 ventricles
1417 2694 73 36 and
1507 2705 106 35 cusps
1631 2692 40 37 of
1685 2693 62 36 the
1765 2705 116 35 upper
1897 2694 117 38 valve.

443 2755 35 35 A
496 2754 276 47 laryngoscopic
786 2753 250 36 examination
1048 2753 97 35 fully
1157 2763 170 25 confirms
1341 2750 63 36 the
1418 2750 94 36 view
1530 2749 120 36 which
1664 2749 17 35 I
1694 2749 93 36 have
1795 2751 80 46 just
1886 2750 127 36 stated.

397 2811 79 36 The
496 2811 192 48 following
704 2810 233 48 phenomena
953 2822 86 23 may
1057 2809 90 36 then
1163 2809 46 35 be
1226 2807 174 37 observed
1420 2819 57 23 :—

445 2871 61 33 1st,
534 2867 123 37 When
674 2867 64 36 the
754 2866 128 48 glottis
899 2866 30 35 is
950 2865 137 48 simply
1106 2864 131 36 closed,
1256 2863 72 36 and
1346 2875 47 24 no
1419 2863 106 35 effort
1542 2862 30 36 is
1597 2862 106 36 made
1727 2861 117 37 either
1869 2865 37 33 to
1928 2861 85 36 take

391 2924 41 36 in
449 2924 130 36 breath
598 2937 40 23 or
655 2928 37 32 to
711 2923 135 47 expire,
865 2922 63 36 the
946 2921 88 36 false
1053 2921 103 36 cords
1181 2933 60 24 are
1267 2919 188 48 separated
1481 2919 50 47 by
1548 2931 21 23 a
1586 2930 89 36 very
1693 2930 141 24 narrow
1854 2917 159 37 interval

392 2981 162 36 through
582 2980 121 37 which
729 2979 63 37 the
818 2991 106 24 edges
951 2978 39 36 of
1015 2978 64 35 the
1104 2981 82 32 true
1211 2976 104 37 vocal
1340 2976 196 47 ligaments
1560 2987 86 35 may
1671 2974 44 37 be
1741 2986 85 24 seen
1850 2974 41 35 in
1915 2985 95 24 close

394 3037 226 48 apposition.

441 3094 56 36 2d,
524 3094 122 36 When
664 3106 47 24 an
730 3093 104 37 effort
851 3092 31 36 is
900 3091 106 37 made
1023 3094 37 33 to
1077 3090 144 47 inspire,
1237 3089 63 36 the
1317 3088 165 37 superior
1503 3087 102 37 cords
1623 3091 96 32 meet
1736 3086 38 36 in
1793 3085 61 37 the
1872 3084 139 37 middle
