2113 3404
853 228 86 30 THR
974 228 237 32 DISORDRRS
1244 231 53 29 OK
1328 232 173 31 Sl'RRCH.

353 205 80 47 330

351 339 92 42 into
466 341 73 43 the
561 343 113 43 scale
696 344 57 42 its
775 345 238 55 important
1036 348 210 43 influence
1270 350 41 40 in
1336 350 212 42 directing
1571 350 71 42 the
1665 351 141 42 choice
1830 353 46 41 of
1896 353 71 41 the

354 413 136 39 motor
521 412 197 56 images."
782 415 50 41 In
867 416 179 42 another
1078 418 228 55 important
1340 433 144 42 paper,
1507 419 230 55 published
1759 421 43 41 in
1828 421 138 50 1886,1

351 479 74 44 the
443 495 116 29 same
578 484 200 43 observer
795 499 109 42 says,
921 491 20 16 "
958 487 269 43 Conduction
1247 489 176 55 aphasia
1441 490 34 42 is
1490 490 309 42 characterised
1815 491 152 55 chiefly

353 549 56 54 by
444 550 57 42 its
545 554 197 53 negative
785 561 251 49 symptoms.
1100 557 158 42 Where
1301 570 54 31 no
1398 572 174 28 sensory
1609 559 81 41 and
1736 573 54 27 no
1832 573 138 28 motor

352 618 177 57 aphasia
568 622 35 41 is
643 628 185 48 present,
856 624 77 41 but
967 625 153 41 where,
1154 626 40 40 in
1230 627 217 55 speaking,
1481 627 118 42 there
1631 627 36 42 is
1699 627 271 51 Paraphasia,

353 690 74 42 the
460 705 227 29 erroneous
721 707 75 28 use
829 695 43 40 of
907 694 146 51 words,
1079 710 61 28 we
1173 696 107 42 have
1312 704 73 48 got
1417 702 43 36 to
1492 697 93 42 deal
1611 698 101 41 with
1747 698 220 42 disturbed

354 761 259 42 conduction
638 763 192 42 between
857 765 72 41 the
952 771 167 36 centres
1141 767 40 40 A
1204 768 83 39 and
1313 767 69 42 B."

414 831 94 43 One
540 832 44 42 of
617 833 73 42 the
723 834 93 42 best
848 849 117 28 cases
998 837 45 39 of
1070 837 255 41 conduction
1351 838 176 54 aphasia
1548 845 74 47 yet
1646 838 224 55 published
1894 838 75 42 has

355 902 105 42 been
494 907 81 50 put
603 918 55 26 on
682 905 147 41 record
852 905 58 55 by
933 906 254 43 Lichtheim.
1252 907 21 41 I
1296 921 97 41 may
1419 908 100 42 here
1542 909 133 41 insert
1695 923 24 27 a
1743 909 110 41 brief
1871 913 99 37 note

354 973 46 40 of
420 973 43 41 it.

412 1113 117 42 Case
571 1125 53 30 of
668 1114 290 42 Conduction
998 1115 205 42 Aphasia.
1245 1116 278 55 (Lichtheim,
1564 1118 150 48 Brain,
1763 1118 126 50 1885,
1929 1132 39 40 p.

355 1183 218 55 445).—A
610 1199 111 37 man,
744 1185 105 56 aged
880 1186 70 41 46,
976 1186 210 41 admitted
1221 1187 91 40 into
1346 1187 184 41 hospital
1561 1193 46 35 at
1637 1187 139 42 Berne
1812 1202 54 27 on
1900 1187 71 42 the

355 1254 78 41 3rd
457 1255 45 40 of
524 1255 127 55 April
678 1256 123 41 1883.
864 1256 69 41 No
966 1256 164 42 history
1164 1257 47 41 of
1240 1257 66 41 his
1339 1257 147 42 illness
1518 1257 126 42 could
1678 1258 49 40 be
1759 1266 209 33 obtained.

356 1324 143 55 Slight
532 1325 210 54 paralysis
774 1326 43 40 in
852 1326 115 41 right
999 1341 89 26 arm
1122 1327 83 40 and
1239 1327 67 41 leg
1339 1326 83 41 and
1456 1326 41 41 in
1533 1327 113 54 right
1677 1326 88 41 side
1795 1326 43 41 of
1870 1327 98 41 face.

356 1395 229 42 Sensation
605 1397 175 41 normal.
845 1397 359 54 Understanding
1221 1397 43 42 of
1287 1396 160 56 spoken
1467 1398 151 54 speech
1637 1398 84 40 and
1739 1399 44 39 of
1804 1395 167 57 printed

355 1466 84 41 and
467 1467 169 41 written
670 1467 154 42 speech
859 1468 252 41 unaffected.
1178 1468 49 40 In
1251 1467 253 55 production
1528 1468 44 41 of
1597 1468 164 55 speech,
1784 1468 186 40 exhibits

354 1537 180 42 marked
556 1537 266 54 paraphasia.
875 1537 178 42 "When
1077 1538 131 41 asked
1232 1547 42 32 to
1297 1538 130 41 relate
1453 1538 64 41 his
1541 1538 176 54 history,
1739 1538 52 40 he
1814 1537 157 54 strings

354 1608 208 54 together,
595 1608 45 40 in
673 1623 23 26 a
727 1608 139 41 fluent
898 1622 191 27 manner,
1113 1622 232 27 numerous
1371 1608 134 41 words
1539 1609 44 39 of
1615 1609 133 39 which
1784 1607 185 54 scarcely

355 1692 80 28 one
467 1693 96 27 now
588 1679 84 41 and
706 1678 103 42 then
844 1693 78 27 can
957 1679 49 40 be
1031 1679 121 40 made
1175 1683 85 37 out.
1323 1679 87 41 The
1436 1679 216 40 following
1686 1692 107 27 were
1815 1677 128 42 noted
1963 1694 7 25 :

354 1753 9 17 '
379 1749 211 55 Evening,
610 1750 82 40 five
715 1749 84 41 and
823 1754 178 50 twenty,
1024 1748 107 42 and.'
1189 1749 171 41 Patient
1376 1749 36 40 is
1435 1763 136 26 aware
1589 1749 44 40 of
1653 1749 71 40 the
1747 1749 225 40 incorrect-

355 1834 99 27 ness
486 1819 45 42 of
562 1819 67 42 his
663 1819 176 42 diction,
860 1819 87 41 and
970 1819 102 41 tries
1103 1824 42 35 to
1168 1826 126 34 assist
1319 1819 175 41 himself
1514 1819 102 41 with
1639 1825 202 48 gestures.
1903 1818 69 42 He

354 1890 203 42 succeeds
581 1891 139 40 better
744 1890 102 40 with
871 1903 119 27 short
1015 1889 136 41 words
1174 1890 81 40 and
1288 1904 196 27 answers.
1538 1891 116 39 Thus
1677 1890 42 39 in
1744 1903 163 27 answer
1929 1893 42 37 to

354 1960 74 42 the
461 1961 213 55 question,
697 1965 9 18 '
720 1961 136 42 What
879 1975 87 28 was
998 1960 120 42 there
1149 1959 65 43 for
1236 1975 158 41 supper
1410 1961 37 41 ?'
1469 1960 54 42 he
1549 1960 229 42 answered,
1800 1965 8 15 '
1824 1959 149 51 Bread,

353 2031 126 51 meal,
520 2032 219 55 potatoes,'
786 2031 103 42 with
933 2030 101 42 only
1078 2036 84 36 two
1209 2031 215 41 mistakes.
1492 2031 82 41 His
1617 2045 93 26 own
1756 2044 121 27 name
1918 2029 53 41 he

355 2102 259 42 mutilates."
646 2136 132 8 ....
842 2101 120 41 "His
1007 2101 175 41 writing
1223 2101 36 41 is
1291 2115 103 41 very
1428 2101 235 55 imperfect.
1727 2100 68 41 He
1838 2100 133 41 mixes

354 2187 59 27 up
433 2173 72 41 the
520 2173 124 41 order
662 2173 45 41 of
721 2173 149 41 letters
889 2173 43 39 in
952 2186 24 26 a
995 2172 114 40 word
1126 2188 8 35 ;
1166 2172 83 40 and
1270 2172 170 54 usually
1459 2177 116 36 stops
1593 2172 110 40 after
1719 2185 53 27 an
1789 2175 184 49 attempt

354 2245 46 40 of
418 2243 121 42 short
566 2243 239 42 duration."

413 2313 64 42 As
516 2319 43 36 to
596 2313 223 55 repeating
855 2312 84 42 and
977 2313 193 54 copying.
1234 2312 176 41 "When
1449 2312 53 41 he
1539 2316 166 37 repeats
1739 2310 232 42 connected

356 2398 223 28 sentences
606 2384 53 41 he
687 2384 225 41 manifests
943 2383 73 41 the
1044 2396 117 28 same
1190 2382 162 41 defects
1384 2396 44 27 as
1460 2382 43 40 in
1540 2380 219 42 volitional
1794 2380 177 51 speech;

356 2455 137 55 single
541 2455 135 41 words
724 2468 68 27 are
840 2458 143 50 pretty
1033 2452 206 42 correctly
1286 2452 239 41 rendered."
1569 2484 129 8 ....
1738 2450 107 41 "He
1893 2465 74 25 can

355 2541 109 40 copy
490 2539 116 28 what
626 2525 37 42 is
685 2532 63 35 set
773 2525 144 40 before
942 2524 87 40 him
1057 2531 101 32 with
1183 2522 193 41 absolute
1399 2518 295 45 correctness."

414 2597 62 42 At
498 2597 73 41 the
593 2609 184 40 autopsy
800 2595 73 41 the
896 2594 117 41 chief
1030 2593 133 41 lesion
1192 2606 83 28 was
1296 2606 25 26 a
1343 2591 214 42 softening
1593 2591 99 40 with
1727 2591 239 54 depression

354 2669 47 41 in
425 2669 74 41 the
523 2666 148 42 Island
694 2666 44 41 of
760 2665 95 42 Eeil
879 2664 84 42 and
988 2664 72 41 the
1083 2662 104 42 floor
1208 2663 44 40 of
1275 2662 71 42 the
1369 2661 176 55 Sylvian
1570 2662 180 41 Fissure.

416 2739 40 42 A
479 2742 123 52 point
624 2735 187 43 brought
833 2739 76 37 out
930 2734 44 41 in
999 2733 86 42 this
1108 2747 94 28 case
1225 2733 47 41 is,
1291 2732 95 42 that
1406 2732 166 42 besides
1594 2732 127 54 being
1738 2738 172 48 present
1926 2731 42 40 in

354 2809 70 43 his
446 2806 224 45 volitional
697 2805 166 56 speech,
886 2805 73 41 the
983 2802 259 45 Paraphasia
1266 2817 84 27 was
1373 2802 88 42 also
1486 2806 172 51 present
1681 2802 40 40 in
1749 2814 222 29 sentences

354 2880 190 42 repeated
580 2885 43 36 to
661 2876 219 42 dictation.
943 2874 89 43 The
1070 2873 289 55 Paragraphia
1400 2873 152 41 should
1596 2871 88 42 also
1729 2872 49 40 be
1821 2870 153 52 noted;

741 3028 8 22 1
780 3025 207 37 Fortschrift
1006 3024 60 36 der
1083 3024 105 44 Med.,
1210 3025 102 35 1886,
1334 3023 21 35 i.
1376 3035 35 37 p.
1433 3023 80 36 377.
