1895 3217
344 282 61 39 50

912 287 239 36 MONKEYS.

342 430 121 31 more
485 415 256 62 prominent
765 416 90 45 and
884 416 186 54 dilated,
1101 416 90 46 and
1219 416 62 61 by
1304 415 257 63 containing
1583 415 47 46 in
1655 415 59 47 its

342 494 120 60 body
480 509 26 29 a
524 495 154 59 cavity
696 495 182 43 capable
897 492 50 46 of
961 493 185 61 holding
1164 509 26 29 a
1207 493 120 61 large
1344 509 96 46 pea.
1515 494 74 46 On
1612 495 101 60 lay-

341 569 77 61 ing
453 585 114 31 open
600 576 83 38 the
716 576 213 55 posterior
967 577 101 53 part
1099 569 51 46 of
1179 571 79 44 the
1294 571 179 61 larynx,
1509 578 79 38 the
1622 580 91 39 two

341 662 229 45 apertures
595 653 48 38 at
666 647 79 45 the
768 648 105 44 base
901 647 50 45 of
979 654 79 38 the
1082 647 239 62 epiglottis,
1347 649 91 44 and
1465 649 179 60 leading
1667 655 46 38 to

340 723 79 45 the
454 723 234 62 laryngeal
725 724 194 61 pouches
954 724 254 47 discovered
1246 725 63 60 by
1344 725 203 60 Camper,
1597 740 116 29 were

340 800 172 46 visible.

404 877 98 46 The
519 883 124 56 great
662 877 237 46 difference
917 878 47 46 in
982 884 127 40 these
1134 893 157 31 organs
1309 877 114 46 from
1442 878 77 45 the
1537 877 174 46 human

338 969 74 31 are
426 955 79 45 the
519 955 120 45 large
655 970 142 39 sacks,
814 956 149 45 which
979 955 234 61 evidently
1230 956 192 60 produce
1440 961 79 39 the
1537 970 175 45 power-

339 1030 66 46 ful
441 1032 90 44 and
571 1032 110 60 deep
719 1047 164 30 sounds
928 1033 179 44 uttered
1145 1034 63 58 by
1254 1047 45 30 so
1344 1047 142 45 many
1529 1030 51 47 of
1618 1031 94 46 this

336 1108 129 45 t-ribe.
535 1108 57 45 In
614 1109 79 44 the
715 1109 131 44 black
870 1123 151 46 orang,
1039 1110 133 59 being
1189 1108 169 45 carried
1375 1108 95 46 into
1488 1109 78 45 the
1584 1109 123 61 body

337 1185 52 45 of
403 1192 78 38 the
505 1201 45 31 os
573 1185 203 61 hyoides,
802 1185 37 46 it
862 1185 146 46 shows
1024 1186 78 45 the
1119 1185 96 46 first
1233 1185 246 45 indication
1497 1184 50 47 of
1563 1201 144 30 struc-

337 1269 101 39 ture
462 1278 46 30 so
531 1263 249 62 peculiarly
802 1263 238 61 belonging
1061 1269 46 40 to
1131 1263 79 45 the
1234 1262 245 46 American
1501 1263 206 45 howlers.

338 1340 56 46 In
422 1341 79 44 the
524 1341 228 61 Siamang,
787 1342 280 44 remarkable
1105 1340 66 46 for
1208 1347 79 38 the
1315 1355 151 46 power
1495 1338 50 47 of
1570 1340 137 53 voice,

335 1424 79 40 the
438 1417 159 46 simple
622 1433 125 30 sacks
771 1433 75 30 are
870 1433 45 30 so
944 1424 233 39 extensive
1208 1433 48 30 as
1286 1424 47 38 to
1364 1424 211 54 protrude
1606 1432 103 45 pro-

336 1495 228 61 minently
599 1501 47 40 to
681 1495 206 46 outward
920 1495 132 46 view.
1130 1496 132 59 They
1294 1500 188 55 prevent
1516 1501 80 38 the
1632 1500 81 39 ut-

335 1578 179 40 terance
537 1572 51 47 of
613 1588 263 45 systematic
908 1587 164 31 sounds
1104 1572 148 45 which
1282 1578 79 39 the
1392 1577 128 40 other
1548 1586 158 46 organs

335 1649 147 46 might
512 1650 207 61 produce,
744 1651 64 60 by
830 1655 267 55 preventing
1126 1665 28 29 a
1182 1664 150 46 power
1350 1647 50 47 of
1415 1649 168 45 control
1602 1663 104 31 over

335 1732 79 39 the
438 1726 78 46 air.
641 1727 152 61 Every
815 1733 112 39 time
956 1727 103 45 that
1087 1733 79 38 the
1196 1725 170 46 animal
1397 1725 152 45 would
1583 1732 124 38 utter

334 1803 70 46 his
428 1819 92 46 cry,
545 1810 127 39 these
696 1819 127 30 sacks
854 1804 140 53 swell,
1019 1810 113 38 then
1156 1809 160 55 empty
1338 1802 290 54 themselves,
1656 1818 46 30 so

335 1881 102 45 that
459 1881 58 45 he
540 1881 37 45 is
598 1888 79 38 not
701 1882 114 53 able,
841 1887 47 39 at
913 1881 108 53 will,
1051 1886 46 40 to
1127 1880 166 62 supply
1315 1886 46 39 to
1389 1880 79 44 the
1493 1878 209 46 different

334 1964 124 54 parts
482 1957 50 47 of
545 1958 71 45 his
639 1957 162 46 mouth
822 1964 80 39 the
926 1957 165 46 sounds
1114 1964 113 55 they
1249 1957 147 45 might
1421 1956 281 45 articulate.*

400 2036 56 44 In
479 2035 203 46 intellect
706 2050 69 30 we
793 2034 200 46 consider
1014 2041 78 39 the
1111 2035 364 60 quadrumanous
1494 2036 206 51 animals,

334 2111 409 62 notwithstanding
766 2127 125 30 what
914 2112 82 45 has
1020 2114 113 43 been
1157 2112 184 45 written
1373 2111 90 45 and
1495 2111 208 45 recorded

335 2186 50 47 of
409 2203 143 45 many
586 2187 50 46 of
661 2194 141 47 them,
839 2194 78 38 not
952 2203 212 45 superior,
1201 2189 91 44 and
1324 2188 48 44 in
1405 2202 143 45 many
1579 2202 122 30 cases

335 2262 191 54 inferior,
551 2269 47 39 to
622 2270 147 39 others
801 2262 50 47 of
875 2270 80 38 the
982 2263 171 45 animal
1184 2263 224 53 creation;
1445 2262 36 46 it
1509 2263 82 45 has
1623 2263 78 45 the

336 2356 122 30 same
503 2340 338 46 constitutional
886 2340 297 54 distinctions,
1231 2340 90 46 and
1372 2346 203 54 presents
1621 2341 79 45 the

335 2432 123 32 same
488 2424 124 55 great
637 2417 272 55 differences,
945 2417 113 47 from
1091 2433 28 30 a
1151 2424 101 39 tru«
1278 2432 235 46 reasoning
1534 2433 165 46 power.

652 2572 22 22 •
706 2572 221 48 Richerand,
952 2572 234 50 Physiology,
1200 2586 32 36 p.
1254 2574 89 37 424.
