1933 3302
312 176 225 32 Maassregeln
562 175 60 31 der
646 175 160 39 heutigen
834 172 153 40 Hygiene
1011 179 108 31 gegen
1145 169 65 31 den
1233 166 278 42 Hospitalbrand.
1664 166 49 37 89

116 288 106 35 nicht
267 283 196 38 überhand
507 294 178 25 nehmen.
744 280 86 38 Wir
860 279 129 37 finden
1019 276 63 38 bei
1112 275 159 38 Heine
1311 275 85 37 eine
1442 272 271 39 entschiedene

117 338 332 48 Zurückweisung
478 348 126 38 gegen
645 335 123 37 dieses
800 331 434 49 Zerstreuungssystem
1263 329 103 37 beim
1396 326 318 46 Hospitalbrand,

117 392 69 38 auf
211 391 166 39 welches
406 389 62 38 ich
498 389 330 37 zurückkommen
858 398 140 26 werde.

161 505 66 40 Die
260 504 278 40 Maassregeln
571 503 71 38 der
674 502 187 48 heutigen
894 499 175 50 Hygiene
1102 507 125 39 gegen
1259 497 73 38 den
1366 496 311 40 Hospitalbrand

117 604 158 36 würden
305 602 197 38 dieselben
531 600 81 37 sein
643 600 71 37 wie
745 612 129 38 gegen
905 611 141 25 andere
1077 599 221 46 contagiöse
1328 593 269 39 Krankheiten
1636 594 79 38 und

118 659 79 35 erst
226 656 60 38 die
316 655 225 38 Erfahrung
571 653 132 37 würde
733 653 134 37 lehren
898 653 167 36 können,
1097 650 47 37 ob
1176 649 60 37 die
1267 647 222 38 Krankheit
1519 647 117 38 durch
1659 648 55 37 sie

116 709 164 38 leichter
309 710 92 36 oder
430 707 250 38 schwieriger
710 721 47 23 zu
785 706 237 50 bewältigen
1052 704 72 38 sei,
1155 703 48 37 ob
1233 702 316 38 Modificationen
1577 701 138 51 nöthig

116 764 107 37 seien
253 765 70 35 etc.
353 761 277 38 Erfahrungen
660 760 67 38 der
755 759 77 39 Art
860 760 105 37 kann
994 758 63 38 ich
1085 759 108 36 nicht
1213 755 218 39 mittheilen
1460 756 76 36 und
1572 768 141 25 ander-

116 819 91 35 seits
244 816 97 36 liegt
379 828 40 24 es
458 827 132 25 ausser
630 814 86 37 dem
754 813 187 38 Bereiche
983 812 126 38 dieser
1149 809 162 46 Schrift,
1352 810 60 37 die
1450 809 157 49 Kapitel
1647 810 67 37 der

118 869 195 50 Hygiene,
345 867 144 39 welche
521 868 59 37 die
610 867 131 38 Mittel
760 880 129 38 gegen
910 867 60 37 die
997 865 270 49 Ausbreitung
1289 864 244 50 contagiöser
1554 862 159 38 Krank-

114 922 132 38 heiten
284 922 53 37 im
374 921 276 38 Allgemeinen
686 920 240 38 behandeln,
965 920 85 37 hier
1088 932 46 24 zu
1170 917 289 50 reproduciren.
1521 915 87 39 Nur
1649 916 66 38 auf

116 976 126 38 einige
263 975 154 38 Punkte
438 977 50 36 ist
508 988 39 25 es
567 975 251 49 nothwendig
835 987 252 24 einzugehen.
1144 972 74 37 Die
1249 971 281 50 hygienischen
1566 969 147 39 Forde-

114 1043 152 24 rungen
297 1030 66 37 der
394 1032 148 34 älteren
560 1028 177 38 Autoren
767 1028 54 37 als
851 1026 267 50 Maassregeln
1147 1038 129 38 gegen
1305 1027 73 36 den
1407 1024 308 50 Hospitalbrand

114 1084 214 37 betreffend
349 1083 60 38 die
430 1083 226 50 ausgiebige
677 1082 249 38 Ventilation,
950 1082 60 36 die
1033 1080 266 38 Vermeidung
1319 1092 75 24 von
1410 1078 302 47 üeberfüllung,

116 1137 110 38 einen
247 1137 271 50 genügenden,
548 1136 435 38 vorschriftsgemässen
1009 1134 247 37 Kubikraum
1284 1133 63 41 für
1374 1133 117 49 jeden
1510 1132 202 47 Kranken,

116 1190 59 38 die
205 1190 210 38 Placirung
444 1190 77 37 und
551 1190 59 37 die
641 1188 312 39 Beschaffenheit
984 1189 66 36 der
1081 1187 153 38 Betten,
1269 1187 60 37 die
1359 1187 250 49 Entfernung
1639 1199 74 25 von

116 1244 337 46 Fäulnissherden,
486 1243 278 50 Speiseresten,
796 1245 97 35 alter
916 1241 168 38 Wäsche
1116 1243 71 36 etc.
1210 1255 67 24 aus
1306 1241 74 37 den
1401 1240 310 46 Krankensälen,

116 1298 60 37 die
207 1297 214 38 Salubrität
451 1298 68 37 der
547 1296 149 39 Aborte
728 1299 70 35 etc.
830 1299 92 35 etc.,
960 1296 155 37 werden
1147 1296 99 49 jetzt
1282 1295 62 37 für
1371 1295 109 49 jedes
1519 1294 194 37 Lazareth

117 1354 114 35 unter
261 1351 101 38 allen
391 1351 244 38 Umständen
665 1350 169 50 gestellt.
893 1349 63 38 Sie
987 1349 146 38 decken
1163 1349 81 37 sich
1265 1349 92 37 aber
1377 1349 245 49 keineswegs
1643 1351 71 34 mit

117 1405 74 37 den
219 1405 279 49 Maassregeln,
530 1404 145 38 welche
706 1403 194 38 eventuell
928 1403 62 38 bei
1020 1415 357 38 ausgebrochenem
1406 1402 307 49 Hospitalbrand

115 1472 48 24 zu
190 1459 167 37 nehmen
385 1459 83 37 sein
497 1459 169 36 würden.
725 1457 82 37 Hat
836 1471 89 23 man
955 1457 94 37 doch
1081 1456 117 38 schon
1228 1470 41 24 so
1299 1456 56 38 oft
1390 1456 60 37 die
1485 1455 227 51 Erfahrung

115 1512 200 50 gemacht,
357 1513 87 37 dass
479 1512 59 37 die
568 1511 220 38 Krankheit
816 1525 65 23 um
911 1510 81 38 sich
1030 1510 109 50 griff,
1179 1524 59 23 wo
1274 1510 115 50 obige
1426 1509 285 51 Bedingungen

113 1565 239 50 hinlänglich
384 1565 132 38 erfüllt
543 1579 142 23 waren.
741 1564 85 38 Auf
865 1565 67 36 der
973 1577 169 24 anderen
1180 1563 103 38 Seite
1323 1564 142 49 glanbe
1509 1563 76 45 ich,
1626 1564 86 36 dass

114 1633 89 23 man
231 1619 258 50 heutzutage,
527 1632 58 25 wo
626 1619 131 37 diesen
794 1617 280 38 Forderungen
1112 1631 31 23 z.
1184 1617 43 37 B.
1264 1618 52 36 im
1355 1617 148 50 Kriege
1540 1617 93 37 oder
1672 1617 40 37 in

115 1685 169 25 anderen
312 1672 238 50 Nothlagen,
581 1672 107 37 nicht
716 1672 132 37 würde
879 1671 258 38 entsprochen
1168 1672 153 36 werden
1342 1671 167 46 können,
1542 1670 97 38 doch
1659 1670 53 38 im

115 1725 142 38 Stande
287 1727 83 37 sein
399 1727 149 36 würde,
587 1726 67 37 der
683 1725 269 38 Ausbreitung
982 1725 66 37 des
1078 1724 349 38 Hospitalbrandes
1457 1724 149 38 schnell
1634 1725 78 37 und

114 1779 182 37 wirksam
326 1782 195 48 entgegen
558 1793 48 23 zu
639 1781 138 35 treten.
835 1778 249 38 Besprechen
1124 1780 67 35 wir
1230 1781 129 35 zuerst
1397 1778 59 37 die
1492 1780 219 48 wichtigste

117 1833 66 37 der
210 1832 277 51 Maassregeln,
518 1832 144 38 welche
692 1847 89 23 man
811 1845 128 37 gegen
968 1832 267 50 Verbreitung
1265 1833 65 37 des
1362 1832 349 49 Hospitalbrandes

116 1887 231 49 angewandt
382 1887 86 37 hat,
507 1887 59 37 die
600 1885 196 39 Isolirung
837 1887 67 36 der
941 1885 548 50 Hospitalbranderkrankten
1524 1899 76 25 von
1638 1887 73 36 den

115 1939 175 38 übrigen.
321 1939 68 38 Ich
409 1941 104 36 kann
533 1940 107 37 nicht
660 1953 130 36 sagen,
813 1940 48 37 ob
884 1953 39 24 es
943 1939 108 37 nicht
1070 1939 237 38 heutzutage
1328 1940 63 37 bei
1413 1953 160 24 unserer
1592 1939 118 38 Anti-

115 1993 128 49 septik
274 1994 76 37 und
379 1994 62 37 bei
470 2007 142 24 unsern
640 1993 235 38 Verbänden
904 1993 169 50 möglich
1102 1998 116 33 wäre,
1251 1994 60 37 die
1342 1993 271 38 Ausbreitung
1644 1994 67 37 der

115 2046 220 38 Krankheit
364 2061 48 23 zu
439 2047 176 37 hindern,
647 2047 98 37 auch
774 2060 111 24 wenn
916 2047 60 37 die
1006 2046 190 38 Kranken
1231 2047 306 38 durcheinander
1566 2047 142 38 liegen.

115 2099 92 39 Wie
236 2100 71 37 wir
337 2101 116 37 schon
483 2100 130 44 sahen,
645 2113 126 25 zeigte
792 2100 294 38 Blackadder
1115 2101 186 37 während
1330 2101 129 37 seiner
1480 2101 231 48 Thätigkeit

116 2152 39 37 in
185 2154 73 36 den
286 2153 279 50 Biskayischen
596 2154 253 49 Hospitälern
871 2154 223 46 1813—14,
1127 2155 85 37 eine
1244 2154 85 38 Zeit
1358 2154 92 37 also,
1481 2155 39 36 in
1551 2154 67 37 der
1649 2154 60 37 die

117 2205 381 39 Wundbehandlung
527 2207 89 37 sehr
644 2208 53 36 im
725 2206 135 50 Argen
889 2207 83 50 lag,
1010 2208 85 37 dass
1130 2221 89 24 man
1255 2208 121 37 selbst
1406 2208 63 37 da,
1501 2221 59 24 wo
1590 2207 120 38 frisch

116 2258 260 39 Verwundete
406 2264 70 34 mit
505 2261 246 37 erheblichen
781 2253 288 45 Verletzungen
1101 2261 192 37 zwischen
1328 2261 148 37 schwer
1506 2261 202 49 Hospital-

116 2312 337 39 branderkrankte
476 2328 46 22 zu
540 2313 129 50 liegen
690 2314 152 37 kamen,
872 2314 161 37 letztere
1055 2314 221 37 Krankheit
1295 2314 221 38 fernhalten
1551 2315 157 46 konnte,

118 2379 112 24 wenn
258 2380 90 23 man
377 2367 139 37 darauf
532 2367 79 45 sah,
644 2367 85 37 dass
749 2367 125 37 nichts
896 2367 60 37 die
976 2368 135 36 reinen
1132 2367 182 38 Wunden
1335 2368 195 37 berühren
1550 2368 157 46 konnte,

118 2432 78 24 was
227 2420 71 36 mit
337 2420 72 37 den
446 2420 487 37 Hospitalbrandkranken
967 2421 39 36 in
1046 2420 258 51 Verbindung
1339 2422 213 49 gestanden
1586 2421 121 38 hatte.

120 2470 128 47 (Siehe
278 2475 99 35 oben
406 2472 102 39 Seite
540 2474 77 46 26.)
674 2473 154 38 Konnte
858 2473 292 38 Blackadder
1181 2475 146 37 damals
1347 2475 143 37 frische
1512 2474 195 47 Wunden,

118 2525 144 38 welche
307 2540 40 24 er
392 2540 86 23 zum
518 2525 175 39 Versuch
723 2527 267 37 abwechselnd
1022 2527 191 37 zwischen
1251 2528 456 50 Hospitalbrandkranke

117 2577 118 51 legte,
266 2592 69 24 vor
365 2578 190 39 Infection
584 2579 219 38 bewahren,
835 2593 41 24 so
906 2580 112 37 sollte
1048 2594 87 24 man
1166 2581 165 46 meinen,
1364 2582 85 37 dass
1481 2582 60 37 die
1563 2581 146 39 Gefahr

120 2632 67 37 der
215 2631 303 52 Uebertragung
546 2633 114 37 keine
690 2645 41 25 so
760 2632 89 38 sehr
879 2645 134 38 grosse
1043 2634 81 38 sein
1153 2634 157 38 könnte.
1368 2635 188 37 Dennoch
1576 2636 132 37 würde

121 2697 39 25 es
190 2684 106 38 nicht
325 2699 45 23 zu
401 2689 287 34 verantworten
718 2687 100 45 sein,
856 2687 111 36 einen
1004 2687 483 49 Hospitalbrandkranken
1517 2688 191 39 zwischen

120 2738 73 37 den
230 2738 144 37 andern
408 2739 127 50 liegen
572 2753 46 23 zu
652 2739 145 45 lassen,
835 2752 301 37 ausgenommen
1172 2741 206 38 vielleicht,
1410 2755 58 24 wo
1507 2742 59 37 die
1607 2745 100 35 erste

120 2790 181 48 Aetzung
321 2791 83 37 eine
424 2792 192 38 minimale
644 2822 13 16 ,
665 2791 352 50 Wunddiphtherie
1025 2796 13 16 *
1065 2794 124 38 sicher
1209 2795 196 37 beseitigt.
1463 2794 92 38 Man
1575 2796 132 38 würde

119 2844 234 37 namentlich
383 2845 51 36 im
463 2845 158 51 Kriege,
652 2859 113 23 wenn
795 2846 60 37 die
877 2845 107 38 Fälle
1005 2847 81 37 sich
1106 2847 173 38 häuften,
1312 2848 205 37 verfahren
1539 2853 167 42 müssen,

121 2897 70 37 wie
225 2897 39 37 in
294 2897 132 37 Berlin
465 2899 100 37 1870
603 2899 78 37 und
718 2899 66 45 71,
822 2899 167 38 nämlich
1027 2900 39 37 in
1104 2901 238 37 besonderen
1381 2901 326 40 Brandbaracken

122 2949 58 38 die
210 2949 193 51 Isolirung
433 2951 68 37 auf
527 2951 65 37 das
621 2964 193 38 strengste
843 2951 98 38 nach
967 2954 111 48 jeder
1098 2953 197 52 Richtung
1316 2954 273 39 durchführen.
1632 2956 74 38 Die
