1491 2765
435 725 588 68 RESEARCHES

664 948 52 27 ON
736 948 86 29 THE

31 1128 411 52 PATHOLOGY
465 1133 84 48 OF
581 1135 141 48 THE
747 1137 412 53 INTESTINAL
1184 1142 253 54 CANAL.

631 1522 117 42 Part
768 1524 54 40 II.

324 1611 57 28 ON
401 1613 86 27 THE
508 1615 342 30 inflammatory
867 1619 263 31 AFFECTIONS.

31 1935 234 77 jj^ETWixT
289 1956 22 25 a
341 1941 89 41 fatal
458 1957 86 28 case
572 1947 46 40 of
643 1947 107 47 ileus,
771 1949 79 40 and
880 1965 22 24 a
926 1951 93 41 fatal
1048 1967 87 27 case
1162 1953 48 42 of
1237 1957 188 47 enteritis*

129 1994 106 41 there
253 1996 31 39 is
305 1996 148 55 usually
472 2013 23 25 a
514 2002 265 39 considerable
799 2005 201 55 similarity
1022 2008 42 40 in
1085 2017 67 32 the
1173 2010 156 40 morbid
1358 2025 69 37 ap-

21 2053 204 43 pearances
252 2050 123 40 which
396 2066 65 26 are
482 2055 186 40 observed
688 2071 53 25 on
762 2057 221 43 dissection.
1042 2064 52 39 In
1114 2064 99 39 both
1232 2078 58 24 we
1308 2078 119 38 gene-

31 2099 84 53 fally
134 2102 81 40 find
235 2119 22 24 a
275 2114 154 43 portion
451 2108 46 38 of
507 2109 182 42 intestine
707 2112 41 38 in
771 2126 22 25 a
815 2121 97 32 state
930 2115 46 40 of
999 2117 230 47 distention,
1251 2117 77 40 and
1359 2119 68 40 the

30 2153 192 43 distended
243 2167 87 43 part
358 2160 31 38 is
419 2175 109 27 more
553 2179 46 25 or
627 2165 71 39 less
724 2165 199 52 inflamed,
950 2171 93 39 with
1066 2171 216 40 exudation
1302 2172 48 38 of
1361 2186 67 25 co-

29 2208 167 49 agulable
228 2211 146 55 lymph,
404 2215 165 56 lividity,
604 2233 46 24 or
686 2233 210 39 gangrene.
956 2224 81 41 But
1075 2239 113 26 when
1228 2239 57 25 we
1322 2232 106 35 trace

30 2267 102 33 Wore
150 2275 213 46 accurately
383 2268 65 41 the
468 2270 147 55 history
635 2272 46 40 of
697 2281 65 31 the
782 2283 76 31 two
877 2277 214 49 affections,
1108 2292 59 26 we
1181 2279 176 39 discover
1376 2295 52 27 an

30 2321 203 72 Important
252 2320 218 43 difference.
531 2326 81 40 We
630 2326 84 39 find
735 2341 137 28 reason
893 2340 41 30 to
954 2333 149 39 believe
1122 2332 85 40 that
1228 2333 95 38 ileus
1336 2347 92 43 may

57 2379 19 24 e
104 2369 87 40 fatal
215 2373 40 39 in
285 2384 66 32 the
384 2385 97 32 state
506 2380 46 39 of
578 2380 211 41 distention
818 2385 164 40 without
1013 2387 302 47 inflammation,
1346 2392 80 39 and

73 2429 37 30 at
138 2428 168 39 enteritis
340 2445 88 39 may
462 2433 49 38 be
542 2433 91 40 fatal
665 2435 166 41 without
863 2439 212 41 distention
1094 2456 13 30 ;
1146 2453 60 33 or,
1235 2440 41 41 in
1311 2444 116 41 other

29 2481 135 50 ^ords,
183 2487 83 32 that
283 2491 65 34 the
367 2486 209 43 distention
590 2489 31 38 is
637 2497 66 31 the
721 2491 174 56 primary
916 2494 148 39 disease
1085 2494 41 38 in
1146 2501 68 33 the
1233 2510 91 36 one,
1346 2501 80 38 and

30 2534 38 29 in
86 2534 63 34 the
166 2542 124 41 other,
314 2544 64 38 the
397 2539 295 43 inflammation.
749 2544 48 40 In
826 2560 24 24 a
878 2547 145 39 former
1051 2561 121 38 paper
1198 2548 21 42 1
1238 2551 100 41 have
1356 2566 69 26 en-

30 2587 211 39 aeavoured
261 2597 40 31 to
320 2603 103 33 trace
444 2600 66 32 the
528 2595 211 55 pathology
759 2598 47 38 of
827 2601 111 48 ileus,
960 2601 79 38 and
1062 2602 20 38 I
1104 2603 99 41 have
1228 2607 198 51 proposed

52 2643 121 34 arious
192 2642 238 52 conjectures
447 2647 43 40 in
508 2651 140 51 regard
669 2659 41 31 to
738 2658 68 33 the
834 2667 140 28 nature
1006 2655 77 41 and
1115 2659 132 55 origin
1280 2660 48 40 of
1356 2660 67 43 the
