2113 3404
354 199 83 42 280

853 215 86 30 THE
972 215 241 33 DISORDERS
1245 216 53 32 OF
1330 217 172 33 SPEECH.

354 329 138 43 which
525 344 71 30 are
628 333 144 43 stored
804 333 74 44 the
901 338 138 40 motor
1061 337 224 45 memories
1308 338 142 44 which
1472 338 127 57 guide
1623 338 72 43 the
1717 340 115 56 right
1853 341 112 45 hand

352 400 46 42 in
421 400 74 44 the
518 406 69 40 act
609 404 46 42 of
675 410 181 40 writing.

1347 537 22 32 1

1113 1535 69 26 Fig.
1200 1535 25 26 2.

414 1621 53 51 If,
509 1621 47 41 in
602 1621 73 43 the
715 1621 222 57 following
982 1636 180 29 manner
1203 1623 107 55 (Fig.
1355 1623 58 56 3),
1458 1637 61 29 we
1566 1623 153 42 detach
1761 1623 73 42 the
1875 1623 95 41 four

354 1708 168 29 centres
564 1693 110 41 from
715 1692 113 42 their
868 1693 275 42 connexions,
1185 1693 86 42 and
1303 1698 220 50 represent
1564 1694 118 42 them
1725 1708 44 28 as
1812 1694 157 50 circles,

1116 2560 67 26 Fic.
1204 2561 25 25 3.

356 2663 64 27 we
461 2648 112 42 shall
616 2649 51 42 be
702 2649 139 42 better
882 2648 95 43 able
1020 2652 43 38 to
1104 2647 188 43 indicate
1334 2648 74 42 the
1447 2647 202 42 relations
1681 2648 45 41 of
1766 2647 71 43 the
1880 2648 91 41 four

355 2723 45 39 to
431 2719 106 43 each
569 2719 134 42 other,
726 2719 85 42 and
842 2732 90 29 also
965 2718 112 43 their
1107 2717 205 43 relations
1344 2722 43 37 to
1413 2718 217 42 incoming
1661 2718 84 42 and
1768 2718 202 54 outgoing

355 2788 165 56 speech.

413 2860 88 42 The
535 2859 279 55 exceedingly
846 2858 200 43 intimate
1077 2857 205 43 relations
1315 2858 46 41 of
1390 2857 42 42 A
1463 2857 85 43 and
1589 2858 36 41 B
1658 2858 107 41 have
1798 2870 169 42 already

355 2932 108 42 been
496 2929 270 44 commented
799 2943 139 42 upon:
970 2928 105 43 they
1103 2942 70 28 are
1194 2927 217 43 indicated
1433 2927 56 43 by
1513 2927 73 43 the
1609 2927 254 43 connecting
1884 2927 84 41 line

354 3002 85 42 and
481 3002 73 42 the
589 3006 83 38 two
704 3014 165 29 arrows.
951 2999 205 43 Without
1188 2998 185 43 detailed
1408 2998 238 43 discussion
1678 2998 43 42 of
1759 2998 71 42 the
1864 3011 103 28 rela-
