2125 3524
826 266 87 30 THE
945 267 241 31 DISORDERS
1219 268 52 31 OF
1305 269 175 31 SPEECH.

343 250 53 42 60

618 416 148 41 Points
787 417 50 41 in
860 417 63 41 the
945 417 247 55 Physiology
1213 420 49 39 of
1287 419 78 40 V<>:
1430 420 265 41 Production.

403 523 67 56 By
494 538 94 42 way
610 526 44 41 of
675 526 182 54 preface,
872 526 73 43 the
968 527 150 42 reader
1139 541 99 41 may
1256 528 52 42 be
1331 527 221 43 reminded
1575 528 45 40 of
1639 541 25 28 a
1684 527 81 41 few
1787 529 167 53 physio-

343 593 156 55 logical
521 595 144 54 points
687 596 96 42 that
805 597 99 41 bear
927 610 115 41 upon
1066 597 73 42 the
1161 598 176 54 subject.

404 664 174 56 Briefly,
601 666 35 41 it
657 680 99 41 may
779 667 51 41 be
852 666 91 42 said
968 667 94 41 that
1084 680 105 40 song
1217 667 145 41 differs
1394 667 109 41 from
1537 667 156 54 speech
1726 667 43 40 in
1802 666 93 42 that
1926 669 32 42 it

344 735 197 42 contains
564 736 143 41 Music
729 750 47 28 as
798 737 56 41 its
881 736 305 55 predominant
1217 736 213 42 element;
1459 736 80 42 but
1560 736 95 42 that
1676 737 36 40 it
1732 737 224 43 resembles

344 805 155 55 speech
521 806 46 41 in
590 806 96 41 that
707 806 36 41 it
763 807 119 54 gives
904 806 226 42 articulate
1162 807 247 41 expression
1442 812 44 36 to
1517 807 186 55 thought
1734 807 45 42 in
1812 808 143 42 words.

345 876 154 41 Public
520 876 210 54 speaking
751 876 210 54 occupies,
982 876 46 40 in
1050 876 88 41 this
1160 881 177 50 respect,
1358 890 55 27 an
1444 876 302 43 intermediate
1775 882 182 49 position

344 945 194 42 between
561 959 106 28 song
698 945 86 42 and
816 945 203 55 ordinary
1042 946 165 53 speech.
1272 947 44 40 It
1347 947 195 42 contains
1573 947 84 42 less
1690 947 136 41 music
1857 946 101 43 than

344 1029 118 41 song,
484 1015 80 41 but
583 1029 119 28 more
724 1015 104 41 than
852 1015 201 55 ordinary
1068 1016 168 54 speech,
1253 1017 116 41 since
1391 1017 57 41 its
1471 1022 120 36 tones
1614 1022 116 36 must
1751 1017 51 41 be
1825 1016 133 51 fuller,

345 1085 196 42 rounder,
563 1085 86 41 and
670 1084 163 51 louder,
854 1085 35 41 if
912 1085 103 55 they
1037 1099 70 28 are
1131 1092 145 35 meant
1298 1090 43 37 to
1364 1086 137 42 travel
1522 1092 45 36 to
1589 1101 24 27 a
1635 1087 203 42 distance.
1899 1087 60 42 Dr

343 1155 121 42 John
486 1155 182 51 Hullah,
688 1155 46 41 in
756 1155 208 42 referring
987 1161 43 35 to
1052 1155 74 42 the
1148 1156 212 41 necessity
1384 1157 63 40 for
1468 1157 178 41 musical
1672 1163 217 35 utterance
1915 1157 43 41 in

342 1225 150 55 public
513 1226 169 54 speech,
704 1230 134 37 street
859 1225 119 51 cries,
1001 1229 91 48 etc.,
1114 1226 160 41 makes,
1296 1226 45 41 in
1364 1226 66 42 his
1452 1226 233 42 admirable
1707 1226 113 42 little
1853 1227 105 41 book

343 1310 55 27 on
422 1295 74 42 the
519 1295 210 55 Speaking
762 1296 129 41 Voice,
914 1295 72 42 the
1014 1296 221 54 following
1255 1296 296 42 remarks:—"
1566 1297 89 41 The
1687 1297 93 41 first
1810 1309 148 41 person

343 1366 98 41 who
463 1380 100 28 ever
584 1366 241 42 attempted
852 1371 43 36 to
927 1365 174 42 address
1133 1380 25 28 a
1189 1380 104 40 very
1315 1366 115 55 large
1467 1367 214 41 assembly
1702 1380 117 28 must
1854 1366 104 42 have

343 1436 263 51 discovered,
628 1437 57 41 by
707 1436 73 42 the
802 1436 105 42 time
929 1435 54 43 he
1004 1435 85 42 had
1113 1437 169 41 uttered
1299 1451 24 26 a
1345 1437 132 41 dozen
1501 1437 149 51 words,
1667 1437 106 41 that,
1793 1437 38 40 if
1850 1441 109 36 what

343 1507 54 41 he
419 1507 87 41 had
528 1511 44 37 to
594 1520 77 28 say
695 1520 85 28 was
803 1510 44 38 to
871 1507 51 41 be
949 1506 125 42 made
1106 1512 76 36 not
1213 1507 101 54 only
1338 1507 171 41 audible
1532 1507 78 41 but
1630 1506 267 54 intelligible,
1919 1511 40 35 to

343 1592 86 28 any
466 1578 81 41 but
581 1577 123 42 those
745 1576 297 55 immediately
1081 1577 131 42 about
1252 1577 103 41 him,
1391 1577 68 41 his
1504 1583 219 35 utterance
1761 1581 115 36 must
1911 1576 49 42 be

344 1648 205 55 partially
572 1647 208 42 musical;
811 1647 84 41 and
917 1646 95 42 that
1036 1647 73 42 the
1130 1661 116 28 more
1278 1661 230 28 numerous
1542 1648 66 40 his
1640 1647 218 41 audience,
1879 1645 81 42 and

343 1719 75 42 the
441 1719 139 42 larger
601 1717 69 42 his
692 1718 277 41 auditorium,
986 1716 73 42 the
1082 1731 117 27 more
1221 1717 180 42 musical
1417 1722 117 36 must
1548 1717 95 41 that
1660 1721 221 37 utterance
1900 1716 57 41 be.

551 1789 143 54 Every
725 1788 180 54 factory,
937 1801 129 41 every
1097 1787 111 54 ship,
1239 1787 84 41 and
1356 1788 134 54 (move
1527 1787 188 41 familiar
1750 1787 208 52 instance)

344 1873 130 41 every
496 1864 145 37 street,
663 1858 91 41 will
777 1857 170 42 furnish
980 1871 51 27 us
1062 1857 108 41 with
1201 1858 219 41 examples
1451 1858 43 41 of
1525 1871 186 27 accentus
1741 1856 84 41 and
1857 1870 102 27 even

343 1943 223 29 concentus,
598 1929 46 41 of
666 1928 205 55 partially
894 1942 48 27 or
962 1941 108 28 even
1093 1928 44 41 of
1158 1933 208 49 perfectly
1388 1927 181 42 musical
1593 1926 253 42 utterance."
1907 1925 53 42 Of

344 2014 148 28 course
515 2000 73 40 the
611 1998 183 42 musical
815 1997 190 42 element
1030 1997 45 41 in
1107 1997 148 55 public
1286 1998 208 54 speaking
1525 2011 99 41 may
1645 1997 52 42 be
1728 1997 231 42 overdone:

343 2071 36 41 it
401 2070 37 42 is
460 2069 103 42 only
586 2069 73 42 the
688 2068 109 56 good
829 2067 149 56 public
1008 2067 180 42 speaker
1220 2067 94 41 who
1346 2067 90 42 will
1468 2068 50 41 be
1550 2067 96 42 able
1677 2072 43 36 to
1752 2067 156 55 supply
1928 2067 34 41 it

344 2154 274 28 abundantly
654 2139 49 41 in
739 2138 68 42 his
845 2143 124 36 tones
1008 2137 184 42 without
1225 2137 202 42 allowing
1461 2137 116 42 them
1612 2142 43 36 to
1689 2151 167 28 assume
1890 2137 69 42 the

344 2225 242 28 characters
608 2209 44 43 of
673 2207 294 57 "sing-song"
990 2222 47 27 or
1058 2209 46 40 of
1121 2215 285 34 monotonous
1428 2207 253 42 intonation.

403 2282 66 41 Dr
501 2279 170 43 Hullah
703 2279 91 41 also
827 2292 104 40 very
959 2278 148 41 neatly
1139 2278 212 41 describes
1385 2278 72 42 the
1488 2278 250 41 differences
1769 2278 188 41 between

344 2352 75 41 the
440 2350 184 55 varying
656 2348 127 42 Pitch
815 2347 86 42 and
934 2348 253 40 Intonation
1219 2349 47 40 of
1298 2348 154 54 speech
1488 2348 85 41 and
1611 2348 121 42 those
1768 2349 44 41 of
1847 2361 110 41 song.

342 2427 21 15 "
380 2421 54 41 In
456 2418 193 57 speech,"
673 2419 53 40 he
749 2431 110 41 says,
880 2419 23 19 "
918 2416 74 42 the
1014 2417 121 41 voice
1165 2417 137 54 glides
1334 2431 58 41 up
1424 2417 85 41 and
1531 2418 124 41 down
1679 2418 126 50 what,
1826 2418 56 41 by
1903 2430 52 28 an

342 2490 225 43 allowable
592 2490 144 54 figure,
753 2502 97 39 may
870 2487 52 41 be
944 2486 138 42 called
1103 2500 56 28 an
1181 2487 191 42 inclined
1393 2487 146 55 plane;
1568 2488 43 41 in
1636 2502 103 28 song
1756 2489 35 40 it
1812 2502 144 27 makes

342 2576 132 41 steps,
506 2560 76 42 the
615 2558 271 56 proportions
920 2556 44 42 of
997 2556 142 42 which
1172 2560 45 38 to
1250 2570 80 29 one
1364 2557 183 43 another
1579 2572 70 28 are
1685 2557 270 43 ascertained.

553 2629 90 46 The
665 2627 234 42 variations
921 2627 44 41 of
986 2631 119 49 pitch
1127 2625 46 43 in
1194 2626 155 55 speech
1372 2641 99 41 may
1493 2628 52 42 be
1567 2628 225 42 compared
1814 2633 43 36 to
1889 2627 67 41 the

342 2702 126 43 effect
498 2698 218 58 produced
749 2698 56 54 by
838 2696 160 55 sliding
1029 2696 74 42 the
1138 2697 135 54 finger
1309 2711 58 40 up
1404 2698 84 41 and
1526 2698 124 42 down
1687 2712 24 28 a
1747 2698 210 53 vibrating

340 2773 164 54 string;
535 2771 123 41 those
680 2769 46 40 in
749 2781 106 28 song
877 2772 42 36 to
942 2766 95 41 that
1062 2766 217 55 produced
1311 2766 57 55 by
1399 2769 202 54 stopping
1631 2768 105 42 such
1767 2782 25 28 a
1823 2768 133 52 string

340 2848 45 38 at
407 2841 164 43 certain
592 2837 209 45 intervals
823 2836 85 42 and
930 2841 44 37 at
996 2850 55 28 no
1073 2835 179 43 others."
1312 2836 70 42 He
1405 2838 167 41 further
1593 2838 139 42 shows
1761 2842 95 37 that
1886 2837 69 41 the

338 2926 131 30 range
491 2912 47 41 of
555 2909 122 57 pitch
699 2909 47 40 in
768 2908 74 41 the
863 2906 167 56 gliding
1063 2910 121 38 tones
1216 2907 44 41 of
1290 2907 156 54 speech
1476 2909 37 40 is
1545 2908 137 50 small,
1703 2908 127 42 being
1861 2920 93 28 con-

340 2983 128 43 fined,
510 2995 46 28 as
598 2994 24 28 a
653 2978 107 43 rule,
792 2983 43 36 to
867 2976 74 43 the
974 2975 178 43 musical
1185 2976 187 42 interval
1402 2978 44 41 of
1477 2978 258 42 one-fourth,
1772 2991 183 28 whereas

336 3055 74 42 the
430 3066 132 30 range
584 3051 44 43 of
650 3048 121 58 pitch
792 3047 45 44 in
861 3061 106 42 song
988 3047 48 51 is,
1059 3047 46 41 of
1123 3060 159 38 course,
1306 3061 101 41 very
1431 3048 125 42 much
1577 3062 115 28 more
1714 3060 239 30 extensive.
