2113 3404
899 272 86 32 THE
1020 274 240 33 DISOUDKRS
1292 274 52 33 OF
1375 274 174 33 SPEECH*.

404 252 81 47 142

400 387 176 43 actions.
639 388 42 43 A
712 390 74 42 red
819 395 95 38 tent
949 405 80 28 can
1067 392 51 42 be
1154 390 274 60 represents
1464 395 52 53 by
1539 393 176 56 making
1747 394 72 43 tlie
1851 397 155 45 outline

399 455 48 42 of
478 456 57 42 its
569 457 133 56 shape
736 459 45 41 in
816 460 73 42 the
918 460 63 42 air
1003 460 103 42 with
1142 461 73 43 the
1249 461 138 43 hands
1419 462 86 42 and
1539 463 205 56 touching
1777 464 72 43 the
1885 465 60 56 lip
1967 473 39 38 to

399 526 119 42 show
542 527 94 43 that
666 529 36 41 it
732 529 37 43 is
800 530 85 43 red.
949 530 225 43 Cowering
1205 545 46 27 or
1282 531 233 56 crouching
1545 546 99 42 may
1667 534 50 42 be
1746 535 104 42 used
1872 549 45 28 as
1938 537 68 44 the

398 597 237 43 indication
674 599 47 41 of
755 600 110 51 fear;
901 600 191 56 crossing
1127 600 74 42 the
1239 614 113 29 arms
1388 601 85 42 and
1509 602 221 56 shivering
1760 618 45 28 as
1843 605 94 42 that
1965 609 42 41 of

398 671 192 39 extreme
623 669 105 42 cold.
791 674 19 17 "
826 670 59 41 To
908 675 80 49 put
1011 670 72 42 the
1118 670 227 55 forefinger
1377 671 169 55 against
1579 672 74 43 the
1685 673 142 43 closed
1860 674 83 56 lips
1972 677 34 43 is

397 737 233 53 'silence';
662 739 78 41 but
777 739 72 42 the
887 740 134 54 finger
1056 745 80 49 put
1173 740 93 41 into
1300 740 74 42 the
1408 741 151 42 mouth
1592 756 148 29 means
1768 745 237 43 a'child.'"

398 807 53 41 In
474 807 75 43 the
572 808 146 42 Berlin
751 809 393 42 Deaf-and-Dumb
1179 808 268 44 Institution,
1469 816 21 16 "
1509 817 43 37 to
1579 813 91 54 pull
1693 827 58 41 up
1773 828 24 27 a
1818 814 119 55 piece
1965 818 41 42 of

396 877 99 42 skin
519 892 54 27 on
596 877 73 43 the
693 878 108 42 back
823 879 45 41 of
889 878 114 43 one's
1025 879 116 41 hand
1163 879 37 42 is
1222 880 129 42 'flesh
1374 895 46 27 or
1440 882 138 42 meat.'
1630 882 131 43 Make
1783 884 72 42 the
1876 890 128 38 steam

396 948 169 55 curling
600 963 59 40 up
696 949 111 41 from
845 949 36 41 it
918 949 105 42 with
1063 949 73 42 the
1175 950 237 56 forefinger,
1450 951 85 42 and
1571 952 36 42 it
1639 952 195 44 becomes
1871 953 135 45 'roast

397 1019 138 41 meat.'
596 1019 133 41 Make
751 1033 25 27 a
801 1019 129 42 bird's
948 1019 78 42 bill
1050 1020 106 41 with
1179 1025 84 37 two
1285 1021 156 55 fingers
1472 1022 48 41 in
1551 1021 116 43 front
1699 1023 45 42 of
1774 1021 118 45 one's
1924 1024 79 44 lips

397 1089 84 40 and
503 1088 85 55 flap
612 1088 106 42 with
742 1089 73 42 the
837 1103 125 37 arms,
985 1089 85 42 and
1093 1089 96 43 that
1209 1104 148 29 means
1379 1095 9 17 '
1402 1092 173 56 goose;'
1607 1097 79 50 put
1709 1093 73 42 the
1803 1094 92 41 first
1917 1095 88 42 sign

396 1158 85 41 and
505 1157 121 43 those
649 1158 205 56 together,
877 1159 84 41 and
985 1174 63 27 we
1071 1159 109 43 have
1200 1165 141 37 'roast
1370 1161 148 55 goose.'
1550 1194 131 9 ....
1743 1162 59 41 To
1836 1176 169 30 express

396 1228 74 43 the
492 1243 220 41 pronouns
735 1229 34 51 I,
792 1229 119 55 thou,
936 1230 84 41 and
1042 1230 67 42 he,
1131 1230 22 41 I
1175 1231 112 54 push
1320 1245 74 41 my
1417 1232 224 54 forefinger
1663 1232 167 54 against
1851 1233 72 41 the
1946 1240 59 47 pit

396 1300 47 41 of
461 1314 73 41 my
557 1300 193 42 stomach
775 1301 63 41 for
860 1301 95 52 'I';
985 1301 111 55 push
1119 1301 36 41 it
1177 1301 184 41 towards
1393 1301 73 42 the
1497 1315 154 41 person
1689 1302 228 42 addressed
1947 1305 59 41 for

395 1369 183 53 'thou';
610 1370 124 55 point
755 1371 106 41 with
898 1385 73 41 my
995 1371 153 41 thumb
1183 1385 100 28 over
1315 1385 74 40 my
1411 1371 118 54 right
1564 1371 203 42 shoulder
1796 1372 63 41 for
1885 1373 121 53 'he';

396 1454 18 26 a
425 1439 55 41 nd
504 1453 45 28 so
571 1439 94 43 on."
727 1440 102 42 This
853 1441 226 48 Language
1095 1440 46 42 of
1154 1440 185 42 Natural
1363 1440 126 41 Signs
1510 1440 36 41 is
1571 1440 71 41 the
1665 1440 338 43 mother-tongue

395 1511 47 40 of
475 1510 74 42 the
587 1510 99 42 deaf
721 1510 87 42 and
843 1511 143 41 dumb.
1048 1511 207 41 Without
1292 1510 284 55 multiplying
1613 1510 217 42 examples
1853 1511 43 40 of
1917 1511 44 41 it,
1983 1512 19 40 I

394 1594 101 41 may
516 1580 84 42 add
621 1581 97 41 that
738 1581 57 42 its
818 1585 158 51 syntax
998 1581 36 42 is
1057 1581 201 42 different
1281 1581 108 41 from
1412 1580 96 41 that
1539 1580 46 41 of
1613 1580 200 56 ordinary
1844 1582 158 41 speech,

393 1652 46 40 in
471 1665 46 28 so
547 1651 67 42 far
644 1665 46 28 as
721 1651 37 42 it
793 1651 246 42 invariably
1071 1650 167 42 follows
1270 1651 73 41 the
1380 1651 93 42 rule
1501 1651 47 49 of
1582 1651 176 54 putting
1794 1651 72 42 the
1898 1658 103 36 most

394 1722 237 53 important
673 1721 187 42 element
902 1721 44 42 of
987 1721 73 42 the
1102 1725 201 38 sentence
1345 1721 94 41 first
1480 1721 46 41 in
1569 1720 133 43 order.
1781 1722 127 41 Thus,
1948 1722 52 41 "I

393 1806 70 26 am
493 1791 182 55 hungry,
696 1792 98 55 give
825 1806 69 27 me
927 1791 164 42 bread,"
1123 1791 36 41 is
1192 1791 230 55 expressed
1451 1805 45 27 as
1533 1795 22 17 "
1570 1791 186 55 Hungry
1777 1805 79 37 me,
1879 1792 121 42 bread

394 1875 96 34 give
505 1860 21 16 "
543 1876 7 33 ;
581 1860 84 41 and
686 1865 21 15 "
724 1859 136 50 Bring
882 1875 24 27 a
927 1860 127 42 black
1076 1859 109 41 hat"
1208 1860 195 41 becomes
1425 1864 20 16 "
1461 1860 91 41 Hat
1588 1860 125 41 black
1735 1860 158 41 bring."
1953 1861 46 40 In

392 1943 131 41 every
545 1929 269 41 community
836 1929 46 41 of
911 1928 271 42 deaf-mutes,
1204 1928 163 41 certain
1399 1928 211 42 arbitrary
1633 1942 46 28 or
1709 1929 291 41 conventional

392 1999 117 41 signs
532 2012 70 28 are
625 2012 160 41 always
808 1997 140 43 added
970 2002 44 37 to
1036 1999 74 41 the
1132 1998 118 55 signs
1273 1998 228 55 suggested
1527 1998 58 54 by
1606 1998 191 42 Nature;
1826 1999 86 41 and
1934 1999 66 41 the

392 2069 211 56 language
638 2068 38 42 is
702 2069 102 41 thus
840 2068 124 42 made
998 2068 130 42 fuller
1160 2068 83 43 and
1280 2082 115 28 more
1437 2068 196 42 efficient.
1696 2068 116 42 Thus
1845 2083 61 27 we
1937 2082 63 27 are

392 2139 213 43 informed
647 2139 58 42 by
742 2137 71 43 Mr
849 2138 131 42 Tylor
1018 2139 95 41 that
1150 2152 80 28 one
1267 2138 46 41 of
1347 2138 74 42 the
1458 2138 190 42 teachers
1684 2142 46 38 at
1763 2138 74 42 the
1861 2138 137 42 Berlin

393 2210 260 43 Institution
678 2223 84 28 was
786 2208 218 43 indicated
1026 2222 156 28 among
1203 2208 73 42 the
1299 2208 105 54 boys
1426 2207 57 55 by
1506 2221 24 28 a
1551 2208 93 54 sign
1667 2209 247 54 suggesting
1935 2208 63 41 the

392 2281 87 41 loss
510 2281 47 41 of
584 2294 55 27 an
673 2293 103 28 arm,
798 2283 78 38 not
909 2278 181 42 because
1125 2278 55 42 he
1214 2278 171 42 wanted
1422 2291 54 27 an
1516 2291 102 37 arm,
1641 2277 79 42 but
1742 2278 177 41 because
1950 2277 46 41 he

392 2365 119 28 came
533 2352 110 40 from
666 2349 216 56 Spandau,
905 2349 83 41 and
1012 2363 80 27 one
1115 2349 44 41 of
1181 2348 73 42 the
1272 2349 106 41 boys
1397 2347 93 42 who
1508 2348 83 41 had
1614 2348 107 42 been
1739 2353 43 36 to
1807 2347 189 56 Spandau

392 2422 85 41 had
500 2421 121 42 there
644 2434 99 28 seen
771 2434 24 27 a
826 2433 101 27 man
950 2419 94 42 who
1076 2419 86 42 had
1193 2419 85 42 lost
1308 2433 56 27 an
1399 2432 100 28 arm.
1561 2418 103 42 This
1698 2417 297 54 Natural-Sign

392 2492 228 55 Language
643 2492 43 40 of
708 2490 261 42 deaf-mutes
992 2489 76 42 has
1091 2488 137 43 called
1252 2488 113 42 forth
1398 2488 73 42 the
1507 2488 258 41 admiration
1799 2488 43 41 of
1877 2499 119 41 many

391 2563 96 42 who
508 2563 111 41 have
640 2561 86 42 had
748 2560 316 55 opportunities
1086 2559 47 42 of
1165 2559 209 55 studying
1405 2559 44 41 it.
1511 2558 90 42 The
1631 2558 146 42 reader
1798 2558 88 40 will
1916 2554 79 43 find

389 2633 47 42 in
464 2631 71 43 Mr
556 2631 162 42 Tylor's
735 2630 119 42 work
876 2644 55 27 an
952 2629 205 55 eloquent
1179 2629 262 42 description
1464 2629 46 41 of
1529 2628 73 42 the
1624 2628 200 42 religious
1846 2639 149 30 service

389 2701 240 44 conducted
652 2701 57 42 by
731 2714 80 28 one
833 2700 47 41 of
898 2699 72 42 the
993 2698 191 43 teachers
1206 2699 44 41 of
1287 2699 74 41 the
1386 2697 149 43 Berlin
1558 2697 255 42 Institution
1838 2697 62 41 for
1929 2694 64 41 the

387 2773 162 42 benefit
589 2772 46 41 of
672 2771 74 41 the
788 2768 269 42 uneducated
1099 2768 258 42 deaf-mutes
1390 2768 47 41 of
1475 2767 73 43 the
1579 2767 102 42 city.
1764 2767 72 41 Mr
1875 2763 119 56 Tylor

387 2842 278 58 sayS)"No
697 2855 79 28 one
808 2839 127 43 could
960 2853 69 28 see
1062 2839 72 41 the
1166 2838 174 55 parable
1372 2838 47 42 of
1447 2838 73 41 the
1558 2852 97 27 man
1692 2850 94 28 who
1819 2835 78 43 left
1927 2832 64 42 the

389 2914 278 56 ninety-nine
700 2925 130 29 sheep
865 2911 46 41 in
949 2910 72 42 the
1051 2908 260 43 wilderness,
1333 2908 84 42 and
1450 2912 115 38 went
1597 2913 111 37 after
1738 2906 94 42 that
1862 2900 127 46 which

386 2999 88 29 was
496 2985 95 42 lost,
613 2997 47 29 or
681 2982 47 43 of
759 2981 77 43 the
856 2994 168 28 woman
1056 2992 95 28 who
1183 2977 86 42 lost
1300 2977 74 43 the
1405 2991 81 29 one
1517 2977 119 55 piece
1668 2977 47 42 of
1742 2975 138 50 silver,
1905 2984 84 43 per-

387 3055 163 45 formed
573 3054 46 43 in
653 3052 245 57 expressive
930 3062 266 44 pantomime
1220 3047 56 56 by
1299 3062 24 27 a
1355 3051 160 39 master
1545 3047 46 42 of
1619 3046 74 43 the
1719 3050 77 47 art,
1818 3043 171 43 without
