2113 3404
936 287 86 30 THE
1055 287 240 33 DISORDERS
1328 289 52 31 OF
1412 290 174 32 SPEECH.

437 273 84 40 224

494 415 37 27 a.
565 401 89 43 The
686 400 197 47 Slurring
918 404 47 41 of
998 403 183 43 difficult
1203 409 268 39 consonant,
1494 406 87 42 like
1618 406 97 43 that
1749 421 45 29 so
1823 408 223 57 distinctly

438 471 222 43 exhibited
698 473 55 55 by
778 473 240 43 inebriates.
1080 474 63 42 At
1166 475 71 42 the
1274 475 235 55 beginning
1531 477 43 40 of
1610 476 72 42 the
1707 478 89 41 first
1817 482 119 52 stage
1956 479 36 42 it
2013 480 36 41 is

438 543 119 41 often
572 543 164 52 absent,
754 558 59 38 or,
830 544 37 41 if
886 549 183 51 present,
1083 559 97 42 may
1197 546 51 41 be
1266 546 101 54 only
1383 546 219 42 exhibited
1620 547 44 41 in
1683 547 104 42 such
1807 549 243 42 test-words

435 628 45 28 as
502 611 142 55 truly
664 613 151 50 rural,
839 613 191 43 British
1065 614 365 54 Constitution,
1456 629 45 30 or
1533 616 201 42 mutual
1761 616 260 56 eligibility
2040 632 9 38 ;

437 686 80 41 but
540 686 34 41 it
595 686 208 52 becomes,
822 687 106 41 with
946 687 72 41 the
1041 688 241 55 increasing
1304 687 172 55 paresis,
1499 701 112 29 more
1634 689 85 41 and
1742 703 115 27 more
1875 690 175 42 marked

438 768 46 29 as
506 755 74 42 the
603 755 165 43 disease
791 756 221 42 advances.
1077 756 54 42 In
1166 756 73 42 the
1274 757 92 42 first
1388 770 128 41 stage,
1540 758 34 40 it
1608 771 95 41 may
1728 759 244 41 sometimes
1999 759 51 42 be

437 825 188 42 brought
657 829 75 37 out
763 825 58 55 by
854 826 179 41 causing
1065 826 73 41 the
1171 826 168 55 patient
1370 830 43 37 to
1445 830 145 51 repeat
1621 840 79 28 one
1731 827 44 41 of
1807 827 72 42 the
1917 827 132 42 above

438 895 273 42 expressions
733 894 166 43 several
921 895 126 42 times
1071 909 113 29 over.
1247 895 131 43 Often
1400 895 108 42 after
1530 909 23 27 a
1573 895 81 42 few
1671 895 106 43 such
1799 897 250 54 repetitions

439 966 72 41 the
548 965 173 41 limited
757 965 159 55 supply
955 965 43 41 of
1035 979 129 28 nerve
1194 966 113 41 force
1344 970 92 51 gets
1474 965 247 43 exhausted,
1744 966 83 41 and
1864 966 186 54 slurring

437 1036 197 41 becomes
671 1035 184 42 evident.
920 1035 174 42 Similar
1118 1036 161 42 fatigue
1316 1035 85 43 and
1438 1036 184 56 slurring
1659 1050 97 41 may
1778 1036 51 42 be
1867 1036 184 42 induced

437 1106 57 55 by
518 1105 178 42 causing
720 1105 71 42 the
814 1106 169 54 patient
1004 1111 44 37 to
1080 1111 148 37 repeat
1249 1120 56 27 an
1345 1106 257 42 alliterative
1625 1111 209 37 sentence.
1896 1106 61 42 At
1979 1106 71 42 the

437 1175 140 56 Eoyal
598 1175 256 55 Edinburgh
877 1176 197 55 Asylum,
1098 1176 73 42 the
1195 1176 210 42 favourite
1443 1180 200 37 sentence
1665 1175 65 42 for
1752 1175 86 42 this
1871 1189 180 40 purpose

436 1245 345 46 is:—"Round
820 1245 88 44 the
952 1245 195 55 rugged
1189 1245 127 44 rock
1353 1245 89 44 the
1484 1245 193 43 radical
1720 1245 166 43 rascal
1925 1245 128 44 ran."

438 1320 136 42 There
607 1333 71 29 are
700 1320 83 42 few
806 1333 129 38 cases,
957 1333 109 29 even
1098 1320 45 40 in
1176 1319 74 42 the
1274 1320 92 41 first
1397 1324 128 51 stage,
1549 1324 94 37 that
1666 1318 89 43 will
1786 1325 146 48 repeat
1964 1320 87 44 this

438 1395 202 38 sentence
663 1404 105 28 once
807 1404 45 28 or
887 1390 125 42 twice
1036 1390 184 41 without
1243 1395 43 37 at
1323 1390 84 42 last
1427 1390 168 55 getting
1615 1389 93 41 into
1740 1403 24 27 a
1800 1394 88 36 sort
1909 1390 43 41 of
1987 1391 64 41 in-

438 1461 228 43 articulate
688 1461 91 42 slur
800 1461 134 42 about
954 1461 74 42 the
1051 1460 83 43 end
1158 1461 43 41 of
1223 1461 45 42 it.

496 1532 32 42 b.
561 1532 122 42 Even
714 1546 116 28 more
865 1531 239 42 diagnostic
1135 1531 106 41 than
1274 1531 187 42 slurring
1492 1531 36 41 is
1562 1530 73 42 the
1667 1530 306 50 derangement
2009 1532 43 41 of

436 1603 278 43 articulation
753 1603 164 42 termed
949 1603 58 41 by
1038 1601 241 43 Kussmaul
1316 1601 190 55 Syllable
1545 1600 257 55 Stumbling.
1865 1601 82 41 For
1981 1602 72 42 the

438 1687 184 43 purpose
645 1674 44 41 of
718 1673 161 55 testing
901 1673 190 54 patients
1114 1672 66 41 for
1202 1670 86 43 this
1311 1671 151 42 defect,
1485 1671 73 42 the
1575 1670 213 42 favourite
1811 1672 241 41 test-words

439 1749 44 37 at
505 1744 75 41 the
602 1742 138 56 Eoyal
763 1742 253 55 Edinburgh
1045 1741 187 42 Asylum
1259 1755 69 27 are
1360 1740 416 53 Hippopotamus
1798 1740 83 41 and
1903 1739 151 45 West

440 1813 234 44 Register
714 1811 183 44 Street.
962 1812 117 41 Here
1113 1813 36 40 is
1186 1811 113 42 what
1337 1825 80 28 one
1452 1811 46 40 of
1527 1810 74 42 the
1634 1810 187 54 patients
1856 1811 123 42 made
2010 1811 44 42 of

439 1878 931 59 Hippopotamus:—"Tahippotapotapos."
1441 1876 152 43 West
1623 1876 231 54 Register
1885 1876 169 45 Street

438 1955 38 40 is
518 1954 44 40 in
606 1952 88 40 like
744 1965 180 27 manner
980 1951 119 42 often
1142 1954 80 52 put
1275 1950 92 40 into
1420 1961 115 29 some
1587 1946 106 42 such
1739 1947 217 42 condition
2008 1962 45 28 as

440 2027 160 39 "West
628 2022 310 55 Eegigistrerer
971 2021 175 43 Street."
1207 2018 241 44 Kussmaul
1478 2017 293 43 recommends
1803 2017 73 43 the
1906 2031 75 29 use
2013 2019 45 40 of

439 2099 75 41 the
536 2095 225 43 test-word
782 2092 254 44 artillerie,
1063 2092 85 42 and
1173 2092 96 41 tells
1301 2091 96 41 how
1433 2090 34 40 it
1488 2089 35 41 is
1557 2093 118 36 often
1703 2087 229 42 converted
1963 2087 90 41 into

439 2174 23 18 "
475 2164 275 48 artrallerie"
788 2179 45 27 or
870 2168 20 16 "
906 2161 284 43 rartrillerie."
1263 2161 69 41 He
1372 2159 104 42 adds
1514 2161 95 37 that
1645 2155 192 55 Peking
1873 2170 97 41 may
2003 2157 49 41 be

441 2236 231 46 converted
689 2236 92 40 into
799 2237 22 18 "
835 2232 197 56 keping,"
1050 2231 84 43 and
1151 2231 160 54 guten
1330 2238 212 43 morgen
1559 2227 91 41 into
1667 2231 154 50 "goten
1842 2226 212 42 murgen."

498 2309 137 42 What
656 2307 100 41 does
787 2305 75 41 the
894 2303 177 43 evident
1092 2300 344 43 incoordination
1454 2298 45 41 of
1518 2297 153 55 speech
1694 2297 42 43 in
1761 2297 84 41 this
1863 2297 189 55 Syllable

440 2378 251 55 Stumbling
713 2375 167 55 depend
905 2388 113 41 upon
1036 2376 14 39 ?
1113 2373 43 41 It
1179 2373 35 40 is
1237 2369 220 57 probably,
1480 2382 44 28 as
1547 2367 239 43 Kussmaul
1807 2372 202 50 suggests,
2030 2381 25 28 a

440 2451 143 43 defect
619 2449 45 40 in
702 2446 73 42 the
816 2444 229 41 formation
1081 2444 43 40 of
1162 2442 72 41 the
1272 2453 321 42 psycho-motor
1623 2438 321 56 word-images;
1980 2437 73 43 the

439 2523 162 52 images
623 2517 130 43 being
774 2519 113 37 most
908 2514 227 41 imperfect
1159 2526 125 27 when
1305 2510 75 42 the
1402 2508 138 43 words
1561 2522 71 28 are
1657 2507 280 56 complicated
1969 2507 84 42 and

439 2589 194 46 difficult.
681 2586 41 42 A
740 2585 116 43 word
871 2584 38 42 is
927 2582 226 44 composed
1169 2582 43 41 of
1228 2579 310 44 letter-sounds
1555 2578 204 54 arranged
1775 2578 43 40 in
1834 2591 218 42 sequence.

440 2663 43 43 If
516 2662 73 42 the
622 2670 212 32 sequence
866 2655 44 42 of
945 2655 74 41 the
1050 2650 310 46 letter-sounds
1393 2650 35 41 is
1460 2648 271 56 imperfectly
1763 2647 287 43 remembered

439 2747 118 31 some
579 2731 46 42 of
645 2730 72 42 the
739 2727 149 43 letters
914 2738 100 28 may
1036 2724 52 42 be
1111 2720 193 46 sounded
1326 2719 45 43 in
1402 2720 72 41 the
1499 2733 142 40 wrong
1663 2732 151 41 places.
1878 2715 107 45 This
2015 2718 37 41 is

439 2819 81 30 one
538 2802 44 44 of
595 2801 73 43 the
683 2804 85 38 two
784 2809 339 31 characteristics
1138 2794 45 41 of
1198 2791 190 56 Syllable
1403 2789 269 55 Stumbling:
1700 2789 71 41 the
1789 2788 120 41 other
1926 2788 126 54 being

440 2891 25 29 a
486 2871 240 47 stumbling
744 2868 84 43 and
846 2866 121 56 rapid
985 2868 231 39 repetition
1233 2862 46 42 of
1293 2875 79 27 one
1389 2874 47 28 or
1452 2873 115 28 more
1584 2859 45 42 of
1645 2858 71 42 the
1734 2857 210 56 syllables.
2000 2858 49 40 In

442 2944 207 54 Slurring,
673 2955 54 27 on
761 2938 72 42 the
865 2936 124 42 other
1018 2933 128 43 hand,
1178 2946 80 28 one
1290 2944 98 42 may
1420 2942 182 42 suppose
1641 2927 72 43 the
1750 2927 136 55 image
1922 2931 43 36 to
2003 2926 49 42 be

440 3030 176 45 perfect,
639 3010 84 44 and
747 3013 93 38 that
862 3007 72 42 the
958 3005 140 43 defect
1120 3004 36 42 is
1179 3001 160 44 merely
1363 3000 46 42 in
1431 2999 74 43 the
1526 3012 142 43 power
1688 2997 46 43 of
1756 2996 296 56 exteriorizing

441 3105 44 29 or
509 3083 232 48 executing
763 3080 45 42 it.
