2107 3450
1614 323 85 42 249

438 334 166 32 SPEKCH
639 334 232 31 MEMORIES
905 334 58 32 OK
996 334 183 40 IMAGES,
1212 335 92 31 ETC.

34 455 274 43 hemisphere
333 461 43 36 to
401 469 101 41 play
526 454 75 44 the
635 455 151 43 treble,
814 455 84 42 and
938 455 97 42 that
1069 455 47 41 in
1150 455 75 42 the
1259 455 125 41 other
1418 459 44 37 to
1496 454 104 55 play
1624 454 74 43 the

35 527 109 42 bass,
167 528 35 41 is
225 541 25 28 a
285 527 128 42 much
448 541 118 28 more
600 526 188 43 difficult
824 531 171 38 matter.
1059 526 92 42 The
1174 526 221 42 attention
1418 526 38 42 is
1479 526 107 42 then
1621 532 77 36 not

33 599 306 43 concentrated
375 613 116 42 upon
524 613 82 28 one
640 599 275 55 hemisphere
959 598 117 57 only,
1115 599 35 41 it
1194 599 36 41 is
1274 598 179 42 divided
1498 598 198 43 between

32 671 74 42 the
144 676 96 37 two.
306 671 70 43 He
404 685 222 42 compares
660 671 74 43 the
778 676 162 38 tongue
985 676 43 37 to
1072 676 86 37 two
1201 670 142 42 hands
1387 670 311 56 permanently

35 743 149 42 united
211 744 94 41 into
338 758 94 27 one,
455 743 86 42 and
574 757 199 43 suggests
807 747 109 38 that,
939 742 91 43 like
1054 742 75 43 the
1158 747 86 38 two
1269 742 141 43 hands
1433 742 184 56 playing
1649 743 47 41 in

32 815 170 51 unison,
225 816 36 42 it
283 816 214 55 performs
524 815 77 43 the
625 815 234 43 delicately
883 815 244 43 associated
1158 820 278 38 movements
1459 815 45 42 of
1535 814 160 43 speech

29 887 45 40 iu
98 886 234 43 obedience
366 893 44 36 to
443 887 75 43 the
551 892 149 38 centre
732 887 46 41 in
803 902 81 28 one
917 887 278 56 hemisphere
1219 887 130 56 only;
1383 888 149 41 acting
1554 887 141 42 under

28 959 74 42 the
119 959 214 57 guidance
352 961 46 41 of
411 960 232 42 memories
662 959 46 43 of
723 961 241 42 associated
984 965 287 38 movements,
1287 960 145 42 which
1450 959 113 43 have
1583 959 111 43 been

26 1031 147 42 stored
207 1046 59 41 up
292 1032 155 42 within
481 1032 75 42 the
590 1037 150 38 centre
772 1032 160 57 during
964 1032 76 43 the
1064 1047 175 42 process
1276 1033 46 42 of
1351 1033 59 42 its
1444 1046 249 30 education.

28 1103 72 43 He
122 1107 195 53 says,—"
336 1104 81 43 We
436 1110 172 47 cannot,
625 1105 201 56 perhaps,
845 1105 207 43 conceive
1070 1105 47 42 in
1137 1105 119 42 what
1273 1105 135 56 shape
1432 1105 123 43 these
1572 1105 121 43 ideas

27 1176 45 42 of
93 1176 241 43 associated
369 1181 274 39 movements
676 1177 170 56 persist,
871 1178 79 42 but
982 1178 36 43 it
1050 1178 37 43 is
1118 1182 123 52 quite
1265 1177 166 43 certain
1454 1177 100 43 that
1587 1177 106 56 they

27 1247 56 43 do
116 1248 169 56 persist,
320 1249 87 42 and
442 1249 97 42 that
570 1250 46 41 in
649 1250 108 42 such
791 1250 245 55 perfection
1060 1250 108 43 that,
1191 1251 47 40 in
1274 1250 208 56 ordinary
1521 1250 173 53 speech,

28 1320 74 42 the
126 1320 128 50 word,
279 1335 45 27 or
357 1335 109 28 even
502 1322 73 42 the
608 1328 98 49 part
728 1321 45 43 of
804 1336 25 28 a
862 1329 206 35 sentence
1103 1327 44 37 to
1181 1321 146 43 which
1360 1336 65 28 we
1449 1336 72 28 are
1544 1336 149 28 accus-

28 1392 158 51 tomed,
209 1407 144 28 comes
377 1398 44 36 to
456 1392 74 42 the
566 1398 162 51 tongue
765 1393 187 43 without
984 1394 75 41 the
1082 1394 221 41 attention
1327 1393 44 42 of
1401 1393 77 42 the
1499 1393 126 42 mind
1648 1397 45 38 to

26 1464 75 42 the
124 1465 237 54 particular
385 1470 275 37 movements
692 1465 217 56 required,
934 1465 87 42 and
1054 1466 121 41 often
1201 1466 107 41 with
1331 1480 56 27 an
1411 1465 282 57 appreciably

24 1535 84 43 low
146 1536 153 56 degree
337 1536 45 42 of
418 1537 220 42 attention
672 1542 43 37 to
753 1537 76 42 the
868 1537 119 42 word
1020 1552 47 27 or
1099 1543 219 37 sentence,
1347 1552 46 28 as
1428 1538 128 42 when
1589 1538 105 56 long

24 1608 160 55 strings
209 1609 46 41 of
281 1613 228 38 sentences
542 1622 72 29 are
648 1609 222 43 muttered
904 1609 342 57 unconsciously
1268 1610 61 42 by
1352 1623 82 29 one
1467 1609 158 43 absent
1645 1610 50 42 in

24 1680 132 43 mind.

82 1756 20 17 "
118 1751 241 44 "Wherever
392 1752 88 42 and
501 1752 224 44 whatever
748 1753 74 43 the
845 1753 114 43 local
983 1758 94 39 seat
1106 1754 44 43 of
1183 1754 92 43 this
1308 1754 249 43 connexion
1592 1769 102 43 may

21 1823 52 44 be
95 1824 47 42 in
166 1824 74 43 the
265 1825 135 51 brain,
424 1825 36 42 it
491 1824 95 43 will
617 1825 53 43 be
704 1840 102 28 seen
841 1826 98 42 that
961 1826 38 42 if
1028 1826 76 44 the
1140 1832 95 38 seat
1259 1827 44 42 of
1336 1827 124 43 these
1493 1828 121 42 ideas
1649 1828 45 42 of

20 1896 242 43 associated
285 1902 275 38 movements
584 1897 52 43 be
660 1898 246 55 destroyed,
926 1898 104 43 then
1058 1899 74 43 the
1149 1914 159 42 person
1332 1914 46 28 so
1398 1900 177 55 injured
1600 1900 93 42 will

21 1968 51 42 be
96 1968 172 42 thrown
290 1969 94 42 into
407 1969 76 43 the
507 1970 225 42 condition
760 1971 46 41 of
835 1985 24 27 a
883 1971 119 42 child
1038 1971 96 43 who
1158 1972 78 42 has
1260 1972 179 43 learned
1465 1978 43 37 to
1531 1973 160 43 under-

22 2039 129 41 stand
174 2039 168 56 speech,
365 2040 82 42 but
468 2045 79 37 not
568 2041 136 55 speak
727 2042 72 42 it."

83 2111 188 41 Further
302 2108 114 60 light
451 2126 87 28 was
578 2112 174 42 thrown
791 2128 55 27 on
885 2114 90 42 this
1014 2115 173 55 subject
1224 2115 59 42 by
1320 2115 67 42 Dr
1425 2116 267 51 Broadbent,

23 2179 140 53 when,
185 2180 45 41 in
257 2179 145 46 1872,1
419 2181 56 43 he
499 2182 263 43 formulated
782 2183 68 43 his
868 2183 260 56 hypothesis
1151 2185 231 56 regarding
1400 2185 75 42 the
1499 2186 194 42 cerebral

22 2252 369 55 representations
415 2254 47 41 of
481 2254 236 42 unilateral
741 2255 87 42 and
850 2255 204 44 bilateral
1078 2261 284 38 movements.
1429 2258 104 42 This
1552 2258 138 56 hypo-

22 2323 149 53 thesis,
194 2323 45 44 in
264 2339 23 27 a
320 2325 241 43 somewhat
587 2326 208 44 modified
817 2327 125 43 form,
965 2328 37 42 is
1036 2328 104 43 thus
1173 2329 132 56 given
1338 2330 57 55 by
1420 2329 272 55 Growers,2—

19 2395 165 44 "Some
203 2397 186 43 muscles
412 2397 45 43 of
479 2398 75 44 the
572 2398 129 57 body,
721 2399 109 43 such
854 2414 45 29 as
917 2400 76 43 the
1017 2401 287 43 Intercostals
1327 2402 88 43 and
1438 2403 253 53 Masseters,

18 2482 72 29 are
114 2469 104 42 used
253 2470 104 56 only
381 2470 106 42 with
521 2471 115 43 their
667 2471 170 44 fellows
865 2473 47 42 of
942 2473 75 43 the
1050 2474 200 56 opposite
1284 2475 118 53 side;
1435 2476 148 42 others
1617 2490 73 29 are

18 2540 119 43 often
174 2541 104 42 used
314 2542 104 42 with
453 2543 116 42 their
601 2544 181 43 fellows,
814 2545 80 42 but
927 2551 122 37 often
1082 2545 91 44 also
1207 2547 140 43 alone,
1371 2562 46 28 as
1451 2547 75 44 the
1560 2563 128 42 zygo-

20 2613 159 51 matici,
202 2613 75 43 the
312 2615 193 55 trapezii,
528 2615 86 43 and
648 2616 76 43 the
757 2617 71 57 leg
859 2618 218 54 muscles;
1111 2619 146 44 others
1291 2634 73 29 are
1397 2619 159 58 chiefly
1582 2622 107 43 used

18 2684 136 53 alone,
177 2700 45 28 as
255 2686 74 43 the
365 2688 187 43 muscles
585 2689 47 42 of
664 2689 74 43 the
771 2690 131 43 hand.
980 2691 285 44 Movements
1300 2708 72 27 are
1405 2695 285 42 represented

19 2757 268 58 exclusively
310 2759 46 42 in
390 2759 76 44 the
500 2761 201 57 opposite
734 2761 280 58 hemisphere
1047 2765 46 42 in
1129 2766 257 55 proportion
1417 2780 47 29 as
1486 2766 107 44 they
1616 2782 74 28 are

20 2829 243 53 unilateral,
287 2832 43 41 in
356 2832 107 42 both
497 2833 302 58 hemispheres
823 2836 45 41 in
897 2838 257 54 proportion
1177 2852 48 29 as
1249 2838 106 58 they
1379 2854 71 28 are
1475 2840 212 43 bilateral.

20 2899 54 43 Iu
110 2902 123 42 other
268 2904 152 53 words,
446 2905 140 43 either
618 2906 278 58 hemisphere
930 2923 81 28 can
1041 2914 143 39 excite
1208 2909 74 45 the
1305 2911 204 44 bilateral
1541 2927 149 29 move-

22 2979 152 45 ments,
198 2975 76 42 but
298 2976 103 58 only
427 2977 73 44 the
534 2980 200 55 opposite
767 2980 279 58 hemisphere
1069 2997 82 29 can
1186 2983 143 44 excite
1353 2984 75 43 the
1452 2985 237 44 unilateral

373 3138 11 22 1
413 3138 95 36 Med.
534 3139 104 39 Chir.
661 3141 144 48 Tram.,
826 3143 107 36 1872,
955 3143 70 36 vol.
1049 3145 47 35 iv.

367 3198 14 22 2
408 3199 166 38 Diseases
592 3202 42 46 of
646 3202 56 35 the
720 3202 166 37 Nervous
904 3204 148 45 System,
1071 3204 61 37 vol
1153 3205 38 36 ii.
1212 3217 36 36 p.
1270 3206 56 38 69.

1440 3258 24 40 2
1490 3269 11 30 ]
