2107 3450
259 337 142 30 DEPTH
437 335 53 30 OF
523 331 325 33 IMPRINTATION
884 330 53 32 OF
971 329 435 32 SPEECH-MEMORIES.

1583 316 81 42 201

4 487 139 55 Depth
176 486 50 56 of
255 483 316 58 Imputation
602 482 52 56 of
678 479 393 45 Speech-Memories
1102 479 52 42 in
1185 478 67 42 the
1284 476 380 56 Speech-Centres;

66 557 198 57 Overflow
280 556 50 56 of
340 554 416 43 Speech-Education
773 553 90 41 into
881 552 66 41 the
963 551 325 55 corresponding
1305 549 203 42 Convolut
1517 550 89 40 ions
1621 550 51 54 of

63 631 64 41 the
149 634 179 50 opposite
353 626 272 55 Hemisphere
643 641 12 34 ;
688 624 241 42 Recurring
960 622 249 44 Utterances.

66 750 156 40 Depth
265 759 53 31 of
361 744 452 45 Imprintation.—It
857 744 36 41 is
937 757 23 30 a
1003 742 274 43 remarkable
1317 742 91 42 fact
1446 741 99 42 that
1586 741 76 43 the

3 822 170 41 various
197 834 159 29 classes
379 819 47 42 of
446 817 139 43 words
608 831 71 28 are
702 823 78 35 not
802 816 58 42 all
885 815 253 56 imprinted,
1155 816 33 40 if
1214 829 62 28 we
1297 828 102 43 may
1417 828 46 28 so
1482 828 180 41 express

3 895 43 40 it,
83 895 43 39 in
152 893 72 42 the
259 904 229 30 memories
521 890 43 42 of
598 889 74 42 the
705 902 365 43 speech-centres,
1097 887 106 42 with
1238 887 130 56 equal
1402 887 137 55 depth
1573 885 88 43 and

3 976 301 42 permanency.
368 962 132 49 Thus,
534 960 284 55 notoriously,
851 959 159 42 Nouns
1043 959 112 41 form
1187 957 76 43 the
1296 957 112 42 class
1442 957 44 42 of
1524 956 141 43 words

5 1049 141 29 whose
171 1034 228 42 memories
421 1047 72 28 are
516 1033 75 41 the
614 1031 111 43 least
748 1031 147 56 firmly
918 1030 281 44 established,
1223 1030 86 42 and
1335 1029 215 43 therefore
1584 1029 76 43 the

2 1116 114 33 most
148 1106 137 43 easily
318 1105 273 43 obliterated.
655 1105 203 41 Further,
885 1104 35 42 it
957 1104 37 42 is
1028 1104 162 41 known
1227 1103 98 42 that
1359 1103 74 42 the
1466 1116 198 42 memory

4 1181 46 40 of
89 1194 24 27 a
148 1193 118 27 noun
307 1177 93 42 will
436 1178 51 41 be
525 1177 87 42 lost
650 1191 118 28 more
812 1176 137 43 easily
982 1176 47 41 in
1073 1175 257 56 proportion
1371 1189 46 28 as
1456 1175 73 42 the
1567 1175 99 42 idea

7 1251 279 56 represented
311 1251 55 41 by
391 1250 34 41 it
447 1251 36 41 is
507 1249 163 42 special
689 1263 47 28 or
759 1262 201 28 concrete
978 1248 45 41 in
1043 1252 233 38 character.
1332 1247 166 55 Proper
1516 1261 151 28 names

7 1324 140 54 being,
166 1324 137 41 above
321 1322 60 42 all
403 1322 126 41 other
546 1335 155 37 nouns,
717 1320 349 56 representative
1085 1320 44 41 of
1152 1319 164 56 special
1338 1319 331 53 individuality,

5 1409 70 27 are
100 1395 74 41 the
198 1400 114 36 most
334 1394 138 43 easily
496 1393 262 42 obliterated
782 1394 46 41 of
846 1393 85 52 all;
966 1394 80 41 but
1070 1407 150 28 names
1245 1394 48 40 of
1317 1394 126 41 other
1466 1400 203 36 concrete

6 1466 160 56 things,
189 1466 106 43 such
320 1480 45 28 as
388 1480 25 27 a
433 1466 146 41 watch,
603 1480 23 26 a
658 1465 142 50 chain,
822 1479 47 27 or
902 1479 24 27 a
959 1465 315 55 handkerchief,
1298 1479 72 28 are
1403 1465 92 42 also
1529 1465 139 56 easily

6 1538 272 42 obliterated.
340 1537 211 42 Abstract
574 1551 141 27 nouns
739 1536 87 42 and
847 1536 178 55 general
1050 1543 147 35 terms,
1215 1551 58 27 on
1291 1536 76 43 the
1390 1537 126 42 other
1540 1537 132 51 hand,

6 1609 109 43 such
137 1624 46 27 as
206 1609 112 52 time,
335 1610 133 54 thing,
487 1623 97 41 clay,
602 1608 137 55 night,
758 1622 72 28 are
852 1608 200 42 retained
1071 1608 347 56 comparatively
1438 1609 110 42 well.
1615 1610 55 41 In

4 1682 190 54 aphasia,
217 1681 157 42 Nouns
397 1682 44 40 of
472 1681 89 41 this
583 1680 133 43 latter
739 1680 111 42 class
881 1694 72 28 are
986 1679 87 43 lost
1107 1686 44 36 to
1185 1695 88 41 any
1307 1686 155 37 extent
1495 1681 106 42 only
1624 1684 46 39 in

3 1768 118 28 cases
144 1755 47 40 in
217 1753 141 42 which
382 1754 74 41 the
480 1767 150 29 names
654 1753 47 42 of
720 1759 200 37 concrete
940 1752 149 56 things
1108 1767 72 29 are
1198 1753 89 42 lost
1304 1754 94 42 still
1419 1769 130 28 more.
1617 1755 53 42 In

4 1826 107 41 such
136 1839 130 28 cases,
290 1824 74 43 the
398 1825 86 41 less
518 1839 202 27 common
754 1824 206 42 varieties
994 1825 45 41 of
1080 1825 102 41 verb
1222 1825 87 41 and
1348 1826 46 40 of
1430 1826 76 42 the
1545 1827 129 42 other

4 1911 120 43 parts
147 1897 44 42 of
216 1897 160 56 speech
409 1898 112 41 have
544 1897 91 42 also
658 1897 227 57 generally
909 1897 191 42 suffered
1125 1911 116 28 more
1270 1912 47 27 or
1350 1898 111 53 less;
1495 1913 46 28 so
1575 1900 99 42 that

5 1969 158 55 speech
187 1969 37 42 is
248 1969 311 55 fragmentary,
582 1969 87 42 and
693 1969 196 42 requires
913 1974 44 37 to
982 1969 52 42 be
1058 1969 112 42 eked
1203 1975 77 36 out
1305 1970 58 55 by
1386 1971 286 54 pantomime.

7 2041 56 42 In
87 2055 107 41 very
217 2055 151 28 severe
391 2040 191 56 aphasia,
606 2041 158 55 speech
792 2055 97 40 may
915 2041 51 42 be
998 2040 246 57 altogether
1275 2042 97 43 lost.
1439 2043 91 42 But
1562 2058 112 29 even

7 2112 48 41 in
79 2125 147 29 severe
250 2125 119 28 cases
392 2125 25 28 a
440 2112 84 41 few
544 2111 138 42 words
706 2112 46 41 in
778 2125 104 42 very
910 2125 202 28 common
1140 2126 78 29 use
1253 2127 100 42 may
1377 2114 52 42 be
1464 2116 211 53 retained,

9 2183 110 42 such
143 2196 46 29 as
210 2196 67 41 yes
294 2183 88 41 and
400 2198 54 27 no
467 2197 17 37 ;
509 2183 86 41 and
615 2183 122 42 these
756 2183 74 42 the
849 2183 173 56 patient
1041 2198 100 41 may
1162 2185 211 42 continue
1392 2192 43 36 to
1456 2201 75 28 use
1549 2194 126 50 quite

11 2255 313 55 intelligently.

70 2326 124 52 Now,
220 2327 117 41 what
359 2327 37 41 is
421 2326 74 43 the
518 2326 84 42 law
630 2327 264 55 underlying
930 2327 89 43 this
1047 2328 237 43 difference
1316 2330 46 41 in
1397 2330 75 43 the
1506 2333 169 54 perish-

11 2398 199 43 ableness
233 2398 48 42 of
303 2398 139 43 words
465 2399 87 41 and
576 2399 177 55 phrases
772 2400 15 40 ?
841 2398 162 44 Words
1027 2400 87 42 and
1136 2400 183 56 phrases
1343 2416 71 28 are
1432 2416 242 30 sequences

9 2470 45 43 of
76 2470 293 44 sound-units.
434 2471 90 43 The
550 2472 227 42 memories
802 2472 47 42 of
880 2471 73 43 the
987 2477 116 38 most
1135 2473 161 56 deeply
1318 2473 242 58 imprinted
1585 2478 92 42 will

10 2542 222 56 naturally
254 2544 50 42 be
326 2543 113 43 least
461 2543 138 56 easily
618 2544 273 44 obliterated.
956 2544 188 58 Passing
1166 2560 115 29 over,
1302 2547 66 42 for
1392 2548 75 43 the
1486 2557 192 48 present,

13 2615 246 42 conditions
282 2615 44 42 of
364 2616 131 41 Brain
532 2616 97 42 that
662 2630 72 29 are
766 2616 256 44 favourable
1056 2617 67 43 for
1154 2617 137 57 depth
1326 2621 47 41 of
1402 2620 277 43 impression,

11 2686 108 42 such
141 2701 47 28 as
210 2686 152 43 Youth
386 2687 86 43 and
499 2687 301 57 Intelligence,
824 2689 87 42 and
934 2688 181 58 looking
1137 2690 106 57 only
1268 2698 44 36 to
1336 2691 250 62 Language,
1611 2710 66 30 we

16 2772 96 40 may
152 2759 255 56 reasonably
447 2774 187 41 suppose
674 2761 97 41 that
812 2761 127 43 when
977 2762 417 56 speech-memories
1434 2780 73 30 are
1548 2768 131 57 being

15 2830 204 54 acquired
244 2830 55 56 by
322 2830 75 44 the
420 2839 183 44 centres,
627 2832 74 43 the
734 2838 86 37 two
845 2833 149 57 things
1023 2842 115 35 most
1173 2837 255 44 favourable
1463 2844 44 38 to
1542 2840 136 57 depth

15 2898 85 40 and
124 2911 292 41 permanency
441 2901 46 41 of
516 2900 261 55 impression
803 2901 90 42 will
918 2902 52 43 be
993 2903 238 56 Emphasis
1252 2905 48 43 in
1325 2906 75 44 the
1424 2922 76 29 use
1527 2912 48 39 of
1605 2911 75 43 the

18 2969 127 49 word,
168 2970 83 41 and
283 2971 223 56 Frequent
539 2973 256 55 Repetition
829 2975 46 41 of
907 2975 35 41 it
975 2976 45 40 in
1058 2977 170 55 speech.
1295 2979 199 57 Looking
1526 2988 46 36 at
1606 2984 73 43 the

18 3054 152 37 nouns,
202 3041 140 44 which
378 3059 69 27 are
484 3044 162 42 known
683 3052 44 36 to
765 3046 50 42 be
854 3046 74 43 the
962 3054 121 50 parts
1116 3050 45 41 of
1199 3052 158 54 speech
1395 3060 115 36 most
1543 3056 138 56 easily

19 3112 271 53 obliterated,
317 3129 61 28 we
402 3116 91 42 find
518 3117 109 51 that,
649 3131 47 30 as
719 3119 277 56 everything,
1018 3120 88 43 and
1138 3135 131 43 every
1294 3124 112 43 class
1440 3126 45 41 of
1520 3128 160 42 things,

18 3183 77 43 has
116 3185 58 41 its
198 3198 139 39 name,
360 3201 142 29 nouns
525 3203 71 28 are
619 3189 161 43 almost
801 3191 223 55 infinitely
1047 3207 263 40 numerous;
1337 3196 85 42 and
1447 3204 88 48 yet,
1558 3199 35 42 if
1617 3215 64 29 we
