2113 3404
839 181 86 31 TIIK
958 182 241 34 DISORDERS
1232 185 52 31 OF
1315 185 175 31 SPEKCIT.

360 170 53 40 us

360 299 67 41 his
450 313 153 41 organs
625 300 44 42 of
690 299 163 56 Speecli
877 300 44 42 in
944 315 24 28 a
990 302 164 42 similar
1176 302 311 43 inco-ordinate
1509 303 179 42 fashion.
1751 305 51 42 In
1826 308 141 55 crying

363 369 84 41 and
490 369 217 55 laughing,
744 385 44 27 as
831 371 171 55 already
1040 371 162 49 shown,
1238 372 73 42 the
1352 386 153 29 organs
1542 373 46 42 of
1626 373 239 44 Phonation
1901 391 66 31 are

361 439 271 55 abundantly
662 440 226 42 exercised.
951 440 52 42 In
1028 441 172 54 Crying,
1222 441 72 43 the
1328 441 97 41 Oral
1462 441 268 43 Mechanism
1762 443 75 43 has
1869 446 99 43 been

362 510 206 42 observed
606 515 43 36 to
686 511 100 41 take
822 525 25 27 a
883 510 132 55 slight
1051 516 107 48 part,
1180 510 216 41 sufficient
1419 512 62 39 for
1518 510 72 43 the
1627 512 223 55 imperfect
1882 529 86 40 pro-

364 579 174 43 duction
577 580 44 42 of
656 595 25 26 a
703 580 80 41 few
806 580 136 41 vowel
965 579 171 50 sounds,
1158 580 84 41 and
1275 593 80 27 one
1377 594 47 28 or
1446 585 83 37 two
1551 588 266 37 consonants.
1879 585 93 53 But,

364 650 44 41 in
445 650 213 42 Babbling
679 664 46 27 or
747 649 229 55 Prattling,
999 663 63 27 we
1094 649 109 41 have
1226 649 243 55 something
1500 650 235 55 altogether
1756 652 214 45 different:

366 720 244 41 something
631 733 117 28 more
766 718 146 54 nearly
931 718 103 40 akin
1057 723 43 36 to
1118 718 73 41 the
1215 725 266 36 movements
1503 720 46 41 of
1567 721 222 43 articulate
1811 725 163 40 speech,

364 790 227 41 inasmuch
615 804 45 26 as
679 789 73 41 the
770 788 101 41 Oral
889 787 271 42 Mechanism
1180 788 121 41 takes
1320 794 95 48 part
1433 789 44 41 in
1501 790 34 41 it
1551 790 155 42 almost
1726 805 46 29 as
1793 794 179 56 actively

366 874 46 27 as
449 860 73 41 the
556 858 146 42 Vocal.
765 858 55 41 In
854 857 206 55 kibbling
1093 871 46 27 or
1173 858 219 54 prattling,
1415 859 157 42 vowels
1608 874 69 28 are
1700 861 208 54 produced
1930 865 41 41 in

367 930 128 40 much
528 933 168 50 greater
718 927 178 54 variety,
918 927 84 41 and
1035 927 106 41 with
1165 927 127 42 much
1324 934 164 48 greater
1510 929 276 44 distinctness
1808 931 101 42 than
1931 934 40 42 in

365 999 164 55 crying,
551 998 85 42 and
659 1002 258 37 consonants
940 1010 70 28 are
1034 997 62 40 for
1127 997 74 41 the
1225 998 91 41 first
1338 998 103 42 time
1463 999 214 54 produced
1699 1001 274 52 abundantly,

367 1069 113 41 their
502 1073 166 49 variety
691 1067 140 55 being,
852 1067 169 49 indeed,
1043 1067 277 55 astonishing.

424 1140 127 40 From
575 1138 73 42 the
670 1152 103 40 very
795 1137 188 42 detailed
1006 1141 122 37 notes
1150 1137 43 42 of
1224 1138 217 42 Professor
1463 1138 166 56 Preyer,
1653 1154 62 28 we
1738 1154 95 40 may
1856 1143 118 41 make

365 1224 25 26 a
414 1210 79 41 few
516 1209 260 41 illustrative
808 1211 188 39 extracts
1015 1207 194 55 showing
1231 1208 72 41 the
1325 1222 192 40 progress
1540 1209 44 41 of
1614 1209 67 42 his
1703 1210 116 42 child
1840 1211 44 41 in
1906 1213 68 42 the

368 1293 254 42 production
658 1278 44 42 of
732 1277 138 43 vowel
907 1277 85 42 and
1029 1284 238 35 consonant
1303 1278 160 42 sounds
1500 1279 156 56 during
1691 1279 87 43 this
1813 1294 163 41 process

365 1351 44 41 of
431 1350 216 54 babbling.

427 1421 68 42 On
518 1421 73 41 the
616 1420 250 54 forty-third
889 1419 94 54 day,
1006 1420 160 53 Preyer
1185 1419 129 41 heard
1338 1419 72 41 the
1435 1420 89 41 first
1547 1425 246 37 consonant.
1857 1422 119 41 "The

367 1493 116 40 child
515 1490 45 43 in
593 1505 24 26 a
639 1495 112 37 most
782 1489 276 43 comfortable
1089 1494 185 49 posture,
1296 1489 191 55 uttering
1518 1490 58 40 all
1598 1495 109 36 sorts
1739 1491 43 40 of
1806 1490 171 44 obscure

366 1562 172 41 sounds,
561 1560 91 42 said
684 1574 103 28 once
819 1559 240 55 distinctly,
1095 1569 205 31 am-ma,
1365 1559 57 41 Of
1451 1559 172 50 vowels,
1653 1570 32 30 a
1705 1570 30 30 o
1760 1574 83 27 was
1874 1560 102 43 like-

368 1647 100 27 wise
506 1631 131 42 heard
674 1645 54 26 on
766 1631 96 41 that
898 1631 93 53 day.
1055 1630 88 39 But
1178 1642 53 27 on
1270 1629 73 41 the
1381 1629 219 54 following
1636 1629 83 55 day
1758 1630 71 42 the
1866 1632 110 40 child

367 1702 219 43 surprised
624 1715 67 27 me
729 1701 83 41 and
850 1700 143 42 others
1031 1699 57 54 by
1120 1699 72 40 the
1230 1698 216 54 syllables,
1476 1699 162 54 spoken
1681 1699 106 41 with
1824 1707 153 47 perfect

367 1774 291 48 distinctness,
681 1769 160 43 ta-hu,
865 1768 162 43 ta-hu.

425 1846 22 19 "
463 1843 68 41 On
554 1842 72 41 the
649 1838 254 56 forty-sixth
926 1838 96 54 day,
1038 1838 45 40 in
1102 1837 72 41 the
1192 1837 225 42 otherwise
1435 1839 315 54 unintelligible
1767 1840 151 41 babble
1938 1841 43 41 of

367 1915 74 41 the
463 1914 153 40 infant,
631 1912 22 40 I
671 1909 142 43 heard,
833 1922 104 28 once
961 1908 114 50 each,
1093 1920 65 42 go
1182 1909 46 51 (6
1252 1909 148 54 nearly
1418 1909 87 42 like
1522 1909 16 42 i
1560 1910 43 40 in
1622 1910 125 54 bird),
1763 1923 90 31 oro
1869 1926 8 35 ;
1898 1911 77 40 and

367 1987 83 40 five
474 1984 104 54 days
600 1982 120 41 later,
742 1991 104 31 ara.

426 2058 20 20 "
462 2056 52 40 In
549 2054 73 41 the
654 2051 148 43 eighth
834 2049 85 42 and
951 2049 128 41 ninth
1102 2050 153 41 weeks,
1276 2050 73 41 the
1382 2054 84 37 two
1497 2055 243 37 utterances
1762 2053 116 39 biro
1900 2051 77 40 and

366 2137 119 31 arra
517 2125 172 41 became
713 2123 223 52 frequent;
967 2119 72 41 the
1061 2116 30 44 6
1113 2119 85 41 and
1217 2130 33 31 a
1281 2120 126 54 being
1439 2134 116 41 pure,
1577 2120 83 40 and
1684 2120 71 41 the
1776 2130 26 30 r
1822 2120 156 41 uvular.

368 2194 44 41 It
434 2194 77 42 has
542 2193 174 43 already
738 2192 108 40 been
869 2189 131 42 noted
1028 2189 95 42 that
1143 2201 88 30 ma
1251 2190 82 40 and
1356 2189 184 43 nei-nei
1562 2204 108 28 were
1692 2190 223 54 produced,
1937 2191 40 40 in

368 2265 161 54 crying,
551 2279 56 27 on
623 2263 74 41 the
719 2274 286 29 sixty-fourth
1027 2259 85 41 and
1134 2260 238 54 sixty-fifth
1388 2260 114 54 clays.
1566 2260 67 42 On
1651 2260 72 41 the
1745 2260 232 55 sixty-fifth

368 2335 95 54 day,
486 2334 176 42 a-omb
688 2345 83 28 was
794 2329 227 56 produced,
1042 2330 46 40 in
1111 2330 215 55 babbling.

428 2407 18 17 "
464 2403 68 42 On
563 2401 73 41 the
674 2401 83 53 day
795 2405 120 44 after,
941 2397 238 56 distinctly,
1205 2413 105 28 once
1346 2398 115 52 each,
1483 2398 61 50 la,
1576 2399 115 54 grei,
1728 2399 124 52 aho;
1886 2399 92 49 and,

366 2473 182 50 besides,
566 2481 99 41 ma,
687 2470 133 54 again.

426 2546 21 18 "
464 2543 67 41 On
583 2540 73 42 the
708 2538 268 56 sixty-ninth
1018 2538 95 54 day,
1155 2538 72 42 the
1279 2538 116 42 child
1438 2539 122 41 when
1603 2538 170 56 hungry
1813 2537 162 44 uttered

367 2611 259 58 repeatedly,
649 2610 85 42 and
758 2623 102 40 very
883 2607 237 55 distinctly,
1142 2619 195 31 momm
1359 2608 83 41 and
1462 2606 112 55 ngd.

426 2690 20 16 "
462 2684 54 41 In
539 2683 73 41 the
635 2680 124 42 tenth
783 2679 129 42 week,
935 2679 43 41 of
1000 2678 73 41 the
1095 2677 202 55 syllables
1320 2678 150 41 earlier
1492 2679 174 53 spoken,
1689 2679 101 55 only
1811 2691 114 30 orro
1943 2678 32 40 is

364 2753 226 55 distinctly
607 2750 213 43 repeated.
883 2749 68 42 On
968 2747 73 43 the
1058 2748 294 54 seventy-first
1365 2748 95 54 day,
1478 2748 71 42 the
1568 2748 113 41 child
1700 2748 127 55 being
1843 2748 43 40 in
1906 2747 67 41 the

365 2829 112 40 most
519 2819 276 47 comfortable
832 2818 231 42 condition,
1094 2817 121 42 there
1258 2830 140 29 comes
1441 2817 73 42 the
1557 2832 93 28 new
1692 2817 280 42 combination

361 2904 221 36 ra-a-ao;
617 2892 84 41 and
724 2891 82 41 five
823 2889 105 55 days
945 2888 120 42 later,
1082 2887 45 41 in
1150 2901 24 27 a
1192 2887 167 55 hungry
1377 2887 82 42 and
1483 2893 337 37 uncomfortable
1843 2885 131 49 mood,

361 2979 68 30 na
451 2963 83 41 and
556 2972 152 33 nai-n.
