2125 3612
521 279 280 31 PHYSIOLOGY
836 280 53 30 OF
923 277 298 35 WHISPERING.

1649 269 54 42 33

671 669 284 43 CHAPTER
1001 670 57 43 II.

32 826 294 43 Physiology
347 837 55 32 of
423 826 318 43 Whispering.
796 827 298 42 Hysterical
1115 826 227 43 Aphonia.
1397 827 297 43 Hysterical

88 898 204 43 Mutism.
368 898 159 43 Other
572 909 147 31 forms
764 910 54 30 of
864 899 300 42 Functional
1206 898 260 43 Paralysis
1508 911 54 30 of
1605 909 89 32 the

86 971 290 42 Adductors.
425 971 296 42 Functional
739 970 186 44 Spasms.
975 970 265 44 Bilateral
1258 972 255 42 Paralysis
1531 982 55 32 of
1602 981 89 31 the

83 1043 289 42 Abductors.

85 1147 56 42 In
164 1147 75 43 the
264 1148 94 42 first
382 1147 194 56 chapter,
599 1147 37 43 it
658 1162 89 28 was
781 1147 154 43 shown
968 1150 99 39 that
1089 1146 161 43 speech
1272 1146 39 43 is
1335 1146 75 43 the
1433 1145 188 56 product
1643 1145 45 41 of

26 1225 87 37 two
155 1219 295 43 mechanisms
483 1220 149 41 acting
663 1219 48 42 in
744 1219 327 42 co-ordination
1107 1222 109 37 with
1254 1217 107 42 each
1404 1216 282 51 other—viz.,

21 1292 75 42 the
111 1292 136 42 Vocal
271 1292 87 42 and
382 1292 74 42 the
480 1291 105 43 Oral
607 1291 481 43 Mechanisms;—and
1112 1290 123 43 these
1252 1304 112 28 were
1383 1289 234 57 compared
1639 1293 45 38 to

21 1363 75 42 the
116 1363 236 42 bow-hand
376 1363 87 42 and
486 1363 75 42 the
584 1362 284 43 string-hand
892 1363 46 41 of
960 1362 76 42 the
1059 1362 215 42 violinist.
1339 1361 45 42 It
1407 1375 87 28 was
1517 1360 167 52 shown,

21 1435 182 42 further,
219 1439 97 38 that
338 1434 299 43 Stammering
657 1434 38 42 is
717 1448 25 28 a
766 1433 198 42 disorder
983 1434 48 41 of
1049 1432 158 57 speech
1227 1432 158 51 which,
1407 1432 48 42 in
1470 1432 75 42 the
1562 1438 123 50 great

18 1507 207 55 majority
247 1506 48 42 of
322 1520 132 28 cases,
476 1506 38 42 is
541 1505 85 43 due
661 1510 44 37 to
738 1519 25 28 a
802 1509 119 38 want
960 1505 48 42 of
1042 1504 305 56 promptitude
1385 1519 57 28 on
1475 1504 75 42 the
1583 1508 101 51 part

17 1579 47 40 of
85 1578 73 42 the
180 1577 139 42 Vocal
341 1577 280 42 Mechanism
644 1577 47 41 in
715 1576 229 43 attacking
966 1576 75 42 the
1065 1576 97 42 first
1185 1575 211 57 syllables
1421 1576 44 42 of
1488 1575 152 43 words.

77 1648 55 42 In
163 1648 74 42 the
269 1653 179 50 present
480 1648 194 56 chapter,
703 1648 37 41 it
771 1647 38 42 is
841 1647 217 56 proposed
1092 1651 45 38 to
1171 1647 202 42 consider
1406 1661 119 28 some
1558 1646 126 43 other

15 1734 187 28 nervous
226 1720 334 42 derangements
583 1721 44 41 of
657 1719 159 43 speech
839 1719 47 42 in
909 1718 147 43 which
1079 1718 76 43 the
1176 1718 141 43 Vocal
1339 1718 281 43 Mechanism
1644 1718 38 43 is

15 1792 128 56 again
182 1791 157 43 chiefly
377 1796 45 37 at
460 1791 124 42 fault.
651 1791 45 42 It
730 1790 92 43 will
853 1791 54 43 be
940 1791 168 51 shown,
1139 1790 215 54 however,
1381 1790 110 53 that,
1524 1790 48 41 in
1606 1789 75 43 the

15 1866 333 43 derangements
382 1880 99 27 now
513 1869 45 38 to
591 1865 53 42 be
678 1864 270 43 considered,
981 1864 77 43 the
1092 1863 116 43 fault
1243 1863 38 43 is
1314 1867 79 38 not
1426 1877 24 28 a
1483 1867 120 38 want
1636 1863 45 42 of

14 1937 315 56 promptitude,
350 1937 82 42 but
464 1937 153 42 either,
640 1950 57 28 on
719 1936 78 42 the
829 1951 83 28 one
944 1935 134 43 hand,
1101 1951 24 27 a
1147 1939 121 39 want
1291 1935 45 42 of
1358 1949 158 42 power,
1540 1949 60 38 or,
1623 1949 56 28 on

15 2011 75 41 the
113 2010 124 42 other
257 2009 133 42 hand,
413 2024 25 27 a
461 2008 250 44 spasmodic
733 2008 283 43 disturbance
1039 2008 45 41 of
1107 2008 157 42 action.

75 2083 157 42 Before
269 2081 201 55 entering
508 2094 119 28 upon
666 2080 75 42 the
780 2079 324 43 consideration
1137 2079 45 42 of
1218 2079 91 42 this
1341 2093 139 42 group
1514 2078 48 42 of
1590 2077 88 44 dis-

16 2153 150 43 orders
198 2153 48 43 of
274 2152 76 43 the
386 2151 141 44 Vocal
565 2150 295 44 Mechanism,
883 2150 37 42 it
958 2165 103 42 may
1099 2151 54 43 be
1192 2156 266 38 convenient
1490 2149 104 44 here
1633 2156 45 37 to

14 2225 212 51 consider,
258 2225 59 56 by
360 2238 97 27 way
500 2223 48 42 of
586 2222 184 57 preface,
807 2222 74 43 the
919 2222 271 57 Physiology
1229 2223 48 42 of
1314 2222 300 56 Whispering,
1653 2237 25 28 a

13 2296 171 44 subject
202 2296 47 43 of
265 2300 122 53 great
403 2296 272 41 importance
698 2294 48 42 in
767 2293 59 43 its
845 2294 210 43 relations
1077 2299 47 38 to
1146 2294 124 43 these
1289 2293 349 44 derangements.

512 2446 257 58 Physiology
800 2446 51 57 of
888 2445 286 57 Whispering.

70 2560 141 42 What
262 2573 72 29 are
387 2559 75 43 the
506 2559 249 44 conditions
798 2573 232 29 necessary
1074 2558 68 42 for
1195 2558 76 43 the
1313 2558 263 56 production
1631 2559 48 42 of

14 2631 244 58 whispered
291 2631 157 43 speech
465 2633 15 41 ?
543 2632 252 56 Regarding
826 2631 89 43 this
948 2631 207 57 question
1187 2630 124 43 there
1343 2631 38 42 is
1414 2631 95 43 still
1542 2631 133 43 much

12 2705 234 44 difference
270 2705 46 42 in
340 2705 75 42 the
438 2718 135 29 views
596 2704 47 42 of
661 2704 341 56 physiologists;
1034 2702 89 43 and
1154 2703 22 42 I
1200 2717 103 42 may
1325 2703 53 42 be
1411 2703 186 43 allowed
1630 2708 45 37 to

11 2792 177 28 express
212 2777 75 43 the
309 2776 182 43 opinion
513 2776 100 43 that
634 2776 75 43 the
731 2790 137 29 views
892 2775 158 57 taught
1078 2775 59 56 by
1161 2774 75 44 the
1269 2776 257 43 text-books
1559 2783 117 36 most

14 2848 249 44 commonly
286 2848 108 43 used
415 2848 48 42 in
487 2848 90 43 this
600 2852 190 52 country
813 2862 72 28 are
908 2853 78 37 not
1008 2853 176 37 correct.

74 2920 55 42 In
152 2920 186 43 Foster's
367 2920 255 56 Physiology
646 2920 36 42 it
715 2920 37 42 is
784 2919 105 43 held
923 2919 181 43 that—"
1120 2919 289 56 Whispering
1440 2919 37 43 is
1515 2920 159 43 speech

18 3000 184 32 without
223 2990 75 43 the
321 2990 303 56 employment
646 2991 45 42 of
714 2991 75 42 the
812 2990 126 43 vocal
961 2990 139 43 cords,
1122 2990 87 43 and
1232 2991 37 42 is
1298 2990 186 43 effected
1516 2990 160 57 chiefly

17 3060 57 55 by
106 3061 74 42 the
212 3061 84 56 lips
334 3061 87 42 and
460 3067 173 52 tongue.
698 3062 169 43 Hence,
899 3063 47 41 in
985 3062 282 56 whispering,
1301 3061 75 43 the
1415 3061 261 43 distinction

18 3130 196 45 between
237 3141 266 36 consonants
528 3135 199 56 needing,
750 3135 86 42 and
861 3135 125 42 those
1008 3142 80 35 not
1118 3134 200 57 needing,
1340 3134 134 43 voice,
1498 3135 108 42 such
1631 3148 46 29 as

1476 3206 23 29 E
