2113 3404
831 253 86 31 THE
949 253 242 33 DISORDERS
1223 255 53 32 OF
1306 256 175 32 SPEECH.

333 238 15 40 3
362 238 53 41 90

684 3038 12 23 1
718 3035 154 39 Clinical
889 3035 162 37 Lectures
1067 3045 45 24 on
1134 3033 140 36 Mental
1291 3033 167 46 Diseases,
1476 3046 34 35 p.
1532 3037 79 33 2G0.

328 367 37 43 it
387 369 225 57 faithfully
637 370 174 44 mirrors
834 372 73 42 the
930 374 163 41 mental
1125 375 220 42 condition
1376 375 49 42 of
1454 376 70 42 the
1555 377 176 54 patient.
1795 378 86 41 But
1913 379 35 41 it

329 439 102 44 does
462 455 46 29 so
531 443 146 42 rather
698 441 44 45 in
767 444 74 42 the
863 445 203 41 meaning
1087 446 47 40 of
1154 445 115 42 what
1289 446 36 41 is
1347 446 91 42 said
1462 447 104 41 than
1589 447 45 41 in
1666 447 72 42 the
1770 461 178 28 manner

327 513 46 41 of
403 513 154 56 saying
578 514 44 42 it.
686 514 135 42 There
842 514 37 42 is
901 529 80 28 one
1013 516 172 42 curious
1218 516 109 42 form
1359 517 46 42 of
1435 518 284 50 monomania,
1740 517 209 51 however,

329 583 45 41 of
395 584 161 55 special
578 584 183 42 interest
781 582 44 45 in
849 586 242 41 connexion
1109 586 104 42 with
1232 587 165 54 speech,
1416 587 94 42 that
1533 588 21 42 I
1578 602 98 41 may
1695 588 51 41 be
1768 588 180 41 allowed

331 660 44 35 to
397 667 76 42 say
496 668 24 27 a
542 654 84 42 few
648 654 139 42 words
809 655 142 41 about.
1014 656 44 41 It
1079 656 36 42 is
1139 656 96 42 that
1255 657 46 41 in
1319 657 141 42 which
1479 658 72 42 the
1573 662 165 50 patient
1758 657 37 42 is
1813 657 136 42 under

330 723 75 43 the
428 724 194 42 delusion
647 725 109 50 that,
778 725 64 40 for
874 739 117 27 some
1023 726 160 54 special
1213 741 163 28 reason,
1398 728 36 41 it
1464 728 36 42 is
1535 742 222 28 necessary
1781 733 93 36 that
1895 727 55 42 he

330 794 157 43 should
522 795 53 42 be
609 808 244 40 absolutely
886 794 85 42 and
1008 796 305 53 permanently
1335 798 195 41 taciturn.
1593 798 113 41 Such
1744 812 54 26 an
1837 798 108 40 indi-

330 863 162 50 vidual,
514 863 164 55 though
699 862 222 55 generally
944 864 162 41 insane,
1129 865 36 40 is
1188 871 75 35 not
1285 867 257 54 necessarily
1564 880 55 28 so.
1681 867 70 41 He
1774 880 98 42 may
1894 867 53 41 be

331 933 139 42 under
486 947 25 27 a
527 932 201 55 religious
746 946 94 27 vow
860 946 130 27 never
1008 937 42 37 to
1070 938 113 37 utter
1199 948 25 27 a
1240 934 122 42 word.
1416 935 116 42 Thus
1548 950 61 27 we
1621 936 125 41 know
1763 936 93 41 that
1874 936 73 41 the

332 1003 260 42 Carthusian
626 1003 168 49 monks,
816 1002 46 41 in
898 1002 114 42 their
1035 1008 257 50 monastery,
1314 1004 109 54 keep
1449 1005 170 41 silence,
1641 1006 84 40 and
1747 1020 202 28 converse

333 1073 107 42 with
455 1073 104 42 each
575 1073 123 42 other
714 1072 135 55 solely
866 1073 58 53 by
940 1077 194 50 gestures
1151 1073 84 41 and
1253 1073 44 42 in
1317 1074 183 56 writing,
1514 1080 152 36 except
1680 1089 53 27 on
1753 1075 196 54 Sundays

333 1144 87 42 and
443 1143 206 42 festivals.
714 1143 52 41 In
791 1142 124 42 other
937 1156 117 28 cases
1075 1142 74 42 the
1170 1157 150 27 reason
1343 1144 64 41 for
1426 1144 71 42 the
1520 1145 253 41 taciturnity
1796 1150 156 36 cannot

335 1216 53 41 be
406 1213 262 43 discovered.
731 1213 119 41 Thus
865 1212 239 42 Kussmaul
1120 1213 98 41 tells
1233 1213 46 41 of
1289 1228 24 26 a
1329 1214 149 54 pedlar
1491 1215 45 40 in
1554 1214 277 42 Switzerland
1846 1214 107 50 who,

334 1285 66 41 for
421 1289 46 37 at
486 1283 111 42 least
621 1283 54 42 15
696 1296 137 42 years,
855 1282 164 42 carried
1051 1296 54 27 on
1137 1282 69 42 his
1238 1283 196 43 business
1456 1285 184 55 entirely
1663 1285 56 55 by
1742 1299 145 27 means
1909 1285 43 41 of

334 1355 128 42 signs.
525 1359 21 16 "
563 1355 83 40 For
667 1367 116 28 some
806 1352 342 42 unaccountable
1170 1367 150 28 reason
1345 1353 53 43 he
1429 1354 86 42 had
1546 1355 264 41 condemned
1840 1355 111 40 him-

335 1426 85 42 self
451 1431 43 37 to
528 1424 196 43 absolute
761 1423 274 42 dumbness."
1097 1423 113 42 Such
1245 1437 129 37 cases,
1396 1424 208 43 however,
1625 1430 117 36 must
1772 1425 52 41 be
1849 1439 102 27 rare.

336 1497 54 40 In
412 1494 185 57 general,
619 1493 125 42 when
766 1507 56 27 an
843 1492 243 42 individual
1109 1493 232 42 condemns
1364 1494 174 42 himself
1570 1500 43 36 to
1635 1495 243 41 dumbness,
1899 1494 54 42 he

336 1566 103 42 does
461 1579 45 28 so
528 1565 45 41 in
597 1563 231 42 obedience
849 1565 45 38 to
926 1576 116 28 some
1075 1562 151 42 insane
1264 1563 206 42 delusion.
1533 1564 65 41 I)r
1633 1564 207 42 Clouston
1876 1563 76 41 has

336 1635 204 44 recorded
562 1649 24 27 a
607 1634 108 56 good
738 1647 93 28 case
854 1633 44 41 of
928 1632 74 42 the
1024 1633 118 41 kind.
1216 1633 70 42 He
1318 1638 191 50 says,—"
1527 1635 22 40 I
1580 1634 108 41 have
1720 1648 24 27 a
1776 1647 99 28 man
1906 1634 47 40 in

336 1707 75 41 the
433 1704 203 56 Asylum,
658 1703 53 41 D.
734 1703 45 43 T.
803 1702 67 51 K.,
893 1702 94 41 who
1011 1702 65 41 for
1097 1706 75 38 ten
1192 1716 123 41 years
1346 1703 76 42 has
1444 1717 130 28 never
1595 1703 162 42 spoken
1780 1718 24 27 a
1827 1703 126 49 word,

337 1778 81 41 but
439 1789 109 28 who,
570 1775 23 40 I
614 1787 100 41 may
737 1787 88 41 say,
846 1773 46 40 in
923 1772 60 41 all
1015 1772 122 42 other
1167 1780 188 47 respects
1377 1773 185 42 behaves
1583 1773 159 54 sanely,
1763 1774 192 53 showing

337 1862 57 27 no
417 1859 241 42 symptoms
680 1845 45 40 of
746 1842 162 42 morbid
933 1842 122 55 pride
1076 1856 47 27 or
1145 1843 228 41 suspicion.
1436 1843 70 41 He
1528 1844 35 40 is
1595 1857 131 27 about
1756 1842 74 43 the
1861 1843 95 41 best

333 1916 144 56 joiner
498 1928 64 28 we
583 1913 121 41 have.
766 1912 83 41 We
871 1910 129 42 know
1022 1911 53 42 he
1097 1911 76 42 has
1194 1925 25 27 a
1241 1912 196 42 delusion
1460 1913 141 41 which
1632 1917 201 50 prevents
1863 1912 88 41 him

340 1985 223 56 speaking,
584 1984 81 41 but
678 1981 117 42 what
816 1982 35 40 it
872 1981 36 41 is
927 1995 63 28 we
1007 1980 113 42 can't
1140 1981 91 41 find
1252 1985 86 39 out.
1391 1982 44 40 If
1453 1982 54 41 he
1526 1986 135 37 wants
1678 1982 278 41 instructions

339 2060 133 39 about
504 2055 67 41 his
605 2053 117 41 work
752 2053 54 41 he
830 2056 153 46 writes,
1006 2051 79 41 but
1116 2052 183 54 nothing
1329 2052 90 42 will
1451 2052 154 42 induce
1636 2052 91 41 him
1759 2057 43 37 to
1834 2059 122 34 write

340 2141 102 28 why
463 2126 55 41 he
541 2129 129 37 won't
691 2122 168 56 speak."
877 2121 15 25 1

403 2195 220 57 Speaking
644 2194 46 41 of
718 2193 88 41 this
828 2193 111 41 form
962 2192 47 41 of
1028 2192 193 50 mutism,
1244 2192 145 55 Seglas
1411 2197 284 37 remarks,—"
1712 2192 131 42 Often
1864 2193 35 40 it
1919 2192 37 42 is

342 2283 25 27 a
390 2266 161 43 special
573 2263 318 43 hallucination
910 2262 141 41 which
1074 2262 35 41 is
1129 2262 72 42 the
1224 2262 136 55 origin
1383 2263 45 41 of
1449 2263 72 41 the
1543 2262 201 56 patient's
1767 2263 189 42 mutism.

342 2339 72 42 He
446 2338 135 41 hears,
603 2335 65 40 for
699 2332 211 55 example,
932 2346 55 27 an
1019 2332 255 54 imperative
1296 2332 119 42 voice
1446 2332 139 41 which
1607 2332 162 42 forbids
1800 2332 91 41 him
1913 2337 43 36 to

343 2421 159 42 speak;
531 2404 98 43 and,
651 2403 46 41 in
729 2406 112 38 spite
864 2402 46 41 of
938 2401 60 41 all
1027 2401 242 52 entreaties,
1290 2401 54 42 he
1366 2401 130 55 keeps
1528 2402 167 41 silence.
1759 2403 53 40 In
1835 2402 121 42 other

344 2492 117 29 cases
485 2477 73 41 the
580 2473 179 43 mutism
787 2472 38 41 is
853 2471 74 42 the
959 2485 294 40 consequence
1284 2471 47 40 of
1358 2485 24 27 a
1407 2471 239 41 delusional
1674 2472 107 50 idea,
1803 2472 152 51 which,

342 2560 235 36 moreover,
601 2557 100 41 may
737 2556 107 27 vary
881 2541 46 40 in
966 2540 228 42 character.
1257 2540 254 42 Sometimes
1548 2541 35 41 it
1618 2541 36 41 is
1691 2556 54 27 an
1781 2541 96 42 idea
1913 2543 43 40 of

343 2616 331 45 unworthiness,
694 2613 46 41 of
759 2611 229 42 humility:
1021 2610 74 42 the
1112 2610 167 54 patient
1301 2610 185 41 believes
1509 2610 173 43 himself
1698 2611 129 42 fallen
1847 2612 108 41 from

342 2691 70 41 his
449 2685 188 58 position
675 2696 46 28 as
759 2696 24 27 a
819 2695 114 35 man,
955 2679 85 42 and
1063 2679 229 55 unworthy
1317 2684 43 36 to
1383 2681 312 42 communicate
1724 2681 55 55 by
1802 2681 153 55 speech

345 2760 106 43 with
477 2758 68 41 his
571 2754 389 43 fellow-creatures.
1024 2749 255 43 Sometimes
1307 2750 36 41 it
1370 2750 36 42 is
1435 2764 55 27 an
1519 2750 97 43 idea
1640 2751 45 42 of
1715 2759 241 46 expiation:

343 2832 55 41 he
419 2830 134 41 keeps
590 2824 160 43 silence
772 2827 44 36 to
838 2824 172 39 expiate
1032 2819 73 42 the
1128 2820 237 54 imaginary
1390 2820 88 42 sins
1501 2820 95 43 that
1631 2820 53 43 he
1706 2820 247 55 reproaches

344 2899 178 46 himself
541 2895 116 44 with.
721 2893 54 41 In
797 2892 124 42 other
942 2904 117 28 cases
1080 2890 37 42 it
1137 2890 37 41 is
1196 2889 72 43 the
1291 2890 89 42 fear
1401 2890 43 42 of
1470 2890 178 57 hurting
1669 2904 115 29 some
1806 2903 149 38 one,—
