2125 3612
251 291 307 38 STAMMERING,
593 292 92 31 AND
720 290 88 34 THE
842 290 147 34 STUDY
1023 293 53 31 OF
1109 292 88 35 TUB
1232 294 245 32 ALPHABET.

1661 284 55 44 17

53 422 77 36 not
154 416 169 42 thrown
348 414 94 41 into
466 412 35 42 it
520 410 162 56 boldly,
700 424 47 29 as
771 410 34 42 it
828 410 138 56 ought
989 416 44 37 to
1058 411 52 44 be
1128 427 8 39 ;
1158 412 87 42 and
1267 412 74 43 the
1365 413 185 42 speaker
1572 412 142 43 there-

53 488 90 41 fore
166 486 106 43 feels
296 490 96 38 that
415 483 74 43 the
513 496 156 42 proper
691 482 142 41 sound
866 482 78 42 lias
969 487 77 37 not
1080 483 109 42 been
1215 483 233 55 produced.
1513 483 120 42 Thus
1666 482 48 44 in

50 558 75 42 the
151 559 116 42 word
289 554 209 45 mother
523 556 52 41 he
601 554 131 43 emits
765 568 24 28 a
814 554 154 52 feeble,
990 555 250 55 prolonged,
1265 555 87 42 and
1385 560 160 37 almost
1569 555 145 42 voice-

47 629 87 43 less
157 642 78 31 m;
271 632 77 41 but
372 631 34 41 if
438 629 54 41 he
525 627 35 42 is
586 625 157 56 taught
767 630 43 37 to
836 625 140 43 throw
1000 626 75 43 the
1101 627 120 43 voice
1245 627 153 56 boldly
1421 626 190 43 through
1635 626 77 43 the

47 719 118 29 nose,
188 704 68 42 his
279 700 231 56 difficulty,
531 699 46 42 in
602 702 97 37 that
721 696 239 56 particular
982 697 213 52 instance,
1218 697 191 56 entirely
1428 698 265 54 disappears.

107 777 89 42 The
221 774 222 44 following
464 772 78 42 list
570 770 48 43 of
646 783 243 38 sentences,
911 769 213 57 arranged
1157 769 48 43 in
1237 769 77 44 the
1346 770 125 42 usual
1506 770 127 43 order
1665 772 45 41 of

44 849 229 55 difficulty,
308 845 91 43 will
438 845 52 41 be
525 841 139 44 found
702 841 148 43 useful
886 841 47 42 in
973 842 166 56 testing
1174 841 75 43 the
1286 841 277 56 capabilities
1602 843 47 41 of
1683 857 25 29 a

43 935 268 29 stammerer,
333 917 87 44 and
452 917 47 41 in
532 914 348 43 differentiating
903 913 76 44 the
1011 914 153 43 letters
1198 913 110 43 with
1341 914 147 42 which
1517 913 55 44 he
1605 928 103 43 may

44 993 111 43 have
177 991 165 58 special
365 987 220 45 difficulty
603 1003 70 26 :—

104 1065 77 54 (1.)
214 1063 196 43 Vowkls
436 1058 47 55 (i,
508 1069 40 41 e,
572 1068 45 41 a,
643 1067 45 41 o,
711 1055 249 51 u).—Eels
996 1055 70 45 ail
1101 1055 145 44 amid
1278 1067 166 33 ocean
1480 1068 137 33 ooze.

103 1137 74 55 (2.)
212 1135 177 42 Voiced
414 1135 271 41 Fricatives
705 1132 84 51 (the
810 1132 146 42 second
977 1132 170 41 column
1169 1132 147 41 minus
1337 1132 58 41 its
1417 1132 111 42 three
1548 1133 159 55 Explo-

38 1205 298 46 sives).—We
375 1205 126 44 visit
539 1203 92 45 the
672 1202 171 52 Zulus,
887 1201 104 44 like
1030 1201 271 53 ramblers,
1344 1202 195 55 yearly,
1620 1203 86 55 (zh

38 1270 103 41 need
162 1275 68 36 not,
255 1270 41 41 he
318 1268 273 57 represented,
609 1281 48 28 as
678 1267 36 41 it
735 1279 123 28 never
878 1278 141 29 occurs
1040 1269 45 37 at
1109 1265 66 41 the
1197 1264 229 57 beginning
1442 1266 51 55 of
1507 1280 28 27 a
1556 1269 150 51 ivord.)

99 1342 78 54 (3.)
212 1342 253 41 Voiceless
514 1340 273 42 Fricatives
830 1337 86 54 {the
947 1337 105 54 first
1095 1337 170 41 column
1306 1337 148 42 minus
1495 1339 58 41 its
1594 1338 113 42 three

37 1411 444 58 Explosives).—F&r
521 1409 185 45 shores
741 1419 143 32 seem
919 1406 174 55 thinly
1126 1405 148 46 hazy.

97 1485 79 53 (4.)
207 1484 161 42 Nasal
403 1485 273 41 Besonants
716 1481 90 55 (m,
830 1492 48 40 n,
902 1478 158 56 ng).—
1064 1479 94 55 My
1190 1478 237 56 nephew,
1487 1478 96 56 (ng
1604 1482 103 42 need

34 1561 71 38 not
128 1557 42 41 be
191 1556 271 55 represented,
483 1571 48 27 as
552 1557 36 41 it
609 1571 126 28 never
756 1568 141 30 occurs
918 1557 46 38 at
988 1553 67 42 the
1077 1553 231 55 beginning
1330 1554 51 55 of
1394 1568 29 27 a
1444 1555 146 55 word.)

95 1627 76 57 (n.)
207 1628 177 43 Voiced
416 1628 281 43 Explosives
721 1625 68 56 (b,
814 1623 47 55 d,
885 1623 258 56 g).—Best
1175 1623 126 55 gold
1335 1623 139 45 dust.

96 1700 75 57 (6.)
206 1700 252 42 Voiceless
490 1700 282 42 Explosives
798 1700 64 54 (p,
887 1698 37 51 t,
947 1696 262 55 k).—Two
1227 1708 135 44 poor
1383 1698 309 44 comrades.1

93 1771 230 44 Although
343 1771 75 43 the
435 1772 137 42 above
588 1772 120 43 table
725 1777 251 38 represents
1000 1772 76 42 the
1098 1771 128 43 order
1249 1772 46 42 of
1317 1772 221 56 difficulty
1561 1772 47 44 in
1627 1773 75 43 the

34 1849 122 51 great
175 1843 204 56 majority
397 1844 47 42 of
464 1858 119 28 cases
602 1845 48 42 of
663 1844 428 43 stammering—the
1114 1843 179 44 Vowels
1312 1844 131 57 being
1462 1852 114 36 most
1598 1860 105 42 easy

34 1915 86 42 and
143 1915 75 43 the
240 1914 224 44 Voiceless
488 1915 263 56 Explosives
774 1922 116 37 most
912 1915 301 43 difficult,—it
1240 1915 103 44 does
1376 1923 79 36 not
1477 1926 227 34 represent

34 1987 75 43 the
127 1987 125 42 order
273 1987 48 42 of
348 1986 221 57 difficulty
592 1986 47 44 in
671 1987 62 42 all
765 2001 132 29 cases.
962 1988 23 42 I
1009 1987 112 43 have
1146 1987 85 42 had
1255 1993 45 37 at
1333 1987 115 43 least
1470 1993 87 38 two
1581 2004 120 29 cases

34 2058 48 43 in
120 2059 143 42 which
295 2059 75 42 the
402 2065 191 49 greatest
625 2059 220 43 difficulty
877 2073 90 29 was
1000 2058 139 43 found
1171 2058 47 44 in
1250 2059 76 43 the
1359 2067 341 49 pronunciation

36 2130 45 42 of
121 2130 74 43 the
227 2130 206 52 Vowels;
475 2130 87 42 and
595 2131 46 41 in
686 2136 78 37 not
806 2145 26 28 a
865 2131 84 42 few
983 2131 23 42 I
1039 2130 113 43 have
1195 2131 139 42 found
1373 2131 76 43 the
1481 2132 221 57 difficulty

36 2200 160 43 almost
238 2200 179 57 equally
460 2201 268 43 distributed
771 2216 105 29 over
925 2201 75 43 the
1044 2201 142 43 whole
1238 2201 79 43 list
1369 2203 48 41 of
1456 2209 243 38 sentences.

34 2273 147 42 "When
227 2273 122 43 there
384 2274 37 42 is
456 2274 219 43 difficulty
711 2281 108 35 with
863 2273 75 43 the
982 2274 176 51 vowels,
1190 2274 108 56 they
1340 2289 72 28 are
1445 2279 77 52 apt
1557 2281 45 37 to
1648 2276 52 43 be

34 2344 222 56 produced
280 2344 109 43 with
413 2344 140 44 feeble
587 2359 134 29 voice,
744 2345 86 43 and
854 2345 46 41 in
934 2359 56 27 an
1024 2344 279 44 interrupted
1335 2345 88 43 and
1455 2347 245 44 tremulous

35 2431 192 29 manner.

81 2528 13 24 1
121 2528 81 37 The
229 2528 195 38 following
448 2529 210 37 additional
685 2541 193 25 sentences
904 2527 81 38 will
1010 2528 47 37 be
1075 2528 120 38 found
1223 2529 42 37 of
1287 2542 65 24 use
1379 2530 57 36 for
1455 2530 245 49 testing-pur-

33 2601 106 37 poses
157 2604 58 22 :—

33 2642 8 56 \
87 2651 27 37 1.
144 2650 151 37 Mother
313 2651 109 37 make
442 2664 101 24 more
561 2651 182 37 mustard.
796 2651 74 37 No,
889 2664 50 24 no
958 2652 6 35 !
992 2655 69 32 not
1079 2663 97 26 now.

84 2713 34 33 2.
148 2711 103 48 Billy
271 2712 143 37 Button
435 2712 145 49 bought
597 2725 22 24 a
637 2712 176 37 buttered
830 2712 151 37 biscuit.

83 2775 35 33 3.
148 2772 109 37 Davy
278 2773 185 36 Doldium
482 2774 147 36 dreamt
647 2773 49 37 he
715 2774 116 36 drove
849 2786 22 24 a
887 2773 154 47 dragon.

85 2837 32 33 4.
146 2833 126 37 Gaffer
290 2834 133 49 Gilpin
441 2839 64 44 got
521 2847 22 24 a
561 2847 109 37 goose
687 2835 76 36 and
781 2835 154 48 gander.

84 2897 34 34 5.
148 2895 109 36 Peter
276 2895 111 49 Piper
405 2896 135 48 picked
559 2909 21 23 a
597 2896 95 48 peck
711 2895 41 37 of
766 2908 152 37 pepper.

84 2958 32 34 6.
146 2955 134 48 Tiptoe
298 2956 163 48 Tommy
479 2957 138 36 turned
636 2970 22 23 a
676 2957 108 36 Turk
804 2959 56 34 tor
878 2961 204 45 twopence.

86 3016 33 36 7.
150 3016 141 37 Kimbo
312 3016 162 37 Keinble
493 3017 136 37 kicked
647 3017 61 37 his
725 3018 208 36 kinsman's
951 3017 130 37 kettle.

87 3075 73 36 For
185 3076 103 38 these
322 3077 75 37 and
432 3090 114 24 many
574 3078 108 36 other
712 3078 145 36 similar
887 3083 204 32 sentences,
1124 3090 59 25 see
1216 3079 102 36 Peter
1346 3078 139 37 ripers
1517 3079 185 35 Practical

38 3130 202 55 Principles
258 3137 40 47 of
311 3138 115 36 Plain
446 3139 73 36 and
539 3138 134 48 Perfect
696 3139 303 37 Pronunciation.

1498 3210 25 32 0
