2113 3404
873 270 86 33 THE
992 274 241 35 DISORDERS
1266 278 53 31 OF
1350 279 174 32 SPEECH.

374 253 84 41 204

436 382 59 43 Of
515 386 163 42 several
700 401 116 30 cases
848 391 200 43 recorded
1070 393 55 56 by
1150 394 145 57 Seglas
1314 396 140 42 which
1479 398 168 42 exhibit
1668 399 72 42 the
1757 398 232 44 hallucina-

377 453 90 42 tion
500 459 231 42 converted
762 460 92 42 into
886 475 55 29 an
973 462 246 55 impulsion,
1248 481 80 27 one
1359 467 36 41 is
1427 467 96 41 that
1554 469 45 40 of
1627 482 24 28 a
1688 470 167 53 patient
1887 476 102 36 with

377 523 219 47 delusions
626 529 46 41 of
699 533 283 52 persecution,
1005 534 94 42 who
1128 537 213 54 supposed
1364 537 176 43 himself
1566 543 42 37 to
1631 539 141 50 suffer,
1796 540 122 42 when
1946 541 43 42 iu

376 592 70 44 his
463 595 117 52 bath,
599 598 198 56 frightful
815 605 184 40 tortures
1017 604 109 42 from
1145 605 72 43 the
1235 606 215 44 electrical
1469 609 289 54 experiments
1782 611 209 53 practised

378 678 117 42 upon
527 666 92 45 him
651 669 58 56 by
731 670 73 44 the
837 673 157 53 spirits.
1057 674 69 43 He
1158 689 83 29 was
1273 677 44 41 in
1356 677 72 42 the
1460 678 121 42 habit
1612 680 44 40 of
1687 680 171 55 writing
1891 695 100 40 very

378 734 82 43 full
492 737 284 57 descriptions
808 742 46 41 of
893 742 121 43 these
1051 748 195 40 tortures.
1310 748 88 40 But
1433 748 45 41 in
1515 749 73 41 the
1626 750 131 41 midst
1793 751 44 41 of
1875 750 117 42 these

378 805 296 57 descriptions,
713 812 84 41 bits
848 826 108 27 were
993 814 287 55 interpolated
1322 817 44 40 in
1409 831 53 27 an
1505 820 253 53 apparently
1795 820 200 42 different

378 877 304 60 handwriting,
704 884 85 40 and
825 884 118 42 these
977 885 72 42 the
1083 887 166 53 patient
1280 888 195 43 declared
1507 893 43 38 to
1582 890 51 42 be
1666 891 72 41 the
1761 892 170 41 writing
1952 893 46 40 of

379 947 74 42 the
486 950 160 54 spirits,
669 953 209 42 executed
916 955 56 54 by
996 968 146 29 means
1174 957 46 41 of
1248 957 67 41 his
1347 957 126 43 hand.
1534 959 84 42 For
1638 961 208 54 example,
1869 961 121 42 when

380 1017 47 41 in
464 1032 80 30 one
582 1035 177 41 passage
801 1023 55 42 he
893 1024 36 42 is
967 1025 222 56 enlarging
1219 1041 116 40 upon
1373 1027 67 42 his
1477 1029 236 56 sufferings,
1745 1031 73 41 the
1850 1032 144 40 spirits

382 1089 216 58 suddenly
628 1092 260 56 interpolate
924 1094 73 42 the
1036 1095 154 51 clause,
1222 1097 137 42 "And
1392 1112 61 27 we
1489 1098 109 56 hope
1636 1100 122 55 again
1795 1105 44 37 to
1871 1101 124 42 make

380 1161 305 54 experiments,
707 1164 83 41 and
819 1168 44 38 to
885 1179 127 29 cause
1042 1166 97 42 thee
1169 1172 42 36 to
1241 1168 129 41 suffer
1392 1168 257 56 frightfully,
1665 1170 43 41 in
1733 1172 261 40 contortions

381 1231 85 42 and
495 1234 323 43 contractions."
835 1234 11 21 1

440 1302 22 42 I
484 1302 111 44 have
623 1304 183 43 devoted
829 1320 115 28 some
967 1321 126 41 space
1116 1312 42 37 to
1182 1307 72 42 the
1276 1309 311 42 consideration
1611 1311 44 40 of
1675 1311 118 42 these
1815 1311 179 55 psycho-

380 1377 137 38 motor
553 1374 349 55 hallucinations,
939 1391 45 28 so
1029 1377 98 42 well
1163 1378 220 42 described
1421 1379 56 54 by
1515 1378 155 56 Seglas,
1706 1381 179 41 because
1922 1381 72 41 the

379 1445 168 56 subject
579 1446 36 42 is
648 1461 24 27 a
708 1448 337 55 comparatively
1068 1463 93 27 new
1185 1462 89 28 one.
1338 1449 43 41 It
1402 1449 36 42 is
1461 1449 87 43 also
1571 1465 23 27 a
1616 1451 167 54 subject
1804 1452 43 40 of
1877 1458 118 49 great

379 1515 291 56 importance;
707 1517 86 42 and
815 1517 74 42 the
912 1518 273 42 conclusions
1207 1518 169 42 arrived
1398 1523 45 37 at
1464 1533 71 28 are
1552 1520 221 54 evidently
1792 1520 43 42 in
1860 1521 135 41 entire

381 1586 210 57 harmony
624 1588 105 41 with
768 1588 72 42 the
874 1588 129 42 latest
1034 1588 211 43 advances
1282 1589 45 40 in
1362 1589 185 42 cerebral
1578 1590 264 55 physiology.
1906 1590 87 43 The

380 1657 362 55 psycho-sensory
767 1658 333 42 hallucinations
1123 1659 108 42 have
1254 1659 107 42 been
1383 1659 101 55 long
1507 1660 228 55 familiarly
1759 1660 188 42 known.2

438 1799 42 42 A
510 1814 104 41 very
642 1800 237 55 important
912 1799 198 55 question
1144 1814 95 26 now
1264 1800 128 42 being
1423 1800 221 42 discussed
1676 1801 56 55 by
1755 1802 240 54 specialists

380 1870 246 42 is,—What
647 1871 36 42 is
712 1870 73 42 the
816 1870 331 56 starting-point
1169 1871 44 40 of
1233 1870 73 42 the
1330 1871 186 41 cerebral
1540 1871 293 43 disturbances
1857 1873 137 41 which

380 1942 186 54 produce
606 1941 119 42 these
762 1941 170 42 various
969 1941 335 42 hallucinations
1325 1943 15 40 ?
1401 1942 45 41 Is
1482 1941 36 42 it
1554 1956 24 27 a
1614 1941 189 42 disorder
1839 1943 43 41 of
1924 1943 71 41 the

382 2011 132 53 mind,
538 2012 141 42 which
707 2016 89 38 acts
820 2026 115 27 upon
959 2011 73 42 the
1055 2011 354 55 speech-centres,
1426 2011 84 42 and
1534 2012 204 54 produces
1760 2012 234 43 hallucina-

382 2083 114 42 tions
519 2083 56 55 by
594 2087 190 37 exciting
811 2082 120 42 them
953 2081 45 42 in
1022 2081 73 42 the
1118 2096 115 27 same
1258 2095 93 41 way
1373 2095 45 28 as
1440 2081 102 55 they
1565 2095 70 28 are
1657 2082 166 42 excited
1846 2083 55 54 by
1925 2083 72 42 the

383 2153 299 43 uncontrolled
716 2153 283 42 imagination
1032 2154 45 40 of
1111 2167 24 27 a
1168 2167 151 40 person
1354 2152 92 42 who
1477 2153 36 41 is
1545 2153 245 55 dreaming;
1822 2168 46 26 or
1899 2168 97 41 may

381 2224 73 41 the
492 2223 193 42 disorder
722 2223 52 42 be
817 2223 225 55 primarily
1075 2221 188 44 situated
1300 2223 45 39 in
1384 2222 73 42 the
1492 2222 322 55 speech-centre
1850 2223 147 42 itself?

382 2291 53 41 In
468 2291 73 42 the
574 2291 129 42 latter
740 2305 106 27 case,
872 2291 74 40 the
980 2290 311 41 hallucination
1323 2290 45 41 in
1401 2290 72 41 the
1505 2290 319 55 speech-centre
1857 2290 140 41 would

381 2361 169 42 disturb
573 2361 73 41 the
674 2361 147 51 mind;
852 2360 96 42 and,
971 2361 36 40 if
1035 2360 74 42 the
1140 2360 164 42 mental
1337 2360 175 42 balance
1536 2374 107 28 were
1667 2365 76 36 not
1764 2374 103 41 very
1888 2361 108 54 good

382 2431 84 42 and
496 2435 106 38 true,
624 2431 36 42 it
690 2431 140 55 might
861 2430 238 42 overthrow
1123 2430 72 41 the
1222 2430 240 54 judgment,
1485 2429 84 42 and
1603 2430 50 41 be
1685 2430 208 42 therefore
1924 2430 71 42 the

432 2545 12 22 1
471 2544 139 48 Se'glas,
629 2556 51 35 op.
701 2544 71 46 cit,
792 2555 34 36 p.
847 2545 80 34 248.

429 2604 14 23 8
469 2603 281 37 Psycho-motor
785 2602 300 36 Hallucinations
1121 2602 74 36 and
1226 2602 226 48 Impulsions
1478 2614 85 35 may
1588 2613 108 24 occur
1727 2602 41 36 in
1795 2603 200 36 connexion

385 2664 90 37 with
492 2668 120 32 motor
629 2666 141 33 centres
788 2662 106 36 other
910 2661 91 36 than
1019 2661 104 36 those
1143 2661 201 36 connected
1361 2661 90 35 with
1471 2661 150 47 Speech.
1674 2661 37 35 It
1725 2661 122 36 would
1864 2674 134 35 appear

381 2729 82 31 that
486 2724 90 47 they
595 2735 85 24 may
699 2734 92 24 even
817 2725 149 44 prompt
991 2734 21 23 a
1037 2721 141 36 lunatic
1205 2725 37 31 to
1268 2719 170 37 criminal
1457 2720 177 36 violence.
1686 2722 54 34 Dr
1765 2721 143 45 Elkins,
1928 2733 68 23 one

382 2784 40 37 of
435 2784 63 36 the
522 2782 403 47 assistant-physicians
942 2782 40 34 in
1001 2781 63 36 the
1091 2781 118 47 Royal
1235 2779 219 48 Edinburgh
1472 2780 172 47 Asylum,
1664 2780 64 36 has
1746 2781 171 35 recorded
1935 2780 61 35 the

380 2843 219 40 interesting
628 2854 79 24 case
737 2841 40 36 of
805 2853 22 24 a
859 2853 125 34 young
1013 2853 88 23 man
1130 2839 154 38 affected
1317 2839 93 36 with
1442 2839 201 37 homicidal
1672 2841 134 43 mania,
1837 2839 82 37 who
1948 2851 48 25 on

379 2904 140 39 several
555 2914 183 26 occasions
771 2901 75 36 had
878 2901 205 36 attempted
1117 2905 37 31 to
1189 2899 151 36 commit
1373 2899 158 36 murder.
1585 2899 67 36 "A
1678 2899 70 35 few
1782 2899 89 46 days
1903 2902 94 32 after

379 2977 201 25 admission
611 2963 47 35 he
685 2973 238 25 volunteered
948 2960 64 36 the
1042 2963 197 33 statement
1268 2962 82 32 that
1375 2958 59 37 his
1459 2958 157 37 muscles
1641 2970 93 24 were
1760 2958 131 47 urging
1915 2957 79 35 him

379 3033 36 29 to
433 3026 47 35 do
506 3024 126 36 things
649 3026 82 32 that
754 3021 46 36 he
823 3020 110 37 knew
952 3032 92 24 were
1063 3019 363 36 wrong."—Journal
1443 3019 41 46 of
1504 3018 139 36 Mental
1665 3017 147 43 Science,
1831 3017 163 46 January

382 3089 102 35 1891.
