1895 3217
893 313 93 31 THE
1009 314 150 32 BLACK
1185 313 172 32 ORANG.

445 296 61 48 66

444 447 77 39 the
561 456 96 31 ears
692 441 272 62 resembling
1001 448 129 39 those
1170 441 51 46 of
1250 456 124 38 man^
1416 441 83 45 but
1540 442 146 54 small,
1725 443 90 45 and

443 519 180 60 applied
667 519 114 46 close
824 526 47 39 to
915 519 80 46 the
1030 519 148 54 head;
1228 525 80 39 the
1348 534 119 29 arms
1511 517 50 46 of
1593 520 223 44 consider-

442 595 99 47 able
563 596 171 61 length.
802 596 56 46 In
889 603 79 39 the
1002 596 130 46 adult
1160 601 134 49 state,
1330 594 113 46 from
1475 596 125 45 what
1629 612 69 30 we
1729 597 89 44 im-

440 672 217 63 perfectly
680 674 151 54 know,
856 680 127 39 these
1007 674 248 45 characters
1275 673 95 45 will
1389 688 113 46 vary
1519 673 182 61 widely,
1727 675 90 44 and

442 750 94 46 still
558 765 121 32 more
703 766 46 31 so
773 749 42 47 if
828 751 79 45 the
923 751 156 45 Pongo
1103 750 117 46 shall
1242 750 265 61 ultimately
1530 766 135 45 prove
1688 750 130 46 iden-

441 827 108 46 tical
566 834 115 39 with
696 827 51 55 it,
768 828 149 45 which
937 828 78 45 the
1032 827 110 46 high
1163 827 235 62 authority
1417 827 51 46 of
1483 828 168 46 Cuvier
1666 829 150 45 would

441 919 104 31 now
563 911 199 39 warrant
778 921 54 29 us
850 911 46 39 to
915 905 201 45 consider
1139 905 199 54 decided,
1359 905 78 45 did
1454 911 127 39 there
1599 911 80 40 not
1698 912 118 39 exist

443 998 46 30 so
513 997 111 46 very
648 981 117 46 wide
789 997 27 30 a
839 981 236 46 difference
1097 983 206 45 between
1318 989 79 39 the
1416 983 250 45 characters
1681 983 135 61 given

440 1060 64 60 by
520 1060 98 44 him
636 1059 91 45 and
746 1059 245 60 Lacepede,
1017 1059 91 44 and
1130 1065 128 39 those
1281 1060 148 44 which
1448 1075 46 30 so
1511 1075 144 46 many
1670 1059 48 45 in
1736 1060 79 45 the

440 1152 154 46 young
617 1151 118 31 state
751 1136 118 46 have
888 1136 245 45 exhibited.
1203 1137 89 45 We
1306 1137 118 45 have
1443 1138 145 44 added
1605 1138 78 44 the
1703 1138 111 45 den-

439 1213 135 46 tition
598 1212 51 47 of
663 1214 79 44 the
766 1214 150 45 Pongo
931 1212 114 46 from
1065 1214 205 45 Frederic
1287 1214 179 54 Cuvier,
1482 1214 192 45 reduced
1696 1221 117 39 two-

438 1291 162 54 thirds,
633 1292 91 45 and
755 1297 79 39 the
856 1292 302 44 resemblance
1182 1292 205 44 between
1411 1291 36 45 it
1471 1291 92 45 and
1584 1291 79 45 the
1687 1292 125 46 teeth

439 1368 51 46 of
505 1368 78 46 the
600 1369 120 61 large
737 1368 245 47 Sumatran
998 1384 150 46 orang,
1169 1368 95 45 will
1281 1369 54 45 be
1359 1368 313 62 immediately
1691 1384 118 31 seen.

493 2509 90 46 We
607 2509 115 46 shall
744 2525 103 31 now
871 2510 195 47 describe
1091 2512 124 46 what
1238 2513 82 46 has
1343 2515 111 44 been
1479 2516 138 45 taken
1636 2515 63 47 for
1717 2516 77 47 the

428 2594 110 54 type
561 2585 51 48 of
626 2593 78 40 the
727 2603 185 31 modem
935 2604 139 47 genus
1101 2590 226 56 PithecziSj
1353 2591 46 46 in
