1933 3302
199 168 51 38 52

463 167 263 33 Anatomischer
748 168 133 33 Befund
906 173 34 28 in
967 171 60 31 der
1050 172 261 42 Schädelhöliie,
1334 176 46 29 im
1403 175 148 33 Tliorax.

200 275 53 39 ist
302 275 99 38 nach
449 275 74 37 den
579 276 600 49 pathologisch-anatomischen
1226 279 349 52 Untersuchungen
1621 284 182 40 hinzuzu-

200 330 140 50 fügen,
392 329 86 37 dass
527 332 114 35 unter
685 330 67 38 der
792 330 229 39 Oberfläche
1070 332 66 37 der
1175 332 516 51 Hospitalbrandulceration
1739 339 66 38 das

202 382 167 40 Gewebe
406 382 41 38 in
487 383 134 38 weiter
655 383 272 51 Ausdehnung
965 384 121 38 durch
1121 385 60 38 die
1219 387 197 47 dichteste,
1456 389 136 50 zellige
1621 390 183 40 Einlage-

201 450 103 37 rung
343 436 248 38 entzündlich
628 438 174 37 infiltrirt
838 439 78 37 und
956 451 46 24 zu
1044 438 125 38 einem
1209 440 58 38 oft
1313 442 109 36 mehr
1469 442 55 37 als
1571 443 233 47 zollbreiten,

203 491 145 37 derben
369 490 301 39 Reactionshofe
691 491 236 38 verwandelt
947 491 105 38 wird.
1111 492 60 38 Da
1201 493 103 39 aber,
1334 508 59 24 wo
1420 495 67 38 der
1506 495 302 39 Hospitalbrand

202 544 135 50 rapide
368 547 187 35 vorwärts
585 544 196 46 schreitet,
813 559 30 23 z.
866 544 44 40 B.
932 545 52 37 im
1005 544 162 52 Anfang
1187 547 66 37 der
1281 548 189 49 pulpösen
1493 548 127 47 Form,
1651 551 77 37 und
1749 552 59 46 da,

202 611 61 24 wo
293 598 40 37 in
362 597 172 39 frischen
554 598 183 39 Wunden
767 598 61 38 die
857 598 416 51 Bindegewebsräume
1301 602 114 38 rasch
1444 602 180 51 ergriffen
1644 605 163 46 werden,

205 653 134 37 deutet
375 652 127 51 einzig
530 653 80 38 und
639 652 116 38 allein
793 652 61 38 die
892 653 148 37 braune
1069 653 250 52 Verfärbung
1357 656 66 38 der
1457 655 256 48 Interstitien,
1751 658 59 38 die

205 705 111 39 mehr
346 706 93 38 oder
468 706 171 51 weniger
668 705 92 38 tiefe
791 705 147 39 Grenze
969 707 66 37 der
1064 706 266 54 Ausbreitung
1367 710 65 37 des
1466 709 345 40 Hospitalbrandes

205 760 41 38 in
276 760 74 38 den
381 759 192 40 Geweben
605 774 59 33 an,
695 773 47 25 zu
772 759 105 39 einer
897 759 96 47 Zeit,
1024 760 39 38 in
1093 761 166 38 welcher
1287 776 74 24 von
1381 763 104 38 einer
1509 764 191 38 reactiven
1721 765 92 37 oder

207 813 357 39 eliminatorischen
594 813 229 51 Thätigkeit
853 814 67 38 der
950 813 164 39 Gewebe
1143 815 100 38 noch
1270 816 184 38 keinerlei
1484 816 150 50 Spuren
1669 831 46 24 zu
1744 817 67 39 be-

206 869 163 37 merken
399 869 97 39 sind.
556 866 220 52 (Marmy.)

338 922 246 38 Allgemeine
600 921 178 39 Befunde
794 921 63 38 bei
874 922 74 37 den
963 921 171 39 Leichen
1155 936 48 23 an
1220 922 302 50 Hospitalbrand
1537 924 278 38 Verstorbener

210 976 87 38 sind
326 990 136 37 grosse
492 975 284 51 Abmagerung
805 976 78 37 und
914 973 176 40 Anämie.
1135 974 318 53 Ausgebreiteter
1480 977 213 39 Decubitus
1721 979 94 37 wird

207 1031 136 50 häufig
373 1030 186 38 erwähnt,
591 1030 61 38 die
691 1029 106 38 Haut
835 1029 56 38 als
922 1030 189 50 gelblich,
1149 1029 185 47 blutarm,
1374 1030 152 47 saftlos,
1557 1044 260 26 abschilfernd

209 1085 80 37 und
328 1084 61 38 die
425 1084 244 38 Musculatur
706 1084 185 37 zuweilen
932 1083 56 38 als
1023 1084 77 38 fest
1129 1097 396 37 zusammengezogen
1553 1084 261 39 beschrieben.

208 1139 82 38 Das
319 1138 95 38 Blut
457 1152 81 24 war
577 1138 115 38 meist
733 1138 259 50 dünnflüssig,
1030 1137 317 39 bräunUch-roth
1385 1137 71 39 mit
1489 1138 218 50 spärlichen
1741 1137 74 39 Ge-

209 1206 186 25 rinnseln.
454 1192 197 39 Zuweilen
680 1192 132 38 wurde
835 1191 146 39 Oedem
1012 1192 67 37 der
1104 1191 286 38 Extremitäten
1418 1192 114 38 meist
1564 1193 66 37 der
1658 1195 161 35 unteren

209 1247 247 38 beobachtet.

486 1374 337 40 Anatomischer
852 1374 167 39 Befund
1046 1373 47 40 in
1123 1374 72 39 der
1226 1372 328 40 Schädelhöhle.

344 1485 98 38 Hier
480 1484 93 38 fand
602 1497 91 24 man
731 1483 66 37 das
829 1481 144 40 Gehirn
1003 1486 58 34 oft
1101 1481 288 52 congestionirt,
1428 1481 90 38 bald
1552 1480 178 44 blutarm,
1763 1482 57 34 oft

215 1545 106 34 serös
353 1539 272 39 durchtränkt,
669 1537 99 38 auch
807 1536 140 38 einmal
985 1539 71 35 mit
1093 1535 340 45 oberflächlichen,
1472 1534 140 46 hellen,
1643 1533 177 50 blutigen

216 1595 332 50 Auflagerungen
577 1592 69 38 auf
673 1593 73 37 den
780 1591 249 38 Windungen
1057 1603 114 25 unter
1201 1590 73 37 den
1302 1589 167 38 Häuten.

609 1730 334 41 Anatomischer
971 1729 169 40 Befund
1167 1729 58 39 im
1253 1728 183 39 Thorax.

349 1842 73 38 Die
443 1841 167 38 Lungen
638 1853 159 25 wurden
825 1838 115 39 theils
970 1851 97 38 ganz
1096 1837 161 39 normal,
1288 1836 116 38 theils
1434 1832 392 50 zusammengefallen

217 1898 80 38 und
312 1897 169 39 blutarm
504 1894 208 52 gefunden.
758 1894 153 38 Oefters
932 1893 156 38 werden
1109 1892 98 38 auch
1222 1891 247 50 Hypostasen
1488 1889 40 37 in
1544 1889 73 37 den
1635 1887 188 44 hinteren,

217 1966 166 25 unteren
413 1949 179 39 Theilen,
632 1949 147 38 welche
816 1962 77 25 von
922 1951 170 34 serösem
1122 1945 146 39 Oedem
1303 1943 253 39 durchtränkt
1584 1954 140 32 waren,
1766 1953 59 24 er-

218 2009 147 36 wähnt.
424 2003 162 39 Hierbei
614 2003 144 37 fanden
788 2002 83 38 sich
900 2001 57 38 oft
987 2001 60 37 ein
1078 2001 134 37 trüber
1240 1999 148 50 Erguss
1419 1997 40 37 in
1489 1997 65 37 der
1584 1995 137 37 Pleura
1750 1993 78 37 und

219 2061 274 39 Ecchymosen
522 2058 70 38 auf
619 2057 214 38 derselben,
873 2057 117 36 deren
1018 2054 125 38 Farbe
1174 2054 133 38 häufig
1337 2065 55 24 als
1423 2049 205 39 auffallend
1658 2060 170 25 schwarz

220 2114 226 39 bezeichnet
481 2112 96 38 wird
604 2112 80 38 und
714 2111 117 37 deren
862 2109 227 39 Oberfläche
1124 2107 184 39 zuweilen
1336 2105 99 38 noch
1464 2117 74 25 von
1568 2115 123 25 einem
1719 2100 109 38 fibri-

221 2184 123 25 nösen
374 2168 124 38 Belag
526 2166 168 38 bedeckt
726 2179 89 24 war.

354 2221 237 40 Ausserdem
628 2220 155 38 werden
822 2217 165 38 vielfach
1017 2215 209 43 Abscesse,
1267 2216 136 47 eitrige
1440 2211 157 38 Knoten
1625 2209 79 37 und
1732 2207 97 39 keil-

223 2278 168 39 förmige
420 2276 171 38 Infarcte
621 2287 126 25 neben
776 2272 232 39 trüblichem
1037 2269 79 38 und
1145 2267 176 50 eitrigem
1351 2267 147 50 Erguss
1528 2263 184 45 erwähnt,
1721 2315 7 7 _
1755 2261 74 38 Er-

225 2345 277 37 scheinungen,
522 2329 60 39 die
595 2327 207 53 jedenfalls
815 2326 102 39 wohl
934 2325 68 38 auf
1014 2323 216 49 Rechnung
1244 2320 244 50 pyämischer
1504 2315 329 52 CompUcationen

226 2401 47 24 zu
303 2399 130 25 setzen
463 2398 97 25 sind.

359 2440 210 38 Hennen
596 2436 256 39 beobachtete
884 2435 22 37 2
936 2433 127 39 Fälle,
1102 2431 62 38 bei
1194 2430 123 37 denen
1347 2428 66 38 der
1441 2423 303 53 Hospitalbrand
1773 2423 60 37 die

228 2493 274 41 Thoraxwand
538 2492 59 38 bis
636 2504 66 24 zur
732 2490 140 38 Pleura
902 2487 257 49 durchdrang.
1228 2482 228 40 Gegenüber
1493 2481 68 37 der
1601 2477 234 39 erkrankten

229 2549 120 40 Stelle
380 2549 65 37 des
477 2546 155 38 Thorax
670 2544 68 38 sah
774 2557 91 25 man
901 2541 188 39 brandige
1119 2538 169 38 Flecken
1324 2536 68 37 auf
1427 2535 67 37 der
1522 2531 310 49 Lungenpleura.

360 2602 60 39 Im
459 2599 238 40 Herzbeutel
733 2598 95 38 fand
865 2596 82 38 sich
984 2595 64 38 bei
1086 2592 153 39 einigen
1276 2590 135 38 Fällen
1447 2588 84 38 eine
1569 2599 138 31 seröse,
1740 2583 96 38 auch

229 2658 285 50 blutig-seröse
540 2653 240 39 Flüssigkeit
809 2654 71 35 mit
899 2649 269 39 Ecchymosen
1197 2657 112 25 unter
1330 2644 66 36 der
1417 2641 148 39 Serosa.
1624 2638 111 39 Auch
1753 2637 84 37 hier

230 2712 258 40 beobachtete
509 2708 192 39 Hennen
731 2705 142 38 einmal
894 2717 112 25 einen
1026 2698 257 42 Durchbruch
1302 2711 75 24 von
1397 2708 147 30 aussen,
1577 2694 66 37 der
1673 2691 80 39 sich
1778 2691 59 36 bis

231 2768 40 38 in
304 2767 67 38 das
400 2762 266 41 Pericardium
696 2761 211 37 erstreckte
945 2757 79 38 und
1058 2753 188 40 brandige
1275 2751 168 38 Flecken
1481 2749 70 38 auf
1577 2749 85 36 dem
1691 2757 146 39 gegen-

233 2819 305 41 überUeo-enden
577 2814 113 40 Theil
730 2815 67 37 der
831 2809 332 42 Herzoberfläche.
1233 2806 79 38 Das
1355 2803 103 39 Herz
1497 2802 94 38 wird
1629 2799 130 72 theüs^
1785 2810 55 25 als

235 2852 173 63 normaf
416 2872 245 40 bezeichnet,
693 2867 115 39 theils
839 2867 56 37 als
926 2864 155 40 schlaff,
1122 2862 56 38 als
1207 2872 110 39 gross
1346 2858 77 38 und
1454 2855 152 45 schlaff,
1638 2853 55 38 als
1723 2851 115 45 blass,

235 2931 173 37 blutarm
438 2940 70 26 etc.
567 2924 159 39 Heine
754 2922 95 38 fand
878 2933 62 25 am
969 2914 256 42 Herzmuskel
1254 2912 90 39 bald
1374 2912 237 37 albuminöse
1641 2908 198 42 Trübung,

237 2984 92 38 bald
358 2982 139 50 fettige
528 2980 236 47 Entartung,
798 2975 53 38 im
879 2972 205 40 Endocard
1114 2965 292 55 punktförmige
1436 2964 275 49 Ecchymosen.
