1933 3302
268 171 263 38 Italien.-franz.,
555 168 163 39 Amerilc,
741 165 364 41 Schleswig-holstein.
1123 163 114 41 Krieg,
1261 162 104 41 Krieg
1389 171 63 21 von
1481 161 92 33 1866.
1638 162 67 37 ]]1

127 277 281 38 französischen
431 275 373 39 Transportschiffen
833 273 125 37 haben
988 272 38 37 in
1057 272 144 37 diesem
1231 270 145 51 Kriege
1408 268 304 51 Hospitalbrand

127 332 74 36 nnd
226 331 162 50 Typhus
410 331 59 37 die
491 328 295 38 Mannschaften
809 327 187 38 deciuiirt.
1055 324 42 38 In
1122 325 71 37 den
1216 323 224 51 englischen
1462 321 251 51 Hospitälern

125 384 71 38 soll
225 385 79 37 sich
336 385 58 37 die
427 381 217 40 Krankheit
672 382 52 37 im
754 381 251 48 Krimkriege
1027 379 129 48 wenig
1177 381 157 47 gezeigt
1354 378 138 37 haben.
1551 376 63 38 Sie
1635 377 79 36 trat

123 438 39 37 in
192 438 136 37 milder
358 437 113 38 Form
502 437 38 35 in
570 434 150 38 Scntari
750 434 77 38 auf.
884 433 111 38 Nach
1027 433 67 37 der
1123 431 215 38 Einnahme
1370 445 73 23 von
1475 428 238 51 Sewastopol

123 492 52 37 im
191 491 227 38 September
439 489 171 39 erschien
632 489 60 37 die
715 488 221 37 Krankheit
955 500 74 24 von
1049 485 151 39 Neuem
1222 485 189 38 zwischen
1426 486 74 36 den
1514 487 197 35 operirten

123 544 150 39 Russen
301 545 76 37 und
409 557 77 24 war
515 556 41 24 so
586 542 248 38 mörderisch,
867 542 86 37 dass
983 541 116 37 kaum
1131 539 107 38 einer
1268 539 67 37 der
1364 538 248 50 Ergriffenen
1642 539 72 36 mit

123 598 87 37 dem
231 598 131 37 Leben
384 597 227 38 davonkam.
644 595 237 48 (Macleod,
905 593 172 51 Surgery
1099 594 43 37 of
1159 592 64 38 the
1241 591 177 38 Crimean
1442 606 89 31 war,
1554 606 35 36 p.
1606 591 105 48 170.)

250 651 111 37 Auch
391 652 38 36 in
460 651 72 36 den
567 648 335 38 Civilhospitälern
943 662 79 23 war
1061 661 43 23 zu
1138 648 112 49 jener
1285 646 86 37 Zeit
1405 646 68 36 der
1510 645 201 50 Hospital-

122 704 121 38 brand
273 704 123 37 nichts
425 706 177 35 seltenes.
660 702 80 38 Der
770 702 157 38 Bericht
956 715 74 24 von
1046 700 111 38 Karl
1186 700 121 38 Fock
1338 699 95 38 über
1454 699 60 38 die
1536 700 175 49 sporadi-

122 757 115 38 schen
266 757 108 37 Fälle
404 757 37 37 in
470 756 132 38 Berlin
637 757 75 37 und
735 756 98 37 auch
852 756 39 37 in
913 756 72 37 den
1004 754 250 38 Hospitälern
1275 754 51 37 ist
1345 766 87 25 vom
1453 752 120 38 Jahre
1597 754 114 37 1850,

249 810 56 37 Im
335 810 525 38 italienisch-französischen
891 809 145 49 Kriege
1067 822 97 23 war,
1196 821 71 24 wie
1297 807 71 38 wir
1397 820 67 24 aus
1494 806 218 39 Demme's

121 863 292 51 Beschreibung
442 864 152 38 wissen,
626 864 67 37 der
722 863 305 38 Hospitalbrand
1057 861 176 38 ziemlich
1262 861 144 38 häufig.
1464 859 45 38 In
1535 861 72 37 den
1628 860 80 38 Ho-

121 916 184 50 spitälern
337 930 75 25 von
440 917 175 45 Brescia,
646 917 185 38 Vercelli,
863 916 122 38 Turin
1013 915 200 38 herrschte
1250 915 59 37 die
1344 914 232 38 Krankheit.
1633 913 79 39 Be-

120 971 159 37 sonders
309 971 93 37 aber
430 971 152 38 lieferte
613 971 59 37 die
703 970 263 50 ausgedehnte
986 969 202 38 Epidemie
1209 969 53 37 im.
1283 968 192 39 Ospedale
1497 967 215 39 Francesco

120 1037 47 24 zu
197 1023 170 39 Mailand
399 1025 65 37 das
494 1024 180 38 Material
703 1038 46 23 zu
779 1024 218 37 Demme's
1026 1023 343 49 Beobachtungen.

248 1077 57 38 Im
324 1078 154 38 Anfang
495 1079 65 37 des
575 1091 198 24 siebenten
790 1077 260 37 Decenniums
1076 1077 76 49 gab
1175 1077 19 37 d
1201 1090 40 24 er
1263 1075 305 38 amerikanische
1588 1075 124 51 Krieg

121 1130 292 52 Veranlassung
442 1145 85 24 zum
559 1131 202 38 Ausbruch
792 1144 155 36 grosser
976 1130 230 38 Epidemien
1236 1131 67 37 der
1331 1129 231 46 Krankheit,
1594 1130 116 37 deren

119 1183 199 39 Literatur
347 1185 77 37 sich
458 1185 118 37 durch
607 1185 59 37 die
697 1184 119 38 Jahre
848 1185 265 36 1863—1866
1143 1183 306 38 hindurchzieht.
1507 1183 204 38 Pittinos

118 1237 193 38 berichtet
340 1239 96 37 über
467 1239 83 37 eine
580 1239 129 37 kleine
739 1238 204 37 Epidemie
974 1238 67 37 der
1071 1238 61 37 bei
1163 1238 312 37 Frederiksburg
1498 1238 101 37 1862
1621 1251 88 24 ver-

119 1295 205 34 wundeten
362 1291 181 38 Soldaten
581 1292 38 37 in
655 1291 213 38 Kichmond
897 1292 77 37 und
1005 1291 150 38 Crane
1185 1292 96 37 über
1309 1291 401 38 Hospitalbrandfälle

120 1345 66 36 der
217 1345 61 37 bei
315 1345 372 51 Murfreesborough
724 1345 306 38 Verwundeten;
1072 1345 130 37 ferner
1242 1344 65 38 W.
1349 1345 226 38 Thomson
1614 1346 96 37 über

120 1398 72 37 den
221 1399 306 49 Hospitalbrand
555 1402 113 34 unter
698 1400 76 36 200
807 1399 60 37 bei
896 1398 313 38 Frederiksburg
1237 1398 286 38 Verwundeten
1558 1399 41 37 in
1637 1400 72 37 den

118 1451 243 39 Lazarethen
392 1467 45 23 zu
467 1453 273 37 Washington.
798 1452 209 38 Packard
1036 1453 254 37 beobachtete
1320 1452 52 37 im
1397 1452 81 38 Juli
1502 1453 100 37 1863
1625 1453 84 37 eine

118 1504 153 38 Anzahl
300 1519 75 24 von
394 1507 495 49 Hospitalbrandkranken,
924 1507 72 36 und
1018 1505 65 38 W.
1105 1506 247 38 Kempster
1371 1506 68 37 sah
1459 1506 53 37 im
1534 1505 175 39 Sommer

120 1559 103 37 1864
252 1560 39 36 in
319 1559 211 39 Baltimore
563 1560 58 37 die
650 1559 220 38 Krankheit
897 1562 113 34 unter
1041 1560 104 37 einer
1166 1573 159 36 grossen
1347 1559 143 50 Menge
1512 1573 73 24 von
1606 1560 102 37 Ver-

118 1613 206 37 wundeten
354 1613 205 38 auftreten,
590 1613 145 37 welche
767 1614 66 36 der
862 1612 142 38 Armee
1035 1627 75 23 von
1143 1613 187 37 Potomak
1362 1613 238 49 angehörten
1632 1615 75 36 und

117 1665 62 37 via
221 1665 260 51 Washington
525 1680 201 24 ankamen.
799 1665 263 39 Goldsmith
1104 1666 192 38 berichtet
1334 1667 95 37 über
1469 1668 76 36 335
1585 1667 122 46 Fälle,

117 1718 144 38 welche
291 1719 37 37 in
360 1719 233 38 Louisville,
634 1719 99 38 New
762 1719 176 50 Albany,
982 1719 202 38 Nashville
1223 1721 77 36 und
1335 1719 371 52 Murfreesborough

117 1772 228 44 vorkamen;
376 1773 175 46 Moses,
584 1773 166 38 Chirurg
770 1773 67 38 der
858 1773 401 47 Cumberlandarmee,
1280 1774 221 38 beschreibt
1521 1775 187 38 ebenfalls

118 1824 396 50 Hospitalbrandfälle
545 1841 67 23 aus
640 1826 382 39 Murfreesborough.

248 1878 42 38 In
329 1880 86 37 dem
445 1879 211 39 Schleswig
668 1901 16 6 -
696 1880 299 38 holstein'schen
1024 1881 147 50 Kriege
1206 1881 162 51 gehörte
1408 1882 66 37 der
1504 1882 202 50 Hospital-

118 1932 121 37 brand
270 1946 46 23 zu
347 1933 72 37 den
448 1933 209 38 seltensten
678 1933 330 50 Erscheinimgen.
1055 1934 163 50 1864/65
1248 1935 200 38 herrschte
1477 1936 53 37 im
1552 1936 156 37 Winter

119 1985 83 37 eine
219 1985 496 51 Hospitalbrandepidemie
732 1988 39 36 in
788 1988 66 36 der
868 1987 178 38 Berliner
1067 1988 166 38 Charite,
1269 1989 144 37 welche
1447 1990 66 37 das
1527 1989 179 39 Material

118 2052 46 23 zu
202 2039 67 37 der
313 2039 155 45 ,Studie
506 2041 96 37 über
640 2041 72 37 den
751 2040 305 50 Hospitalbrand
1094 2055 74 25 von
1198 2042 50 38 H.
1279 2042 217 38 Fischer"
1539 2043 165 47 lieferte,

120 2092 83 36 eine
247 2090 157 49 Schrift,
441 2094 145 37 welche
622 2094 71 37 mit
728 2094 55 38 als
823 2095 59 37 die
920 2095 107 37 beste
1066 2096 76 37 und
1177 2096 310 38 inhaltsreichste
1530 2098 67 36 der
1635 2111 69 36 ge-

119 2147 188 35 sammten
329 2146 478 50 Hospitalbrandliteratur
823 2148 225 38 bezeichnet
1068 2151 155 36 werden
1243 2163 114 24 rauss.
1398 2149 44 37 In
1464 2151 70 36 den
1558 2151 145 37 Jahren

123 2198 103 37 1864
255 2199 76 36 und
364 2200 47 36 65
441 2200 192 37 berichtet
662 2201 127 37 Zeiss
820 2215 67 24 aus
918 2203 85 36 dem
1034 2202 222 38 Dresdener
1294 2202 410 40 Stadtkrankenhause

119 2251 83 37 eine
232 2251 201 49 Epidemie
462 2266 74 24 von
564 2253 314 49 Hospitalbrand.

247 2304 82 38 Aus
373 2306 86 37 dem
501 2306 145 50 Kriege
692 2307 101 37 1866
835 2307 126 38 haben
1006 2309 68 36 wir
1117 2309 331 38 Beobachtungen
1496 2311 96 36 über
1631 2312 72 36 den

117 2357 304 50 Hospitalbrand
450 2373 74 23 von
553 2359 357 50 Lewandowsky
931 2362 52 36 im
1003 2361 345 39 Reservelazareth
1369 2378 45 22 zu
1436 2363 201 39 Weissenf
1637 2365 66 45 eis,

119 2424 59 25 wo
216 2411 78 38 sich
335 2415 99 34 etwa
471 2413 77 37 400
586 2412 260 39 Verwundete
881 2414 203 38 befanden.
1143 2415 57 38 Zu
1237 2416 172 50 gleicher
1440 2417 85 37 Zeit
1560 2418 141 37 kamen

119 2464 38 36 in
186 2464 113 38 Halle
340 2466 36 36 in
423 2466 66 37 der
532 2465 387 39 Universitätsklinik
962 2469 76 36 und
1079 2469 96 37 auch
1210 2469 63 38 bei
1308 2470 73 37 den
1414 2471 37 36 in
1490 2471 66 37 der
1592 2470 112 39 Stadt

120 2518 349 49 untergebrachten
512 2519 287 38 Verwundeten
846 2521 394 49 Hospitalbrandfälle
1289 2537 78 23 vor.
1445 2524 139 37 Finke
1633 2525 68 37 be-

121 2570 200 38 obachtete
359 2572 55 38 als
444 2571 101 39 Chef
570 2573 66 37 der
667 2572 288 39 Feldlazarethe
986 2588 73 24 von
1088 2575 239 39 Horenowes
1356 2577 62 38 bei
1457 2577 243 50 Königgrätz

122 2622 82 38 eine
242 2624 151 38 Anzahl
426 2625 410 49 Hospitalbrandfälle,
869 2627 181 38 darunter
1080 2629 22 36 2
1140 2629 230 39 Todesfälle.
1428 2630 43 38 In
1511 2631 189 46 Dresden,

120 2688 59 25 wo
211 2676 100 38 1866
342 2678 82 37 eine
454 2692 133 36 grosse
617 2679 151 37 Anzahl
798 2693 71 23 von
900 2681 283 48 improvisirten
1214 2683 240 38 Lazarethen
1475 2684 224 47 bestanden,

118 2728 69 38 hat
215 2729 94 37 nach
333 2730 138 38 Zeiss'
492 2732 158 38 Bericht
679 2733 67 36 der
765 2732 302 50 Hospitalbrand
1096 2735 277 39 beträchtliche
1393 2737 306 39 Verheerungen

121 2782 258 49 angerichtet;
418 2785 78 37 und
533 2785 109 38 Ende
679 2786 65 37 des
778 2785 140 39 Jahres
952 2787 143 38 schloss
1130 2789 80 37 sich
1246 2804 46 23 an
1330 2791 122 37 dieses
1489 2791 210 38 Auftreten

122 2834 66 37 der
206 2834 218 39 Krankheit
450 2837 82 38 eine
563 2841 133 35 zweite
725 2838 201 49 Epidemie
956 2841 49 36 im
1028 2841 220 39 Dresdener
1277 2842 421 41 Stadtkrankenhause.

121 2886 73 38 Die
229 2889 200 48 Epidemie
472 2890 180 39 Heine's
694 2892 51 36 im
785 2891 282 49 Heidelberger
1103 2894 146 46 Spitale
1284 2896 87 38 fällt
1405 2898 37 36 in
1480 2898 60 36 die
1578 2897 119 39 Jahre

122 2939 273 40 1865-1868.
