2113 3404
300 244 83 42 170

799 261 87 32 THE
918 262 242 34 DISORDERS
1192 264 53 32 OF
1277 265 175 31 SPEECH.

864 3049 10 22 1
902 3048 142 35 Descent
1062 3046 40 47 of
1114 3046 104 45 Man,
1238 3058 32 35 p.
1292 3048 80 34 570.

302 375 141 42 which
475 376 72 43 the
570 391 152 43 organs
745 380 45 42 of
808 381 276 43 articulation
1121 398 70 28 are
1228 384 174 42 capable
1425 384 47 41 of
1491 384 245 54 producing.
1796 385 113 43 Each

300 445 211 58 language
547 449 148 43 makes
717 450 57 43 its
797 465 98 28 own
923 452 206 42 selection
1151 454 46 40 of
1215 454 119 41 these
1371 453 171 42 sounds.
1603 453 122 43 Even
1761 468 153 43 among

301 515 228 57 European
567 520 171 43 nations
775 522 249 54 employing
1047 523 72 41 the
1141 536 116 28 same
1289 522 214 55 alphabet,
1526 522 119 43 there
1674 538 70 27 are
1774 524 140 42 differ-

304 601 127 28 ences
471 588 47 43 in
557 590 73 41 the
673 591 160 41 sounds
874 592 129 54 given
1041 597 42 36 to
1121 606 117 27 some
1274 593 46 39 of
1358 592 74 41 the
1467 592 157 42 letters.
1687 592 122 42 Thus
1845 595 72 41 the

305 654 183 56 English
525 655 61 43 th
623 659 138 41 sound
795 659 36 41 is
868 660 192 53 peculiar
1096 665 43 36 to
1175 660 194 54 English,
1392 660 84 41 and
1504 661 36 41 is
1565 661 103 41 with
1705 662 212 55 difficulty

305 726 203 54 acquired
549 728 58 54 by
648 728 244 54 foreigners.
975 730 218 40 Terminal
1229 729 68 42 n's
1339 730 108 42 have
1489 731 102 41 only
1623 745 23 27 a
1686 731 230 43 half-nasal

305 797 334 52 pronunciation
674 798 46 40 in
753 798 179 41 French.
996 798 54 41 In
1088 799 202 51 German,
1313 810 25 32 s
1360 800 36 42 is
1418 801 274 53 pronounced
1727 801 89 43 like
1847 803 72 41 the

306 865 183 55 English
505 876 38 40 z,
564 866 84 41 and
664 876 27 31 Z
707 867 88 41 like
813 867 73 41 the
903 867 183 55 English
1107 867 62 43 ts.
1233 868 101 42 Still
1352 883 114 28 more
1488 870 185 54 striking
1695 872 224 52 peculiari-

307 935 81 41 ties
411 949 70 28 are
503 936 223 42 exhibited
748 950 156 41 among
926 938 336 54 non-European
1278 938 183 54 peoples.
1523 940 89 41 The
1640 940 195 42 Chinese,
1857 941 63 41 for

306 1005 210 55 example,
538 1007 110 41 have
679 1021 56 27 no
767 1007 39 41 E
836 1007 47 41 in
916 1007 113 42 their
1059 1007 221 56 language,
1302 1009 85 41 and
1423 1023 75 27 say
1529 1013 21 17 "
1564 1009 263 43 Yamelika"
1859 1011 63 41 for

305 1075 300 54 "America;"
647 1077 73 41 the
756 1077 217 55 Japanese
1010 1078 110 41 have
1157 1092 55 27 no
1250 1079 46 48 L,
1318 1079 84 41 and
1439 1092 76 28 say
1550 1080 271 40 "Horraud"
1859 1080 63 42 for

307 1150 20 18 "
344 1145 250 54 Holland;"
616 1147 86 41 and
724 1147 73 42 the
821 1147 228 42 Mohawks
1068 1148 108 41 have
1194 1162 54 27 no
1264 1148 153 41 labials
1440 1163 47 26 or
1508 1149 313 50 labio-dentals,
1839 1151 83 40 and

308 1217 213 42 therefore
542 1217 110 43 have
675 1218 46 41 in
744 1217 112 42 their
876 1217 212 56 language
1111 1233 55 27 no
1188 1232 41 41 p,
1252 1219 38 50 b,
1314 1219 26 50 f,
1363 1233 39 36 v,
1420 1233 49 36 w,
1492 1233 46 27 or
1561 1234 51 27 m.
1674 1220 88 42 The
1783 1220 139 42 Arabs

308 1287 110 42 have
436 1288 112 41 their
565 1292 97 38 true
683 1288 229 55 gutturals,
935 1288 277 54 pronounced
1234 1288 107 42 deep
1362 1289 47 40 in
1432 1289 71 41 the
1526 1289 152 49 throat,
1701 1290 130 41 about
1853 1290 71 42 the

308 1372 140 40 upper
478 1364 98 49 part
607 1359 44 41 of
688 1359 73 41 the
797 1359 170 54 larynx.
1030 1358 89 42 The
1151 1359 258 41 Hottentots
1446 1359 124 41 make
1607 1359 129 41 much
1773 1373 74 28 use
1883 1361 45 40 of

309 1429 190 56 clicking
520 1429 154 42 noises,
697 1430 46 41 of
763 1429 141 42 which
925 1443 117 29 some
1074 1444 70 28 are
1166 1430 124 42 made
1314 1430 56 55 by
1392 1429 73 42 the
1487 1434 168 50 tongue,
1678 1430 84 41 and
1784 1431 139 41 others

310 1500 58 55 by
391 1500 73 42 the
486 1500 96 42 lips.

367 1572 355 54 Song.—Among
752 1571 123 42 those
900 1585 93 28 who
1015 1571 103 41 hold
1140 1571 72 41 the
1235 1571 108 42 view
1365 1571 95 42 that
1491 1571 165 55 Speech
1688 1570 234 55 developed

308 1642 123 42 itself
448 1642 226 55 gradually
695 1646 76 37 out
788 1642 46 41 of
852 1657 24 27 a
898 1641 247 56 previously
1167 1641 189 55 existing
1376 1642 208 55 language
1607 1642 43 41 of
1673 1641 119 42 vocal
1817 1646 108 45 tone,

310 1711 128 42 facial
469 1712 263 54 expression,
749 1712 84 41 and
865 1717 181 49 gesture,
1069 1725 55 27 an
1145 1711 256 55 interesting
1433 1712 227 41 difference
1682 1711 44 41 of
1748 1711 174 54 opinion

311 1779 77 41 has
411 1779 142 42 arisen
575 1793 45 28 as
643 1783 43 38 to
709 1780 73 41 the
805 1780 148 54 period
974 1784 44 36 at
1040 1779 141 41 which
1204 1779 114 55 Song
1340 1793 84 28 was
1446 1780 208 54 probably
1680 1780 242 54 developed.

311 1848 191 42 Herbert
524 1848 198 55 Spencer,
740 1849 45 41 in
807 1849 66 41 his
895 1850 164 53 Essays,
1076 1848 123 42 holds
1221 1849 96 40 that
1339 1863 105 27 song
1467 1863 84 27 was
1573 1849 85 41 late
1680 1849 46 41 in
1749 1851 178 48 coming,

311 1919 86 41 and
420 1919 96 41 that
535 1919 37 41 it
593 1919 210 55 probably
825 1919 235 42 developed
1083 1919 119 41 itself
1223 1924 76 36 out
1320 1919 45 41 of
1385 1919 72 41 the
1479 1919 204 42 cadences
1705 1920 44 40 of
1770 1920 153 54 impas-

311 1988 151 42 sioned
499 1989 166 55 speech.
727 1989 193 41 Darwin,
952 2003 55 27 on
1043 1988 73 42 the
1154 1988 123 42 other
1312 1988 129 50 hand,
1471 1988 77 41 has
1585 1988 233 42 advocated
1854 1988 71 41 the

312 2060 196 54 opposite
545 2060 124 41 view,
700 2060 87 40 and
823 2059 125 41 holds
983 2059 98 41 that
1116 2073 105 27 song
1251 2059 46 40 in
1329 2058 58 42 all
1423 2058 260 55 probability
1719 2058 207 54 preceded

312 2129 166 54 speech.
542 2129 70 42 He
649 2128 287 56 says,1—"As
967 2142 64 28 we
1062 2128 110 42 have
1207 2142 130 28 every
1374 2142 149 27 reason
1546 2132 43 36 to
1619 2141 183 40 suppose
1834 2127 93 41 that

312 2199 228 42 articulate
573 2199 155 42 speech
750 2198 36 42 is
809 2212 80 28 one
911 2199 45 40 of
977 2198 73 42 the
1071 2197 140 42 latest,
1233 2211 46 28 as
1300 2198 36 40 it
1358 2196 209 43 certainly
1589 2196 36 41 is
1647 2196 73 41 the
1746 2195 180 51 highest,

313 2269 44 41 of
389 2269 74 41 the
495 2282 87 28 arts
608 2268 205 55 acquired
835 2268 57 54 by
916 2281 111 27 man,
1049 2267 86 41 and
1157 2281 45 27 as
1225 2267 73 41 the
1320 2266 253 41 instinctive
1605 2279 142 40 power
1767 2266 45 40 of
1832 2279 95 40 pro-

314 2339 160 41 ducing
510 2338 181 41 musical
724 2341 124 38 notes
880 2337 85 41 and
996 2337 200 41 rhythms
1218 2337 36 41 is
1276 2335 236 43 developed
1532 2335 83 41 low
1638 2335 126 41 down
1786 2335 44 40 in
1853 2335 71 41 the

315 2409 162 41 animal
508 2409 142 41 series,
673 2409 35 40 it
736 2408 144 41 would
912 2408 51 41 be
995 2416 240 46 altogether
1265 2406 187 55 opposed
1475 2411 42 36 to
1540 2405 72 42 the
1643 2405 211 54 principle
1885 2405 46 40 of

314 2478 235 42 evolution,
562 2478 38 40 if
614 2492 63 28 we
696 2491 109 29 were
823 2483 44 35 to
885 2477 137 41 admit
1043 2481 95 37 that
1156 2490 132 27 man's
1311 2474 180 43 musical
1513 2479 194 49 capacity
1724 2474 76 41 has
1819 2474 103 41 been

314 2548 238 42 developed
583 2548 110 41 from
713 2547 74 42 the
811 2552 122 36 tones
957 2547 103 41 used
1082 2547 46 40 in
1150 2545 290 56 impassioned
1471 2545 165 54 speech.
1698 2543 81 42 We
1811 2550 114 33 must

315 2631 186 41 suppose
538 2616 94 42 that
664 2617 75 41 the
774 2630 202 27 rhythms
1013 2615 85 42 and
1135 2615 205 42 cadences
1374 2616 46 40 of
1450 2618 167 50 oratory
1650 2626 69 28 are
1756 2611 173 42 derived

316 2689 111 41 from
459 2686 248 56 previously
730 2685 235 43 developed
997 2685 181 42 musical
1209 2698 175 41 powers.
1448 2684 82 41 We
1552 2697 78 27 can
1652 2683 100 41 thus
1776 2696 150 26 under-

315 2757 129 43 stand
467 2757 94 41 how
584 2757 34 40 it
640 2757 37 40 is
701 2761 94 36 that
816 2755 148 50 music,
987 2754 195 55 dancing,
1201 2767 115 41 song,
1331 2753 84 41 and
1432 2758 162 50 poetry,
1612 2766 70 28 are
1703 2751 106 43 such
1827 2766 100 39 very

316 2829 175 42 ancient
514 2831 95 38 arts.
672 2826 82 42 We
778 2839 98 42 may
897 2839 52 42 go
967 2838 108 28 even
1098 2824 166 41 further
1284 2824 106 40 than
1413 2823 98 50 this,
1529 2823 94 49 and,
1641 2836 44 27 as
1708 2822 217 41 remarked

315 2902 45 40 in
383 2914 24 27 a
429 2899 160 41 former
620 2910 189 41 chapter,
832 2895 164 41 believe
1028 2893 96 42 that
1154 2893 180 41 musical
1371 2893 159 41 sounds
1567 2892 186 42 afforded
1786 2906 77 27 one
1885 2891 45 42 of

315 2969 72 45 the
413 2970 120 41 bases
556 2968 65 41 for
644 2966 71 43 the
738 2965 302 43 development
1063 2964 43 41 of
1128 2961 243 56 language."
