2113 3404
412 239 87 42 404

908 247 86 36 THE
1027 250 241 35 DISORDERS
1300 253 52 32 OF
1385 254 176 33 SPEECH.

412 368 105 41 This
540 368 149 56 begins
713 371 105 41 with
853 383 24 32 a
911 371 122 42 small
1071 371 121 43 blind
1224 378 98 36 spot
1353 374 42 40 in
1421 373 71 43 the
1525 379 144 37 centre
1691 374 44 41 of
1761 374 71 41 the
1858 374 94 41 field
1986 375 42 40 of

414 439 153 50 vision,
592 440 138 42 which
754 441 225 55 gradually
1002 442 186 54 spreads,
1209 443 45 41 in
1280 444 100 41 both
1404 458 111 41 eyes,
1536 458 55 28 on
1613 458 80 28 one
1719 458 45 27 or
1795 444 122 42 other
1938 444 89 41 side

415 508 47 42 of
491 509 72 42 the
588 510 112 52 field,
722 512 113 41 until
866 512 73 42 the
972 512 294 55 hemianopsia
1297 513 37 42 is
1365 514 407 43 established,—the
1804 513 225 54 spreading

417 581 167 54 margin
621 582 47 41 of
701 582 73 42 the
812 582 120 41 blind
969 596 98 28 area
1104 583 126 54 being
1261 584 269 42 surrounded
1562 585 56 54 by
1650 598 162 41 zig-zag
1845 583 109 41 lines
1987 582 44 42 of

417 650 132 43 silver
570 665 47 28 or
638 651 198 43 coloured
860 652 122 54 light,
1004 652 141 42 which
1168 666 71 28 are
1261 653 43 41 in
1329 654 222 54 perpetual
1573 655 184 41 dancing
1774 658 255 37 movement.

418 721 144 42 When
583 721 122 43 these
728 727 285 37 scintillating
1034 721 111 42 lines
1167 723 43 40 of
1241 722 111 56 light
1383 724 124 41 reach
1538 724 73 42 the
1633 725 226 54 periphery
1883 724 44 41 of
1959 723 71 41 the

419 791 98 42 field
540 792 47 41 of
604 792 153 42 vision,
779 792 74 42 the
876 805 144 29 centre
1043 792 43 41 of
1109 791 72 43 the
1203 792 99 42 field
1326 793 147 54 begins
1496 799 42 35 to
1570 794 113 41 clear
1705 808 69 40 up,
1795 794 85 40 and
1901 793 128 42 clear-

419 876 99 28 ness
541 863 43 41 of
606 862 139 42 vision
768 863 104 41 then
895 861 222 55 gradually
1140 861 122 43 takes
1294 862 73 42 the
1398 863 120 54 place
1550 864 45 40 of
1623 863 219 42 blindness
1873 877 55 27 on
1959 863 72 41 the

419 931 182 42 affected
642 931 104 42 side,
789 931 114 41 until
944 931 73 41 the
1061 931 136 41 whole
1236 931 98 41 field
1376 932 35 41 is
1453 932 123 42 clear.
1648 932 44 41 It
1728 933 36 41 is
1800 932 124 41 when
1961 932 73 41 the

421 1002 297 54 hemianopsia
740 1002 35 42 is
799 1002 187 54 clearing
1008 1015 120 41 away
1151 1001 94 42 that
1267 1002 72 41 the
1371 1003 155 41 second
1558 1016 117 28 stage
1706 1003 43 41 of
1780 1003 73 42 the
1877 1002 157 49 attack,

421 1073 73 42 the
517 1077 119 38 stage
658 1073 44 41 of
723 1072 102 55 pain
848 1073 46 40 in
916 1071 74 42 the
1012 1071 121 51 head,
1156 1077 85 36 sets
1272 1072 56 42 in.
1390 1072 103 42 This
1524 1077 116 37 stage
1662 1073 44 41 of
1736 1073 100 54 pain
1864 1086 98 28 may
1984 1072 50 42 be

420 1142 236 42 succeeded
677 1142 58 55 by
757 1156 25 27 a
813 1141 117 42 third
962 1146 129 50 stage,
1114 1142 91 50 viz.,
1227 1142 96 41 that
1355 1142 45 41 of
1428 1142 221 56 vomiting,
1681 1142 104 41 with
1818 1142 140 41 which
1989 1141 46 41 in

420 1225 117 28 some
560 1225 117 28 cases
699 1211 73 42 the
795 1211 148 42 attack
965 1215 262 39 terminates.

479 1282 45 41 It
545 1282 145 42 would
712 1296 115 28 seem
858 1282 98 41 that
986 1282 176 55 aphasic
1194 1282 274 42 disturbance
1500 1283 43 41 of
1574 1283 155 54 speech
1760 1296 99 41 may
1882 1296 154 41 appear

421 1356 139 38 either
573 1351 46 42 in
634 1352 73 41 the
722 1352 92 41 first
829 1366 46 27 or
888 1352 46 41 in
950 1351 73 42 the
1041 1352 157 41 second
1213 1355 127 52 stage.
1388 1353 42 41 It
1444 1353 245 42 sometimes
1707 1353 121 41 takes
1844 1352 70 41 the
1929 1353 107 40 form

422 1422 45 42 of
486 1437 24 26 a
531 1422 155 55 simple
709 1422 191 41 amnesia
922 1422 46 41 of
988 1422 147 52 words,
1154 1423 229 55 especially
1402 1423 43 41 of
1467 1437 150 28 nouns,
1641 1423 139 42 which
1802 1436 145 28 makes
1964 1422 74 42 the

421 1493 183 55 patient,
624 1493 67 41 for
713 1492 72 43 the
808 1493 117 49 time,
947 1492 158 43 unable
1128 1497 43 38 to
1193 1494 185 54 produce
1410 1494 74 42 the
1506 1494 136 42 words
1675 1499 136 37 either
1836 1493 134 54 oralty
1992 1507 46 27 or

423 1564 43 39 in
494 1567 195 50 writing;
721 1562 78 41 but
820 1562 44 42 in
889 1562 123 42 other
1034 1576 116 29 cases
1172 1563 104 42 both
1299 1563 333 42 word-deafness
1654 1563 85 42 and
1762 1563 275 41 word-blind-

422 1647 98 28 ness
542 1647 72 28 are
636 1633 204 55 present.1

483 1705 22 41 I
528 1704 110 42 have
663 1704 141 41 before
829 1717 67 29 me
918 1707 122 39 notes
1063 1704 46 41 of
1127 1718 25 28 a
1173 1718 94 28 case
1291 1705 46 41 of
1355 1705 240 41 functional
1616 1704 186 56 aphasia,
1819 1717 222 41 occurring

423 1776 43 40 in
491 1775 74 41 the
588 1788 149 28 course
761 1774 43 42 of
826 1789 54 27 an
904 1775 145 41 attack
1071 1775 43 41 of
1144 1775 179 41 megrim
1345 1781 104 35 with
1481 1775 264 55 ophthalmic
1777 1774 264 55 accompani-

425 1851 142 37 ments
583 1861 9 36 ;
623 1845 91 41 but,
735 1859 46 27 as
803 1845 106 42 such
931 1859 118 28 cases
1071 1859 71 27 are
1164 1859 96 27 now
1283 1859 197 28 common
1501 1845 45 43 in
1569 1845 182 42 medical
1772 1845 232 41 literature,
2019 1844 22 40 I

425 1916 109 41 need
556 1920 77 36 not
653 1915 101 41 here
777 1915 96 54 give
895 1929 55 27 an
973 1919 181 37 account
1175 1915 43 41 of
1240 1915 86 41 this
1349 1929 89 28 one.

484 1986 187 41 Megrim
693 1985 218 42 headache
932 1985 36 41 is
992 1999 79 27 one
1104 1985 45 40 of
1178 1985 73 42 the
1275 1990 264 37 commonest
1560 1999 147 28 causes
1729 1985 45 41 of
1803 1989 239 49 temporary

426 2071 187 27 aphasia.
697 2056 43 41 It
782 2056 47 41 is,
863 2055 46 41 of
946 2069 162 37 course,
1152 2055 98 43 well
1281 2060 43 37 to
1357 2056 109 42 keep
1498 2056 86 42 this
1619 2056 88 41 fact
1739 2056 45 41 in
1818 2055 144 52 mind;
1996 2067 47 29 as

427 2142 56 28 an
505 2127 146 42 attack
674 2126 43 41 of
739 2126 189 55 aphasia,
949 2126 200 41 however
1170 2130 255 51 temporary,
1447 2126 159 56 always
1641 2125 159 43 excites
1834 2125 131 41 alarm
1997 2124 45 42 in

427 2199 74 41 the
524 2197 123 41 mind
679 2197 43 41 of
756 2197 71 41 the
850 2197 169 54 patient
1051 2197 84 41 and
1168 2197 46 40 of
1242 2197 67 41 his
1341 2197 171 41 friends.
1576 2197 42 41 If
1640 2197 72 41 the
1742 2210 124 28 cause
1899 2195 45 42 of
1971 2195 73 41 the

429 2283 177 28 aphasia
628 2268 36 42 is
687 2267 225 55 obviously
938 2267 189 55 megrim,
1144 2267 34 41 it
1195 2267 35 41 is
1253 2281 24 27 a
1298 2272 118 50 great
1438 2271 156 37 matter
1610 2267 95 41 that
1728 2267 71 41 the
1821 2266 223 55 physician

430 2339 156 43 should
609 2339 52 41 be
683 2338 95 41 able
801 2342 43 37 to
867 2351 146 28 assure
1045 2337 73 42 the
1153 2338 167 54 patient
1341 2337 84 41 and
1452 2337 67 42 his
1550 2337 163 42 friends
1744 2337 96 41 that
1861 2336 118 42 there
2009 2335 37 42 is

430 2424 56 28 no
508 2409 110 42 need
640 2409 64 40 for
725 2408 146 41 alarm.
926 2407 102 41 This
1051 2407 54 42 he
1129 2421 75 27 can
1229 2407 219 54 generally
1471 2407 63 41 do.
1586 2407 62 41 At
1664 2407 72 41 the
1758 2421 116 27 same
1891 2406 104 41 time
2013 2405 31 41 it

431 2480 156 42 should
629 2480 52 41 be
723 2477 292 43 remembered
1057 2477 96 41 that
1194 2477 338 55 "accompanied
1575 2476 211 42 megrim"
1820 2477 33 40 is
1888 2491 53 26 on
1974 2476 72 40 the

432 2549 140 41 whole
603 2563 25 26 a
661 2562 150 41 graver
843 2547 193 41 neurosis
1070 2547 102 40 than
1216 2547 72 41 the
1331 2546 153 54 simple
1522 2545 361 42 unaccompanied
1917 2546 130 50 form;

432 2620 86 42 and
542 2619 85 41 this
649 2632 99 27 may
772 2618 51 41 be
846 2617 92 42 said
963 2616 190 42 whether
1183 2617 72 41 the
1277 2615 371 43 accompaniment
1670 2616 50 40 be
1743 2614 303 50 hemianopsia,

434 2706 46 28 or
497 2689 188 57 aphasia,
700 2703 46 27 or
761 2687 257 55 hemiplegic
1035 2687 171 55 paresis,
1224 2701 45 27 or
1283 2686 57 42 all
1357 2686 117 42 three
1489 2685 233 43 combined.
1771 2684 277 55 Ophthalmic

435 2776 191 41 megrim,
662 2758 246 55 developed,
943 2772 44 27 as
1019 2757 244 42 something
1294 2771 95 27 new
1420 2761 43 37 to
1496 2756 73 42 the
1601 2757 177 54 patient,
1810 2757 44 39 in
1890 2754 156 42 middle

435 2833 88 41 life,
545 2831 78 42 has
645 2830 246 42 sometimes
913 2827 160 56 proved
1097 2833 43 36 to
1163 2828 50 41 be
1238 2827 70 42 the
1331 2841 221 41 precursor
1573 2828 46 40 of
1647 2841 24 26 a
1693 2840 182 28 nervous
1897 2824 129 42 break
2032 2848 15 6 -

487 2951 9 21 1
524 2948 158 37 Charcot
707 2946 65 36 has
798 2945 173 36 recorded
996 2943 90 37 such
1111 2956 21 24 a
1159 2956 89 24 case,
1269 2943 133 36 Gazette
1428 2943 56 36 des
1510 2942 196 47 IUpilaiix,
1726 2941 86 37 17th
1835 2941 85 46 May
1950 2942 98 34 1884.

435 3010 85 47 (See
548 3008 76 40 also
646 3006 137 49 Seglas,
802 3018 52 35 op.
874 3005 70 46 cit.,
961 3017 34 36 p.
1017 3004 73 37 89.)
1142 3003 45 36 In
1212 3003 75 36 this
1312 3015 76 24 case
1414 3003 63 35 the
1502 3002 148 48 aphasia
1675 3002 136 45 always
1831 3004 53 32 set
1904 2999 38 35 in
1961 2998 90 36 with

435 3070 65 36 the
517 3067 135 38 second
669 3072 100 31 stage
787 3066 39 36 of
841 3065 63 36 the
921 3064 134 37 attack,
1076 3063 61 36 the
1156 3067 98 44 stage
1272 3063 39 36 of
1325 3063 87 48 pain
1430 3063 40 35 in
1487 3062 63 36 the
1566 3061 103 37 head.
