1933 3302
908 135 145 42 Pulpöse
1077 138 110 33 Form.

244 126 24 38 8

246 233 135 39 achter
411 236 207 39 erwähnen
649 238 105 40 diese
782 240 108 41 Fälle
918 243 116 39 tiefer
1070 246 221 50 greifender
1319 249 301 56 Nekrotisirung
1647 256 99 39 ohne
1774 258 76 39 viel

244 286 192 40 Exsudat.
495 289 168 40 Jobert
691 293 122 39 fasste
844 295 53 39 sie
928 310 115 37 sogar
1071 299 39 37 in
1140 300 104 38 einer
1263 301 238 43 besonderen
1532 306 139 49 (seiner
1691 311 157 50 dritten)

243 341 130 47 Form,
404 342 171 40 nämlich
606 346 67 38 der
706 349 147 45 „forme
882 363 71 36 par
981 352 344 41 ramollissement"
1360 371 231 27 zusammen.
1647 362 52 38 Es
1729 365 120 38 sollen

244 394 63 39 bei
337 396 125 38 dieser
491 411 74 25 nur
598 412 140 38 graue,
779 403 203 38 erweichte
1011 404 201 41 Flecken
1250 411 68 36 auf
1351 411 66 38 der
1445 412 152 40 Wunde
1635 419 211 46 entstehen,

245 448 41 39 in
316 449 118 39 deren
463 450 140 41 Gebiet
632 454 67 39 das
730 454 165 40 Gewebe
925 457 178 50 gänzlich
1132 464 162 36 zerstört
1321 465 106 38 wird.

375 502 87 40 Auf
497 505 67 39 der
594 508 169 39 anderen
793 508 105 40 Seite
936 510 52 38 ist
1026 512 110 39 nicht
1165 528 45 25 zu
1239 516 235 49 bezweifeln,
1507 519 86 39 dass
1621 523 229 37 umgekehrt

244 556 236 41 besonderer
499 559 115 40 Blut-
636 562 80 37 und
737 561 307 42 Saftreichthum
1065 566 68 39 der
1148 566 175 51 Gewebe,
1345 573 232 38 namentlich
1599 574 53 38 im
1671 575 178 41 lockeren

243 609 291 53 Bindegewebe
562 615 192 38 zwischen
783 616 246 41 blutreichen
1050 619 160 40 Theilen
1240 637 47 25 zu
1316 625 246 40 erheblichen
1580 626 268 43 Abscheidun-

244 677 78 38 gen
351 665 123 41 selbst
502 667 63 39 bei
594 669 204 50 geringem
826 670 110 39 Reiz
965 673 78 38 und
1072 674 184 50 geringer
1284 677 108 40 Tiefe
1423 680 66 39 der
1516 680 218 41 Krankheit
1752 684 96 38 Ver-

246 717 216 55 anlassung
491 722 179 50 gegeben
709 723 140 40 haben.
907 725 73 40 Die
1018 727 186 40 früheren
1240 729 175 42 Autoren
1453 734 84 38 sind
1577 735 172 40 offenbar
1785 737 69 39 auf

244 772 247 52 Delpech's
526 774 297 55 Beschreibung
850 778 69 39 hin
949 780 111 39 darin
1098 796 47 25 zu
1175 783 91 38 weit
1294 798 224 39 gegangen,
1549 788 73 39 alle
1656 790 190 48 dickeren,

244 827 192 52 breiigen,
466 829 203 51 häutigen,
708 831 255 51 gelatinösen,
994 834 185 52 käsigen,
1220 837 60 39 die
1308 838 444 52 Hospitalbrandwunde
1779 844 69 39 be-

245 881 225 40 deckenden
509 883 284 41 Exsudations-
837 888 79 37 und
953 887 353 53 Zerfallsproducte
1348 893 100 39 ohne
1487 894 256 41 Unterschied
1783 898 66 38 der

243 949 101 38 ganz
375 937 201 39 schweren
604 938 539 51 Hospitalbrandinfiltration
1172 946 275 39 zuzurechnen.
1496 947 97 40 Sehr
1621 949 132 52 häufig
1772 965 78 24 war

245 989 81 40 dies
357 990 87 39 eine
473 991 250 53 Täuschung.
782 994 133 40 Wenn
939 996 92 50 jene
1059 997 144 52 Belege
1234 999 80 39 sich
1343 1001 225 47 abstiessen,
1599 1003 141 39 fanden
1769 1005 79 38 sich

243 1057 76 26 nur
339 1044 279 53 geringfügige
631 1046 334 55 Veränderungen
988 1052 80 37 und
1082 1051 287 54 Zerstörungen
1390 1056 65 37 des
1471 1055 277 41 Wundbodens
1770 1071 78 26 vor.

375 1099 75 39 Die
477 1103 130 35 ersten
627 1100 346 55 Beschreibungen
994 1105 66 38 des
1080 1105 347 51 Hospitalbrandes
1447 1123 74 25 von
1541 1110 202 40 Pouteau
1772 1112 77 38 und

243 1152 298 52 Dussaussoy
575 1155 190 39 betreffen
805 1157 60 38 die
911 1158 165 39 tieferen
1104 1159 187 50 Formen,
1329 1162 144 39 welche
1509 1164 40 37 in
1585 1165 154 38 kurzer,
1779 1179 68 24 an-

244 1206 245 40 schaulicher
517 1208 256 53 Darstellung
802 1211 292 40 charakterisirt
1121 1216 166 37 werden.
1334 1216 118 39 Diese
1479 1216 173 40 Autoren
1679 1219 168 37 kannten

244 1274 76 26 nur
358 1262 132 39 solche
526 1262 188 49 Formen,
759 1265 143 39 liessen
930 1267 235 50 wenigstens
1202 1282 73 25 nur
1304 1270 129 38 solche
1463 1271 55 38 als
1547 1271 304 39 Hospitalbrand

245 1315 144 52 gelten.
447 1316 70 39 Ich
552 1317 104 39 lasse
693 1318 178 39 ziemlich
912 1321 178 38 wörtlich
1131 1322 60 38 die
1227 1322 76 39 viel
1339 1336 192 38 genauere
1559 1325 292 51 Beschreibung

245 1369 244 52 Delpech's
518 1371 149 51 folgen,
697 1372 147 39 welche
874 1374 86 38 dem
990 1374 120 40 Leser
1142 1376 41 38 in
1212 1376 232 40 klassischer
1471 1378 290 40 Beschreibung
1790 1379 60 39 ein

246 1437 174 39 genaues
449 1425 92 38 Bild
569 1439 77 25 von
687 1427 67 38 der
782 1426 203 52 Majorität
1020 1429 68 38 der
1122 1429 108 40 Fälle
1267 1431 191 47 entwirft,
1496 1432 72 39 wie
1597 1432 54 39 sie
1679 1432 82 39 sich
1787 1433 63 38 bei

245 1479 218 52 damaliger
490 1479 197 52 Hygieine
716 1482 80 38 und
824 1480 261 54 Behandlung
1113 1484 245 51 gestalteten.

302 1637 251 51 Delpech's
585 1638 304 53 Beschreibung
921 1641 74 40 der
1025 1640 236 52 Gangraena
1290 1643 291 40 nosocomialis
1611 1643 181 50 pulposa.

382 1747 138 48 „Auch
549 1748 105 39 diese
673 1748 119 39 Form
820 1750 106 38 kann
955 1750 70 39 auf
1050 1751 142 38 einmal
1212 1751 59 38 die
1291 1764 120 38 ganze
1431 1752 272 51 granulirende
1724 1751 122 40 Ober-

243 1802 128 39 fläche
400 1802 173 39 befallen
603 1803 94 39 oder
725 1804 94 38 aber
848 1804 83 39 sich
959 1804 54 38 im
1032 1804 162 39 Anfang
1222 1805 70 38 auf
1318 1805 111 39 einen
1458 1806 90 38 oder
1574 1819 174 26 mehrere
1767 1806 79 39 iso-

243 1856 90 39 lirte
362 1855 155 40 Punkte
546 1857 291 48 beschränken;
881 1858 117 39 allein
1026 1858 53 39 im
1108 1859 186 38 letzteren
1321 1859 88 38 Fall
1436 1860 208 38 verbreitet
1677 1860 82 38 sich
1787 1860 60 38 die

244 1909 199 41 Affection
473 1911 98 39 doch
600 1912 191 38 secundär
819 1913 73 38 mit
920 1918 200 46 grösserer
1139 1913 93 38 oder
1251 1913 225 51 geringerer
1497 1913 352 51 Geschwindigkeit

245 1965 72 39 auf
350 1966 76 38 den
462 1978 151 39 ganzen
649 1966 96 39 Rest
785 1967 69 38 der
890 1967 166 38 Wunde.
1127 1967 73 38 Die
1239 1970 128 35 ersten
1403 1968 319 38 Erscheinungen
1762 1968 84 37 sind

244 2018 235 41 Schmerzen
506 2021 79 37 und
605 2020 332 39 Veränderungen
965 2021 41 38 in
1036 2022 67 37 der
1122 2021 124 38 Farbe
1276 2022 67 38 der
1363 2020 309 40 Granulationen,
1703 2021 145 38 welche

246 2074 113 39 einen
388 2074 60 38 bis
478 2074 95 39 zwei
602 2074 108 51 Tage
739 2075 94 38 lang
863 2075 112 38 einen
1003 2075 120 39 leicht
1150 2075 186 39 violetten
1363 2075 220 38 Farbenton
1620 2075 225 38 annehmen.

244 2128 101 39 Bald
379 2129 167 38 bedeckt
575 2129 62 38 ein
666 2129 90 39 halb
788 2129 310 51 durchsichtiger
1127 2128 172 40 Schleier
1335 2129 194 38 dieselben
1565 2129 78 38 und
1680 2129 169 38 entzieht

246 2196 55 26 sie
338 2182 142 40 immer
516 2183 111 38 mehr
662 2183 87 38 dem
778 2182 125 52 Auge.
961 2183 117 38 Diese
1106 2182 214 39 weissliche
1348 2181 292 53 Auflagerung,
1685 2182 61 39 die
1782 2183 67 37 der

245 2236 298 40 Nichtkundige
573 2238 64 37 für
667 2237 84 39 eine
782 2240 136 36 eitrige
947 2237 163 38 Materie
1138 2237 133 38 halten
1299 2236 165 39 möchte,
1493 2237 97 38 lässt
1619 2236 81 39 sich
1730 2236 118 38 durch

245 2291 276 40 fortgesetztes
541 2291 151 40 Reiben
720 2292 109 38 nicht
857 2292 214 38 entfernen.
1121 2290 159 40 Gelingt
1309 2304 39 25 es
1377 2291 196 38 hiedurch,
1604 2290 166 39 dieselbe
1800 2303 48 24 an

247 2346 198 40 einzelnen
475 2345 148 40 Stellen
651 2360 47 24 zu
726 2346 126 39 lösen,
885 2360 42 25 so
955 2345 123 39 bildet
1106 2346 54 38 sie
1189 2345 218 39 flottirende
1435 2345 158 38 Fetzen,
1622 2358 76 25 von
1727 2344 122 37 denen

246 2414 70 26 aus
345 2414 92 25 man
467 2401 103 38 dann
600 2400 61 39 die
680 2399 279 53 Auflagerung
987 2414 76 24 von
1093 2400 66 38 der
1187 2412 149 38 ganzen
1354 2398 155 39 Wunde
1529 2398 183 38 abziehen
1731 2397 115 38 kann.

247 2454 63 40 Sie
340 2454 107 39 stellt
475 2468 81 25 nun
586 2454 85 39 eine
700 2467 101 38 ganz
821 2455 128 38 dünne
973 2454 351 38 Pseudomembran
1353 2454 78 37 dar,
1462 2452 91 39 halb
1575 2451 271 45 durchsichtig,

247 2509 75 39 den
352 2508 319 40 Granulationen,
703 2509 124 38 denen
856 2508 56 39 sie
940 2508 39 38 in
1009 2508 102 39 allen
1133 2507 338 39 Configurationen
1501 2507 66 37 der
1586 2505 153 38 Wunde
1769 2504 78 39 sich

247 2566 171 48 anpasst,
450 2562 226 39 anhaftend.
735 2562 63 40 Sie
832 2562 52 39 ist
912 2575 75 26 von
1016 2567 198 46 grösserer
1242 2562 93 38 oder
1362 2573 224 39 geringerer
1615 2558 231 45 Consistenz,

245 2618 94 39 bald
367 2617 105 39 beim
501 2617 228 51 geringsten
758 2617 86 51 Zug
872 2629 255 26 zerreissend,
1166 2615 91 39 bald
1285 2616 77 37 fest
1389 2627 146 38 genug,
1574 2626 66 25 um
1669 2626 80 25 sich
1777 2614 71 35 mit

248 2672 150 52 einiger
426 2671 267 39 Leichtigkeit
722 2670 159 39 ablösen
910 2684 45 24 zu
984 2670 140 38 lassen.
1168 2670 123 39 Unter
1318 2669 60 37 ihr
1406 2680 134 38 zeigen
1570 2667 59 38 die
1659 2665 187 40 Granula-

246 2727 135 39 tionen
411 2725 61 39 die
494 2726 101 38 oben
615 2724 37 40 S.
676 2725 24 37 4
721 2725 276 38 beschriebene
1017 2722 313 40 Beschaffenheit
1357 2722 77 38 und
1462 2721 83 39 sind
1574 2721 126 49 blutig
1729 2717 120 40 durch

248 2781 61 38 die
330 2779 237 40 Abziehung
596 2780 67 38 der
682 2778 216 40 Membran.
944 2777 51 40 So
1024 2778 116 38 lange
1171 2778 67 38 der
1257 2776 124 39 Belag
1410 2775 59 38 die
1490 2775 154 38 Wunde
1672 2772 174 46 bedeckt,

247 2835 131 38 liefert
407 2848 55 25 sie
491 2834 80 39 fast
599 2834 115 38 keine
744 2832 304 50 Absonderung;
1095 2845 54 25 sie
1177 2831 52 38 ist
1257 2829 275 40 schmerzhaft,
1578 2828 94 38 doch
1702 2827 50 37 ist
1782 2826 65 37 der

248 2888 164 40 Contact
440 2889 120 38 kaum
590 2886 260 41 empfindlich.
907 2886 74 38 Die
1009 2886 204 38 Membran
1241 2897 96 25 wird
1366 2883 101 38 dann
1497 2882 144 45 dicker,
1672 2879 177 39 schliesst

247 2943 84 39 sich
350 2943 173 52 weniger
549 2955 129 40 genau
707 2942 87 38 dem
822 2940 152 40 Niveau
1004 2940 68 38 der
1090 2939 155 39 Wunde
1273 2951 49 25 an
1350 2938 77 37 und
1456 2937 96 38 lässt
1578 2935 163 38 Formen
1769 2932 78 39 und
