1895 3217
740 305 238 32 MONKEYS.

1453 297 59 42 55

134 431 152 47 ceived
316 431 48 47 in
399 432 79 46 the
513 432 265 46 Edinburgh
814 433 250 53 Museum;
1102 432 90 46 and
1226 431 65 47 for
1324 439 79 39 the
1437 449 71 31 re-

132 510 204 46 mainder
359 525 69 31 we
451 525 74 31 are
559 510 215 45 indebted
797 515 45 41 to
866 510 80 46 the
968 508 225 47 beautiful
1221 511 83 45 but
1339 525 171 33 expen-

133 587 92 46 sive
250 603 146 31 works
430 586 51 48 of
506 594 77 40 the
615 587 277 46 continental
915 587 280 46 naturalists.
1264 588 91 45 We
1389 589 119 46 have

131 666 133 45 made
307 664 90 47 free
441 680 79 32 use
556 664 51 47 of
646 665 296 46 Humboldt’s
981 665 251 62 Zoological
1278 665 227 47 Observa-

131 751 131 46 tions,
296 744 90 45 and
421 743 70 46 his
529 743 192 62 History
751 741 50 48 of
827 743 80 46 the
942 743 227 46 Monkeys
1204 743 50 46 of
1284 744 79 45 the
1401 744 107 46 Ori-

131 836 141 31 nooko
291 837 14 39 ;
342 820 51 48 of
418 821 205 45 Frederic
647 821 203 46 Cuvier’s
873 827 124 55 great
1022 821 122 45 work
1168 836 58 31 on
1248 821 80 46 the
1352 822 155 46 Mam-

132 899 184 54 malise;
353 898 240 54 Audibert,
620 898 200 46 Histoire
852 898 241 46 Naturelle
1117 898 78 46 des
1218 898 171 63 Singes,
1416 900 92 45 and

133 975 50 46 of
197 976 111 46 Spix
342 976 90 46 and
467 975 233 47 Martius’s
736 976 193 61 History
953 975 50 47 of
1024 976 79 46 the
1131 976 123 46 New
1279 977 227 46 Brazilian

133 1053 179 47 species.

200 1132 184 60 Having
406 1138 108 38 thus
539 1147 46 29 so
609 1130 66 46 far
698 1131 310 46 endeavoured
1025 1137 47 40 to
1092 1131 140 46 detail
1250 1132 79 46 the
1352 1131 152 47 habits

136 1209 89 46 and
256 1224 215 45 economy
495 1208 50 46 of
567 1209 91 44 this
690 1208 174 45 curious
892 1207 177 63 family,
1102 1208 91 46 and
1224 1215 79 39 the
1325 1210 181 60 general

136 1287 104 60 plan
275 1285 50 46 of
347 1301 80 30 our
457 1301 193 38 volume,
685 1300 69 30 we
788 1285 115 45 shall
934 1291 49 39 at
1013 1300 107 31 once
1147 1286 186 61 proceed
1356 1292 46 40 to
1425 1286 80 45 the

137 1362 266 62 description
427 1361 50 47 of
491 1368 79 40 the
593 1362 193 47 animals
809 1362 285 47 themselves.

1365 2446 32 37 G
