2107 3450
1647 264 83 44 127

493 277 237 33 DUMBNESS
764 275 55 31 OR
855 273 242 33 DEFECTIVE
1130 273 177 34 SPEECH.

705 882 284 43 CHAPTER
1022 881 78 43 VI.

69 1048 255 44 Dumbness
368 1048 319 56 (Congenital
731 1048 231 43 Aphasia)
1008 1058 48 31 in
1091 1047 210 42 Persons
1347 1057 88 31 not
1478 1056 254 34 obviously

132 1121 228 42 Imbecile.
445 1121 204 42 Lalling
702 1132 58 31 on
811 1120 168 43 Single
1033 1120 316 42 Consonants.
1437 1119 297 43 Congenital

134 1193 256 42 Paralysis
434 1205 53 30 of
528 1194 204 41 Mouth;
780 1205 92 29 and
917 1192 128 42 Oral
1087 1192 325 42 Deformities.
1497 1192 235 42 Develop-

132 1275 184 31 mental
349 1265 209 41 Defects
604 1275 55 32 of
705 1275 89 30 the
837 1261 161 44 Vocal
1043 1262 299 43 Mechanism.
1435 1262 298 42 Congenital

132 1336 301 41 Bradylalia
466 1347 93 30 and
595 1334 309 44 Logorrhoea.
968 1334 358 42 Deaf-Mutism.

72 1490 236 43 Dumbness
338 1505 47 27 or
405 1490 208 56 Defective
646 1491 151 55 Speech
818 1489 273 55 (Congenital
1122 1488 221 43 Aphasia)
1368 1490 51 41 in
1452 1489 180 43 Persons
1664 1495 71 37 not

682 1576 211 28 obviously
915 1561 203 42 Imbecile.

130 1701 110 42 This
267 1700 37 42 is
328 1714 24 28 a
385 1700 172 43 subject
590 1700 144 42 which
767 1700 79 42 has
870 1700 44 42 of
947 1699 87 43 late
1058 1699 109 43 been
1191 1698 240 57 attracting
1452 1713 26 28 a
1499 1699 111 56 good
1635 1699 98 44 deal

70 1774 45 41 of
153 1773 230 42 attention.
448 1773 69 42 Sir
553 1773 203 42 William
795 1772 162 43 Wilde,
996 1772 47 42 in
1081 1772 69 42 his
1189 1771 287 42 well-known
1520 1772 115 42 book
1679 1787 56 27 on

70 1844 151 43 Aural
255 1844 200 56 Surgery,
476 1845 236 56 published
744 1845 47 41 in
829 1845 126 41 1853,
980 1859 87 27 was
1100 1858 82 28 one
1216 1843 44 42 of
1293 1844 74 42 the
1401 1844 96 42 first
1519 1849 45 37 to
1597 1844 139 43 direct

71 1918 218 41 attention
329 1923 44 36 to
414 1918 74 42 the
528 1917 222 42 existence
788 1917 44 41 of
864 1917 241 42 dumbness
1143 1917 47 41 in
1228 1916 273 43 individuals
1535 1917 98 41 who
1663 1931 73 28 are

73 1988 171 42 neither
281 1989 101 42 deaf
420 2004 80 27 nor
537 1989 77 42 the
637 1988 193 43 subjects
865 1988 45 43 of
944 2003 24 27 a
1002 1988 283 57 pronounced
1312 1988 156 56 degree
1491 1988 45 42 of
1567 1988 169 43 mental

69 2060 258 55 imbecility.
392 2061 90 42 The
520 2067 174 36 returns
732 2060 207 43 obtained
973 2061 46 41 in
1054 2061 73 42 the
1167 2060 118 42 Irish
1325 2060 169 43 Census
1533 2061 45 42 of
1618 2062 113 41 1851

72 2131 190 55 brought
284 2137 77 37 out
393 2131 161 43 clearly
587 2132 96 42 that
705 2136 77 38 not
806 2146 25 27 a
852 2132 83 42 few
971 2131 271 43 individuals
1267 2146 112 28 were
1402 2132 136 42 dumb
1568 2134 167 55 though

71 2203 108 55 they
203 2217 112 27 were
349 2208 77 37 not
449 2203 111 43 deaf,
584 2203 88 43 this
705 2203 131 43 being
870 2204 72 42 the
977 2203 226 43 condition
1237 2204 201 56 reported
1474 2209 45 38 to
1549 2205 116 42 exist
1689 2206 45 41 in

72 2275 90 41 334
205 2275 47 42 of
284 2274 117 43 4485
442 2280 143 38 mutes
623 2275 195 43 residing
855 2275 45 42 in
946 2275 188 43 Ireland.
1211 2275 59 43 Of
1315 2276 133 43 these,
1493 2277 85 42 115
1625 2292 110 27 were

73 2346 202 56 reported
296 2353 42 36 to
365 2347 49 43 be
432 2347 238 43 imbeciles,
684 2348 56 41 45
762 2353 42 36 to
826 2347 51 43 be
896 2348 245 56 paralysed,
1159 2348 57 42 43
1237 2353 44 37 to
1305 2348 53 43 be
1377 2348 106 43 both
1502 2350 233 56 paralysed

72 2419 87 42 and
197 2419 215 43 imbecile,
450 2419 86 43 and
579 2420 81 42 131
693 2423 45 39 to
774 2419 53 43 be
866 2419 136 43 dumb
1046 2420 118 57 only,
1205 2420 187 43 without
1428 2421 132 57 being
1593 2429 143 36 either

72 2491 229 56 paralysed
325 2506 47 28 or
393 2492 214 43 imbecile.
673 2492 237 56 Inquiring
938 2493 94 42 into
1057 2492 74 43 the
1155 2493 342 44 circumstances
1524 2495 49 43 of
1603 2510 131 43 many

72 2562 45 43 of
154 2562 88 43 this
280 2563 86 43 last
404 2563 122 54 class,
566 2564 70 43 Sir
673 2564 201 42 William
909 2564 151 43 Wilde
1094 2565 138 42 found
1271 2565 98 43 that
1406 2566 43 42 in
1486 2581 25 28 a
1544 2568 83 42 few
1660 2568 75 43 the

73 2634 238 44 dumbness
346 2636 194 43 resulted
577 2637 111 43 from
721 2636 113 44 local
869 2637 216 56 paralysis
1123 2638 45 42 of
1203 2638 75 43 the
1301 2644 164 52 tongue
1490 2639 87 43 and
1609 2640 126 43 other

73 2721 156 42 organs
262 2707 45 42 of
338 2708 294 42 articulation.
696 2709 61 42 To
790 2709 123 43 these
946 2724 133 38 cases,
1106 2710 172 43 further
1309 2711 221 43 reference
1563 2711 92 42 will
1683 2712 53 42 be

72 2778 127 43 made
236 2779 235 55 presently.
536 2779 55 42 In
630 2795 134 28 seven
797 2781 127 43 other
955 2796 132 28 cases,
1110 2781 45 43 of
1187 2781 105 44 each
1317 2781 46 43 of
1396 2782 144 42 which
1570 2782 53 43 he
1657 2783 77 42 has

71 2851 131 56 given
236 2865 25 28 a
293 2851 161 55 special
488 2857 199 47 account,
724 2853 124 43 there
883 2867 87 29 was
1004 2868 56 28 no
1093 2853 108 43 such
1235 2854 112 43 local
1384 2854 242 56 paralysis;
1661 2855 75 42 the

73 2924 192 55 patients
289 2923 125 43 could
441 2925 104 42 hear
569 2925 110 52 well,
702 2925 130 43 could
861 2926 273 42 understand
1157 2926 118 43 what
1298 2941 88 28 was
1409 2926 107 43 said,
1539 2926 86 42 and
1649 2926 87 42 dis-

73 2994 158 57 played
265 2995 225 56 generally
513 3011 25 27 a
576 3003 147 50 pretty
748 2997 82 42 fair
864 3003 184 37 amount
1081 2999 47 41 of
1160 2998 309 56 intelligence;
1501 2998 105 56 only
1630 2998 106 55 they

72 3067 129 42 could
241 3073 77 37 not
356 3069 146 55 speak.
567 3069 42 42 A
647 3069 165 43 careful
851 3070 301 42 examination
1193 3071 45 41 of
1275 3070 124 42 these
1438 3084 133 28 seven
1605 3084 132 36 cases,

72 3137 212 52 however,
322 3138 155 52 shows,
515 3139 46 42 in
605 3139 58 42 all
703 3140 45 42 of
792 3140 132 43 them,
966 3140 74 43 the
1083 3141 226 42 existence
1351 3141 48 41 of
1439 3139 297 56 peculiarities
