2107 3450
323 292 203 31 APHASIA,
565 291 100 31 ETC.,
698 290 47 31 IN
782 289 219 32 RELATION
1036 289 54 30 TO
1128 289 284 31 FUNCTIONAL
1446 289 261 31 DISORDERS.
1768 278 85 43 391

246 402 57 42 Of
355 401 58 42 all
457 401 75 43 the
576 400 157 53 fevers,
782 398 186 56 typhoid
1017 412 155 29 seems,
1221 411 57 28 on
1321 397 75 42 the
1443 397 150 52 whole,
1638 397 73 43 the
1767 412 83 28 one

187 479 111 37 most
340 477 76 40 apt
460 479 43 36 to
556 486 128 28 cause
736 470 179 44 aphasio
965 469 282 43 disturbance
1301 469 44 42 of
1398 468 186 56 speech;
1636 469 80 42 but
1764 469 76 43 the

184 551 222 50 symptom
440 544 76 42 has
538 543 92 43 also
666 544 107 41 been
806 547 88 37 met
920 541 118 51 with,
1061 540 308 55 occasionally,
1392 539 46 43 in
1462 540 247 42 connexion
1735 548 106 35 with

183 618 126 41 other
347 618 155 42 fevers,
539 616 108 42 such
689 629 47 28 as
781 615 176 54 typhus,
1000 613 252 56 small-pox,
1297 611 198 51 measles,
1539 612 302 43 intermittent

186 690 132 52 fever,
359 689 159 57 yellow
563 689 129 42 fever,
735 702 80 28 etc.
896 687 52 41 In
1000 686 73 43 the
1116 699 158 43 papers
1323 685 22 42 I
1394 684 112 43 have
1550 684 191 43 referred
1790 689 57 47 to,

185 776 236 28 numerous
448 775 120 28 cases
603 759 91 43 will
729 760 53 42 be
816 759 135 42 found
985 757 233 44 recorded;
1266 758 81 42 but
1379 757 37 42 it
1451 771 98 42 may
1574 756 189 57 perhaps
1798 756 52 43 be

186 835 219 42 sufficient
437 835 45 41 if,
515 833 173 43 instead
721 833 47 42 of
790 833 187 56 quoting
1007 846 87 28 any
1118 832 47 41 of
1196 832 134 43 them,
1357 832 19 42 I
1409 831 106 57 only
1538 835 70 52 try
1643 836 43 37 to
1720 830 129 42 make

186 923 23 25 a
245 907 111 42 brief
384 911 239 38 statement
661 906 47 42 of
739 906 73 43 the
854 905 175 56 general
1073 904 278 43 conclusions
1398 904 142 42 which
1586 904 110 42 have
1740 903 112 42 been

186 979 170 43 arrived
389 983 46 38 at
468 979 110 43 from
612 978 75 44 the
709 979 134 42 study
867 979 46 41 of
942 978 124 43 these
1089 991 120 29 cases
1244 978 57 55 by
1326 977 155 43 Clarus
1505 976 87 43 and
1624 976 76 43 the
1724 975 128 43 other

187 1052 270 43 authorities.

246 1124 55 42 In
325 1124 74 43 the
423 1125 96 42 first
540 1124 136 56 place,
698 1124 36 41 it
757 1124 35 42 is
815 1123 164 43 clearly
997 1122 269 43 established
1289 1122 99 43 that
1411 1121 181 56 aphasia
1615 1135 232 42 occurring

185 1210 47 28 as
266 1210 25 28 a
314 1196 309 43 complication
647 1197 43 40 of
715 1195 186 57 typhoid
923 1210 48 27 or
994 1209 119 28 some
1146 1194 125 43 other
1295 1194 121 43 fever
1440 1208 99 42 may
1562 1194 54 43 be
1639 1194 143 43 either
1804 1194 45 42 of

189 1268 245 42 functional
453 1283 47 27 or
522 1268 47 42 of
588 1268 176 50 organic
787 1267 154 51 origin.

247 1341 90 42 The
362 1340 261 43 Functional
642 1354 131 29 cases,
792 1340 144 42 which
958 1354 71 28 are
1051 1339 172 56 greatly
1245 1339 76 43 the
1356 1353 119 29 more
1503 1353 251 29 numerous,
1777 1354 72 28 are

187 1412 124 43 those
334 1413 44 41 in
406 1413 142 42 which
572 1413 74 42 the
669 1412 181 56 aphasia
872 1416 137 38 exists
1045 1411 293 56 temporarily,
1361 1426 48 27 as
1432 1426 25 27 a
1482 1426 189 28 nervous
1699 1426 150 42 symp-

188 1490 90 35 tom
316 1483 48 42 of
398 1484 74 42 the
506 1484 132 41 fever.
719 1484 80 41 "It
834 1497 183 42 appears
1056 1483 213 56 usually,"
1304 1497 101 41 says
1444 1483 168 42 Clarus,
1647 1483 83 42 "in
1775 1484 74 43 the

186 1556 112 42 later
331 1556 149 55 period
513 1557 47 41 of
594 1570 24 27 a
651 1570 149 28 severe
833 1570 110 28 case,
980 1562 113 36 after
1126 1555 125 42 other
1287 1569 150 29 severe
1473 1570 189 28 nervous
1700 1570 150 43 symp-

188 1627 148 42 toms."
400 1627 104 43 This
537 1627 249 43 functional
818 1628 111 41 form
952 1627 37 42 is
1025 1632 78 38 not
1138 1626 315 57 accompanied
1489 1627 57 55 by
1570 1627 280 57 hemiplegia.

187 1700 44 42 It
253 1714 151 28 occurs
437 1699 131 43 much
603 1714 116 28 more
750 1699 255 57 frequently
1039 1700 46 41 in
1120 1699 198 43 children
1355 1699 107 42 than
1498 1700 47 41 in
1580 1700 160 53 adults,
1763 1700 89 43 and

187 1787 139 28 seems
365 1787 249 28 commoner
651 1773 46 41 in
737 1773 108 55 boys
884 1772 108 42 than
1030 1772 47 43 in
1119 1772 118 56 girls.
1302 1772 45 42 It
1391 1772 178 57 usually
1608 1787 148 42 passes
1793 1773 65 42 off

186 1845 45 41 in
268 1859 24 27 a
327 1845 82 42 few
444 1844 120 57 days.
629 1844 307 43 Occasionally
975 1845 34 41 it
1052 1845 37 42 is
1122 1844 242 56 prolonged
1397 1844 68 43 for
1497 1845 159 54 weeks,
1689 1845 162 58 during

187 1917 73 42 the
285 1916 204 57 patient's
523 1917 337 43 convalescence
886 1918 109 41 from
1030 1917 74 43 the
1128 1917 146 43 fever;
1307 1917 80 42 but
1408 1917 50 42 in
1479 1917 109 43 such
1613 1932 119 29 cases
1755 1919 37 43 it
1814 1920 38 43 is

186 1989 174 56 always,
384 1989 265 57 ultimately,
672 1989 265 57 completely
964 1990 234 42 recovered
1222 1990 123 42 from.
1410 1990 68 43 Its
1508 2005 262 29 occurrence
1804 1993 44 41 in

186 2062 74 43 the
283 2076 149 29 course
457 2062 47 42 of
522 2076 25 28 a
570 2063 121 42 fever
714 2062 158 43 should
896 2068 78 36 not
997 2062 52 42 be
1072 2062 213 43 regarded
1309 2076 46 29 as
1378 2077 25 27 a
1426 2069 224 50 symptom
1675 2065 44 41 of
1742 2079 107 42 very

186 2134 84 42 bad
293 2149 155 39 omen;
479 2135 121 42 since
624 2134 258 57 experience
916 2134 78 43 has
1026 2134 155 43 shown
1214 2135 100 43 that
1346 2149 208 42 recovery
1578 2136 37 43 is
1645 2137 77 43 the
1746 2138 106 52 rule,

187 2207 400 43 notwithstanding
610 2207 75 43 the
708 2207 312 43 development
1052 2208 45 41 of
1130 2207 89 43 this
1243 2213 235 51 symptom.
1542 2209 150 43 When
1716 2209 132 43 death

186 2294 165 38 occurs,
374 2280 187 56 nothing
584 2279 199 43 material
806 2280 37 42 is
867 2279 137 43 found
1027 2279 46 42 in
1108 2279 74 43 the
1216 2281 126 42 brain
1376 2286 45 37 to
1456 2286 188 38 account
1677 2282 65 43 for
1775 2282 76 44 the

186 2352 191 56 aphasia.
443 2352 156 43 Clarus
634 2352 154 43 thinks
822 2356 98 38 that
952 2351 75 44 the
1051 2352 226 44 weakness
1309 2354 46 42 of
1387 2353 76 43 the
1496 2354 126 43 heart
1653 2355 89 42 and
1775 2355 77 43 the

185 2425 184 42 ansemia
391 2424 45 43 of
470 2424 75 43 the
569 2424 124 43 brain
719 2439 100 42 may
843 2424 52 43 be
920 2424 75 43 the
1018 2438 151 29 causes
1192 2425 45 42 of
1265 2426 48 43 it.
1377 2426 233 56 Probably,
1634 2426 217 52 however,

186 2497 73 43 the
282 2497 264 43 exhaustion
569 2498 49 42 of
645 2512 316 42 nerve-power,
984 2497 222 57 produced
1236 2498 60 57 by
1318 2498 76 44 the
1418 2499 133 53 fever,
1573 2499 161 44 should
1757 2500 93 43 also

185 2569 51 42 be
254 2569 134 42 taken
421 2569 94 42 into
548 2577 198 35 account.
811 2569 92 43 The
936 2569 184 56 aphasia
1151 2570 38 42 is
1223 2570 270 56 essentially,
1517 2571 86 42 and
1626 2586 47 29 as
1696 2586 26 29 a
1754 2573 96 43 rule

185 2642 165 55 purely,
374 2643 216 52 amnesic;
623 2642 87 43 and
734 2643 44 41 in
804 2658 24 26 a
850 2643 82 42 few
958 2642 213 57 carefully
1195 2643 212 44 observed
1431 2658 121 29 cases
1574 2644 37 43 it
1638 2644 78 44 has
1741 2646 110 43 been

182 2714 182 43 evident
387 2715 95 42 that
507 2715 74 43 the
604 2715 415 56 speech-memories
1042 2715 113 44 least
1168 2716 158 57 deeply
1346 2718 242 56 imprinted
1607 2717 111 44 have
1738 2719 111 44 been

184 2786 74 43 the
292 2788 94 42 first
420 2793 43 37 to
498 2788 52 43 be
583 2788 143 56 wiped
759 2794 89 37 out.
914 2788 132 43 Take,
1072 2790 63 41 for
1166 2790 216 56 example,
1414 2790 74 43 the
1524 2791 227 43 following
1782 2792 66 42 in-

184 2860 210 57 teresting
418 2866 116 50 note,
557 2861 146 42 which
728 2861 22 42 I
774 2866 172 38 extract
970 2862 111 41 from
1117 2861 70 43 Sir
1220 2862 204 44 Frederic
1451 2863 253 43 Bateman's
1730 2865 119 42 work

183 2931 57 55 (p.
278 2932 128 56 188):
451 2932 103 42 "Dr
587 2932 243 44 Scandella,
863 2948 55 27 an
954 2933 177 51 Italian,
1165 2934 98 43 who
1297 2935 101 42 died
1433 2941 46 36 at
1513 2936 111 42 New
1648 2935 123 43 York
1804 2937 46 41 in

186 3002 124 53 1789,
337 3019 84 28 was
449 3010 163 38 master
634 3005 45 42 of
712 3006 75 42 the
822 3006 176 51 Italian,
1033 3006 183 43 French,
1240 3007 88 42 and
1360 3008 187 56 English
1581 3008 240 56 languages
1841 3025 8 37 ;

183 3076 41 40 in
252 3075 72 45 the
350 3078 239 53 beginning
612 3077 46 42 of
689 3092 54 28 an
778 3079 149 42 attack
963 3078 44 43 of
1038 3079 160 54 yellow
1232 3080 134 42 fever,
1390 3080 44 42 of
1469 3080 144 42 which
1648 3080 54 43 he
1735 3080 115 53 died,

180 3147 52 43 he
269 3149 136 57 spoke
446 3149 182 59 English
673 3150 130 57 only;
842 3151 44 40 in
929 3151 74 43 the
1044 3151 166 43 middle
1250 3152 45 43 of
1328 3152 68 42 his
1432 3151 156 44 illness
1627 3152 55 43 he
1714 3153 137 44 spoke
