<?xml version="1.0" encoding="UTF-8"?>
<alto xmlns="http://www.loc.gov/standards/alto/ns-v2#" xmlns:xsi="http://www.w3.org/2001/XMLSchema-instance" xsi:schemaLocation="http://www.loc.gov/standards/alto/ns-v2# http://www.loc.gov/standards/alto/alto.xsd">
  <Description>
    <MeasurementUnit>pixel</MeasurementUnit>
    <sourceImageInformation>
      <fileName>b21273911_abbyy.xml</fileName>
    </sourceImageInformation>
    <OCRProcessing ID="OCR_1">
      <preProcessingStep>
        <processingDateTime>2014-10-24T02:15:27</processingDateTime>
        <processingAgency>intranda GmbH, www.intranda.com</processingAgency>
        <processingSoftware>
          <softwareCreator>intranda GmbH, Germany</softwareCreator>
          <softwareName>intranda OCR Module for TaskManager</softwareName>
          <softwareVersion>1.0r42</softwareVersion>
        </processingSoftware>
      </preProcessingStep>
      <ocrProcessingStep>
        <processingSoftware>
          <softwareCreator>ABBYY (BIT Software), Russia</softwareCreator>
          <softwareName>FineReader Engine</softwareName>
          <softwareVersion>10</softwareVersion>
        </processingSoftware>
      </ocrProcessingStep>
    </OCRProcessing>
  </Description>
  <Layout>
    <Page PHYSICAL_IMG_NR="59" ID="PAGE_59" WIDTH="2125" HEIGHT="3612">
      <TopMargin ID="TopMargin_1" HPOS="652" VPOS="274" WIDTH="1075" HEIGHT="47">
        <TextBlock ID="TextBlock_249" HPOS="652" VPOS="274" WIDTH="1075" HEIGHT="47">
          <TextLine ID="TextLine_1937" HPOS="1671" VPOS="274" WIDTH="56" HEIGHT="42">
            <String ID="Word_18896" HPOS="1671" VPOS="274" WIDTH="56" HEIGHT="42" CONTENT="45" />
          </TextLine>
          <TextLine ID="TextLine_1936" HPOS="652" VPOS="289" WIDTH="496" HEIGHT="32">
            <String ID="Word_18894" HPOS="652" VPOS="289" WIDTH="277" HEIGHT="32" CONTENT="HYSTERICAL" />
            <SP ID="SP_16959" HPOS="929" VPOS="289" WIDTH="33" HEIGHT="0" />
            <String ID="Word_18895" HPOS="962" VPOS="290" WIDTH="186" HEIGHT="31" CONTENT="MUTISM." />
          </TextLine>
        </TextBlock>
      </TopMargin>
      <PrintSpace ID="PrintSpace_60" HPOS="46" VPOS="401" WIDTH="1687" HEIGHT="2797">
        <TextBlock ID="TextBlock_248" HPOS="46" VPOS="401" WIDTH="1687" HEIGHT="2797">
          <TextLine ID="TextLine_1938" HPOS="72" VPOS="407" WIDTH="1651" HEIGHT="59">
            <String ID="Word_18897" HPOS="72" VPOS="418" WIDTH="46" HEIGHT="39" CONTENT="to" />
            <SP ID="SP_16960" HPOS="118" VPOS="415" WIDTH="24" HEIGHT="0" />
            <String ID="Word_18898" HPOS="142" VPOS="415" WIDTH="125" HEIGHT="41" CONTENT="make" />
            <SP ID="SP_16961" HPOS="267" VPOS="414" WIDTH="23" HEIGHT="0" />
            <String ID="Word_18899" HPOS="290" VPOS="414" WIDTH="74" HEIGHT="42" CONTENT="the" />
            <SP ID="SP_16962" HPOS="364" VPOS="412" WIDTH="32" HEIGHT="0" />
            <String ID="Word_18900" HPOS="396" VPOS="413" WIDTH="224" HEIGHT="43" CONTENT="condition" />
            <SP ID="SP_16963" HPOS="620" VPOS="410" WIDTH="26" HEIGHT="0" />
            <String ID="Word_18901" HPOS="646" VPOS="410" WIDTH="160" HEIGHT="43" CONTENT="widely" />
            <SP ID="SP_16964" HPOS="806" VPOS="410" WIDTH="22" HEIGHT="0" />
            <String ID="Word_18902" HPOS="828" VPOS="410" WIDTH="163" HEIGHT="42" CONTENT="known" />
            <SP ID="SP_16965" HPOS="991" VPOS="410" WIDTH="35" HEIGHT="0" />
            <String ID="Word_18903" HPOS="1026" VPOS="414" WIDTH="44" HEIGHT="37" CONTENT="to" />
            <SP ID="SP_16966" HPOS="1070" VPOS="409" WIDTH="34" HEIGHT="0" />
            <String ID="Word_18904" HPOS="1104" VPOS="409" WIDTH="76" HEIGHT="42" CONTENT="the" />
            <SP ID="SP_16967" HPOS="1180" VPOS="408" WIDTH="32" HEIGHT="0" />
            <String ID="Word_18905" HPOS="1212" VPOS="408" WIDTH="244" HEIGHT="56" CONTENT="profession" />
            <SP ID="SP_16968" HPOS="1456" VPOS="407" WIDTH="34" HEIGHT="0" />
            <String ID="Word_18906" HPOS="1490" VPOS="407" WIDTH="57" HEIGHT="55" CONTENT="by" />
            <SP ID="SP_16969" HPOS="1547" VPOS="407" WIDTH="25" HEIGHT="0" />
            <String ID="Word_18907" HPOS="1572" VPOS="420" WIDTH="151" HEIGHT="28" CONTENT="means" />
          </TextLine>
          <TextLine ID="TextLine_1939" HPOS="71" VPOS="478" WIDTH="1651" HEIGHT="58">
            <String ID="Word_18908" HPOS="71" VPOS="486" WIDTH="49" HEIGHT="42" CONTENT="of" />
            <SP ID="SP_16970" HPOS="120" VPOS="486" WIDTH="36" HEIGHT="0" />
            <String ID="Word_18909" HPOS="156" VPOS="486" WIDTH="68" HEIGHT="41" CONTENT="his" />
            <SP ID="SP_16971" HPOS="224" VPOS="484" WIDTH="44" HEIGHT="0" />
            <String ID="Word_18910" HPOS="268" VPOS="484" WIDTH="174" HEIGHT="43" CONTENT="clinical" />
            <SP ID="SP_16972" HPOS="442" VPOS="484" WIDTH="43" HEIGHT="0" />
            <String ID="Word_18911" HPOS="485" VPOS="484" WIDTH="198" HEIGHT="43" CONTENT="lectures." />
            <SP ID="SP_16973" HPOS="683" VPOS="482" WIDTH="77" HEIGHT="0" />
            <String ID="Word_18912" HPOS="760" VPOS="482" WIDTH="55" HEIGHT="42" CONTENT="In" />
            <SP ID="SP_16974" HPOS="815" VPOS="482" WIDTH="44" HEIGHT="0" />
            <String ID="Word_18913" HPOS="859" VPOS="482" WIDTH="75" HEIGHT="41" CONTENT="the" />
            <SP ID="SP_16975" HPOS="934" VPOS="482" WIDTH="43" HEIGHT="0" />
            <String ID="Word_18914" HPOS="977" VPOS="495" WIDTH="119" HEIGHT="28" CONTENT="same" />
            <SP ID="SP_16976" HPOS="1096" VPOS="494" WIDTH="43" HEIGHT="0" />
            <String ID="Word_18915" HPOS="1139" VPOS="494" WIDTH="116" HEIGHT="42" CONTENT="year," />
            <SP ID="SP_16977" HPOS="1255" VPOS="479" WIDTH="34" HEIGHT="0" />
            <String ID="Word_18916" HPOS="1289" VPOS="479" WIDTH="67" HEIGHT="42" CONTENT="his" />
            <SP ID="SP_16978" HPOS="1356" VPOS="478" WIDTH="44" HEIGHT="0" />
            <String ID="Word_18917" HPOS="1400" VPOS="478" WIDTH="221" HEIGHT="50" CONTENT="assistant," />
            <SP ID="SP_16979" HPOS="1621" VPOS="478" WIDTH="40" HEIGHT="0" />
            <String ID="Word_18918" HPOS="1661" VPOS="478" WIDTH="61" HEIGHT="41" CONTENT="M." />
          </TextLine>
          <TextLine ID="TextLine_1940" HPOS="70" VPOS="550" WIDTH="1655" HEIGHT="62">
            <String ID="Word_18919" HPOS="70" VPOS="556" WIDTH="184" HEIGHT="52" CONTENT="Cartaz,1" />
            <SP ID="SP_16980" HPOS="254" VPOS="556" WIDTH="38" HEIGHT="0" />
            <String ID="Word_18920" HPOS="292" VPOS="556" WIDTH="234" HEIGHT="56" CONTENT="published" />
            <SP ID="SP_16981" HPOS="526" VPOS="556" WIDTH="34" HEIGHT="0" />
            <String ID="Word_18921" HPOS="560" VPOS="559" WIDTH="170" HEIGHT="39" CONTENT="twenty" />
            <SP ID="SP_16982" HPOS="730" VPOS="559" WIDTH="32" HEIGHT="0" />
            <String ID="Word_18922" HPOS="762" VPOS="568" WIDTH="119" HEIGHT="28" CONTENT="cases" />
            <SP ID="SP_16983" HPOS="881" VPOS="552" WIDTH="45" HEIGHT="0" />
            <String ID="Word_18923" HPOS="926" VPOS="552" WIDTH="213" HEIGHT="43" CONTENT="collected" />
            <SP ID="SP_16984" HPOS="1139" VPOS="552" WIDTH="46" HEIGHT="0" />
            <String ID="Word_18924" HPOS="1185" VPOS="552" WIDTH="58" HEIGHT="56" CONTENT="by" />
            <SP ID="SP_16985" HPOS="1243" VPOS="550" WIDTH="33" HEIGHT="0" />
            <String ID="Word_18925" HPOS="1276" VPOS="550" WIDTH="93" HEIGHT="45" CONTENT="him" />
            <SP ID="SP_16986" HPOS="1369" VPOS="550" WIDTH="34" HEIGHT="0" />
            <String ID="Word_18926" HPOS="1403" VPOS="551" WIDTH="112" HEIGHT="41" CONTENT="from" />
            <SP ID="SP_16987" HPOS="1515" VPOS="550" WIDTH="36" HEIGHT="0" />
            <String ID="Word_18927" HPOS="1551" VPOS="564" WIDTH="174" HEIGHT="28" CONTENT="various" />
          </TextLine>
          <TextLine ID="TextLine_1941" HPOS="67" VPOS="622" WIDTH="1656" HEIGHT="61">
            <String ID="Word_18928" HPOS="67" VPOS="641" WIDTH="182" HEIGHT="29" CONTENT="sources." />
            <SP ID="SP_16988" HPOS="249" VPOS="628" WIDTH="68" HEIGHT="0" />
            <String ID="Word_18929" HPOS="317" VPOS="628" WIDTH="104" HEIGHT="42" CONTENT="This" />
            <SP ID="SP_16989" HPOS="421" VPOS="628" WIDTH="37" HEIGHT="0" />
            <String ID="Word_18930" HPOS="458" VPOS="642" WIDTH="134" HEIGHT="41" CONTENT="paper" />
            <SP ID="SP_16990" HPOS="592" VPOS="626" WIDTH="33" HEIGHT="0" />
            <String ID="Word_18931" HPOS="625" VPOS="639" WIDTH="200" HEIGHT="30" CONTENT="contains" />
            <SP ID="SP_16991" HPOS="825" VPOS="625" WIDTH="30" HEIGHT="0" />
            <String ID="Word_18932" HPOS="855" VPOS="625" WIDTH="91" HEIGHT="42" CONTENT="also" />
            <SP ID="SP_16992" HPOS="946" VPOS="625" WIDTH="38" HEIGHT="0" />
            <String ID="Word_18933" HPOS="984" VPOS="639" WIDTH="56" HEIGHT="28" CONTENT="an" />
            <SP ID="SP_16993" HPOS="1040" VPOS="624" WIDTH="39" HEIGHT="0" />
            <String ID="Word_18934" HPOS="1079" VPOS="624" WIDTH="218" HEIGHT="43" CONTENT="excellent" />
            <SP ID="SP_16994" HPOS="1297" VPOS="624" WIDTH="38" HEIGHT="0" />
            <String ID="Word_18935" HPOS="1335" VPOS="628" WIDTH="187" HEIGHT="37" CONTENT="account" />
            <SP ID="SP_16995" HPOS="1522" VPOS="622" WIDTH="38" HEIGHT="0" />
            <String ID="Word_18936" HPOS="1560" VPOS="622" WIDTH="47" HEIGHT="42" CONTENT="of" />
            <SP ID="SP_16996" HPOS="1607" VPOS="622" WIDTH="41" HEIGHT="0" />
            <String ID="Word_18937" HPOS="1648" VPOS="622" WIDTH="75" HEIGHT="42" CONTENT="the" />
          </TextLine>
          <TextLine ID="TextLine_1942" HPOS="66" VPOS="693" WIDTH="1657" HEIGHT="61">
            <String ID="Word_18938" HPOS="66" VPOS="699" WIDTH="228" HEIGHT="43" CONTENT="literature" />
            <SP ID="SP_16997" HPOS="294" VPOS="699" WIDTH="23" HEIGHT="0" />
            <String ID="Word_18939" HPOS="317" VPOS="699" WIDTH="46" HEIGHT="43" CONTENT="of" />
            <SP ID="SP_16998" HPOS="363" VPOS="699" WIDTH="21" HEIGHT="0" />
            <String ID="Word_18940" HPOS="384" VPOS="699" WIDTH="74" HEIGHT="43" CONTENT="the" />
            <SP ID="SP_16999" HPOS="458" VPOS="699" WIDTH="23" HEIGHT="0" />
            <String ID="Word_18941" HPOS="481" VPOS="700" WIDTH="180" HEIGHT="42" CONTENT="subject." />
            <SP ID="SP_17000" HPOS="661" VPOS="697" WIDTH="68" HEIGHT="0" />
            <String ID="Word_18942" HPOS="729" VPOS="697" WIDTH="54" HEIGHT="42" CONTENT="In" />
            <SP ID="SP_17001" HPOS="783" VPOS="697" WIDTH="24" HEIGHT="0" />
            <String ID="Word_18943" HPOS="807" VPOS="697" WIDTH="75" HEIGHT="42" CONTENT="the" />
            <SP ID="SP_17002" HPOS="882" VPOS="697" WIDTH="23" HEIGHT="0" />
            <String ID="Word_18944" HPOS="905" VPOS="711" WIDTH="119" HEIGHT="28" CONTENT="same" />
            <SP ID="SP_17003" HPOS="1024" VPOS="710" WIDTH="23" HEIGHT="0" />
            <String ID="Word_18945" HPOS="1047" VPOS="710" WIDTH="114" HEIGHT="42" CONTENT="year," />
            <SP ID="SP_17004" HPOS="1161" VPOS="696" WIDTH="17" HEIGHT="0" />
            <String ID="Word_18946" HPOS="1178" VPOS="696" WIDTH="129" HEIGHT="50" CONTENT="1886," />
            <SP ID="SP_17005" HPOS="1307" VPOS="696" WIDTH="22" HEIGHT="0" />
            <String ID="Word_18947" HPOS="1329" VPOS="710" WIDTH="25" HEIGHT="27" CONTENT="a" />
            <SP ID="SP_17006" HPOS="1354" VPOS="694" WIDTH="22" HEIGHT="0" />
            <String ID="Word_18948" HPOS="1376" VPOS="694" WIDTH="171" HEIGHT="43" CONTENT="similar" />
            <SP ID="SP_17007" HPOS="1547" VPOS="693" WIDTH="21" HEIGHT="0" />
            <String ID="Word_18949" HPOS="1568" VPOS="693" WIDTH="155" HEIGHT="43" CONTENT="collec-" />
          </TextLine>
          <TextLine ID="TextLine_1943" HPOS="67" VPOS="765" WIDTH="1658" HEIGHT="61">
            <String ID="Word_18950" HPOS="67" VPOS="770" WIDTH="95" HEIGHT="43" CONTENT="tion" />
            <SP ID="SP_17008" HPOS="162" VPOS="770" WIDTH="22" HEIGHT="0" />
            <String ID="Word_18951" HPOS="184" VPOS="771" WIDTH="45" HEIGHT="42" CONTENT="of" />
            <SP ID="SP_17009" HPOS="229" VPOS="771" WIDTH="21" HEIGHT="0" />
            <String ID="Word_18952" HPOS="250" VPOS="785" WIDTH="118" HEIGHT="28" CONTENT="cases" />
            <SP ID="SP_17010" HPOS="368" VPOS="783" WIDTH="26" HEIGHT="0" />
            <String ID="Word_18953" HPOS="394" VPOS="785" WIDTH="86" HEIGHT="28" CONTENT="was" />
            <SP ID="SP_17011" HPOS="480" VPOS="769" WIDTH="24" HEIGHT="0" />
            <String ID="Word_18954" HPOS="504" VPOS="769" WIDTH="235" HEIGHT="57" CONTENT="published" />
            <SP ID="SP_17012" HPOS="739" VPOS="769" WIDTH="22" HEIGHT="0" />
            <String ID="Word_18955" HPOS="761" VPOS="769" WIDTH="59" HEIGHT="56" CONTENT="by" />
            <SP ID="SP_17013" HPOS="820" VPOS="769" WIDTH="23" HEIGHT="0" />
            <String ID="Word_18956" HPOS="843" VPOS="769" WIDTH="65" HEIGHT="42" CONTENT="Dr" />
            <SP ID="SP_17014" HPOS="908" VPOS="769" WIDTH="24" HEIGHT="0" />
            <String ID="Word_18957" HPOS="932" VPOS="769" WIDTH="57" HEIGHT="42" CONTENT="H." />
            <SP ID="SP_17015" HPOS="989" VPOS="767" WIDTH="26" HEIGHT="0" />
            <String ID="Word_18958" HPOS="1015" VPOS="767" WIDTH="144" HEIGHT="43" CONTENT="Bock2" />
            <SP ID="SP_17016" HPOS="1159" VPOS="767" WIDTH="23" HEIGHT="0" />
            <String ID="Word_18959" HPOS="1182" VPOS="768" WIDTH="44" HEIGHT="42" CONTENT="of" />
            <SP ID="SP_17017" HPOS="1226" VPOS="767" WIDTH="25" HEIGHT="0" />
            <String ID="Word_18960" HPOS="1251" VPOS="767" WIDTH="166" HEIGHT="43" CONTENT="Berlin," />
            <SP ID="SP_17018" HPOS="1417" VPOS="767" WIDTH="20" HEIGHT="0" />
            <String ID="Word_18961" HPOS="1437" VPOS="781" WIDTH="97" HEIGHT="27" CONTENT="who" />
            <SP ID="SP_17019" HPOS="1534" VPOS="766" WIDTH="20" HEIGHT="0" />
            <String ID="Word_18962" HPOS="1554" VPOS="766" WIDTH="77" HEIGHT="41" CONTENT="lias" />
            <SP ID="SP_17020" HPOS="1631" VPOS="765" WIDTH="20" HEIGHT="0" />
            <String ID="Word_18963" HPOS="1651" VPOS="765" WIDTH="74" HEIGHT="43" CONTENT="the" />
          </TextLine>
          <TextLine ID="TextLine_1944" HPOS="67" VPOS="837" WIDTH="1660" HEIGHT="61">
            <String ID="Word_18964" HPOS="67" VPOS="843" WIDTH="129" HEIGHT="42" CONTENT="merit" />
            <SP ID="SP_17021" HPOS="196" VPOS="843" WIDTH="22" HEIGHT="0" />
            <String ID="Word_18965" HPOS="218" VPOS="843" WIDTH="48" HEIGHT="42" CONTENT="of" />
            <SP ID="SP_17022" HPOS="266" VPOS="843" WIDTH="19" HEIGHT="0" />
            <String ID="Word_18966" HPOS="285" VPOS="844" WIDTH="92" HEIGHT="41" CONTENT="first" />
            <SP ID="SP_17023" HPOS="377" VPOS="842" WIDTH="29" HEIGHT="0" />
            <String ID="Word_18967" HPOS="406" VPOS="842" WIDTH="197" HEIGHT="43" CONTENT="showing" />
            <SP ID="SP_17024" HPOS="603" VPOS="842" WIDTH="34" HEIGHT="0" />
            <String ID="Word_18968" HPOS="637" VPOS="847" WIDTH="97" HEIGHT="37" CONTENT="that" />
            <SP ID="SP_17025" HPOS="734" VPOS="841" WIDTH="33" HEIGHT="0" />
            <String ID="Word_18969" HPOS="767" VPOS="841" WIDTH="256" HEIGHT="56" CONTENT="Hysterical" />
            <SP ID="SP_17026" HPOS="1023" VPOS="841" WIDTH="33" HEIGHT="0" />
            <String ID="Word_18970" HPOS="1056" VPOS="841" WIDTH="202" HEIGHT="42" CONTENT="Mutism," />
            <SP ID="SP_17027" HPOS="1258" VPOS="840" WIDTH="24" HEIGHT="0" />
            <String ID="Word_18971" HPOS="1282" VPOS="840" WIDTH="153" HEIGHT="42" CONTENT="unlike" />
            <SP ID="SP_17028" HPOS="1435" VPOS="837" WIDTH="34" HEIGHT="0" />
            <String ID="Word_18972" HPOS="1469" VPOS="837" WIDTH="258" HEIGHT="57" CONTENT="Hysterical" />
          </TextLine>
          <TextLine ID="TextLine_1945" HPOS="65" VPOS="910" WIDTH="1659" HEIGHT="61">
            <String ID="Word_18973" HPOS="65" VPOS="915" WIDTH="219" HEIGHT="56" CONTENT="Aphonia," />
            <SP ID="SP_17029" HPOS="284" VPOS="915" WIDTH="33" HEIGHT="0" />
            <String ID="Word_18974" HPOS="317" VPOS="929" WIDTH="149" HEIGHT="28" CONTENT="occurs" />
            <SP ID="SP_17030" HPOS="466" VPOS="914" WIDTH="34" HEIGHT="0" />
            <String ID="Word_18975" HPOS="500" VPOS="914" WIDTH="107" HEIGHT="42" CONTENT="with" />
            <SP ID="SP_17031" HPOS="607" VPOS="914" WIDTH="34" HEIGHT="0" />
            <String ID="Word_18976" HPOS="641" VPOS="914" WIDTH="130" HEIGHT="56" CONTENT="equal" />
            <SP ID="SP_17032" HPOS="771" VPOS="914" WIDTH="39" HEIGHT="0" />
            <String ID="Word_18977" HPOS="810" VPOS="914" WIDTH="238" HEIGHT="56" CONTENT="frequency" />
            <SP ID="SP_17033" HPOS="1048" VPOS="914" WIDTH="34" HEIGHT="0" />
            <String ID="Word_18978" HPOS="1082" VPOS="914" WIDTH="45" HEIGHT="41" CONTENT="in" />
            <SP ID="SP_17034" HPOS="1127" VPOS="914" WIDTH="35" HEIGHT="0" />
            <String ID="Word_18979" HPOS="1162" VPOS="914" WIDTH="107" HEIGHT="41" CONTENT="both" />
            <SP ID="SP_17035" HPOS="1269" VPOS="914" WIDTH="34" HEIGHT="0" />
            <String ID="Word_18980" HPOS="1303" VPOS="927" WIDTH="137" HEIGHT="29" CONTENT="sexes." />
            <SP ID="SP_17036" HPOS="1440" VPOS="912" WIDTH="63" HEIGHT="0" />
            <String ID="Word_18981" HPOS="1503" VPOS="912" WIDTH="143" HEIGHT="50" CONTENT="Later," />
            <SP ID="SP_17037" HPOS="1646" VPOS="910" WIDTH="32" HEIGHT="0" />
            <String ID="Word_18982" HPOS="1678" VPOS="910" WIDTH="46" HEIGHT="40" CONTENT="in" />
          </TextLine>
          <TextLine ID="TextLine_1946" HPOS="67" VPOS="983" WIDTH="1655" HEIGHT="59">
            <String ID="Word_18983" HPOS="67" VPOS="987" WIDTH="128" HEIGHT="42" CONTENT="1888," />
            <SP ID="SP_17038" HPOS="195" VPOS="987" WIDTH="21" HEIGHT="0" />
            <String ID="Word_18984" HPOS="216" VPOS="987" WIDTH="67" HEIGHT="41" CONTENT="Dr" />
            <SP ID="SP_17039" HPOS="283" VPOS="986" WIDTH="25" HEIGHT="0" />
            <String ID="Word_18985" HPOS="308" VPOS="986" WIDTH="167" HEIGHT="43" CONTENT="Marcel" />
            <SP ID="SP_17040" HPOS="475" VPOS="986" WIDTH="33" HEIGHT="0" />
            <String ID="Word_18986" HPOS="508" VPOS="987" WIDTH="185" HEIGHT="42" CONTENT="Natier3" />
            <SP ID="SP_17041" HPOS="693" VPOS="986" WIDTH="23" HEIGHT="0" />
            <String ID="Word_18987" HPOS="716" VPOS="986" WIDTH="47" HEIGHT="43" CONTENT="of" />
            <SP ID="SP_17042" HPOS="763" VPOS="986" WIDTH="28" HEIGHT="0" />
            <String ID="Word_18988" HPOS="791" VPOS="986" WIDTH="245" HEIGHT="52" CONTENT="Bordeaux," />
            <SP ID="SP_17043" HPOS="1036" VPOS="985" WIDTH="23" HEIGHT="0" />
            <String ID="Word_18989" HPOS="1059" VPOS="985" WIDTH="236" HEIGHT="57" CONTENT="published" />
            <SP ID="SP_17044" HPOS="1295" VPOS="985" WIDTH="39" HEIGHT="0" />
            <String ID="Word_18990" HPOS="1334" VPOS="985" WIDTH="77" HEIGHT="43" CONTENT="the" />
            <SP ID="SP_17045" HPOS="1411" VPOS="985" WIDTH="31" HEIGHT="0" />
            <String ID="Word_18991" HPOS="1442" VPOS="985" WIDTH="163" HEIGHT="56" CONTENT="largest" />
            <SP ID="SP_17046" HPOS="1605" VPOS="983" WIDTH="32" HEIGHT="0" />
            <String ID="Word_18992" HPOS="1637" VPOS="983" WIDTH="85" HEIGHT="42" CONTENT="col-" />
          </TextLine>
          <TextLine ID="TextLine_1947" HPOS="66" VPOS="1055" WIDTH="1657" HEIGHT="60">
            <String ID="Word_18993" HPOS="66" VPOS="1059" WIDTH="160" HEIGHT="42" CONTENT="lection" />
            <SP ID="SP_17047" HPOS="226" VPOS="1059" WIDTH="35" HEIGHT="0" />
            <String ID="Word_18994" HPOS="261" VPOS="1059" WIDTH="45" HEIGHT="42" CONTENT="of" />
            <SP ID="SP_17048" HPOS="306" VPOS="1059" WIDTH="37" HEIGHT="0" />
            <String ID="Word_18995" HPOS="343" VPOS="1073" WIDTH="119" HEIGHT="29" CONTENT="cases" />
            <SP ID="SP_17049" HPOS="462" VPOS="1059" WIDTH="33" HEIGHT="0" />
            <String ID="Word_18996" HPOS="495" VPOS="1059" WIDTH="98" HEIGHT="42" CONTENT="that" />
            <SP ID="SP_17050" HPOS="593" VPOS="1059" WIDTH="32" HEIGHT="0" />
            <String ID="Word_18997" HPOS="625" VPOS="1059" WIDTH="78" HEIGHT="43" CONTENT="has" />
            <SP ID="SP_17051" HPOS="703" VPOS="1059" WIDTH="32" HEIGHT="0" />
            <String ID="Word_18998" HPOS="735" VPOS="1063" WIDTH="78" HEIGHT="52" CONTENT="yet" />
            <SP ID="SP_17052" HPOS="813" VPOS="1058" WIDTH="30" HEIGHT="0" />
            <String ID="Word_18999" HPOS="843" VPOS="1058" WIDTH="113" HEIGHT="43" CONTENT="been" />
            <SP ID="SP_17053" HPOS="956" VPOS="1058" WIDTH="30" HEIGHT="0" />
            <String ID="Word_19000" HPOS="986" VPOS="1058" WIDTH="139" HEIGHT="43" CONTENT="made." />
            <SP ID="SP_17054" HPOS="1125" VPOS="1058" WIDTH="65" HEIGHT="0" />
            <String ID="Word_19001" HPOS="1190" VPOS="1058" WIDTH="72" HEIGHT="43" CONTENT="He" />
            <SP ID="SP_17055" HPOS="1262" VPOS="1056" WIDTH="33" HEIGHT="0" />
            <String ID="Word_19002" HPOS="1295" VPOS="1056" WIDTH="239" HEIGHT="45" CONTENT="confirmed" />
            <SP ID="SP_17056" HPOS="1534" VPOS="1055" WIDTH="32" HEIGHT="0" />
            <String ID="Word_19003" HPOS="1566" VPOS="1055" WIDTH="157" HEIGHT="43" CONTENT="Bock's" />
          </TextLine>
          <TextLine ID="TextLine_1948" HPOS="67" VPOS="1129" WIDTH="1656" HEIGHT="53">
            <String ID="Word_19004" HPOS="67" VPOS="1131" WIDTH="266" HEIGHT="51" CONTENT="conclusion," />
            <SP ID="SP_17057" HPOS="333" VPOS="1131" WIDTH="22" HEIGHT="0" />
            <String ID="Word_19005" HPOS="355" VPOS="1131" WIDTH="98" HEIGHT="43" CONTENT="that" />
            <SP ID="SP_17058" HPOS="453" VPOS="1131" WIDTH="21" HEIGHT="0" />
            <String ID="Word_19006" HPOS="474" VPOS="1131" WIDTH="76" HEIGHT="42" CONTENT="the" />
            <SP ID="SP_17059" HPOS="550" VPOS="1131" WIDTH="23" HEIGHT="0" />
            <String ID="Word_19007" HPOS="573" VPOS="1131" WIDTH="224" HEIGHT="42" CONTENT="condition" />
            <SP ID="SP_17060" HPOS="797" VPOS="1131" WIDTH="24" HEIGHT="0" />
            <String ID="Word_19008" HPOS="821" VPOS="1145" WIDTH="88" HEIGHT="28" CONTENT="was" />
            <SP ID="SP_17061" HPOS="909" VPOS="1145" WIDTH="23" HEIGHT="0" />
            <String ID="Word_19009" HPOS="932" VPOS="1145" WIDTH="47" HEIGHT="28" CONTENT="as" />
            <SP ID="SP_17062" HPOS="979" VPOS="1145" WIDTH="27" HEIGHT="0" />
            <String ID="Word_19010" HPOS="1006" VPOS="1145" WIDTH="202" HEIGHT="28" CONTENT="common" />
            <SP ID="SP_17063" HPOS="1208" VPOS="1131" WIDTH="32" HEIGHT="0" />
            <String ID="Word_19011" HPOS="1240" VPOS="1131" WIDTH="47" HEIGHT="41" CONTENT="in" />
            <SP ID="SP_17064" HPOS="1287" VPOS="1130" WIDTH="34" HEIGHT="0" />
            <String ID="Word_19012" HPOS="1321" VPOS="1130" WIDTH="75" HEIGHT="42" CONTENT="the" />
            <SP ID="SP_17065" HPOS="1396" VPOS="1129" WIDTH="35" HEIGHT="0" />
            <String ID="Word_19013" HPOS="1431" VPOS="1129" WIDTH="113" HEIGHT="43" CONTENT="male" />
            <SP ID="SP_17066" HPOS="1544" VPOS="1129" WIDTH="22" HEIGHT="0" />
            <String ID="Word_19014" HPOS="1566" VPOS="1143" WIDTH="76" HEIGHT="28" CONTENT="sex" />
            <SP ID="SP_17067" HPOS="1642" VPOS="1143" WIDTH="34" HEIGHT="0" />
            <String ID="Word_19015" HPOS="1676" VPOS="1143" WIDTH="47" HEIGHT="27" CONTENT="as" />
          </TextLine>
          <TextLine ID="TextLine_1949" HPOS="67" VPOS="1200" WIDTH="1656" HEIGHT="59">
            <String ID="Word_19016" HPOS="67" VPOS="1204" WIDTH="47" HEIGHT="41" CONTENT="in" />
            <SP ID="SP_17068" HPOS="114" VPOS="1203" WIDTH="24" HEIGHT="0" />
            <String ID="Word_19017" HPOS="138" VPOS="1203" WIDTH="74" HEIGHT="42" CONTENT="the" />
            <SP ID="SP_17069" HPOS="212" VPOS="1203" WIDTH="25" HEIGHT="0" />
            <String ID="Word_19018" HPOS="237" VPOS="1203" WIDTH="167" HEIGHT="43" CONTENT="female." />
            <SP ID="SP_17070" HPOS="404" VPOS="1203" WIDTH="62" HEIGHT="0" />
            <String ID="Word_19019" HPOS="466" VPOS="1203" WIDTH="64" HEIGHT="42" CONTENT="As" />
            <SP ID="SP_17071" HPOS="530" VPOS="1203" WIDTH="23" HEIGHT="0" />
            <String ID="Word_19020" HPOS="553" VPOS="1203" WIDTH="89" HEIGHT="42" CONTENT="this" />
            <SP ID="SP_17072" HPOS="642" VPOS="1203" WIDTH="22" HEIGHT="0" />
            <String ID="Word_19021" HPOS="664" VPOS="1203" WIDTH="37" HEIGHT="42" CONTENT="is" />
            <SP ID="SP_17073" HPOS="701" VPOS="1203" WIDTH="23" HEIGHT="0" />
            <String ID="Word_19022" HPOS="724" VPOS="1203" WIDTH="75" HEIGHT="42" CONTENT="the" />
            <SP ID="SP_17074" HPOS="799" VPOS="1202" WIDTH="22" HEIGHT="0" />
            <String ID="Word_19023" HPOS="821" VPOS="1202" WIDTH="132" HEIGHT="43" CONTENT="latest" />
            <SP ID="SP_17075" HPOS="953" VPOS="1202" WIDTH="22" HEIGHT="0" />
            <String ID="Word_19024" HPOS="975" VPOS="1202" WIDTH="87" HEIGHT="43" CONTENT="and" />
            <SP ID="SP_17076" HPOS="1062" VPOS="1202" WIDTH="22" HEIGHT="0" />
            <String ID="Word_19025" HPOS="1084" VPOS="1202" WIDTH="162" HEIGHT="57" CONTENT="largest" />
            <SP ID="SP_17077" HPOS="1246" VPOS="1201" WIDTH="23" HEIGHT="0" />
            <String ID="Word_19026" HPOS="1269" VPOS="1201" WIDTH="230" HEIGHT="44" CONTENT="collection" />
            <SP ID="SP_17078" HPOS="1499" VPOS="1200" WIDTH="24" HEIGHT="0" />
            <String ID="Word_19027" HPOS="1523" VPOS="1200" WIDTH="45" HEIGHT="43" CONTENT="of" />
            <SP ID="SP_17079" HPOS="1568" VPOS="1200" WIDTH="22" HEIGHT="0" />
            <String ID="Word_19028" HPOS="1590" VPOS="1215" WIDTH="133" HEIGHT="38" CONTENT="cases," />
          </TextLine>
          <TextLine ID="TextLine_1950" HPOS="68" VPOS="1274" WIDTH="999" HEIGHT="57">
            <String ID="Word_19029" HPOS="68" VPOS="1276" WIDTH="36" HEIGHT="42" CONTENT="it" />
            <SP ID="SP_17080" HPOS="104" VPOS="1275" WIDTH="23" HEIGHT="0" />
            <String ID="Word_19030" HPOS="127" VPOS="1275" WIDTH="92" HEIGHT="41" CONTENT="will" />
            <SP ID="SP_17081" HPOS="219" VPOS="1275" WIDTH="23" HEIGHT="0" />
            <String ID="Word_19031" HPOS="242" VPOS="1275" WIDTH="52" HEIGHT="42" CONTENT="be" />
            <SP ID="SP_17082" HPOS="294" VPOS="1275" WIDTH="23" HEIGHT="0" />
            <String ID="Word_19032" HPOS="317" VPOS="1275" WIDTH="210" HEIGHT="55" CONTENT="specially" />
            <SP ID="SP_17083" HPOS="527" VPOS="1275" WIDTH="23" HEIGHT="0" />
            <String ID="Word_19033" HPOS="550" VPOS="1275" WIDTH="192" HEIGHT="43" CONTENT="referred" />
            <SP ID="SP_17084" HPOS="742" VPOS="1275" WIDTH="23" HEIGHT="0" />
            <String ID="Word_19034" HPOS="765" VPOS="1279" WIDTH="44" HEIGHT="38" CONTENT="to" />
            <SP ID="SP_17085" HPOS="809" VPOS="1274" WIDTH="24" HEIGHT="0" />
            <String ID="Word_19035" HPOS="833" VPOS="1274" WIDTH="234" HEIGHT="56" CONTENT="presently." />
          </TextLine>
          <TextLine ID="TextLine_1951" HPOS="130" VPOS="1345" WIDTH="1591" HEIGHT="57">
            <String ID="Word_19036" HPOS="130" VPOS="1347" WIDTH="90" HEIGHT="42" CONTENT="The" />
            <SP ID="SP_17086" HPOS="220" VPOS="1347" WIDTH="24" HEIGHT="0" />
            <String ID="Word_19037" HPOS="244" VPOS="1361" WIDTH="118" HEIGHT="28" CONTENT="cases" />
            <SP ID="SP_17087" HPOS="362" VPOS="1352" WIDTH="23" HEIGHT="0" />
            <String ID="Word_19038" HPOS="385" VPOS="1352" WIDTH="81" HEIGHT="50" CONTENT="put" />
            <SP ID="SP_17088" HPOS="466" VPOS="1352" WIDTH="24" HEIGHT="0" />
            <String ID="Word_19039" HPOS="490" VPOS="1361" WIDTH="116" HEIGHT="41" CONTENT="upon" />
            <SP ID="SP_17089" HPOS="606" VPOS="1347" WIDTH="23" HEIGHT="0" />
            <String ID="Word_19040" HPOS="629" VPOS="1347" WIDTH="150" HEIGHT="42" CONTENT="record" />
            <SP ID="SP_17090" HPOS="779" VPOS="1346" WIDTH="23" HEIGHT="0" />
            <String ID="Word_19041" HPOS="802" VPOS="1346" WIDTH="60" HEIGHT="56" CONTENT="by" />
            <SP ID="SP_17091" HPOS="862" VPOS="1345" WIDTH="23" HEIGHT="0" />
            <String ID="Word_19042" HPOS="885" VPOS="1345" WIDTH="191" HEIGHT="44" CONTENT="Charcot" />
            <SP ID="SP_17092" HPOS="1076" VPOS="1345" WIDTH="27" HEIGHT="0" />
            <String ID="Word_19043" HPOS="1103" VPOS="1360" WIDTH="70" HEIGHT="28" CONTENT="are" />
            <SP ID="SP_17093" HPOS="1173" VPOS="1360" WIDTH="23" HEIGHT="0" />
            <String ID="Word_19044" HPOS="1196" VPOS="1360" WIDTH="106" HEIGHT="27" CONTENT="very" />
            <SP ID="SP_17094" HPOS="1302" VPOS="1345" WIDTH="23" HEIGHT="0" />
            <String ID="Word_19045" HPOS="1325" VPOS="1345" WIDTH="277" HEIGHT="42" CONTENT="illustrative." />
            <SP ID="SP_17095" HPOS="1602" VPOS="1345" WIDTH="67" HEIGHT="0" />
            <String ID="Word_19046" HPOS="1669" VPOS="1345" WIDTH="52" HEIGHT="41" CONTENT="In" />
          </TextLine>
          <TextLine ID="TextLine_1952" HPOS="66" VPOS="1416" WIDTH="1658" HEIGHT="58">
            <String ID="Word_19047" HPOS="66" VPOS="1418" WIDTH="69" HEIGHT="42" CONTENT="his" />
            <SP ID="SP_17096" HPOS="135" VPOS="1418" WIDTH="22" HEIGHT="0" />
            <String ID="Word_19048" HPOS="157" VPOS="1419" WIDTH="155" HEIGHT="40" CONTENT="Lcgons" />
            <SP ID="SP_17097" HPOS="312" VPOS="1419" WIDTH="27" HEIGHT="0" />
            <String ID="Word_19049" HPOS="339" VPOS="1432" WIDTH="78" HEIGHT="27" CONTENT="sur" />
            <SP ID="SP_17098" HPOS="417" VPOS="1418" WIDTH="25" HEIGHT="0" />
            <String ID="Word_19050" HPOS="442" VPOS="1418" WIDTH="54" HEIGHT="41" CONTENT="les" />
            <SP ID="SP_17099" HPOS="496" VPOS="1418" WIDTH="32" HEIGHT="0" />
            <String ID="Word_19051" HPOS="528" VPOS="1418" WIDTH="215" HEIGHT="41" CONTENT="Maladies" />
            <SP ID="SP_17100" HPOS="743" VPOS="1418" WIDTH="21" HEIGHT="0" />
            <String ID="Word_19052" HPOS="764" VPOS="1419" WIDTH="61" HEIGHT="41" CONTENT="du" />
            <SP ID="SP_17101" HPOS="825" VPOS="1417" WIDTH="32" HEIGHT="0" />
            <String ID="Word_19053" HPOS="857" VPOS="1417" WIDTH="183" HEIGHT="43" CONTENT="Systeme" />
            <SP ID="SP_17102" HPOS="1040" VPOS="1417" WIDTH="21" HEIGHT="0" />
            <String ID="Word_19054" HPOS="1061" VPOS="1417" WIDTH="136" HEIGHT="42" CONTENT="Nerve" />
            <SP ID="SP_17103" HPOS="1197" VPOS="1417" WIDTH="7" HEIGHT="0" />
            <String ID="Word_19055" HPOS="1204" VPOS="1432" WIDTH="65" HEIGHT="35" CONTENT="ax," />
            <SP ID="SP_17104" HPOS="1269" VPOS="1417" WIDTH="22" HEIGHT="0" />
            <String ID="Word_19056" HPOS="1291" VPOS="1417" WIDTH="83" HEIGHT="42" CONTENT="vol." />
            <SP ID="SP_17105" HPOS="1374" VPOS="1417" WIDTH="24" HEIGHT="0" />
            <String ID="Word_19057" HPOS="1398" VPOS="1417" WIDTH="59" HEIGHT="42" CONTENT="iii." />
            <SP ID="SP_17106" HPOS="1457" VPOS="1417" WIDTH="25" HEIGHT="0" />
            <String ID="Word_19058" HPOS="1482" VPOS="1431" WIDTH="39" HEIGHT="41" CONTENT="p." />
            <SP ID="SP_17107" HPOS="1521" VPOS="1418" WIDTH="24" HEIGHT="0" />
            <String ID="Word_19059" HPOS="1545" VPOS="1418" WIDTH="101" HEIGHT="49" CONTENT="422," />
            <SP ID="SP_17108" HPOS="1646" VPOS="1416" WIDTH="23" HEIGHT="0" />
            <String ID="Word_19060" HPOS="1669" VPOS="1416" WIDTH="55" HEIGHT="42" CONTENT="he" />
          </TextLine>
          <TextLine ID="TextLine_1953" HPOS="66" VPOS="1489" WIDTH="1658" HEIGHT="56">
            <String ID="Word_19061" HPOS="66" VPOS="1491" WIDTH="179" HEIGHT="41" CONTENT="devotes" />
            <SP ID="SP_17109" HPOS="245" VPOS="1489" WIDTH="24" HEIGHT="0" />
            <String ID="Word_19062" HPOS="269" VPOS="1489" WIDTH="75" HEIGHT="42" CONTENT="the" />
            <SP ID="SP_17110" HPOS="344" VPOS="1489" WIDTH="18" HEIGHT="0" />
            <String ID="Word_19063" HPOS="362" VPOS="1489" WIDTH="312" HEIGHT="56" CONTENT="twenty-sixth" />
            <SP ID="SP_17111" HPOS="674" VPOS="1489" WIDTH="16" HEIGHT="0" />
            <String ID="Word_19064" HPOS="690" VPOS="1489" WIDTH="146" HEIGHT="43" CONTENT="lesson" />
            <SP ID="SP_17112" HPOS="836" VPOS="1489" WIDTH="19" HEIGHT="0" />
            <String ID="Word_19065" HPOS="855" VPOS="1494" WIDTH="43" HEIGHT="37" CONTENT="to" />
            <SP ID="SP_17113" HPOS="898" VPOS="1489" WIDTH="24" HEIGHT="0" />
            <String ID="Word_19066" HPOS="922" VPOS="1489" WIDTH="256" HEIGHT="55" CONTENT="Hysterical" />
            <SP ID="SP_17114" HPOS="1178" VPOS="1489" WIDTH="23" HEIGHT="0" />
            <String ID="Word_19067" HPOS="1201" VPOS="1489" WIDTH="191" HEIGHT="41" CONTENT="Mutism" />
            <SP ID="SP_17115" HPOS="1392" VPOS="1489" WIDTH="17" HEIGHT="0" />
            <String ID="Word_19068" HPOS="1409" VPOS="1504" WIDTH="8" HEIGHT="38" CONTENT=";" />
            <SP ID="SP_17116" HPOS="1417" VPOS="1489" WIDTH="34" HEIGHT="0" />
            <String ID="Word_19069" HPOS="1451" VPOS="1489" WIDTH="273" HEIGHT="55" CONTENT="contrasting" />
          </TextLine>
          <TextLine ID="TextLine_1954" HPOS="64" VPOS="1560" WIDTH="1658" HEIGHT="56">
            <String ID="Word_19070" HPOS="64" VPOS="1576" WIDTH="25" HEIGHT="27" CONTENT="a" />
            <SP ID="SP_17117" HPOS="89" VPOS="1561" WIDTH="32" HEIGHT="0" />
            <String ID="Word_19071" HPOS="121" VPOS="1561" WIDTH="304" HEIGHT="43" CONTENT="well-marked" />
            <SP ID="SP_17118" HPOS="425" VPOS="1561" WIDTH="24" HEIGHT="0" />
            <String ID="Word_19072" HPOS="449" VPOS="1575" WIDTH="96" HEIGHT="28" CONTENT="case" />
            <SP ID="SP_17119" HPOS="545" VPOS="1561" WIDTH="33" HEIGHT="0" />
            <String ID="Word_19073" HPOS="578" VPOS="1561" WIDTH="45" HEIGHT="42" CONTENT="of" />
            <SP ID="SP_17120" HPOS="623" VPOS="1561" WIDTH="31" HEIGHT="0" />
            <String ID="Word_19074" HPOS="654" VPOS="1561" WIDTH="37" HEIGHT="41" CONTENT="it" />
            <SP ID="SP_17121" HPOS="691" VPOS="1561" WIDTH="31" HEIGHT="0" />
            <String ID="Word_19075" HPOS="722" VPOS="1561" WIDTH="109" HEIGHT="42" CONTENT="with" />
            <SP ID="SP_17122" HPOS="831" VPOS="1561" WIDTH="27" HEIGHT="0" />
            <String ID="Word_19076" HPOS="858" VPOS="1575" WIDTH="82" HEIGHT="28" CONTENT="one" />
            <SP ID="SP_17123" HPOS="940" VPOS="1561" WIDTH="23" HEIGHT="0" />
            <String ID="Word_19077" HPOS="963" VPOS="1561" WIDTH="44" HEIGHT="42" CONTENT="of" />
            <SP ID="SP_17124" HPOS="1007" VPOS="1560" WIDTH="33" HEIGHT="0" />
            <String ID="Word_19078" HPOS="1040" VPOS="1560" WIDTH="98" HEIGHT="42" CONTENT="that" />
            <SP ID="SP_17125" HPOS="1138" VPOS="1560" WIDTH="31" HEIGHT="0" />
            <String ID="Word_19079" HPOS="1169" VPOS="1560" WIDTH="161" HEIGHT="56" CONTENT="partial" />
            <SP ID="SP_17126" HPOS="1330" VPOS="1560" WIDTH="32" HEIGHT="0" />
            <String ID="Word_19080" HPOS="1362" VPOS="1561" WIDTH="183" HEIGHT="42" CONTENT="mutism" />
            <SP ID="SP_17127" HPOS="1545" VPOS="1561" WIDTH="34" HEIGHT="0" />
            <String ID="Word_19081" HPOS="1579" VPOS="1561" WIDTH="143" HEIGHT="42" CONTENT="which" />
          </TextLine>
          <TextLine ID="TextLine_1955" HPOS="63" VPOS="1632" WIDTH="1661" HEIGHT="58">
            <String ID="Word_19082" HPOS="63" VPOS="1632" WIDTH="158" HEIGHT="43" CONTENT="results" />
            <SP ID="SP_17128" HPOS="221" VPOS="1632" WIDTH="35" HEIGHT="0" />
            <String ID="Word_19083" HPOS="256" VPOS="1633" WIDTH="112" HEIGHT="42" CONTENT="from" />
            <SP ID="SP_17129" HPOS="368" VPOS="1632" WIDTH="35" HEIGHT="0" />
            <String ID="Word_19084" HPOS="403" VPOS="1632" WIDTH="529" HEIGHT="57" CONTENT="glosso-labio-laryngeal" />
            <SP ID="SP_17130" HPOS="932" VPOS="1632" WIDTH="38" HEIGHT="0" />
            <String ID="Word_19085" HPOS="970" VPOS="1632" WIDTH="225" HEIGHT="56" CONTENT="paralysis." />
            <SP ID="SP_17131" HPOS="1195" VPOS="1632" WIDTH="67" HEIGHT="0" />
            <String ID="Word_19086" HPOS="1262" VPOS="1633" WIDTH="55" HEIGHT="41" CONTENT="In" />
            <SP ID="SP_17132" HPOS="1317" VPOS="1633" WIDTH="37" HEIGHT="0" />
            <String ID="Word_19087" HPOS="1354" VPOS="1633" WIDTH="70" HEIGHT="42" CONTENT="his" />
            <SP ID="SP_17133" HPOS="1424" VPOS="1633" WIDTH="44" HEIGHT="0" />
            <String ID="Word_19088" HPOS="1468" VPOS="1634" WIDTH="153" HEIGHT="56" CONTENT="Legons" />
            <SP ID="SP_17134" HPOS="1621" VPOS="1634" WIDTH="42" HEIGHT="0" />
            <String ID="Word_19089" HPOS="1663" VPOS="1634" WIDTH="61" HEIGHT="42" CONTENT="du" />
          </TextLine>
          <TextLine ID="TextLine_1956" HPOS="62" VPOS="1704" WIDTH="1664" HEIGHT="58">
            <String ID="Word_19090" HPOS="62" VPOS="1705" WIDTH="155" HEIGHT="42" CONTENT="Mardi" />
            <SP ID="SP_17135" HPOS="217" VPOS="1705" WIDTH="32" HEIGHT="0" />
            <String ID="Word_19091" HPOS="249" VPOS="1705" WIDTH="65" HEIGHT="42" CONTENT="for" />
            <SP ID="SP_17136" HPOS="314" VPOS="1705" WIDTH="34" HEIGHT="0" />
            <String ID="Word_19092" HPOS="348" VPOS="1705" WIDTH="219" HEIGHT="51" CONTENT="1888-89," />
            <SP ID="SP_17137" HPOS="567" VPOS="1705" WIDTH="22" HEIGHT="0" />
            <String ID="Word_19093" HPOS="589" VPOS="1705" WIDTH="53" HEIGHT="42" CONTENT="he" />
            <SP ID="SP_17138" HPOS="642" VPOS="1705" WIDTH="23" HEIGHT="0" />
            <String ID="Word_19094" HPOS="665" VPOS="1710" WIDTH="176" HEIGHT="37" CONTENT="returns" />
            <SP ID="SP_17139" HPOS="841" VPOS="1710" WIDTH="27" HEIGHT="0" />
            <String ID="Word_19095" HPOS="868" VPOS="1710" WIDTH="45" HEIGHT="38" CONTENT="at" />
            <SP ID="SP_17140" HPOS="913" VPOS="1710" WIDTH="40" HEIGHT="0" />
            <String ID="Word_19096" HPOS="953" VPOS="1719" WIDTH="38" HEIGHT="41" CONTENT="p." />
            <SP ID="SP_17141" HPOS="991" VPOS="1704" WIDTH="28" HEIGHT="0" />
            <String ID="Word_19097" HPOS="1019" VPOS="1704" WIDTH="84" HEIGHT="45" CONTENT="247" />
            <SP ID="SP_17142" HPOS="1103" VPOS="1704" WIDTH="32" HEIGHT="0" />
            <String ID="Word_19098" HPOS="1135" VPOS="1709" WIDTH="45" HEIGHT="38" CONTENT="to" />
            <SP ID="SP_17143" HPOS="1180" VPOS="1705" WIDTH="23" HEIGHT="0" />
            <String ID="Word_19099" HPOS="1203" VPOS="1705" WIDTH="75" HEIGHT="43" CONTENT="the" />
            <SP ID="SP_17144" HPOS="1278" VPOS="1705" WIDTH="30" HEIGHT="0" />
            <String ID="Word_19100" HPOS="1308" VPOS="1705" WIDTH="184" HEIGHT="56" CONTENT="subject," />
            <SP ID="SP_17145" HPOS="1492" VPOS="1705" WIDTH="22" HEIGHT="0" />
            <String ID="Word_19101" HPOS="1514" VPOS="1706" WIDTH="212" HEIGHT="56" CONTENT="devoting" />
          </TextLine>
          <TextLine ID="TextLine_1957" HPOS="62" VPOS="1777" WIDTH="1665" HEIGHT="58">
            <String ID="Word_19102" HPOS="62" VPOS="1777" WIDTH="68" HEIGHT="42" CONTENT="his" />
            <SP ID="SP_17146" HPOS="130" VPOS="1777" WIDTH="24" HEIGHT="0" />
            <String ID="Word_19103" HPOS="154" VPOS="1777" WIDTH="174" HEIGHT="43" CONTENT="twelfth" />
            <SP ID="SP_17147" HPOS="328" VPOS="1777" WIDTH="22" HEIGHT="0" />
            <String ID="Word_19104" HPOS="350" VPOS="1777" WIDTH="143" HEIGHT="43" CONTENT="lesson" />
            <SP ID="SP_17148" HPOS="493" VPOS="1777" WIDTH="32" HEIGHT="0" />
            <String ID="Word_19105" HPOS="525" VPOS="1782" WIDTH="44" HEIGHT="37" CONTENT="to" />
            <SP ID="SP_17149" HPOS="569" VPOS="1782" WIDTH="23" HEIGHT="0" />
            <String ID="Word_19106" HPOS="592" VPOS="1782" WIDTH="74" HEIGHT="38" CONTENT="the" />
            <SP ID="SP_17150" HPOS="666" VPOS="1777" WIDTH="24" HEIGHT="0" />
            <String ID="Word_19107" HPOS="690" VPOS="1777" WIDTH="264" HEIGHT="43" CONTENT="description" />
            <SP ID="SP_17151" HPOS="954" VPOS="1777" WIDTH="37" HEIGHT="0" />
            <String ID="Word_19108" HPOS="991" VPOS="1779" WIDTH="45" HEIGHT="41" CONTENT="of" />
            <SP ID="SP_17152" HPOS="1036" VPOS="1779" WIDTH="32" HEIGHT="0" />
            <String ID="Word_19109" HPOS="1068" VPOS="1793" WIDTH="25" HEIGHT="27" CONTENT="a" />
            <SP ID="SP_17153" HPOS="1093" VPOS="1792" WIDTH="31" HEIGHT="0" />
            <String ID="Word_19110" HPOS="1124" VPOS="1792" WIDTH="107" HEIGHT="42" CONTENT="very" />
            <SP ID="SP_17154" HPOS="1231" VPOS="1779" WIDTH="23" HEIGHT="0" />
            <String ID="Word_19111" HPOS="1254" VPOS="1779" WIDTH="263" HEIGHT="56" CONTENT="interesting" />
            <SP ID="SP_17155" HPOS="1517" VPOS="1779" WIDTH="32" HEIGHT="0" />
            <String ID="Word_19112" HPOS="1549" VPOS="1793" WIDTH="98" HEIGHT="29" CONTENT="case" />
            <SP ID="SP_17156" HPOS="1647" VPOS="1781" WIDTH="33" HEIGHT="0" />
            <String ID="Word_19113" HPOS="1680" VPOS="1781" WIDTH="47" HEIGHT="40" CONTENT="of" />
          </TextLine>
          <TextLine ID="TextLine_1958" HPOS="62" VPOS="1849" WIDTH="1660" HEIGHT="59">
            <String ID="Word_19114" HPOS="62" VPOS="1849" WIDTH="235" HEIGHT="56" CONTENT="hysterical" />
            <SP ID="SP_17157" HPOS="297" VPOS="1849" WIDTH="22" HEIGHT="0" />
            <String ID="Word_19115" HPOS="319" VPOS="1850" WIDTH="195" HEIGHT="53" CONTENT="mutism," />
            <SP ID="SP_17158" HPOS="514" VPOS="1850" WIDTH="23" HEIGHT="0" />
            <String ID="Word_19116" HPOS="537" VPOS="1850" WIDTH="158" HEIGHT="51" CONTENT="which," />
            <SP ID="SP_17159" HPOS="695" VPOS="1850" WIDTH="16" HEIGHT="0" />
            <String ID="Word_19117" HPOS="711" VPOS="1850" WIDTH="131" HEIGHT="56" CONTENT="along" />
            <SP ID="SP_17160" HPOS="842" VPOS="1850" WIDTH="18" HEIGHT="0" />
            <String ID="Word_19118" HPOS="860" VPOS="1850" WIDTH="108" HEIGHT="42" CONTENT="with" />
            <SP ID="SP_17161" HPOS="968" VPOS="1850" WIDTH="23" HEIGHT="0" />
            <String ID="Word_19119" HPOS="991" VPOS="1851" WIDTH="126" HEIGHT="42" CONTENT="other" />
            <SP ID="SP_17162" HPOS="1117" VPOS="1851" WIDTH="31" HEIGHT="0" />
            <String ID="Word_19120" HPOS="1148" VPOS="1865" WIDTH="132" HEIGHT="43" CONTENT="grave" />
            <SP ID="SP_17163" HPOS="1280" VPOS="1851" WIDTH="32" HEIGHT="0" />
            <String ID="Word_19121" HPOS="1312" VPOS="1851" WIDTH="235" HEIGHT="54" CONTENT="hysterical" />
            <SP ID="SP_17164" HPOS="1547" VPOS="1851" WIDTH="34" HEIGHT="0" />
            <String ID="Word_19122" HPOS="1581" VPOS="1852" WIDTH="141" HEIGHT="42" CONTENT="mani-" />
          </TextLine>
          <TextLine ID="TextLine_1959" HPOS="61" VPOS="1922" WIDTH="1663" HEIGHT="59">
            <String ID="Word_19123" HPOS="61" VPOS="1922" WIDTH="242" HEIGHT="52" CONTENT="festations," />
            <SP ID="SP_17165" HPOS="303" VPOS="1922" WIDTH="17" HEIGHT="0" />
            <String ID="Word_19124" HPOS="320" VPOS="1922" WIDTH="86" HEIGHT="42" CONTENT="had" />
            <SP ID="SP_17166" HPOS="406" VPOS="1922" WIDTH="17" HEIGHT="0" />
            <String ID="Word_19125" HPOS="423" VPOS="1922" WIDTH="195" HEIGHT="43" CONTENT="resulted" />
            <SP ID="SP_17167" HPOS="618" VPOS="1922" WIDTH="23" HEIGHT="0" />
            <String ID="Word_19126" HPOS="641" VPOS="1923" WIDTH="111" HEIGHT="41" CONTENT="from" />
            <SP ID="SP_17168" HPOS="752" VPOS="1923" WIDTH="24" HEIGHT="0" />
            <String ID="Word_19127" HPOS="776" VPOS="1923" WIDTH="271" HEIGHT="56" CONTENT="hypnotism," />
            <SP ID="SP_17169" HPOS="1047" VPOS="1923" WIDTH="23" HEIGHT="0" />
            <String ID="Word_19128" HPOS="1070" VPOS="1924" WIDTH="217" HEIGHT="55" CONTENT="practised" />
            <SP ID="SP_17170" HPOS="1287" VPOS="1924" WIDTH="24" HEIGHT="0" />
            <String ID="Word_19129" HPOS="1311" VPOS="1939" WIDTH="119" HEIGHT="41" CONTENT="upon" />
            <SP ID="SP_17171" HPOS="1430" VPOS="1925" WIDTH="23" HEIGHT="0" />
            <String ID="Word_19130" HPOS="1453" VPOS="1925" WIDTH="76" HEIGHT="43" CONTENT="the" />
            <SP ID="SP_17172" HPOS="1529" VPOS="1925" WIDTH="24" HEIGHT="0" />
            <String ID="Word_19131" HPOS="1553" VPOS="1926" WIDTH="171" HEIGHT="55" CONTENT="patient" />
          </TextLine>
          <TextLine ID="TextLine_1960" HPOS="61" VPOS="1994" WIDTH="1660" HEIGHT="57">
            <String ID="Word_19132" HPOS="61" VPOS="1994" WIDTH="57" HEIGHT="55" CONTENT="by" />
            <SP ID="SP_17173" HPOS="118" VPOS="1994" WIDTH="24" HEIGHT="0" />
            <String ID="Word_19133" HPOS="142" VPOS="2009" WIDTH="23" HEIGHT="27" CONTENT="a" />
            <SP ID="SP_17174" HPOS="165" VPOS="1994" WIDTH="22" HEIGHT="0" />
            <String ID="Word_19134" HPOS="187" VPOS="1994" WIDTH="289" HEIGHT="56" CONTENT="professional" />
            <SP ID="SP_17175" HPOS="476" VPOS="1994" WIDTH="32" HEIGHT="0" />
            <String ID="Word_19135" HPOS="508" VPOS="1999" WIDTH="21" HEIGHT="17" CONTENT="&quot;" />
            <SP ID="SP_17176" HPOS="529" VPOS="1995" WIDTH="18" HEIGHT="0" />
            <String ID="Word_19136" HPOS="547" VPOS="1995" WIDTH="298" HEIGHT="56" CONTENT="magnetiser.&quot;" />
            <SP ID="SP_17177" HPOS="845" VPOS="1995" WIDTH="64" HEIGHT="0" />
            <String ID="Word_19137" HPOS="909" VPOS="1996" WIDTH="54" HEIGHT="41" CONTENT="In" />
            <SP ID="SP_17178" HPOS="963" VPOS="1996" WIDTH="24" HEIGHT="0" />
            <String ID="Word_19138" HPOS="987" VPOS="1996" WIDTH="74" HEIGHT="43" CONTENT="the" />
            <SP ID="SP_17179" HPOS="1061" VPOS="1996" WIDTH="34" HEIGHT="0" />
            <String ID="Word_19139" HPOS="1095" VPOS="1997" WIDTH="97" HEIGHT="42" CONTENT="first" />
            <SP ID="SP_17180" HPOS="1192" VPOS="1997" WIDTH="32" HEIGHT="0" />
            <String ID="Word_19140" HPOS="1224" VPOS="1997" WIDTH="44" HEIGHT="42" CONTENT="of" />
            <SP ID="SP_17181" HPOS="1268" VPOS="1997" WIDTH="34" HEIGHT="0" />
            <String ID="Word_19141" HPOS="1302" VPOS="1997" WIDTH="121" HEIGHT="44" CONTENT="these" />
            <SP ID="SP_17182" HPOS="1423" VPOS="1997" WIDTH="32" HEIGHT="0" />
            <String ID="Word_19142" HPOS="1455" VPOS="1997" WIDTH="180" HEIGHT="53" CONTENT="lessons," />
            <SP ID="SP_17183" HPOS="1635" VPOS="1997" WIDTH="24" HEIGHT="0" />
            <String ID="Word_19143" HPOS="1659" VPOS="1999" WIDTH="62" HEIGHT="43" CONTENT="M." />
          </TextLine>
          <TextLine ID="TextLine_1961" HPOS="63" VPOS="2066" WIDTH="1659" HEIGHT="58">
            <String ID="Word_19144" HPOS="63" VPOS="2066" WIDTH="188" HEIGHT="43" CONTENT="Charcot" />
            <SP ID="SP_17184" HPOS="251" VPOS="2066" WIDTH="31" HEIGHT="0" />
            <String ID="Word_19145" HPOS="282" VPOS="2074" WIDTH="79" HEIGHT="34" CONTENT="not" />
            <SP ID="SP_17185" HPOS="361" VPOS="2067" WIDTH="31" HEIGHT="0" />
            <String ID="Word_19146" HPOS="392" VPOS="2067" WIDTH="118" HEIGHT="56" CONTENT="only," />
            <SP ID="SP_17186" HPOS="510" VPOS="2067" WIDTH="31" HEIGHT="0" />
            <String ID="Word_19147" HPOS="541" VPOS="2067" WIDTH="47" HEIGHT="41" CONTENT="in" />
            <SP ID="SP_17187" HPOS="588" VPOS="2067" WIDTH="35" HEIGHT="0" />
            <String ID="Word_19148" HPOS="623" VPOS="2067" WIDTH="67" HEIGHT="43" CONTENT="his" />
            <SP ID="SP_17188" HPOS="690" VPOS="2067" WIDTH="38" HEIGHT="0" />
            <String ID="Word_19149" HPOS="728" VPOS="2067" WIDTH="243" HEIGHT="56" CONTENT="peculiarly" />
            <SP ID="SP_17189" HPOS="971" VPOS="2067" WIDTH="34" HEIGHT="0" />
            <String ID="Word_19150" HPOS="1005" VPOS="2069" WIDTH="123" HEIGHT="42" CONTENT="vivid" />
            <SP ID="SP_17190" HPOS="1128" VPOS="2069" WIDTH="38" HEIGHT="0" />
            <String ID="Word_19151" HPOS="1166" VPOS="2083" WIDTH="194" HEIGHT="39" CONTENT="manner," />
            <SP ID="SP_17191" HPOS="1360" VPOS="2071" WIDTH="33" HEIGHT="0" />
            <String ID="Word_19152" HPOS="1393" VPOS="2071" WIDTH="220" HEIGHT="43" CONTENT="describes" />
            <SP ID="SP_17192" HPOS="1613" VPOS="2071" WIDTH="33" HEIGHT="0" />
            <String ID="Word_19153" HPOS="1646" VPOS="2072" WIDTH="76" HEIGHT="43" CONTENT="the" />
          </TextLine>
          <TextLine ID="TextLine_1962" HPOS="61" VPOS="2138" WIDTH="1660" HEIGHT="58">
            <String ID="Word_19154" HPOS="61" VPOS="2144" WIDTH="258" HEIGHT="50" CONTENT="symptoms," />
            <SP ID="SP_17193" HPOS="319" VPOS="2139" WIDTH="22" HEIGHT="0" />
            <String ID="Word_19155" HPOS="341" VPOS="2139" WIDTH="82" HEIGHT="42" CONTENT="but" />
            <SP ID="SP_17194" HPOS="423" VPOS="2138" WIDTH="21" HEIGHT="0" />
            <String ID="Word_19156" HPOS="444" VPOS="2138" WIDTH="91" HEIGHT="43" CONTENT="also" />
            <SP ID="SP_17195" HPOS="535" VPOS="2138" WIDTH="23" HEIGHT="0" />
            <String ID="Word_19157" HPOS="558" VPOS="2139" WIDTH="178" HEIGHT="43" CONTENT="devotes" />
            <SP ID="SP_17196" HPOS="736" VPOS="2139" WIDTH="24" HEIGHT="0" />
            <String ID="Word_19158" HPOS="760" VPOS="2154" WIDTH="118" HEIGHT="28" CONTENT="some" />
            <SP ID="SP_17197" HPOS="878" VPOS="2154" WIDTH="24" HEIGHT="0" />
            <String ID="Word_19159" HPOS="902" VPOS="2155" WIDTH="128" HEIGHT="41" CONTENT="space" />
            <SP ID="SP_17198" HPOS="1030" VPOS="2145" WIDTH="23" HEIGHT="0" />
            <String ID="Word_19160" HPOS="1053" VPOS="2145" WIDTH="44" HEIGHT="37" CONTENT="to" />
            <SP ID="SP_17199" HPOS="1097" VPOS="2141" WIDTH="25" HEIGHT="0" />
            <String ID="Word_19161" HPOS="1122" VPOS="2141" WIDTH="74" HEIGHT="43" CONTENT="the" />
            <SP ID="SP_17200" HPOS="1196" VPOS="2141" WIDTH="22" HEIGHT="0" />
            <String ID="Word_19162" HPOS="1218" VPOS="2143" WIDTH="323" HEIGHT="43" CONTENT="consideration" />
            <SP ID="SP_17201" HPOS="1541" VPOS="2143" WIDTH="28" HEIGHT="0" />
            <String ID="Word_19163" HPOS="1569" VPOS="2145" WIDTH="45" HEIGHT="42" CONTENT="of" />
            <SP ID="SP_17202" HPOS="1614" VPOS="2145" WIDTH="32" HEIGHT="0" />
            <String ID="Word_19164" HPOS="1646" VPOS="2145" WIDTH="75" HEIGHT="43" CONTENT="the" />
          </TextLine>
          <TextLine ID="TextLine_1963" HPOS="60" VPOS="2210" WIDTH="1660" HEIGHT="64">
            <String ID="Word_19165" HPOS="60" VPOS="2215" WIDTH="156" HEIGHT="37" CONTENT="nature" />
            <SP ID="SP_17203" HPOS="216" VPOS="2210" WIDTH="16" HEIGHT="0" />
            <String ID="Word_19166" HPOS="232" VPOS="2210" WIDTH="87" HEIGHT="42" CONTENT="and" />
            <SP ID="SP_17204" HPOS="319" VPOS="2210" WIDTH="15" HEIGHT="0" />
            <String ID="Word_19167" HPOS="334" VPOS="2211" WIDTH="225" HEIGHT="42" CONTENT="causation" />
            <SP ID="SP_17205" HPOS="559" VPOS="2211" WIDTH="17" HEIGHT="0" />
            <String ID="Word_19168" HPOS="576" VPOS="2211" WIDTH="44" HEIGHT="42" CONTENT="of" />
            <SP ID="SP_17206" HPOS="620" VPOS="2211" WIDTH="15" HEIGHT="0" />
            <String ID="Word_19169" HPOS="635" VPOS="2211" WIDTH="73" HEIGHT="43" CONTENT="the" />
            <SP ID="SP_17207" HPOS="708" VPOS="2211" WIDTH="16" HEIGHT="0" />
            <String ID="Word_19170" HPOS="724" VPOS="2212" WIDTH="235" HEIGHT="42" CONTENT="condition." />
            <SP ID="SP_17208" HPOS="959" VPOS="2212" WIDTH="46" HEIGHT="0" />
            <String ID="Word_19171" HPOS="1005" VPOS="2213" WIDTH="71" HEIGHT="42" CONTENT="He" />
            <SP ID="SP_17209" HPOS="1076" VPOS="2213" WIDTH="16" HEIGHT="0" />
            <String ID="Word_19172" HPOS="1092" VPOS="2213" WIDTH="142" HEIGHT="43" CONTENT="shows" />
            <SP ID="SP_17210" HPOS="1234" VPOS="2213" WIDTH="17" HEIGHT="0" />
            <String ID="Word_19173" HPOS="1251" VPOS="2214" WIDTH="97" HEIGHT="43" CONTENT="that" />
            <SP ID="SP_17211" HPOS="1348" VPOS="2214" WIDTH="14" HEIGHT="0" />
            <String ID="Word_19174" HPOS="1362" VPOS="2216" WIDTH="122" HEIGHT="43" CONTENT="there" />
            <SP ID="SP_17212" HPOS="1484" VPOS="2216" WIDTH="15" HEIGHT="0" />
            <String ID="Word_19175" HPOS="1499" VPOS="2231" WIDTH="72" HEIGHT="29" CONTENT="are" />
            <SP ID="SP_17213" HPOS="1571" VPOS="2228" WIDTH="14" HEIGHT="0" />
            <String ID="Word_19176" HPOS="1585" VPOS="2232" WIDTH="135" HEIGHT="42" CONTENT="many" />
          </TextLine>
          <TextLine ID="TextLine_1964" HPOS="59" VPOS="2283" WIDTH="1661" HEIGHT="63">
            <String ID="Word_19177" HPOS="59" VPOS="2283" WIDTH="191" HEIGHT="42" CONTENT="features" />
            <SP ID="SP_17214" HPOS="250" VPOS="2283" WIDTH="29" HEIGHT="0" />
            <String ID="Word_19178" HPOS="279" VPOS="2283" WIDTH="157" HEIGHT="42" CONTENT="shared" />
            <SP ID="SP_17215" HPOS="436" VPOS="2283" WIDTH="29" HEIGHT="0" />
            <String ID="Word_19179" HPOS="465" VPOS="2283" WIDTH="46" HEIGHT="41" CONTENT="in" />
            <SP ID="SP_17216" HPOS="511" VPOS="2283" WIDTH="34" HEIGHT="0" />
            <String ID="Word_19180" HPOS="545" VPOS="2297" WIDTH="203" HEIGHT="29" CONTENT="common" />
            <SP ID="SP_17217" HPOS="748" VPOS="2285" WIDTH="32" HEIGHT="0" />
            <String ID="Word_19181" HPOS="780" VPOS="2285" WIDTH="58" HEIGHT="55" CONTENT="by" />
            <SP ID="SP_17218" HPOS="838" VPOS="2285" WIDTH="30" HEIGHT="0" />
            <String ID="Word_19182" HPOS="868" VPOS="2285" WIDTH="239" HEIGHT="56" CONTENT="hysterical" />
            <SP ID="SP_17219" HPOS="1107" VPOS="2285" WIDTH="29" HEIGHT="0" />
            <String ID="Word_19183" HPOS="1136" VPOS="2287" WIDTH="192" HEIGHT="56" CONTENT="aphonia" />
            <SP ID="SP_17220" HPOS="1328" VPOS="2287" WIDTH="33" HEIGHT="0" />
            <String ID="Word_19184" HPOS="1361" VPOS="2289" WIDTH="86" HEIGHT="42" CONTENT="and" />
            <SP ID="SP_17221" HPOS="1447" VPOS="2289" WIDTH="35" HEIGHT="0" />
            <String ID="Word_19185" HPOS="1482" VPOS="2289" WIDTH="238" HEIGHT="44" CONTENT="hysterical" />
          </TextLine>
          <TextLine ID="TextLine_1965" HPOS="58" VPOS="2356" WIDTH="1661" HEIGHT="62">
            <String ID="Word_19186" HPOS="58" VPOS="2357" WIDTH="195" HEIGHT="43" CONTENT="mutism." />
            <SP ID="SP_17222" HPOS="253" VPOS="2356" WIDTH="62" HEIGHT="0" />
            <String ID="Word_19187" HPOS="315" VPOS="2356" WIDTH="123" HEIGHT="56" CONTENT="They" />
            <SP ID="SP_17223" HPOS="438" VPOS="2356" WIDTH="23" HEIGHT="0" />
            <String ID="Word_19188" HPOS="461" VPOS="2370" WIDTH="128" HEIGHT="28" CONTENT="occur" />
            <SP ID="SP_17224" HPOS="589" VPOS="2356" WIDTH="23" HEIGHT="0" />
            <String ID="Word_19189" HPOS="612" VPOS="2356" WIDTH="46" HEIGHT="42" CONTENT="in" />
            <SP ID="SP_17225" HPOS="658" VPOS="2356" WIDTH="33" HEIGHT="0" />
            <String ID="Word_19190" HPOS="691" VPOS="2356" WIDTH="76" HEIGHT="43" CONTENT="the" />
            <SP ID="SP_17226" HPOS="767" VPOS="2356" WIDTH="33" HEIGHT="0" />
            <String ID="Word_19191" HPOS="800" VPOS="2371" WIDTH="119" HEIGHT="29" CONTENT="same" />
            <SP ID="SP_17227" HPOS="919" VPOS="2362" WIDTH="33" HEIGHT="0" />
            <String ID="Word_19192" HPOS="952" VPOS="2362" WIDTH="106" HEIGHT="52" CONTENT="type" />
            <SP ID="SP_17228" HPOS="1058" VPOS="2359" WIDTH="28" HEIGHT="0" />
            <String ID="Word_19193" HPOS="1086" VPOS="2359" WIDTH="44" HEIGHT="42" CONTENT="of" />
            <SP ID="SP_17229" HPOS="1130" VPOS="2359" WIDTH="32" HEIGHT="0" />
            <String ID="Word_19194" HPOS="1162" VPOS="2360" WIDTH="206" HEIGHT="56" CONTENT="patients," />
            <SP ID="SP_17230" HPOS="1368" VPOS="2360" WIDTH="23" HEIGHT="0" />
            <String ID="Word_19195" HPOS="1391" VPOS="2376" WIDTH="72" HEIGHT="29" CONTENT="are" />
            <SP ID="SP_17231" HPOS="1463" VPOS="2363" WIDTH="33" HEIGHT="0" />
            <String ID="Word_19196" HPOS="1496" VPOS="2364" WIDTH="223" HEIGHT="54" CONTENT="produced" />
          </TextLine>
          <TextLine ID="TextLine_1966" HPOS="57" VPOS="2428" WIDTH="1661" HEIGHT="63">
            <String ID="Word_19197" HPOS="57" VPOS="2429" WIDTH="59" HEIGHT="56" CONTENT="by" />
            <SP ID="SP_17232" HPOS="116" VPOS="2429" WIDTH="37" HEIGHT="0" />
            <String ID="Word_19198" HPOS="153" VPOS="2429" WIDTH="170" HEIGHT="42" CONTENT="similar" />
            <SP ID="SP_17233" HPOS="323" VPOS="2428" WIDTH="36" HEIGHT="0" />
            <String ID="Word_19199" HPOS="359" VPOS="2428" WIDTH="197" HEIGHT="57" CONTENT="exciting" />
            <SP ID="SP_17234" HPOS="556" VPOS="2428" WIDTH="36" HEIGHT="0" />
            <String ID="Word_19200" HPOS="592" VPOS="2442" WIDTH="164" HEIGHT="38" CONTENT="causes," />
            <SP ID="SP_17235" HPOS="756" VPOS="2429" WIDTH="33" HEIGHT="0" />
            <String ID="Word_19201" HPOS="789" VPOS="2429" WIDTH="88" HEIGHT="43" CONTENT="and" />
            <SP ID="SP_17236" HPOS="877" VPOS="2429" WIDTH="38" HEIGHT="0" />
            <String ID="Word_19202" HPOS="915" VPOS="2444" WIDTH="71" HEIGHT="29" CONTENT="are" />
            <SP ID="SP_17237" HPOS="986" VPOS="2435" WIDTH="35" HEIGHT="0" />
            <String ID="Word_19203" HPOS="1021" VPOS="2435" WIDTH="79" HEIGHT="38" CONTENT="not" />
            <SP ID="SP_17238" HPOS="1100" VPOS="2432" WIDTH="36" HEIGHT="0" />
            <String ID="Word_19204" HPOS="1136" VPOS="2432" WIDTH="322" HEIGHT="59" CONTENT="unfrequently" />
            <SP ID="SP_17239" HPOS="1458" VPOS="2432" WIDTH="37" HEIGHT="0" />
            <String ID="Word_19205" HPOS="1495" VPOS="2435" WIDTH="138" HEIGHT="44" CONTENT="found" />
            <SP ID="SP_17240" HPOS="1633" VPOS="2435" WIDTH="40" HEIGHT="0" />
            <String ID="Word_19206" HPOS="1673" VPOS="2443" WIDTH="45" HEIGHT="36" CONTENT="to" />
          </TextLine>
          <TextLine ID="TextLine_1967" HPOS="55" VPOS="2501" WIDTH="1663" HEIGHT="63">
            <String ID="Word_19207" HPOS="55" VPOS="2501" WIDTH="215" HEIGHT="43" CONTENT="alternate" />
            <SP ID="SP_17241" HPOS="270" VPOS="2501" WIDTH="24" HEIGHT="0" />
            <String ID="Word_19208" HPOS="294" VPOS="2501" WIDTH="108" HEIGHT="43" CONTENT="with" />
            <SP ID="SP_17242" HPOS="402" VPOS="2501" WIDTH="23" HEIGHT="0" />
            <String ID="Word_19209" HPOS="425" VPOS="2501" WIDTH="105" HEIGHT="43" CONTENT="each" />
            <SP ID="SP_17243" HPOS="530" VPOS="2501" WIDTH="25" HEIGHT="0" />
            <String ID="Word_19210" HPOS="555" VPOS="2501" WIDTH="126" HEIGHT="44" CONTENT="other" />
            <SP ID="SP_17244" HPOS="681" VPOS="2501" WIDTH="22" HEIGHT="0" />
            <String ID="Word_19211" HPOS="703" VPOS="2502" WIDTH="45" HEIGHT="42" CONTENT="in" />
            <SP ID="SP_17245" HPOS="748" VPOS="2502" WIDTH="25" HEIGHT="0" />
            <String ID="Word_19212" HPOS="773" VPOS="2503" WIDTH="75" HEIGHT="42" CONTENT="the" />
            <SP ID="SP_17246" HPOS="848" VPOS="2503" WIDTH="23" HEIGHT="0" />
            <String ID="Word_19213" HPOS="871" VPOS="2517" WIDTH="119" HEIGHT="30" CONTENT="same" />
            <SP ID="SP_17247" HPOS="990" VPOS="2505" WIDTH="24" HEIGHT="0" />
            <String ID="Word_19214" HPOS="1014" VPOS="2505" WIDTH="185" HEIGHT="56" CONTENT="patient," />
            <SP ID="SP_17248" HPOS="1199" VPOS="2505" WIDTH="16" HEIGHT="0" />
            <String ID="Word_19215" HPOS="1215" VPOS="2506" WIDTH="75" HEIGHT="44" CONTENT="the" />
            <SP ID="SP_17249" HPOS="1290" VPOS="2506" WIDTH="24" HEIGHT="0" />
            <String ID="Word_19216" HPOS="1314" VPOS="2508" WIDTH="192" HEIGHT="56" CONTENT="aphonia" />
            <SP ID="SP_17250" HPOS="1506" VPOS="2508" WIDTH="22" HEIGHT="0" />
            <String ID="Word_19217" HPOS="1528" VPOS="2510" WIDTH="44" HEIGHT="42" CONTENT="in" />
            <SP ID="SP_17251" HPOS="1572" VPOS="2510" WIDTH="26" HEIGHT="0" />
            <String ID="Word_19218" HPOS="1598" VPOS="2525" WIDTH="120" HEIGHT="30" CONTENT="some" />
          </TextLine>
          <TextLine ID="TextLine_1968" HPOS="57" VPOS="2574" WIDTH="1661" HEIGHT="67">
            <String ID="Word_19219" HPOS="57" VPOS="2588" WIDTH="119" HEIGHT="29" CONTENT="cases" />
            <SP ID="SP_17252" HPOS="176" VPOS="2574" WIDTH="22" HEIGHT="0" />
            <String ID="Word_19220" HPOS="198" VPOS="2574" WIDTH="178" HEIGHT="56" CONTENT="passing" />
            <SP ID="SP_17253" HPOS="376" VPOS="2574" WIDTH="31" HEIGHT="0" />
            <String ID="Word_19221" HPOS="407" VPOS="2574" WIDTH="94" HEIGHT="42" CONTENT="into" />
            <SP ID="SP_17254" HPOS="501" VPOS="2574" WIDTH="23" HEIGHT="0" />
            <String ID="Word_19222" HPOS="524" VPOS="2575" WIDTH="196" HEIGHT="51" CONTENT="mutism," />
            <SP ID="SP_17255" HPOS="720" VPOS="2575" WIDTH="23" HEIGHT="0" />
            <String ID="Word_19223" HPOS="743" VPOS="2575" WIDTH="87" HEIGHT="43" CONTENT="and" />
            <SP ID="SP_17256" HPOS="830" VPOS="2575" WIDTH="33" HEIGHT="0" />
            <String ID="Word_19224" HPOS="863" VPOS="2576" WIDTH="75" HEIGHT="43" CONTENT="the" />
            <SP ID="SP_17257" HPOS="938" VPOS="2576" WIDTH="24" HEIGHT="0" />
            <String ID="Word_19225" HPOS="962" VPOS="2578" WIDTH="182" HEIGHT="43" CONTENT="mutism" />
            <SP ID="SP_17258" HPOS="1144" VPOS="2578" WIDTH="33" HEIGHT="0" />
            <String ID="Word_19226" HPOS="1177" VPOS="2578" WIDTH="46" HEIGHT="44" CONTENT="in" />
            <SP ID="SP_17259" HPOS="1223" VPOS="2578" WIDTH="24" HEIGHT="0" />
            <String ID="Word_19227" HPOS="1247" VPOS="2581" WIDTH="128" HEIGHT="43" CONTENT="other" />
            <SP ID="SP_17260" HPOS="1375" VPOS="2581" WIDTH="22" HEIGHT="0" />
            <String ID="Word_19228" HPOS="1397" VPOS="2598" WIDTH="119" HEIGHT="29" CONTENT="cases" />
            <SP ID="SP_17261" HPOS="1516" VPOS="2586" WIDTH="23" HEIGHT="0" />
            <String ID="Word_19229" HPOS="1539" VPOS="2598" WIDTH="179" HEIGHT="43" CONTENT="passing" />
          </TextLine>
          <TextLine ID="TextLine_1969" HPOS="55" VPOS="2646" WIDTH="1661" HEIGHT="58">
            <String ID="Word_19230" HPOS="55" VPOS="2646" WIDTH="95" HEIGHT="42" CONTENT="into" />
            <SP ID="SP_17262" HPOS="150" VPOS="2646" WIDTH="23" HEIGHT="0" />
            <String ID="Word_19231" HPOS="173" VPOS="2646" WIDTH="200" HEIGHT="56" CONTENT="aphonia." />
            <SP ID="SP_17263" HPOS="373" VPOS="2646" WIDTH="66" HEIGHT="0" />
            <String ID="Word_19232" HPOS="439" VPOS="2646" WIDTH="246" HEIGHT="57" CONTENT="Obviously" />
            <SP ID="SP_17264" HPOS="685" VPOS="2646" WIDTH="25" HEIGHT="0" />
            <String ID="Word_19233" HPOS="710" VPOS="2647" WIDTH="74" HEIGHT="43" CONTENT="the" />
            <SP ID="SP_17265" HPOS="784" VPOS="2647" WIDTH="27" HEIGHT="0" />
            <String ID="Word_19234" HPOS="811" VPOS="2649" WIDTH="180" HEIGHT="43" CONTENT="mutism" />
            <SP ID="SP_17266" HPOS="991" VPOS="2649" WIDTH="23" HEIGHT="0" />
            <String ID="Word_19235" HPOS="1014" VPOS="2649" WIDTH="37" HEIGHT="44" CONTENT="is" />
            <SP ID="SP_17267" HPOS="1051" VPOS="2649" WIDTH="26" HEIGHT="0" />
            <String ID="Word_19236" HPOS="1077" VPOS="2650" WIDTH="73" HEIGHT="44" CONTENT="the" />
            <SP ID="SP_17268" HPOS="1150" VPOS="2650" WIDTH="26" HEIGHT="0" />
            <String ID="Word_19237" HPOS="1176" VPOS="2666" WIDTH="117" HEIGHT="30" CONTENT="more" />
            <SP ID="SP_17269" HPOS="1293" VPOS="2666" WIDTH="24" HEIGHT="0" />
            <String ID="Word_19238" HPOS="1317" VPOS="2668" WIDTH="150" HEIGHT="31" CONTENT="severe" />
            <SP ID="SP_17270" HPOS="1467" VPOS="2659" WIDTH="24" HEIGHT="0" />
            <String ID="Word_19239" HPOS="1491" VPOS="2660" WIDTH="225" HEIGHT="44" CONTENT="condition" />
          </TextLine>
          <TextLine ID="TextLine_1970" HPOS="55" VPOS="2717" WIDTH="1661" HEIGHT="71">
            <String ID="Word_19240" HPOS="55" VPOS="2718" WIDTH="45" HEIGHT="42" CONTENT="of" />
            <SP ID="SP_17271" HPOS="100" VPOS="2717" WIDTH="23" HEIGHT="0" />
            <String ID="Word_19241" HPOS="123" VPOS="2717" WIDTH="74" HEIGHT="44" CONTENT="the" />
            <SP ID="SP_17272" HPOS="197" VPOS="2717" WIDTH="22" HEIGHT="0" />
            <String ID="Word_19242" HPOS="219" VPOS="2723" WIDTH="96" HEIGHT="38" CONTENT="two." />
            <SP ID="SP_17273" HPOS="315" VPOS="2719" WIDTH="56" HEIGHT="0" />
            <String ID="Word_19243" HPOS="371" VPOS="2719" WIDTH="44" HEIGHT="42" CONTENT="It" />
            <SP ID="SP_17274" HPOS="415" VPOS="2719" WIDTH="23" HEIGHT="0" />
            <String ID="Word_19244" HPOS="438" VPOS="2719" WIDTH="174" HEIGHT="56" CONTENT="implies" />
            <SP ID="SP_17275" HPOS="612" VPOS="2719" WIDTH="23" HEIGHT="0" />
            <String ID="Word_19245" HPOS="635" VPOS="2721" WIDTH="185" HEIGHT="43" CONTENT="absence" />
            <SP ID="SP_17276" HPOS="820" VPOS="2721" WIDTH="23" HEIGHT="0" />
            <String ID="Word_19246" HPOS="843" VPOS="2735" WIDTH="110" HEIGHT="29" CONTENT="even" />
            <SP ID="SP_17277" HPOS="953" VPOS="2723" WIDTH="25" HEIGHT="0" />
            <String ID="Word_19247" HPOS="978" VPOS="2723" WIDTH="45" HEIGHT="41" CONTENT="of" />
            <SP ID="SP_17278" HPOS="1023" VPOS="2723" WIDTH="23" HEIGHT="0" />
            <String ID="Word_19248" HPOS="1046" VPOS="2723" WIDTH="74" HEIGHT="43" CONTENT="the" />
            <SP ID="SP_17279" HPOS="1120" VPOS="2723" WIDTH="22" HEIGHT="0" />
            <String ID="Word_19249" HPOS="1142" VPOS="2738" WIDTH="148" HEIGHT="42" CONTENT="power" />
            <SP ID="SP_17280" HPOS="1290" VPOS="2727" WIDTH="17" HEIGHT="0" />
            <String ID="Word_19250" HPOS="1307" VPOS="2727" WIDTH="45" HEIGHT="43" CONTENT="of" />
            <SP ID="SP_17281" HPOS="1352" VPOS="2727" WIDTH="24" HEIGHT="0" />
            <String ID="Word_19251" HPOS="1376" VPOS="2730" WIDTH="276" HEIGHT="58" CONTENT="whispering" />
            <SP ID="SP_17282" HPOS="1652" VPOS="2730" WIDTH="17" HEIGHT="0" />
            <String ID="Word_19252" HPOS="1669" VPOS="2749" WIDTH="47" HEIGHT="29" CONTENT="as" />
          </TextLine>
          <TextLine ID="TextLine_1971" HPOS="56" VPOS="2789" WIDTH="822" HEIGHT="61">
            <String ID="Word_19253" HPOS="56" VPOS="2789" WIDTH="98" HEIGHT="43" CONTENT="well" />
            <SP ID="SP_17283" HPOS="154" VPOS="2789" WIDTH="24" HEIGHT="0" />
            <String ID="Word_19254" HPOS="178" VPOS="2804" WIDTH="46" HEIGHT="29" CONTENT="as" />
            <SP ID="SP_17284" HPOS="224" VPOS="2791" WIDTH="23" HEIGHT="0" />
            <String ID="Word_19255" HPOS="247" VPOS="2791" WIDTH="46" HEIGHT="42" CONTENT="of" />
            <SP ID="SP_17285" HPOS="293" VPOS="2791" WIDTH="20" HEIGHT="0" />
            <String ID="Word_19256" HPOS="313" VPOS="2791" WIDTH="98" HEIGHT="42" CONTENT="that" />
            <SP ID="SP_17286" HPOS="411" VPOS="2791" WIDTH="21" HEIGHT="0" />
            <String ID="Word_19257" HPOS="432" VPOS="2791" WIDTH="47" HEIGHT="43" CONTENT="of" />
            <SP ID="SP_17287" HPOS="479" VPOS="2791" WIDTH="23" HEIGHT="0" />
            <String ID="Word_19258" HPOS="502" VPOS="2793" WIDTH="213" HEIGHT="57" CONTENT="speaking" />
            <SP ID="SP_17288" HPOS="715" VPOS="2793" WIDTH="21" HEIGHT="0" />
            <String ID="Word_19259" HPOS="736" VPOS="2794" WIDTH="142" HEIGHT="43" CONTENT="aloud." />
          </TextLine>
          <TextLine ID="TextLine_1972" HPOS="101" VPOS="2898" WIDTH="1618" HEIGHT="62">
            <String ID="Word_19260" HPOS="101" VPOS="2901" WIDTH="14" HEIGHT="24" CONTENT="1" />
            <SP ID="SP_17289" HPOS="115" VPOS="2898" WIDTH="25" HEIGHT="0" />
            <String ID="Word_19261" HPOS="140" VPOS="2898" WIDTH="153" HEIGHT="51" CONTENT="Progrh" />
            <SP ID="SP_17290" HPOS="293" VPOS="2898" WIDTH="15" HEIGHT="0" />
            <String ID="Word_19262" HPOS="308" VPOS="2902" WIDTH="175" HEIGHT="47" CONTENT="Medical," />
            <SP ID="SP_17291" HPOS="483" VPOS="2902" WIDTH="19" HEIGHT="0" />
            <String ID="Word_19263" HPOS="502" VPOS="2905" WIDTH="92" HEIGHT="37" CONTENT="1886" />
            <SP ID="SP_17292" HPOS="594" VPOS="2905" WIDTH="20" HEIGHT="0" />
            <String ID="Word_19264" HPOS="614" VPOS="2918" WIDTH="8" HEIGHT="31" CONTENT=";" />
            <SP ID="SP_17293" HPOS="622" VPOS="2904" WIDTH="27" HEIGHT="0" />
            <String ID="Word_19265" HPOS="649" VPOS="2904" WIDTH="75" HEIGHT="37" CONTENT="and" />
            <SP ID="SP_17294" HPOS="724" VPOS="2904" WIDTH="20" HEIGHT="0" />
            <String ID="Word_19266" HPOS="744" VPOS="2906" WIDTH="207" HEIGHT="48" CONTENT="Appendix" />
            <SP ID="SP_17295" HPOS="951" VPOS="2906" WIDTH="18" HEIGHT="0" />
            <String ID="Word_19267" HPOS="969" VPOS="2911" WIDTH="38" HEIGHT="32" CONTENT="to" />
            <SP ID="SP_17296" HPOS="1007" VPOS="2907" WIDTH="19" HEIGHT="0" />
            <String ID="Word_19268" HPOS="1026" VPOS="2907" WIDTH="191" HEIGHT="39" CONTENT="Charcot's" />
            <SP ID="SP_17297" HPOS="1217" VPOS="2907" WIDTH="17" HEIGHT="0" />
            <String ID="Word_19269" HPOS="1234" VPOS="2911" WIDTH="136" HEIGHT="49" CONTENT="Legons" />
            <SP ID="SP_17298" HPOS="1370" VPOS="2911" WIDTH="16" HEIGHT="0" />
            <String ID="Word_19270" HPOS="1386" VPOS="2926" WIDTH="65" HEIGHT="25" CONTENT="sur" />
            <SP ID="SP_17299" HPOS="1451" VPOS="2915" WIDTH="18" HEIGHT="0" />
            <String ID="Word_19271" HPOS="1469" VPOS="2915" WIDTH="47" HEIGHT="38" CONTENT="les" />
            <SP ID="SP_17300" HPOS="1516" VPOS="2915" WIDTH="18" HEIGHT="0" />
            <String ID="Word_19272" HPOS="1534" VPOS="2917" WIDTH="185" HEIGHT="40" CONTENT="Maladies" />
          </TextLine>
          <TextLine ID="TextLine_1973" HPOS="52" VPOS="2963" WIDTH="420" HEIGHT="46">
            <String ID="Word_19273" HPOS="52" VPOS="2971" WIDTH="51" HEIGHT="29" CONTENT="alt" />
            <SP ID="SP_17301" HPOS="103" VPOS="2963" WIDTH="18" HEIGHT="0" />
            <String ID="Word_19274" HPOS="121" VPOS="2963" WIDTH="155" HEIGHT="46" CONTENT="Systeme" />
            <SP ID="SP_17302" HPOS="276" VPOS="2963" WIDTH="17" HEIGHT="0" />
            <String ID="Word_19275" HPOS="293" VPOS="2964" WIDTH="179" HEIGHT="36" CONTENT="Nerveux." />
          </TextLine>
          <TextLine ID="TextLine_1974" HPOS="102" VPOS="3024" WIDTH="846" HEIGHT="49">
            <String ID="Word_19276" HPOS="102" VPOS="3024" WIDTH="13" HEIGHT="21" CONTENT="'l" />
            <SP ID="SP_17303" HPOS="115" VPOS="3024" WIDTH="32" HEIGHT="0" />
            <String ID="Word_19277" HPOS="147" VPOS="3024" WIDTH="165" HEIGHT="36" CONTENT="UeutsrJie" />
            <SP ID="SP_17304" HPOS="312" VPOS="3024" WIDTH="19" HEIGHT="0" />
            <String ID="Word_19278" HPOS="331" VPOS="3024" WIDTH="378" HEIGHT="49" CONTENT="Medkinal-Zeilung," />
            <SP ID="SP_17305" HPOS="709" VPOS="3024" WIDTH="22" HEIGHT="0" />
            <String ID="Word_19279" HPOS="731" VPOS="3027" WIDTH="87" HEIGHT="37" CONTENT="Dec." />
            <SP ID="SP_17306" HPOS="818" VPOS="3027" WIDTH="25" HEIGHT="0" />
            <String ID="Word_19280" HPOS="843" VPOS="3030" WIDTH="105" HEIGHT="37" CONTENT="1880." />
          </TextLine>
          <TextLine ID="TextLine_1975" HPOS="100" VPOS="3082" WIDTH="1604" HEIGHT="65">
            <String ID="Word_19281" HPOS="100" VPOS="3082" WIDTH="14" HEIGHT="25" CONTENT="8" />
            <SP ID="SP_17307" HPOS="114" VPOS="3082" WIDTH="26" HEIGHT="0" />
            <String ID="Word_19282" HPOS="140" VPOS="3084" WIDTH="116" HEIGHT="37" CONTENT="Revue" />
            <SP ID="SP_17308" HPOS="256" VPOS="3084" WIDTH="24" HEIGHT="0" />
            <String ID="Word_19283" HPOS="280" VPOS="3087" WIDTH="187" HEIGHT="36" CONTENT="mensuelle" />
            <SP ID="SP_17309" HPOS="467" VPOS="3087" WIDTH="24" HEIGHT="0" />
            <String ID="Word_19284" HPOS="491" VPOS="3087" WIDTH="41" HEIGHT="37" CONTENT="de" />
            <SP ID="SP_17310" HPOS="532" VPOS="3087" WIDTH="26" HEIGHT="0" />
            <String ID="Word_19285" HPOS="558" VPOS="3088" WIDTH="266" HEIGHT="47" CONTENT="Larynrjoloyie" />
            <SP ID="SP_17311" HPOS="824" VPOS="3088" WIDTH="25" HEIGHT="0" />
            <String ID="Word_19286" HPOS="849" VPOS="3090" WIDTH="193" HEIGHT="49" CONTENT="d'Ololoyie" />
            <SP ID="SP_17312" HPOS="1042" VPOS="3090" WIDTH="25" HEIGHT="0" />
            <String ID="Word_19287" HPOS="1067" VPOS="3097" WIDTH="31" HEIGHT="33" CONTENT="el" />
            <SP ID="SP_17313" HPOS="1098" VPOS="3094" WIDTH="25" HEIGHT="0" />
            <String ID="Word_19288" HPOS="1123" VPOS="3094" WIDTH="43" HEIGHT="37" CONTENT="de" />
            <SP ID="SP_17314" HPOS="1166" VPOS="3094" WIDTH="26" HEIGHT="0" />
            <String ID="Word_19289" HPOS="1192" VPOS="3096" WIDTH="226" HEIGHT="49" CONTENT="Rhinohyie," />
            <SP ID="SP_17315" HPOS="1418" VPOS="3096" WIDTH="29" HEIGHT="0" />
            <String ID="Word_19290" HPOS="1447" VPOS="3100" WIDTH="80" HEIGHT="37" CONTENT="Nos" />
            <SP ID="SP_17316" HPOS="1527" VPOS="3100" WIDTH="41" HEIGHT="0" />
            <String ID="Word_19291" HPOS="1568" VPOS="3102" WIDTH="33" HEIGHT="45" CONTENT="4," />
            <SP ID="SP_17317" HPOS="1601" VPOS="3102" WIDTH="29" HEIGHT="0" />
            <String ID="Word_19292" HPOS="1630" VPOS="3105" WIDTH="33" HEIGHT="42" CONTENT="5," />
            <SP ID="SP_17318" HPOS="1663" VPOS="3105" WIDTH="20" HEIGHT="0" />
            <String ID="Word_19293" HPOS="1683" VPOS="3108" WIDTH="21" HEIGHT="30" CONTENT="8" />
          </TextLine>
          <TextLine ID="TextLine_1976" HPOS="54" VPOS="3144" WIDTH="254" HEIGHT="47">
            <String ID="Word_19294" HPOS="54" VPOS="3144" WIDTH="73" HEIGHT="36" CONTENT="and" />
            <SP ID="SP_17319" HPOS="127" VPOS="3144" WIDTH="20" HEIGHT="0" />
            <String ID="Word_19295" HPOS="147" VPOS="3148" WIDTH="33" HEIGHT="43" CONTENT="9," />
            <SP ID="SP_17320" HPOS="180" VPOS="3147" WIDTH="25" HEIGHT="0" />
            <String ID="Word_19296" HPOS="205" VPOS="3147" WIDTH="103" HEIGHT="36" CONTENT="1888." />
          </TextLine>
        </TextBlock>
      </PrintSpace>
    </Page>
  </Layout>
</alto>
