1933 3302
540 174 265 32 Hospitalbraud
831 174 54 30 bei
908 172 149 31 frischen
1082 170 169 32 Wunden.

1649 170 47 36 21

101 283 201 51 ptindlich;
334 284 60 38 die
423 282 250 50 Verklebung
702 296 68 36 per
797 294 164 37 primam
982 279 253 37 intentionem
1265 279 87 37 kam
1375 277 62 39 bei
1464 277 72 37 den
1557 275 143 51 langen

102 338 200 38 Wunden,
342 350 142 26 welche
515 336 59 37 die
604 336 233 37 feindlichen
871 334 151 37 Wafien
1053 332 245 51 geschnitten
1327 332 157 44 hatten,
1514 343 186 36 nirgends

103 405 45 24 zu
179 390 155 39 Stande.
391 391 72 37 Die
493 388 196 39 Secretion
724 390 144 36 sistirte
897 387 102 38 beim
1030 388 129 36 ersten
1189 385 152 50 Beginn
1372 386 66 37 der
1468 382 232 47 Krankheit,

101 459 64 24 um
196 448 140 46 später,
380 445 38 36 in
447 443 124 38 Farbe
614 443 77 37 und
721 442 222 38 Consistenz
973 439 89 39 sehr
1098 441 216 36 verändert,
1346 437 352 39 wiederzukehren.

102 499 72 37 Die
189 498 262 50 Wundlippen
479 495 166 38 nahmen
674 495 89 38 bald
794 496 83 37 eine
906 493 194 46 tiefrothe,
1131 505 196 37 purpurne
1348 492 137 46 Farbe,
1517 491 91 38 bald
1639 490 60 38 ein

103 557 263 46 gangränöses
396 549 182 39 Ansehen
609 563 59 23 an.
726 549 80 37 Das
835 548 138 38 Fieber
1001 547 39 37 in
1071 546 130 38 diesen
1230 545 167 38 frischen
1427 545 134 38 Fällen
1591 544 109 38 hatte

104 619 109 25 einen
234 602 393 40 hochentzUndlichen
649 602 231 38 Charakter:
911 601 222 51 geröthetes
1154 599 169 45 Gesicht,
1354 599 199 38 brennend
1572 598 128 38 heisse

102 658 117 48 Haut,
261 658 209 49 quälender
509 655 291 50 Kopfschmerz,
842 653 331 51 Appetitmangel,
1218 653 130 45 Durst,
1391 652 123 51 faulig
1544 652 155 50 belegte

102 713 143 49 Zunge,
268 711 131 44 voller,
423 722 153 25 runder,
599 709 146 38 schwer
766 709 302 38 verdrückbarer
1089 707 103 46 Puls,
1214 706 307 50 Ruhelosigkeit,
1547 705 152 39 Schlaf-

100 764 192 38 losigkeit.
317 785 46 5 —
386 763 72 37 Die
473 763 181 37 Wunden
682 766 273 35 verursachten
976 761 232 46 brennende,
1239 760 208 50 klopfende
1469 759 231 39 Schmerzen

100 817 77 37 und
206 817 39 37 in
275 817 65 37 der
367 817 97 37 betr.
486 816 234 38 Extremität
750 817 177 37 entstand
959 815 60 38 ein
1047 814 140 39 Gefühl
1216 828 74 24 von
1310 814 188 45 Vollsein,
1521 812 178 39 Schwere

99 871 77 37 und
198 869 222 51 Spannung.
477 870 71 37 Die
577 870 128 38 lokale
725 870 261 38 Entzündung
1014 870 78 36 und
1123 869 66 37 der
1209 868 281 50 nachfolgende
1511 867 188 50 brandige

101 923 143 38 Zerfall
264 922 303 52 (Sphacelation)
591 924 66 37 der
678 922 164 39 GeAvebe
872 936 129 24 waren
1031 925 98 43 acut,
1162 921 260 51 ausgebreitet
1451 921 77 38 und
1550 921 147 46 rapide,

101 991 41 24 so
173 978 86 37 dass
288 977 82 38 sich
397 977 113 38 keine
539 977 219 38 bestimmte
788 976 145 39 Grenze
964 976 214 38 berechnen
1207 975 102 46 liess,
1339 975 60 38 bis
1428 974 129 39 wohin
1586 987 112 37 mög-

99 1030 235 38 lichervN'eise
370 1030 39 38 in
440 1031 71 37 den
545 1030 187 38 nächsten
769 1030 49 37 24
849 1030 172 38 Stunden
1059 1030 59 37 die
1153 1029 238 38 Zerstörung
1421 1029 66 37 der
1524 1023 170 43 benach-

100 1084 137 38 bai-ten
267 1083 162 39 Gewebe
459 1084 231 50 vordringen
720 1084 155 37 könnte.
933 1083 70 38 Bei
1034 1083 73 38 den
1136 1084 39 36 in
1205 1083 66 37 der
1299 1081 142 39 Action
1471 1096 72 24 von
1574 1082 121 38 Fero-

99 1137 171 38 zehuhur
308 1137 300 38 Verwundeten,
646 1137 144 38 welche
821 1140 77 35 erst
927 1138 35 37 3,
999 1137 58 37 bis
1078 1137 24 36 4
1136 1137 58 37 bis
1227 1138 21 36 5
1284 1136 176 38 Wochen
1489 1136 99 38 nach
1629 1137 67 37 der

99 1190 221 38 Aufnahme
336 1191 39 37 in
397 1191 65 37 das
483 1190 188 38 Lazareth
692 1205 47 23 an
755 1191 304 49 Hospitalbrand
1081 1191 244 37 erkrankten,
1349 1189 150 39 machte
1521 1191 174 50 dagegen

102 1244 101 38 diese
231 1244 218 38 Krankheit
476 1245 199 37 langsame
704 1245 77 37 und
811 1244 296 50 gleichmässige
1127 1244 266 38 Fortschritte,
1426 1257 41 25 so
1498 1245 86 36 dass
1605 1258 89 23 man

102 1298 66 37 das
197 1298 209 38 Maximum
437 1299 66 37 der
531 1298 236 38 Zerstörung
795 1298 202 38 innerhalb
1029 1299 49 35 24
1104 1298 174 38 Stunden
1305 1298 139 38 vorher
1464 1298 230 38 bestimmen

98 1351 157 39 konnte.

229 1405 110 37 Doch
367 1406 102 36 kann
500 1405 97 38 auch
627 1405 61 37 bei
716 1405 162 37 frischer
906 1404 189 39 Infection
1124 1405 60 38 die
1213 1405 219 38 Krankheit
1458 1405 119 38 leicht
1605 1419 86 24 ver-

99 1458 142 38 laufen,
272 1472 110 24 wenn
413 1459 262 37 entzündliche
703 1458 233 38 Infiltration
967 1459 59 37 die
1054 1458 263 38 Verbreitung
1344 1459 165 37 hindert.

230 1553 44 31 So
298 1553 131 30 machte
454 1553 185 31 Fischer
661 1564 116 20 wegen
795 1555 180 29 Vortreten
994 1554 58 30 des
1068 1555 270 30 Knochenendes
1355 1556 35 29 in
1409 1556 110 28 einem
1537 1555 157 40 Stumpfe

101 1595 55 31 die
180 1596 245 39 subperiostale
449 1596 176 30 Resection
660 1597 59 29 der
743 1597 108 30 Tibia.
896 1597 69 30 Der
998 1598 54 30 bei
1085 1597 59 30 der
1169 1597 183 31 Operation
1384 1598 145 30 inficirte
1553 1598 139 30 Kranke

101 1639 159 39 empfand
284 1639 103 29 schon
412 1648 53 20 am
489 1640 184 39 folgenden
697 1640 90 40 Tage
813 1640 128 40 heftige
965 1639 201 31 Schmerzen
1198 1642 35 28 in
1266 1641 60 29 der
1350 1640 343 41 Operationswunde,

100 1681 128 30 welche
253 1681 69 30 sich
340 1684 61 27 mit
418 1682 235 40 schmierigen,
676 1683 247 30 missfarbenen
942 1683 218 30 Membranen
1179 1683 135 40 belegte
1333 1684 68 30 und
1419 1685 55 29 ein
1492 1685 200 39 spärliches,

101 1724 195 30 stinkendes
321 1724 112 30 Secret
455 1725 141 31 lieferte.
643 1725 110 30 Schon
786 1726 85 29 nach
897 1726 18 30 2
940 1726 114 40 Tagen
1088 1727 135 29 begann
1256 1726 55 30 die
1334 1726 176 31 Membran
1535 1727 72 30 sich
1633 1728 56 30 ab-

101 1776 173 21 zustossen
299 1767 68 30 und
393 1767 53 30 die
470 1767 134 30 Wunde
628 1768 71 30 sich
724 1778 39 19 zu
787 1770 164 38 reinigen.
999 1769 133 30 Patient
1156 1779 113 30 genas.

227 1852 75 37 Wo
333 1853 173 49 dagegen
533 1853 39 37 in
603 1854 65 37 das
697 1854 153 38 lockere
870 1854 241 50 Zellgewebe
1140 1855 164 38 frischer
1333 1855 182 38 Wunden
1545 1856 58 37 die
1625 1856 65 38 In-

99 1903 288 40 fectionskeime
427 1919 76 25 von
541 1907 228 38 vornherein
811 1908 89 37 weit
941 1908 210 38 verbreitet
1187 1910 166 36 werden,
1385 1909 117 37 sehen
1531 1909 70 38 wii-
1631 1910 60 38 die

96 1958 180 49 jähesten
303 1958 165 39 Formen
498 1960 66 37 der
592 1960 216 38 Krankheit
837 1962 203 38 auftreten.
1106 1962 206 38 Vielleicht
1355 1976 80 24 Avar
1478 1977 39 23 es
1555 1964 40 37 in
1625 1964 67 37 der

98 2011 209 49 folgenden
322 2012 278 51 Beobachtung
615 2028 33 23 V.
662 2014 179 38 Pitha's,
864 2015 144 37 welche
1028 2015 60 37 ich
1107 2015 54 38 als
1174 2016 169 50 Beispiel
1364 2016 150 38 solcher
1526 2017 165 38 Formen

100 2064 171 46 anführe,
304 2066 82 37 eine
410 2066 241 52 Verhaltung
681 2068 64 37 des
775 2068 117 37 schon
920 2068 334 39 hospitalbrandig
1289 2070 191 37 inficirten
1518 2070 174 39 Secretes

99 2117 41 37 in
182 2118 64 36 der
289 2119 163 50 anfangs
491 2121 208 37 vernähten
729 2121 153 38 Wunde
924 2123 78 36 und
1045 2122 228 38 Infiltration
1318 2123 199 38 desselben
1555 2125 38 36 in
1624 2125 67 37 das

99 2169 153 39 lockere
288 2171 178 48 Gewebe,
502 2173 145 39 welche
682 2175 60 37 die
777 2188 40 24 so
852 2175 133 49 rapide
1020 2177 76 36 und
1133 2177 261 50 ausgedehnte
1428 2177 265 52 Erkrankung

99 2223 193 39 bedingte.

229 2320 84 29 Eine
337 2321 174 40 29jährige
534 2322 171 39 gesunde,
736 2323 148 40 kräftige
907 2323 229 41 Taglöhnerin
1171 2334 62 21 zog
1266 2325 70 30 sich
1362 2326 105 30 durch
1493 2328 98 28 einen
1617 2327 73 31 Fall

103 2362 60 29 auf
184 2361 19 30 d
208 2371 51 21 em
276 2362 150 30 Trottoir
450 2365 73 28 eine
540 2364 106 30 breite
663 2365 214 30 Hautwunde
894 2375 51 31 zu,
969 2367 139 40 welche,
1133 2368 241 40 bogenförmig
1399 2369 82 30 über
1506 2369 54 30 die
1586 2371 103 29 obere

101 2404 121 30 Fläche
247 2405 58 29 des
328 2405 225 40 Kniegelenks
577 2407 218 39 verlaufend,
820 2409 96 29 einen
943 2418 171 22 convexen
1139 2410 135 40 Lappen
1298 2412 63 29 mit
1385 2412 115 30 scharf
1521 2414 169 38 geschnit-

102 2450 99 26 tenen
225 2447 156 30 Rändern
416 2448 135 31 bildete.
596 2449 63 30 Die
691 2451 140 29 tieferen
857 2449 140 32 Gebilde
1029 2462 113 21 waren
1175 2454 107 39 völlig
1313 2455 199 30 unverletzt.
1558 2455 52 31 Da
1634 2456 55 30 die

101 2488 133 31 Wunde
258 2491 72 28 rein
354 2490 67 30 und
448 2491 102 29 frisch
573 2501 82 29 war,
679 2492 59 30 das
754 2493 219 31 Individuum
990 2495 140 40 gesund,
1149 2497 89 39 jung
1261 2496 68 30 und
1354 2497 138 40 kräftig,
1517 2507 36 21 so
1571 2499 117 30 wurde

102 2531 54 30 die
172 2531 132 31 Wunde
327 2535 63 27 mit
407 2533 39 31 12
463 2533 240 40 Knopfnähten
727 2535 215 40 geschlossen
967 2537 70 30 und
1063 2539 61 29 mit
1147 2548 110 21 neuen
1282 2538 225 41 Compressen
1531 2541 155 31 bedeckt.

102 2573 65 31 Am
192 2573 30 33 3.
244 2574 90 41 Tage
358 2576 165 30 entfernte
555 2585 77 21 man
666 2576 54 31 die
743 2577 118 32 Nähte.
906 2578 63 31 Die
993 2581 132 30 Wunde
1149 2592 71 20 war
1242 2582 165 31 verklebt.
1453 2582 64 31 Am
1540 2584 29 30 4.
1595 2583 92 41 Tage

96 2616 126 40 jedoch
245 2617 115 30 wurde
383 2618 54 30 die
461 2619 51 30 bis
537 2619 104 30 dahin
666 2619 222 32 schmerzlose
912 2622 132 31 Wunde
1078 2624 78 30 sehr
1189 2625 236 40 empfindlich;
1462 2635 34 21 es
1530 2628 156 29 entstand

102 2660 74 29 eine
193 2660 136 38 profuse
345 2660 173 41 Eiterung,
542 2661 89 30 dann
657 2662 73 30 eine
749 2663 160 41 jauchige
925 2665 263 42 Absonderung,
1212 2668 165 30 nachdem
1395 2668 54 30 die
1465 2669 222 41 Verklebung

101 2704 157 37 getrennt
282 2711 78 21 war.
404 2703 66 30 Am
495 2704 28 31 6.
548 2704 90 40 Tage
663 2706 106 38 zeigte
801 2706 70 30 sich
905 2707 59 30 das
989 2709 317 31 charakteristische
1330 2711 76 30 Bild
1433 2711 58 30 des
1516 2711 170 31 Hospital-

100 2743 156 31 brandes.
302 2743 95 31 Aller
418 2745 226 31 Reinlichkeit
669 2747 67 30 und
761 2747 150 41 Sorgfalt
933 2752 203 39 ungeachtet
1159 2753 117 29 wurde
1301 2752 54 30 die
1389 2753 70 30 sich
1495 2754 95 30 rasch
1615 2764 71 21 ver-

101 2786 200 40 grössemde
319 2787 129 31 Wunde
466 2798 64 20 von
548 2789 74 30 dem
637 2789 184 41 jauchigen
836 2789 184 44 Exsudate,
1043 2795 145 30 welches
1213 2795 71 30 sich
1308 2797 62 28 mit
1394 2797 292 31 überraschender

101 2828 244 41 Schnelligkeit
367 2830 85 30 nach
475 2831 88 30 allen
588 2832 211 40 Richtungen
824 2833 58 30 hin
906 2836 189 40 infiltrirte,
1128 2838 224 30 überströmt,
1385 2847 37 21 so
1455 2839 77 30 dass
1557 2840 127 31 binnen

102 2870 19 32 3
136 2870 113 41 Tagen
275 2871 59 30 der
357 2881 103 30 ganze
477 2872 100 32 Ober-
594 2874 68 30 und
680 2874 263 34 Unterschenkel
968 2882 169 28 monströs
1163 2880 285 40 angeschwollen,
1473 2882 212 40 blauviolett,

101 2912 72 30 kalt
195 2914 68 30 und
288 2915 62 28 mit
374 2915 209 31 zahlreichen
608 2917 192 30 schwarzen
826 2918 120 32 Blasen
974 2921 142 31 bedeckt
1138 2932 81 30 war,
1254 2922 123 40 gerade
1402 2923 48 30 als
1476 2925 42 30 ob
1545 2925 139 31 Vipern-

101 2956 64 39 gift
198 2957 35 28 in
268 2956 59 31 das
362 2957 208 40 Zellgewebe
602 2961 218 39 eingespritzt
851 2963 57 30 sei.
954 2963 105 31 Unter
1091 2965 62 30 den
1188 2965 180 40 heftigsten
1405 2967 278 32 Erscheinungen
