1972 3202
623 220 91 31 THE
739 221 89 30 RED
850 221 58 31 OR
932 221 182 30 ASIATIC
1138 221 387 31 ORANG-OUTANG.

393 203 63 53 76

390 360 196 46 personsj
624 361 247 48 screaming
904 346 221 61 violently
1157 353 47 39 at
1241 362 92 46 any
1370 353 196 39 attempt
1600 353 47 39 to
1685 362 70 30 re-

390 437 131 31 move
544 421 110 47 him.

508 500 86 45 His
619 499 100 46 food
741 500 48 45 in
806 500 119 45 Java
940 516 93 29 was
1051 500 163 61 chiefly
1232 499 124 55 fruit,
1373 500 238 62 especially
1625 516 133 30 man-

393 591 194 45 gostans,
614 575 51 47 of
690 577 150 44 which
869 577 58 44 he
952 592 94 29 was
1080 577 277 61 excessively
1380 576 119 46 fond.
1568 578 75 44 He
1666 577 92 45 also

393 653 166 45 sucked
582 669 101 45 eggs
707 653 114 45 with
856 653 217 61 voracity,
1099 653 91 45 and
1220 652 122 47 often
1377 654 239 60 employed
1637 653 122 45 him-

394 728 90 46 self
517 729 48 46 in
600 731 181 60 seeking
803 730 140 45 them.
1013 730 72 46 On
1115 730 139 45 board
1289 730 114 60 ship,
1429 730 72 45 his
1536 730 94 45 diet
1666 745 94 30 was

393 805 51 45 of
458 822 57 30 no
531 806 183 45 definite
731 807 125 45 kind.
893 807 74 45 He
986 822 73 30 ate
1074 807 174 61 readily
1267 806 50 46 of
1326 807 61 45 all
1408 806 135 46 kinds
1562 805 50 47 of
1622 813 136 46 meat,

393 882 92 45 and
507 882 239 61 especially
769 898 95 30 raw
885 898 147 38 meat;
1059 899 93 29 was
1176 899 110 45 very
1310 882 106 46 fond
1439 882 51 46 of
1503 884 151 52 bread,
1679 884 83 43 but

394 974 173 45 always
590 958 222 61 preferred
833 958 133 46 fruits
989 960 135 44 when
1145 960 58 45 he
1226 960 130 45 could
1379 959 153 47 obtain
1554 960 143 44 them.

516 1035 88 45 His
626 1036 216 44 beverage
865 1035 47 45 in
935 1035 120 45 Java
1078 1052 93 28 was
1195 1051 170 39 water;
1402 1052 57 29 on
1492 1037 137 44 board
1664 1035 100 61 ship

395 1112 36 45 it
455 1127 94 30 was
573 1127 49 30 as
646 1111 254 46 diversified
923 1127 48 30 as
994 1112 70 45 his
1087 1111 114 46 food.
1282 1113 75 44 He
1387 1112 220 61 preferred
1629 1111 135 47 coffee

396 1189 92 45 and
510 1195 89 47 tea,
619 1190 83 44 but
720 1189 153 45 would
894 1189 175 61 readily
1091 1195 108 38 take
1223 1204 133 38 wine,
1374 1189 90 45 and
1482 1188 281 61 exemplified

395 1266 71 44 his
506 1271 283 40 attachment
825 1271 46 40 to
908 1264 165 62 spirits,
1115 1267 63 59 by
1212 1265 191 61 stealing
1437 1271 78 39 the
1549 1265 217 60 captain’s

398 1342 177 61 brandy
598 1342 156 46 bottle.
821 1342 131 46 Since
981 1342 72 45 his
1087 1341 165 46 arrival
1286 1341 48 45 in
1370 1342 200 53 London,
1605 1341 57 45 he
1684 1341 82 46 has

397 1417 222 61 preferred
647 1420 105 44 beer
780 1419 91 45 and
899 1418 115 45 milk
1037 1424 47 40 to
1108 1418 226 61 anything
1366 1418 104 54 else,
1495 1419 82 44 but
1612 1417 154 46 drinks

399 1511 118 29 wine
541 1496 89 45 and
654 1496 127 45 other
801 1495 182 60 liquors.

522 1573 56 44 In
611 1573 70 44 his
716 1578 219 39 attempts
969 1578 46 39 to
1050 1571 154 46 obtain
1238 1571 114 55 food,
1388 1572 58 45 he
1480 1570 198 47 afforded
1715 1586 51 30 us

398 1664 143 45 many
565 1648 323 61 opportunities
912 1647 50 46 of
972 1648 192 61 judging
1186 1647 50 46 of
1250 1648 70 45 his
1345 1648 200 61 sagacity
1561 1648 89 44 and
1674 1647 92 45 dis-

398 1725 207 61 position.
674 1725 75 45 He
773 1740 94 30 was
897 1725 174 45 always
1094 1740 111 45 very
1229 1724 241 45 impatient
1504 1731 46 38 to
1583 1724 115 45 seize
1730 1723 37 46 it

401 1802 135 44 when
558 1802 106 45 held
688 1808 78 39 out
789 1807 46 39 to
863 1802 113 52 him,
1008 1801 90 44 and
1130 1802 183 44 became
1343 1800 254 61 passionate
1632 1801 136 44 when

399 1878 38 45 it
461 1894 94 29 was
577 1884 79 39 not
681 1893 105 30 soon
816 1877 132 61 given
981 1892 78 45 up,
1085 1877 90 45 and
1199 1878 152 44 would
1385 1877 131 44 chase
1550 1892 28 29 a
1609 1892 159 44 person

401 1955 62 45 all
487 1971 103 29 over
612 1962 78 38 the
715 1955 98 60 ship
836 1961 46 38 to
906 1954 154 46 obtain
1083 1953 50 46 it.
1203 1954 22 45 I
1246 1954 170 45 seldom
1435 1969 124 29 came
1578 1969 56 29 on
1658 1953 111 45 deck

401 2031 196 46 without
621 2038 287 39 sweetmeats
935 2047 47 29 or
1008 2030 108 46 fruit
1144 2030 48 45 in
1223 2046 82 45 my
1328 2032 174 59 pocket,
1529 2031 90 44 and
1642 2030 129 45 could

402 2124 138 29 never
568 2124 155 29 escape
756 2108 71 44 his
861 2108 191 45 vigilant
1086 2123 98 45 eye.
1253 2107 267 46 Sometimes
1551 2107 21 44 I
1604 2121 167 30 endea-

403 2184 170 46 voured
595 2190 45 38 to
665 2184 140 45 evade
827 2184 96 44 him
948 2185 62 59 by
1034 2184 241 59 ascending
1298 2188 45 39 to
1378 2189 78 38 the
1490 2183 277 51 mast-head,

402 2262 84 44 but
510 2275 94 29 was
627 2275 174 29 always
829 2265 243 39 overtaken
1103 2274 47 30 or
1183 2258 277 45 intercepted
1486 2257 47 45 in
1564 2273 80 45 my
1668 2273 103 45 pro-

404 2352 131 46 gress.
603 2336 155 45 When
781 2336 57 44 he
861 2350 125 30 came
1020 2351 61 45 up
1113 2334 113 46 with
1254 2350 74 29 me
1362 2349 57 30 on
1452 2340 78 39 the
1565 2335 204 54 shrouds,

404 2414 59 45 he
487 2413 150 45 would
661 2427 150 30 secure
838 2411 188 46 himself
1053 2413 62 59 by
1140 2427 82 29 one
1255 2410 90 46 foot
1377 2417 48 39 to
1459 2417 79 39 the
1567 2411 202 53 rattling,

407 2490 92 46 and
526 2489 171 47 confine
726 2504 81 35 my
840 2488 91 46 legs
965 2488 115 45 with
1113 2494 78 40 the
1225 2494 127 39 other
1385 2487 90 46 and
1510 2503 83 31 one
1621 2487 50 47 of
1701 2488 71 46 his
