2101 3354
1674 167 46 39 91

475 179 270 32 EXPRESSIVE
779 178 331 30 INARTICULATE
1143 178 188 31 SOUNDS.

133 301 179 42 Darwin
352 301 159 41 directs
549 299 217 42 attention
807 304 44 36 to
897 298 72 41 the
1009 297 169 42 closure
1216 297 45 41 of
1304 296 75 43 the
1422 310 102 42 eyes
1568 297 160 55 during

71 374 253 53 screaming,
347 372 86 42 and
457 379 43 34 to
525 371 72 42 the
621 385 156 41 square
794 370 135 42 shape
948 369 47 42 of
1014 365 75 46 the
1107 382 113 41 open
1244 367 166 43 mouth.
1477 368 70 42 He
1571 372 155 51 quotes

73 443 105 43 with
201 444 209 55 approval
443 443 73 42 the
540 442 267 56 description
842 442 57 41 by
932 441 94 41 Mrs
1061 439 182 43 Gaskell
1278 440 46 40 of
1354 453 24 28 a
1411 439 115 55 baby
1560 439 164 55 crying.

71 514 86 43 She
179 529 112 41 says,
322 520 19 15 "
359 515 44 41 It
437 514 125 42 made
584 515 58 41 its
677 513 153 42 mouth
860 513 90 41 like
973 527 25 27 a
1020 526 169 41 square,
1211 511 88 42 and
1332 510 62 43 let
1428 511 74 42 the
1524 510 201 56 porridge

69 601 82 27 run
174 593 76 35 out
280 592 45 36 at
356 586 59 42 all
442 586 95 42 four
558 585 209 43 corners."
831 584 180 42 Darwin
1036 583 91 42 also
1150 583 162 42 directs
1337 582 221 42 attention
1582 587 44 36 to
1649 582 76 42 the

69 658 270 42 contraction
371 658 48 41 of
447 657 75 43 the
545 661 271 39 corrugators
839 656 87 42 and
960 656 73 42 the
1057 656 98 41 firm
1189 669 168 29 closure
1381 654 47 43 of
1456 654 76 43 the
1557 654 167 56 eyelids

68 729 98 42 that
186 744 73 28 are
281 729 241 43 associated
545 735 107 36 with
676 728 251 43 screaming.

127 801 46 43 B.
208 801 502 42 Laughing.—Darwin
733 801 151 42 makes
907 814 118 29 some
1048 800 262 43 interesting
1328 799 198 43 remarks
1551 798 173 57 regard-

64 873 76 56 ing
173 873 73 42 the
281 873 267 57 Physiology
580 874 48 41 of
655 872 213 57 laughter.
932 874 64 41 At
1029 888 37 41 p.
1092 873 99 52 220,
1213 887 62 41 op.
1299 876 81 39 ext.,
1402 872 55 43 he
1490 885 101 29 says
1625 876 98 37 that

67 945 193 42 whether
283 945 203 56 laughter
508 946 158 42 should
694 946 53 42 be
769 946 208 42 regarded
1001 960 45 28 as
1072 945 73 43 the
1170 945 82 42 full
1285 945 313 43 development
1621 943 47 43 of
1697 958 25 27 a

65 1017 139 42 smile,
226 1032 47 27 or
305 1033 24 26 a
362 1017 126 43 smile
521 1032 47 29 as
599 1018 76 42 the
707 1018 85 42 last
824 1022 118 38 trace
975 1018 47 42 of
1049 1032 26 28 a
1106 1017 147 56 laugh,
1277 1031 64 28 we
1374 1031 81 28 can
1490 1016 159 51 follow,
1673 1015 48 42 in

64 1089 179 43 infants,
268 1090 73 42 the
362 1090 182 56 gradual
560 1091 176 55 passing
759 1091 44 41 of
821 1090 73 42 the
911 1104 81 28 one
1015 1090 94 41 into
1129 1090 73 42 the
1221 1089 134 42 other.
1421 1088 298 55 Eecognising

63 1161 98 42 how
184 1162 188 42 difficult
394 1163 35 41 it
460 1163 37 42 is
521 1168 44 37 to
589 1163 52 42 be
673 1177 99 28 sure
806 1162 128 42 when
967 1162 74 42 the
1075 1162 189 41 motions
1287 1161 135 41 about
1455 1175 57 27 an
1534 1160 182 42 infant's

65 1234 155 42 mouth
243 1235 137 41 ought
402 1240 43 36 to
468 1235 53 41 be
543 1234 272 43 interpreted
837 1248 46 27 as
901 1248 24 27 a
947 1233 139 43 smile,
1108 1233 55 42 he
1187 1232 215 55 carefully
1420 1231 201 43 watched
1643 1232 76 42 the

62 1305 276 56 phenomena
359 1306 47 41 in
429 1306 67 41 his
519 1320 97 27 own
640 1306 177 41 infants.
881 1304 73 42 He
975 1304 138 42 found
1135 1304 47 42 in
1206 1318 82 28 one
1312 1304 47 41 of
1377 1304 124 42 them
1524 1318 25 27 a
1571 1308 150 52 pretty

65 1378 181 41 distinct
270 1377 124 42 smile
417 1383 46 36 at
496 1377 73 42 the
592 1391 78 41 age
692 1377 45 41 of
768 1377 223 55 forty-five
1014 1376 133 55 days;
1179 1375 88 42 and
1299 1375 123 56 eight
1454 1375 108 56 days
1595 1375 126 51 later,

64 1448 74 42 the
167 1448 127 42 smile
329 1462 86 28 was
448 1448 464 42 unmistakable—the
945 1462 101 41 eyes
1079 1447 231 56 becoming
1342 1447 150 42 bright
1525 1447 87 42 and
1645 1447 76 43 the

61 1534 104 28 nose
188 1520 295 55 transversely
506 1520 226 42 wrinkled.
798 1518 143 44 There
977 1534 86 27 was
1086 1523 46 38 at
1165 1519 74 42 the
1272 1533 120 28 same
1416 1519 107 43 time
1556 1534 25 28 a
1603 1519 119 43 little

13 1604 10 30 I
61 1592 195 42 bleating
284 1606 122 28 noise
429 1592 144 42 which
596 1606 187 42 perhaps
806 1591 281 43 represented
1120 1606 25 27 a
1165 1591 149 56 laugh.
1383 1591 60 42 At
1476 1591 76 43 the
1575 1606 78 28 age
1677 1592 46 42 of

65 1665 82 40 113
179 1664 107 56 days
321 1664 88 42 this
444 1665 120 41 noise
599 1664 177 42 became
810 1678 119 28 more
962 1664 165 42 broken
1162 1663 87 42 and
1281 1664 292 55 interrupted,
1596 1679 47 27 as
1677 1665 47 40 in

62 1736 208 55 sobbing;
304 1736 86 42 and
420 1736 55 42 he
504 1736 107 43 then
641 1736 211 43 regarded
884 1737 37 41 it
953 1751 46 27 as
1031 1735 215 57 certainly
1269 1736 219 56 incipient
1509 1736 213 43 laughter.

63 1808 54 41 In
151 1814 85 36 two
272 1809 124 42 other
425 1808 212 52 children,
669 1809 182 56 smiling
883 1809 215 56 appeared
1134 1813 46 37 at
1213 1809 136 42 about
1383 1809 73 42 the
1479 1823 119 29 same
1622 1809 100 43 date

61 1895 47 27 as
131 1881 46 41 in
201 1882 75 41 the
299 1881 95 43 first
415 1882 130 41 child.

123 1952 199 57 Preyer's
345 1954 86 55 boy
453 1968 140 28 seems
618 1958 43 38 to
684 1953 112 43 have
820 1953 157 43 smiled
1010 1954 150 42 rather
1182 1968 156 29 sooner
1370 1953 108 43 than
1503 1955 218 41 Darwin's

61 2025 211 43 children.
338 2025 196 56 Quoting
556 2025 168 57 Pliny's
747 2026 173 42 remark
944 2025 99 42 that
1075 2040 55 27 no
1154 2025 119 43 child
1296 2025 157 56 laughs
1476 2026 146 42 before
1646 2026 76 43 the

60 2097 180 43 fortieth
264 2097 98 56 day,
384 2098 162 54 Preyer
564 2111 113 42 says,
700 2101 19 17 "
737 2098 22 41 I
778 2098 212 42 observed
1013 2113 55 27 an
1087 2098 177 42 audible
1288 2098 86 42 and
1396 2098 156 43 visible
1575 2098 146 52 laugh,

18 2194 3 20 ;
58 2170 310 55 accompanied
388 2170 57 56 by
461 2184 24 27 a
501 2170 143 56 gleam
668 2170 44 42 of
735 2170 75 42 the
828 2184 91 42 eye,
937 2170 45 42 in
1006 2185 75 41 my
1099 2170 120 43 child
1237 2171 65 42 for
1325 2170 76 43 the
1426 2172 92 41 first
1537 2171 107 43 time
1664 2186 56 28 on

58 2242 75 43 the
158 2242 311 56 twenty-third
487 2242 96 57 day.
648 2242 72 43 He
741 2256 86 29 was
845 2242 177 56 pleased
1048 2243 103 42 with
1176 2258 25 27 a
1223 2242 149 57 bright
1395 2244 325 43 rose-coloured

17 2330 3 26 i
57 2315 170 42 curtain
252 2315 98 41 that
373 2328 87 28 was
485 2314 195 56 hanging
703 2315 137 42 above
863 2314 93 42 him
974 2331 8 36 ;
1005 2315 86 41 and
1110 2315 54 42 he
1189 2315 126 42 made
1334 2314 198 57 peculiar
1554 2316 165 43 sounds

56 2387 45 41 of
134 2387 288 42 satisfaction,
459 2386 144 43 which
647 2387 96 43 first
784 2386 74 44 led
902 2401 68 29 me
1014 2393 45 36 to
1102 2402 87 41 pay
1233 2388 223 42 attention
1502 2393 44 38 to
1589 2389 130 43 him."

55 2459 92 42 The
184 2459 119 42 child
336 2459 255 43 afterwards
624 2459 191 57 laughed
849 2473 46 29 as
934 2474 25 27 a
992 2459 96 43 sign
1133 2460 47 42 of
1214 2460 90 55 joy,
1348 2475 56 27 on
1448 2460 183 58 looking
1673 2470 48 34 at

56 2530 69 43 Ins
150 2531 202 43 mother's
385 2532 106 42 face,
516 2532 112 42 from
650 2532 76 43 the
759 2531 121 44 sixth
913 2536 45 39 to
990 2532 76 43 the
1098 2532 132 43 ninth
1265 2532 148 43 week;
1445 2533 88 42 and
1561 2533 56 56 by
1645 2533 74 43 the

55 2603 120 43 sixth
200 2604 151 41 month
380 2604 69 43 his
481 2604 133 43 laugh
637 2604 87 42 had
756 2604 179 43 become
968 2619 156 42 merry,
1148 2605 131 56 being
1311 2605 313 56 accompanied
1659 2606 59 56 by

55 2675 124 56 rapid
203 2675 183 57 raisings
418 2676 87 43 and
539 2676 240 57 droppings
812 2677 47 42 of
879 2677 75 43 the
987 2692 116 28 arms
1137 2691 45 29 as
1206 2692 25 28 a
1263 2677 98 43 sign
1384 2678 48 42 of
1451 2677 76 43 the
1551 2685 169 37 utmost

55 2746 210 57 pleasure.
345 2746 41 45 It
424 2748 93 42 first
558 2749 175 42 became
771 2749 290 56 persistently
1099 2749 119 43 loud,
1259 2749 47 42 in
1349 2748 106 58 play
1499 2750 109 43 with
1649 2751 70 42 his

15 2845 3 12 .
54 2820 184 50 mother,
261 2820 46 41 in
331 2820 75 43 the
430 2821 152 55 eighth
610 2821 177 42 month;
812 2836 47 27 so
879 2821 97 42 that
993 2836 133 28 every
1149 2836 83 28 one
1256 2822 130 42 could
1410 2821 107 43 then
1541 2827 46 37 at
1611 2837 107 27 once

52 2892 222 56 recognise
312 2892 36 42 it
383 2906 45 29 as
466 2907 25 28 a
525 2893 134 42 laugh
697 2893 190 42 without
920 2893 182 42 looking
1139 2894 47 41 in
1222 2893 98 43 that
1362 2893 228 43 direction.
1654 2894 65 42 At

53 2964 106 42 such
184 2965 140 42 times,
352 2969 19 17 "
393 2965 74 43 the
491 2965 119 43 child
635 2965 125 42 made
785 2980 25 27 a
843 2965 196 56 peculiar
1061 2966 264 55 impression
1349 2965 45 42 of
1422 2965 152 55 gaiety
1599 2979 118 41 upon

53 3050 130 42 every
223 3051 81 28 one
344 3037 95 42 who
480 3052 86 27 saw
607 3037 127 42 him."
800 3036 96 43 The
938 3036 140 43 father
1119 3051 123 28 notes
1282 3041 97 37 that
1414 3035 190 43 towards
1643 3034 73 41 the
