2107 3450
1753 268 85 43 329

746 276 287 32 CONDUCTION
1068 277 205 31 APHASIA.

178 395 315 56 physiological
525 396 217 55 alphabet.
809 396 66 56 By
900 397 57 42 its
990 396 84 52 aid,
1107 396 55 44 he
1195 396 178 43 learned
1407 397 44 41 in
1487 412 25 27 a
1546 399 291 56 wonderfully

175 467 122 43 short
320 469 106 41 time
451 473 43 37 to
528 474 160 36 master
720 468 59 42 all
805 468 73 42 the
911 469 234 42 articulate
1179 468 163 43 sounds
1366 469 45 41 of
1440 469 144 43 which
1609 470 159 56 speech
1801 471 37 42 is

176 539 242 56 composed,
441 540 85 42 and
551 546 43 36 to
627 541 199 42 combine
861 540 120 42 them
1016 541 225 56 correctly,
1266 555 47 29 so
1347 555 45 28 as
1428 546 43 36 to
1505 542 232 43 articulate
1762 543 74 42 the

178 611 138 42 words
341 612 52 42 he
417 612 127 42 could
568 627 47 28 so
647 612 138 43 easily
810 612 82 43 call
928 627 59 41 up
1009 612 47 42 in
1080 613 68 43 his
1182 613 136 42 mind.
1386 614 51 41 In
1461 613 189 43 relation
1685 620 43 37 to
1762 615 75 43 the

175 682 241 43 Education
452 684 44 41 of
528 698 119 28 cases
670 684 47 42 of
739 688 139 38 motor
910 684 192 56 aphasia,
1126 685 22 42 I
1182 685 132 42 think
1338 684 75 42 the
1442 698 97 29 case
1562 685 47 42 of
1628 685 210 55 interest;

175 754 86 42 and
285 754 23 42 I
330 755 105 43 offer
457 756 35 42 it
514 770 46 28 as
584 770 23 27 a
630 756 298 43 contribution
955 762 44 37 to
1021 756 101 44 that
1144 757 181 56 subject.

282 959 298 44 Conduction
612 961 212 44 Aphasia
847 962 96 56 (the
966 962 397 57 Leitungsaphasie
1387 962 48 41 of
1454 961 272 45 Wernicke).

234 1091 222 58 Auditory
480 1094 181 56 aphasia
685 1095 48 42 is,
757 1109 45 28 as
829 1110 61 27 we
926 1095 111 42 have
1061 1109 115 37 seen,
1199 1095 223 56 produced
1449 1095 58 43 by
1531 1095 140 42 lesion
1695 1101 46 35 at
1763 1093 75 44 the

175 1162 201 55 auditory
417 1171 149 35 centre
604 1164 54 52 A,
696 1165 83 42 and
823 1179 139 28 motor
999 1165 181 55 aphasia
1224 1166 57 55 by
1319 1165 139 43 lesion
1498 1170 45 37 at
1582 1165 74 41 the
1696 1170 144 36 motor

176 1240 148 35 centre
347 1235 48 42 B.
461 1235 21 41 I
506 1250 96 27 now
627 1250 183 42 propose
844 1241 44 37 to
911 1251 77 28 say
1012 1251 24 27 a
1059 1237 85 42 few
1169 1236 141 43 words
1342 1237 136 41 about
1499 1237 77 41 the
1601 1242 170 36 variety
1794 1235 46 41 of

175 1307 181 55 aphasia
378 1307 143 43 which
556 1308 158 43 results
740 1309 127 41 when
891 1323 25 27 a
936 1309 141 41 lesion
1102 1309 37 41 is
1162 1323 47 28 so
1232 1308 192 42 situated
1459 1323 47 27 as
1530 1313 44 37 to
1598 1313 76 37 cut
1695 1321 144 28 across

176 1378 74 42 the
284 1379 266 56 conducting
583 1380 130 43 fibres
747 1380 143 42 which
926 1381 163 42 extend
1123 1380 198 42 between
1357 1382 43 40 A
1431 1380 88 42 and
1544 1381 49 40 B,
1616 1379 87 42 and
1725 1380 114 54 keep

175 1451 122 41 these
322 1457 85 36 two
425 1457 170 37 centres
615 1453 45 40 in
680 1452 313 56 physiological
1015 1453 258 41 connexion.
1339 1453 53 41 In
1413 1452 196 42 crossing
1628 1452 110 42 from
1764 1451 75 43 the

174 1523 95 42 first
312 1523 213 56 temporal
569 1528 44 38 to
657 1524 74 42 the
787 1523 171 43 Broca's
1012 1523 302 52 convolution,
1357 1524 125 42 these
1535 1524 130 42 fibres
1718 1528 122 37 must

173 1595 265 56 necessarily
471 1609 100 42 pass
609 1596 141 42 under
787 1596 74 42 the
894 1596 108 41 floor
1039 1596 45 42 of
1125 1596 73 42 the
1236 1596 176 42 Fissure
1445 1596 48 42 of
1527 1596 191 55 Sylvius,
1752 1596 86 41 and

173 1667 141 42 under
337 1668 74 42 the
436 1668 152 42 Island
621 1669 45 41 of
699 1668 109 43 Eeil.
872 1668 43 42 A
937 1668 225 42 softening
1184 1683 47 27 or
1253 1668 125 43 other
1400 1668 138 43 lesion
1563 1668 46 42 in
1634 1668 76 42 the
1732 1668 108 42 floor

174 1740 44 41 of
251 1740 74 42 the
359 1740 184 56 Sylvian
577 1741 189 43 Fissure,
789 1756 48 27 or
869 1741 45 41 in
939 1740 74 43 the
1039 1741 152 42 Island
1216 1741 45 42 of
1293 1741 112 43 Eeil,
1428 1742 38 42 is
1490 1741 218 43 therefore
1730 1755 108 41 very

172 1818 77 50 apt
271 1818 44 36 to
338 1817 76 38 cut
436 1812 122 43 them
582 1827 155 29 across.

231 1884 91 43 The
340 1885 171 43 variety
527 1886 44 41 of
593 1885 182 56 aphasia
794 1885 143 43 which
962 1885 161 43 results
1147 1886 113 41 from
1285 1885 108 42 such
1417 1899 25 28 a
1464 1884 142 43 lesion
1631 1898 88 29 was
1742 1884 96 43 first

172 1956 226 42 described
431 1956 57 56 by
512 1957 252 42 Wernicke,
787 1958 45 40 in
858 1958 67 41 his
949 1957 185 56 original
1158 1971 136 41 paper
1326 1957 46 41 of
1407 1954 144 44 1874.1
1617 1956 66 42 Its
1706 1969 132 43 pecu-

173 2028 150 42 liarity
345 2029 37 41 is
407 2029 108 51 that,
540 2029 159 42 whilst,
721 2043 58 28 on
813 2029 74 43 the
921 2043 82 29 one
1036 2029 131 42 hand,
1190 2029 123 42 there
1336 2029 37 41 is
1397 2043 56 27 no
1479 2028 358 51 word-deafness,

173 2102 99 41 and,
308 2116 53 27 on
398 2101 73 43 the
504 2101 125 43 other
661 2101 131 42 hand,
816 2117 55 26 no
905 2115 229 42 asynergic
1167 2100 220 43 difficulty
1411 2101 48 41 of
1478 2100 360 51 articulation,—

173 2174 105 42 both
313 2174 202 42 auditory
547 2174 84 42 and
669 2188 141 28 motor
843 2178 172 38 centres
1048 2173 130 56 being
1210 2173 342 42 intact,—there
1583 2172 38 42 is
1653 2171 184 43 marked

174 2246 277 56 Paraphasia.
528 2247 91 42 The
675 2247 185 55 patient,
903 2247 44 41 in
1006 2246 257 56 expressing
1307 2244 190 52 himself,
1543 2259 98 29 uses
1690 2259 149 41 wrong

174 2319 154 42 words,
347 2319 84 42 and
456 2318 237 57 especially
712 2333 148 42 wrong
883 2333 156 38 nouns,
1060 2319 194 42 because,
1273 2318 75 42 the
1372 2317 247 43 connexion
1637 2317 199 43 between

173 2392 42 42 A
252 2392 85 42 and
373 2392 36 41 B
449 2392 131 55 being
619 2391 179 42 broken,
830 2390 76 42 the
943 2404 141 28 motor
1122 2390 164 55 images
1324 2403 73 28 are
1430 2388 212 56 deprived
1680 2388 48 42 of
1761 2388 75 42 the

174 2465 240 55 important
435 2464 215 56 guidance
674 2463 44 42 in
745 2463 74 43 the
838 2463 150 43 choice
1011 2463 47 42 of
1080 2462 138 42 words
1239 2462 142 42 which
1406 2462 37 42 is
1467 2461 217 56 normally
1703 2476 132 42 given

172 2543 43 36 to
248 2537 120 42 them
406 2538 54 41 by
496 2537 75 42 the
603 2536 205 56 auditory
832 2536 176 42 images.
1072 2535 241 43 Wernicke
1339 2534 91 56 (Op.
1455 2536 80 50 cit,
1558 2549 40 42 p.
1623 2534 76 57 26)
1723 2549 115 36 says,

169 2610 128 42 "The
329 2614 172 52 patient
532 2608 296 43 understands
862 2608 276 56 everything,
1172 2608 130 42 being
1335 2607 104 43 thus
1471 2612 125 52 quite
1632 2606 153 44 unlike
1811 2621 26 28 a

172 2687 170 49 patient
379 2681 209 43 suffering
629 2681 110 41 from
778 2680 76 42 the
889 2681 111 41 form
1040 2680 44 42 of
1122 2694 182 41 aphasia
1342 2678 95 57 [the
1481 2678 225 56 auditory]
1741 2679 97 55 just

172 2753 236 44 described.
474 2754 70 42 He
578 2767 79 29 can
692 2753 91 43 also
822 2766 77 43 say
938 2752 275 57 everything,
1254 2752 79 42 but
1371 2751 76 43 the
1485 2751 149 43 choice
1672 2752 48 42 of
1759 2752 75 42 the

172 2825 116 45 right
314 2826 139 42 words
476 2826 37 42 is
546 2826 228 43 disturbed
797 2826 45 41 in
877 2825 75 43 the
975 2839 120 29 same
1128 2839 96 42 way
1248 2839 47 29 as
1319 2825 34 42 it
1376 2825 38 42 is
1441 2825 46 41 in
1511 2824 75 44 the
1612 2825 106 42 form
1739 2825 97 56 just

171 2898 239 43 described.
473 2898 91 42 The
588 2897 306 43 sound-image
917 2897 37 43 is
978 2897 102 43 here
1105 2897 159 43 indeed
1287 2897 154 42 intact,
1459 2896 86 43 and
1563 2897 36 42 it
1618 2897 36 42 is
1672 2896 93 43 also
1786 2897 47 42 in

174 2970 165 42 normal
364 2970 185 42 relation
576 2979 105 32 with
705 2969 74 43 the
803 2969 125 43 other
951 2983 315 29 sense-images
1293 2968 143 43 which
1459 2983 53 41 go
1546 2973 44 37 to
1624 2969 109 41 form
1759 2969 75 42 the

172 3049 204 50 percept;
400 3042 89 41 hut,
506 3055 47 28 as
576 3041 75 43 the
674 3043 264 55 connecting
961 3041 107 56 path
1095 3042 36 41 is
1150 3041 290 56 interrupted,
1459 3041 36 42 it
1511 3046 163 37 cannot
1691 3041 140 42 throw

561 3147 9 23 1
603 3147 69 37 Der
691 3146 205 48 Aphasiche
914 3147 394 47 Symptomencomplex,
1328 3159 35 35 p.
1384 3149 56 33 26.

1581 3197 25 42 2
1629 3206 25 34 T
