2125 3612
1661 266 52 42 10

275 277 306 30 STA.M.MKlilNO,
617 276 91 30 AND
742 274 88 33 THE
864 275 143 30 STUDY
1043 275 54 30 OK
1130 276 88 30 TllK
1252 276 243 34 ALPHABET.

58 410 223 29 overcome
304 396 68 42 his
395 396 300 55 impediment,
719 395 85 42 and
830 393 134 45 found
996 393 109 59 that,
1131 395 126 42 when
1292 396 43 40 in
1370 397 254 42 difficulties
1659 398 55 42 he

56 467 128 43 could
227 468 164 51 always
434 482 249 41 pronounce
728 467 74 42 the
846 466 116 41 word
1010 466 56 55 by
1111 465 164 57 having
1312 482 199 28 recourse
1556 474 44 36 to
1638 469 76 42 the

55 538 306 41 "drawback"
419 537 178 42 method
650 538 45 40 of
753 537 251 55 phomition.
1083 537 248 55 Practising
1388 538 89 42 this
1536 540 176 40 method

57 608 267 44 voluntarily
347 614 45 37 at
414 610 106 41 first,
542 608 55 42 he
620 622 106 28 soon
749 608 136 42 found
910 607 97 42 that
1031 607 35 42 it
1098 608 176 42 became
1308 609 285 56 involuntary
1626 611 88 41 and

53 681 199 42 habitual
286 681 106 42 with
426 681 102 41 him.
593 680 46 42 It
670 680 37 42 is
742 694 96 28 now
872 679 74 42 the
979 679 89 42 sole
1103 686 205 35 remnant
1350 681 46 41 of
1437 680 68 43 his
1550 682 161 41 former

52 753 300 42 impediment.

111 895 46 44 B.
198 897 81 40 The
312 895 106 44 Oral
448 894 493 44 Mechanism.—Faults
965 894 84 42 due
1074 899 44 37 to
1141 894 234 43 surcharge
1398 895 47 42 of
1462 910 173 42 energy.

109 970 35 40 1.
178 968 91 42 The
301 967 176 57 lagging
508 967 48 42 of
594 968 74 42 the
706 967 134 43 voice,
874 967 87 42 and
996 966 75 43 the
1116 967 301 42 misdirection
1450 969 48 40 of
1536 983 166 41 energy

48 1055 177 42 already
257 1040 247 57 explained,
537 1054 129 29 cause
708 1040 76 43 the
827 1053 258 29 stammerer
1137 1044 45 37 to
1224 1040 233 57 surcharge
1501 1041 69 43 his
1613 1041 94 43 oral

45 1112 273 42 mechanism
353 1112 107 43 with
493 1126 173 42 energy,
689 1126 47 28 so
761 1111 96 42 that
879 1111 54 42 he
956 1110 138 43 sticks
1117 1124 46 29 or
1185 1115 184 38 stutters
1393 1116 46 37 at
1462 1111 67 43 his
1557 1112 153 56 explo-

47 1184 128 42 sives,
198 1183 87 42 and
317 1183 206 56 prolongs
556 1183 68 42 his
657 1183 224 42 fricatives
913 1181 88 42 and
1034 1181 123 42 nasal
1190 1187 243 46 resonants,
1464 1183 246 56 producing

48 1255 126 43 those
196 1256 47 42 of
262 1256 74 42 the
360 1255 132 42 latter
515 1255 144 42 which
684 1255 178 42 contain
897 1254 122 42 voice
1051 1253 261 57 voicelessly
1345 1269 48 27 or
1426 1255 107 42 with
1568 1255 142 43 feeble

48 1326 300 42 vocalization.
413 1327 71 41 He
527 1326 137 42 sticks
716 1326 86 41 and
846 1330 182 37 stutters
1070 1339 109 41 very
1221 1325 213 56 specially
1478 1340 120 41 upon
1641 1326 70 42 his

49 1398 261 55 explosives,
332 1397 107 43 both
463 1397 212 42 voiceless
699 1396 86 42 and
808 1395 166 45 voiced.

109 1471 36 40 2.
179 1470 129 41 From
331 1469 75 42 the
428 1483 135 28 nerve
590 1482 171 28 centres
788 1468 46 42 of
865 1467 90 43 oral
988 1467 280 43 articulation
1296 1468 103 43 thus
1433 1469 278 43 surcharged,

46 1555 54 27 an
121 1541 226 42 Overflow,
365 1541 47 41 in
436 1554 133 39 many
589 1554 131 37 cases,
739 1553 168 28 occurs;
934 1552 46 28 so
1004 1538 98 42 that
1124 1539 249 55 spasmodic
1396 1539 87 42 and
1501 1539 209 43 involun-

46 1617 98 50 tary
187 1616 273 38 movements
504 1625 101 41 may
648 1611 53 43 be
743 1610 186 43 excited,
972 1610 108 42 both
1125 1610 157 42 within
1326 1611 77 42 the
1456 1625 156 42 organs
1665 1612 46 42 of

45 1683 293 43 articulation,
361 1683 86 43 and
480 1683 47 42 in
560 1683 126 43 other
717 1688 121 50 parts
870 1682 46 42 of
949 1681 75 44 the
1048 1683 107 42 face,
1178 1696 49 28 or
1259 1697 111 28 even
1403 1684 48 40 of
1482 1683 76 43 the
1582 1684 126 43 body.

43 1755 177 56 Among
242 1755 75 43 the
340 1755 247 42 spasmodic
607 1758 276 39 movements
906 1754 104 42 thus
1037 1754 237 56 produced,
1296 1769 101 41 may
1421 1755 53 43 be
1507 1770 202 28 enumer-

44 1827 101 43 ated
177 1827 238 43 trembling
447 1841 274 29 movements
753 1826 87 43 and
875 1827 248 55 spasmodic
1146 1826 256 57 twitchings
1435 1828 46 42 of
1513 1828 77 44 the
1621 1828 88 43 lips

43 1899 87 42 and
164 1899 171 51 cheeks,
365 1899 200 42 working
596 1898 46 43 of
679 1899 76 42 the
793 1899 100 56 jaw,
927 1898 182 43 forcible
1148 1898 201 57 winking
1386 1899 48 42 of
1475 1899 75 43 the
1594 1915 116 28 eyes,

44 1971 232 55 twitching
298 1985 48 28 or
368 1970 120 43 tonic
511 1970 272 42 contraction
816 1970 47 41 of
882 1969 76 43 the
975 1970 362 42 sterno-mastoid
1356 1984 54 27 on
1430 1985 82 27 one
1532 1986 46 26 or
1601 1972 108 41 both

44 2043 127 42 sides,
214 2043 86 42 and
342 2043 252 42 sometimes
637 2041 248 57 spasmodic
927 2041 201 57 working
1170 2043 48 40 of
1258 2041 74 43 the
1371 2057 130 29 arms.
1578 2043 130 42 Some

44 2113 193 55 patients
260 2113 110 42 have
394 2113 109 42 been
526 2113 162 41 known
717 2127 112 28 even
863 2121 43 34 to
939 2121 145 47 stamp
1118 2113 109 41 with
1260 2113 74 42 the
1369 2114 99 42 feet.
1534 2114 95 43 One
1662 2116 48 40 of

45 2185 75 42 the
143 2192 114 35 most
279 2185 230 55 unsightly
532 2199 169 28 spasms
724 2185 37 42 is
785 2184 97 43 that
904 2185 207 56 affecting
1134 2185 75 42 the
1233 2194 173 47 tongue.
1471 2186 22 42 I
1514 2186 85 42 had
1622 2201 83 29 one

43 2258 183 55 patient,
264 2272 25 28 a
323 2257 155 57 highly
500 2271 214 29 educated
749 2256 88 43 and
871 2256 254 56 intelligent
1154 2257 117 56 lady,
1307 2258 97 42 who
1437 2260 268 41 stammered

43 2344 107 42 very
169 2329 208 57 severely,
399 2329 87 42 and
510 2329 144 43 whose
692 2329 248 56 spasmodic
971 2329 279 57 phenomena
1283 2331 212 56 specially
1519 2332 187 43 affected

43 2400 75 43 the
162 2407 174 50 tongue.
421 2401 56 42 In
511 2401 75 42 the
630 2401 136 42 midst
809 2401 45 41 of
895 2400 80 43 her
1012 2400 267 54 difficulties,
1330 2402 78 43 she
1451 2404 255 55 frequently

42 2470 189 44 lowered
255 2472 76 42 her
362 2471 124 51 head,
519 2472 182 56 turning
737 2472 38 43 it
812 2477 45 38 to
891 2487 81 28 one
1005 2473 106 51 side,
1133 2473 88 43 and
1253 2478 46 38 at
1332 2474 76 43 the
1440 2489 119 29 same
1598 2476 108 43 time

42 2543 239 56 protruded
313 2543 79 44 her
422 2549 163 52 tongue
629 2550 44 37 to
705 2544 59 44 its
794 2549 171 39 utmost
997 2551 156 37 extent
1195 2551 46 37 at
1278 2561 82 29 one
1404 2547 94 43 side
1543 2548 45 42 of
1630 2549 76 43 the

44 2616 166 49 mouth,
235 2615 129 44 while
387 2616 77 43 she
488 2616 184 43 covered
703 2616 75 44 the
802 2616 231 57 unsightly
1057 2619 252 54 protrusion
1334 2619 106 42 with
1475 2620 78 43 her
1573 2620 132 44 hand.

43 2689 92 42 The
157 2703 97 28 case
277 2689 173 43 seemed
474 2694 44 37 to
543 2689 53 43 be
619 2689 167 57 merely
810 2704 54 28 an
889 2690 203 43 example
1115 2691 45 42 of
1182 2691 108 43 such
1314 2693 248 55 spasmodic
1583 2708 123 29 over-

42 2760 98 42 flow
174 2774 46 28 as
254 2774 119 29 more
416 2761 251 56 commonly
704 2761 197 56 displays
940 2762 125 43 itself
1099 2763 46 42 in
1188 2777 148 43 spasm
1379 2764 47 43 of
1462 2765 76 43 the
1575 2766 131 42 facial

43 2831 203 43 muscles.
310 2832 90 43 The
423 2833 200 42 overflow
642 2833 211 56 probably
873 2834 168 42 started
1066 2834 111 42 from
1201 2849 25 28 a
1242 2835 265 56 surcharged
1532 2837 174 55 portion

43 2903 45 42 of
110 2902 74 44 the
207 2903 277 57 hypoglossal
509 2919 131 29 nerve
663 2911 161 37 centre,
847 2905 88 43 and
959 2905 156 55 passed
1149 2907 93 41 into
1272 2907 128 42 other
1431 2909 197 54 portions
1661 2909 46 42 of

43 2974 76 43 the
141 2989 118 29 same
292 2983 148 36 centre
473 2977 143 42 which
649 2977 138 43 ought
819 2983 78 37 not
930 2984 44 36 to
1007 2978 113 43 have
1151 2979 110 42 been
1284 2979 258 44 stimulated
1566 2986 46 36 at
1634 2980 70 43 all.

45 3046 242 44 Kussmaul
318 3054 136 37 treats
476 3049 45 42 of
553 3049 89 43 this
674 3050 250 55 protrusion
950 3050 47 41 of
1027 3049 74 44 the
1135 3054 175 52 tongue,
1334 3050 141 43 which
1512 3051 53 42 he
1599 3052 107 42 calls

46 3117 299 60 Aphthoiigia,
370 3120 139 43 under
541 3135 25 28 a
598 3126 199 51 separate
832 3121 200 57 heading,
1065 3136 47 29 as
1145 3122 131 57 being
1309 3127 125 38 apart
1476 3123 109 42 from
1634 3124 74 42 the
