1933 3217
648 333 90 30 THE
763 332 200 31 SIAMIRI.

1387 322 86 41 181

123 458 133 46 when
290 465 48 39 at
367 465 89 39 rest
478 458 37 46 it
539 474 92 30 was
656 458 142 45 either
821 458 165 45 wound
1016 458 143 45 round
1188 457 58 46 its
1280 459 120 60 body
1435 474 47 30 or

122 536 163 53 limbs;
323 552 132 28 when
487 551 167 45 sleepy,
685 535 37 45 it
751 536 108 43 kept
883 541 77 38 the
984 534 82 45 tail
1089 534 47 45 in
1159 535 90 45 this
1272 542 207 53 position,

125 612 88 45 and
242 612 77 45 the
348 612 117 45 head
496 613 204 44 between
727 611 79 45 the
836 610 195 61 forelegs,
1065 612 246 44 somewhat
1334 612 47 44 in
1404 612 79 50 the.

124 704 188 29 manner
341 688 46 45 in
419 689 147 44 which
599 694 78 38 the
712 689 171 44 subject
917 687 50 46 of
991 688 78 45 the
1103 687 224 62 following
1359 694 122 54 plate

125 765 37 45 is
193 765 294 45 represented.
556 765 97 45 The
679 764 201 46 Siarniri
902 764 37 46 is
955 780 27 29 a
995 771 154 39 native
1165 763 49 47 of
1230 765 145 45 Brasil
1393 766 89 44 and

127 841 227 61 Cayenne,
396 841 90 45 and
518 840 37 46 is
589 856 109 45 very
732 839 123 47 often
888 841 108 45 kept
1029 842 62 60 by
1121 847 77 39 the
1233 841 176 46 natives
1438 842 47 45 in

128 917 311 46 confinement.
529 918 45 45 It
610 917 38 45 is
685 932 27 30 a
747 932 203 30 common
989 917 179 61 species,
1209 918 171 45 though
1418 934 69 29 we

131 994 165 45 seldom
320 1001 120 38 meet
464 993 113 46 with
599 994 37 45 it
659 994 48 45 in
731 994 264 45 collections.
1012 994 26 24 *

195 1071 206 44 Another
422 1072 278 44 remarkable
724 1070 168 46 animal
914 1071 234 61 belonging
1170 1077 45 40 to
1238 1072 90 44 this
1351 1087 137 45 group

131 1147 37 46 is
192 1148 258 44 mentioned
472 1149 62 59 by
559 1148 253 45 Humboldt
835 1148 143 45 under
1000 1154 77 39 the
1099 1163 134 30 name
1257 1148 50 46 of
1321 1149 168 45 Maca-

132 1224 427 44 vacahow—Simia
582 1223 166 45 lugens.
827 1224 48 44 It
899 1223 36 45 is
967 1230 250 55 extremely
1239 1240 130 39 rare;
1406 1241 83 29 one

135 1301 221 44 specimen
389 1301 167 59 having
587 1301 107 59 only
726 1301 112 44 been
872 1315 104 30 seen
1009 1301 62 60 by
1101 1307 102 39 that
1233 1301 256 54 naturalist,

136 1377 99 44 who
265 1383 94 38 met
391 1383 113 38 with
533 1376 36 45 it
599 1375 48 47 in
677 1377 77 45 the
786 1375 154 47 forests
971 1378 233 60 bordering
1234 1378 78 44 the
1341 1378 150 46 Cassi-

136 1453 152 59 quaire
322 1454 89 43 and
445 1453 239 45 Guaviare.
753 1452 66 46 As
854 1453 65 45 far
953 1469 47 29 as
1033 1454 57 44 he
1124 1454 129 45 could
1285 1455 138 53 learn,
1456 1454 36 45 it

136 1545 93 29 was
253 1545 82 29 one
359 1529 48 45 of
432 1530 125 44 those
589 1529 87 45 few
700 1545 162 29 species
885 1531 147 44 which
1055 1530 88 45 live
1166 1530 47 44 in
1242 1547 133 43 pairs,
1405 1531 89 45 and

139 1606 101 44 tliat
260 1606 176 59 opinion
453 1606 37 44 is
515 1606 236 44 confirmed
774 1607 61 59 by
853 1606 77 45 the
953 1605 91 46 fear
1061 1607 89 44 and
1168 1607 158 45 dislike
1345 1607 148 45 which

139 1682 35 44 it
199 1682 229 45 exhibited
451 1682 131 45 when
606 1682 155 60 placed
782 1698 108 29 near
913 1698 110 30 even
1055 1699 119 29 some
1198 1682 50 47 of
1272 1690 77 38 the
1376 1690 117 38 most

140 1758 269 45 diminutive
433 1774 163 45 species
620 1758 49 46 of
683 1766 77 38 the
784 1774 121 30 same
928 1775 151 45 genus.

205 1835 44 44 It
274 1851 92 28 was
391 1842 248 54 extremely
663 1851 99 45 shy,
789 1835 88 45 and
909 1851 104 45 only
1045 1836 131 44 when
1205 1836 127 45 alone
1367 1836 128 45 exhi-

141 1911 123 44 bited
300 1911 58 44 its
395 1911 219 60 activity;
646 1927 134 28 when
810 1927 178 44 persons
1022 1927 115 29 were
1168 1928 121 37 near,
1326 1913 171 59 though

144 1987 209 45 occupied
387 1987 112 43 with
534 1987 175 59 general
743 1987 215 54 business,
993 1987 36 44 it
1053 1988 149 45 would
1234 1987 172 45 remain
1434 1987 65 46 for

145 2064 134 44 hours
304 2063 46 43 in
373 2062 271 45 immovable
679 2068 222 39 attention
935 2068 46 39 to
1012 2063 61 44 all
1105 2069 101 39 that
1229 2079 173 45 passed,
1428 2080 68 28 re-

145 2138 149 61 fusing
308 2153 110 30 even
434 2137 112 54 food,
563 2138 170 44 though
751 2138 35 44 it
800 2138 90 45 had
908 2138 101 61 long
1027 2137 155 47 fasted.
1251 2140 91 44 But
1366 2140 131 44 when

146 2216 141 52 alone,
312 2221 77 38 the
413 2214 117 60 sight
549 2212 49 47 of
624 2229 27 29 a
680 2213 96 46 bird
811 2220 46 39 at
881 2229 105 30 once
1008 2230 148 30 rouses
1181 2215 48 45 it.
1298 2216 44 44 It
1378 2216 120 45 darts

146 2307 120 44 upon
299 2291 36 44 it
367 2291 90 44 like
492 2305 26 29 a
561 2305 86 38 cat,
693 2290 219 46 swallows
957 2291 36 44 it
1039 2291 48 45 in
1131 2307 26 29 a
1202 2306 171 39 second,
1410 2293 89 44 and

147 2367 47 45 in
226 2367 58 44 its
308 2366 143 44 whole
481 2381 187 29 manner
696 2373 46 38 at
770 2367 91 45 this
890 2373 126 48 time,
1048 2370 236 43 resembles
1313 2384 27 30 a
1369 2368 130 45 small

149 2442 278 46 carnivorous
452 2441 180 45 animal.

257 2596 20 20 •
295 2595 118 37 There
433 2607 59 24 are
511 2595 90 47 good
621 2596 194 47 specimens
833 2597 38 35 in
890 2596 61 37 tlie
973 2596 207 37 Edinburgh
1203 2596 186 37 Museum,
