1972 3202
652 312 91 31 THE
768 313 90 31 RED
882 312 58 33 OR
963 313 182 32 ASIATIC
1170 313 387 33 ORANG-OUTANG.

416 296 58 45 68

414 438 303 46 croachments
756 439 51 47 of
837 440 288 46 civilization.
1195 439 98 46 The
1330 439 97 47 first
1466 441 38 45 is
1543 447 78 40 the
1659 449 117 39 most

410 516 238 58 probable;
685 517 65 45 for
767 517 36 45 it
826 517 37 46 is
888 533 195 45 scarcely
1105 516 205 61 possible^
1336 516 41 46 if
1392 533 103 30 ever
1516 534 58 29 an
1598 518 179 47 inhabi-

412 597 100 40 tant
549 592 50 45 of
636 599 78 39 the
745 600 158 48 coasts,
944 594 102 45 that
1083 608 28 30 a
1157 593 185 61 solitary
1378 593 252 47 individual
1668 597 108 60 only

410 668 160 46 should
587 670 116 46 have
720 671 113 45 been
853 670 228 54 observed,
1102 670 161 61 during
1277 676 78 40 the
1374 686 109 45 very
1506 671 103 61 long
1625 674 151 58 period

408 750 102 40 that
544 746 91 45 this
670 753 189 55 country
892 747 82 46 has
1008 748 113 45 been
1155 747 228 60 possessed
1412 748 62 60 by
1499 748 272 46 Europeans,

408 837 160 46 among
592 824 150 45 whom
766 839 117 30 were
906 840 105 29 men
1034 830 118 39 most
1175 824 177 44 zealous
1375 823 48 45 in
1442 831 78 38 the
1537 826 177 59 pursuit
1734 826 48 45 of

404 900 182 44 natural
609 900 188 60 history,
823 901 90 44 and
935 906 45 40 to
1005 901 149 44 whom
1179 901 90 44 this
1292 901 92 45 had
1406 902 111 44 been
1542 901 103 61 long
1667 902 106 45 held

404 991 61 44 up
496 991 48 30 as
575 992 81 29 one
687 976 50 46 of
767 984 78 38 the
880 983 193 55 greatest
1108 977 286 59 acquisitions
1427 978 102 44 that
1564 978 130 45 could
1718 981 53 43 be

402 1054 227 57 procured.
713 1054 110 44 This
858 1054 94 44 will
986 1069 162 44 appear
1175 1053 78 45 the
1286 1054 87 44 less
1403 1054 198 44 singular
1635 1055 134 45 when

404 1145 68 29 we
496 1129 200 46 consider
718 1130 79 45 the
820 1130 219 45 immense
1057 1135 156 39 extent
1229 1128 50 46 of
1294 1130 231 45 unknown
1543 1131 223 53 territory,

402 1207 208 60 occupied
633 1208 62 60 by
719 1206 154 47 forests
898 1207 162 45 almost
1084 1206 253 54 boundless,
1363 1206 90 45 and
1476 1206 50 46 of
1551 1213 78 38 the
1652 1215 116 37 most

400 1283 324 60 impenetrable
749 1283 281 61 description,
1057 1283 90 45 and
1170 1297 69 30 we
1266 1297 110 46 may
1400 1282 142 61 easily
1566 1284 202 45 conceive

399 1366 102 39 that
525 1367 111 54 they
661 1360 95 45 will
785 1375 169 46 possess
982 1375 142 45 many
1148 1366 197 47 tenants,
1371 1359 197 46 hitherto
1600 1376 168 29 unseen

400 1452 112 29 even
531 1444 45 38 to
594 1444 79 38 the
695 1453 195 45 piercing
909 1453 105 29 eyes
1033 1435 50 47 of
1092 1437 118 44 their
1227 1436 158 45 native
1398 1436 201 46 hunters.
1670 1438 96 45 The

398 1520 118 38 most
551 1515 353 44 unaccountable
936 1513 319 45 circumstance
1285 1513 51 53 is,
1368 1513 101 45 that
1507 1519 78 39 the
1614 1529 152 45 yomig

397 1604 74 30 are
496 1605 44 30 so
565 1589 255 61 frequently
844 1596 93 39 met
962 1590 127 54 with,
1112 1590 134 45 ivhile
1269 1596 78 38 the
1369 1590 194 60 gigantic
1586 1598 179 52 parents

396 1666 115 45 have
536 1667 193 60 scarcely
753 1668 112 43 been
896 1666 260 60 perceived;
1195 1666 104 53 and,
1329 1673 157 37 except
1519 1666 45 44 in
1593 1666 76 45 the
1694 1667 70 43 in-

397 1759 150 29 stance
572 1759 68 29 we
663 1744 116 44 have
814 1742 272 54 mentioned,
1113 1742 116 45 exist
1253 1743 107 59 only
1383 1742 45 44 in
1454 1750 76 36 the
1555 1749 207 38 accounts

395 1820 179 45 handed
598 1820 132 45 down
754 1818 112 46 from
889 1818 160 61 family
1073 1825 46 39 to
1142 1818 173 61 family.

461 1897 90 45 We
574 1898 115 44 have
714 1912 103 30 seen
840 1897 77 44 the
940 1897 130 44 black
1094 1911 135 45 orang
1251 1894 50 47 of
1327 1895 155 45 Africa
1505 1901 45 39 to
1573 1896 54 43 be
1652 1910 109 46 very

394 1974 112 46 local
529 1973 48 46 in
600 1981 78 38 the
702 1980 157 39 extent
884 1971 49 47 of
948 1973 58 45 its
1031 1971 302 54 distribution,
1358 1971 253 61 inhabiting
1634 1973 82 44 but
1735 1988 27 29 a

396 2050 132 46 small
551 2058 173 54 portion
740 2049 49 48 of
804 2067 27 29 a
854 2056 101 40 vast
979 2055 243 41 continent.
1293 2049 97 45 The
1413 2049 77 45 red
1508 2064 135 45 orang
1659 2065 102 44 pos-

396 2143 139 30 sesses
574 2135 78 38 the
693 2143 121 30 same
845 2126 268 62 peculiarity
1137 2126 48 45 in
1218 2126 58 45 its
1310 2141 149 45 range,
1495 2126 89 44 and
1618 2141 141 29 seems

394 2204 203 45 confined
618 2212 46 37 to
689 2205 77 44 the
791 2205 175 44 Islands
991 2202 50 46 of
1058 2205 169 43 Borneo
1251 2203 90 44 and
1363 2203 226 52 Sumatra,
1610 2203 89 43 and
1712 2208 46 39 to

393 2287 77 37 the
510 2280 236 60 peninsula
782 2278 50 46 of
869 2279 215 53 Malacca,
1132 2278 254 61 inhabiting
1425 2279 76 44 the
1538 2278 219 45 immense

393 2355 169 55 forests,
588 2356 90 45 and
700 2371 146 46 rarely
870 2355 239 61 appearing
1132 2369 55 30 on
1212 2354 117 45 their
1352 2354 228 46 outskirts.

456 2434 129 46 Since
607 2440 77 38 the
709 2432 176 53 anival,
910 2432 47 45 in
986 2437 135 48 1818,
1142 2430 50 46 of
1212 2438 77 38 the
1313 2431 76 44 red
1413 2446 148 46 orang,
1585 2430 173 46 figured

393 2511 90 46 and
507 2526 45 31 so
576 2511 253 60 admirably
854 2509 225 46 described
1098 2510 61 59 by
1179 2510 65 44 Dr
1263 2509 132 53 Abel,
1417 2509 169 45 several
1604 2524 153 46 young
