2107 3450
1802 265 86 45 347

855 273 166 33 VISUAL
1054 275 207 32 APHASIA.

229 394 156 55 totally
424 391 290 45 word-blind,1
754 394 84 41 and
874 408 133 28 never
1045 396 269 55 attempting
1353 395 141 42 either
1534 400 43 38 to
1616 396 101 42 read
1757 411 47 28 or
1842 402 44 36 to

230 466 121 43 write
370 481 10 39 ;
411 465 86 44 and
522 466 255 56 presenting
798 479 118 29 some
940 466 196 43 amnesia
1160 469 46 39 ol"
1226 481 154 28 nouns,
1406 467 44 41 in
1475 466 69 43 his
1568 468 315 43 conversation.

226 538 126 43 With
378 539 71 42 the
473 538 230 43 exception
729 538 44 43 of
792 543 84 37 two
902 538 169 56 periods
1095 539 47 41 of
1161 553 119 29 some
1304 538 156 44 weeks'
1485 539 217 51 duration,
1724 539 161 58 during

229 611 138 42 which
394 611 68 41 his
494 611 121 41 mind
652 625 84 28 was
770 625 24 27 a
825 610 111 57 good
969 611 98 42 deal
1100 611 229 43 disturbed
1362 611 59 57 by
1445 611 237 43 delusions,
1705 611 55 43 he
1795 626 88 28 was

225 683 211 56 perfectly
462 683 204 53 rational;
695 683 165 56 though
886 683 325 43 intellectually
1236 684 52 42 he
1314 698 86 28 was
1424 698 56 28 no
1505 683 153 58 longer
1681 683 74 43 the
1781 698 100 27 man

223 756 54 43 he
301 755 85 43 had
409 755 109 43 been
542 755 147 43 before
712 755 69 43 his
804 755 165 43 illness.
1035 756 71 43 He
1128 756 118 43 lived
1265 756 173 57 quietly
1456 760 46 40 at
1524 756 143 44 home,
1689 756 85 43 and
1794 771 88 28 was

223 828 96 43 able
342 832 44 38 to
409 828 57 42 sit
489 842 59 41 up
573 832 113 38 most
709 828 45 42 of
777 827 74 44 the
875 828 97 57 day,
995 829 87 42 and
1116 834 44 37 to
1192 843 52 42 go
1277 835 78 37 out
1388 829 66 43 for
1487 844 25 28 a
1545 829 124 43 drive
1702 829 43 42 in
1771 829 111 57 good

223 899 199 43 weather.
490 901 51 41 In
567 900 75 43 the
665 901 221 56 evenings,
909 900 55 44 he
990 916 85 28 was
1100 902 43 41 in
1170 902 74 43 the
1267 901 124 44 habit
1414 902 45 43 of
1480 902 184 43 hearing
1685 902 71 43 his
1778 916 102 29 sons

218 987 77 42 say
318 973 114 43 their
455 973 129 42 Latin
619 973 167 43 lessons
819 989 104 27 over
945 978 44 38 to
1023 974 90 42 him
1132 990 8 37 ;
1173 974 86 43 and
1282 975 55 42 he
1361 974 128 43 could
1523 975 165 42 always
1711 978 169 39 correct

219 1046 118 42 them
373 1046 35 42 if
450 1046 104 43 they
591 1047 123 42 made
753 1061 24 27 a
815 1047 196 43 mistake.
1076 1047 289 43 Throughout
1397 1047 68 43 his
1498 1047 165 43 illness,
1698 1047 55 43 he
1792 1062 86 28 was

219 1117 213 45 carefully
456 1118 209 43 attended
698 1119 56 55 by
781 1132 72 29 my
878 1118 139 43 friend
1051 1119 68 42 Dr
1151 1119 48 43 E.
1223 1119 52 43 A.
1304 1119 182 43 Lundie.
1552 1119 71 42 He
1651 1118 102 43 died
1777 1119 44 42 of
1852 1133 26 28 a

220 1191 264 56 pneumonic
506 1191 161 43 attack,
690 1205 55 29 on
770 1191 74 43 the
869 1191 105 43 15th
999 1191 47 42 of
1067 1191 190 43 October
1282 1192 128 51 1892,
1433 1195 66 39 set.
1526 1191 66 45 74.

279 1262 91 43 The
403 1267 185 50 autopsy
626 1277 84 27 was
745 1262 242 43 conducted
1024 1262 58 56 by
1122 1262 64 41 Dr
1224 1262 141 52 Leith,
1404 1261 276 43 Pathologist
1720 1266 44 37 to
1805 1261 72 42 the

219 1334 141 56 Eoyal
403 1334 249 56 Infirmary,
710 1334 67 42 Dr
819 1334 169 42 Lundie
1032 1334 86 42 and
1162 1335 22 41 I
1229 1334 130 42 being
1402 1334 91 42 also
1538 1338 189 52 present.
1806 1333 70 43 On

218 1407 299 43 examination
552 1407 46 40 of
632 1406 74 42 the
746 1406 139 42 brain,
922 1407 36 41 it
999 1421 85 27 was
1128 1406 139 42 found
1309 1406 98 42 that
1450 1406 75 42 the
1570 1410 308 38 convolutions

215 1479 191 42 forming
428 1479 74 42 the
536 1477 155 57 speech
717 1483 169 37 centres
919 1478 158 42 ABC
1112 1478 86 42 and
1222 1478 41 42 D
1301 1492 109 28 were
1433 1478 169 42 normal
1627 1478 45 41 in
1698 1492 178 42 appear-

215 1565 118 28 ance,
353 1550 72 41 the
445 1549 184 56 angular
646 1549 284 43 convolution
951 1550 33 43 C
1004 1550 131 55 being
1159 1549 181 42 normal,
1359 1549 90 42 like
1471 1548 73 43 the
1563 1549 158 42 others.
1787 1549 91 42 The

214 1622 117 42 chief
357 1621 166 42 morbid
547 1636 293 42 appearances
872 1636 110 28 were
1017 1622 136 42 found
1177 1636 54 28 on
1259 1622 73 42 the
1370 1622 139 42 under
1531 1622 172 42 surface
1728 1622 46 41 of
1804 1622 74 42 the

213 1694 202 43 occipital
452 1694 106 43 lobe.
624 1695 54 41 In
714 1694 69 43 his
820 1694 165 44 careful
1022 1699 158 52 report,
1214 1696 65 41 Dr
1313 1694 127 43 Leith
1482 1700 125 37 notes
1643 1694 96 42 that
1772 1695 106 56 they

215 1782 109 28 were
348 1767 226 42 exhibited
599 1767 158 43 chiefly
780 1767 43 42 in
852 1767 74 43 the
951 1767 190 43 Inferior
1167 1766 464 58 Temporo-Occipital
1655 1766 221 43 Convolu-

211 1840 92 42 tion
327 1839 98 56 (4th
451 1839 264 56 Temporal),
738 1840 75 43 the
836 1840 328 56 Hippocampal
1189 1839 313 44 Convolution,
1526 1839 86 43 and
1637 1839 75 43 the
1732 1839 143 43 Colla-

211 1912 106 43 teral
344 1913 189 41 Fissure,
551 1911 85 43 and
655 1911 91 43 also
764 1912 45 42 in
829 1912 75 43 the
925 1911 191 57 Lingual
1137 1912 312 43 Convolution,
1467 1912 76 43 the
1561 1912 193 43 anterior
1777 1918 100 51 part

211 1985 45 42 of
289 1985 74 43 the
394 1985 190 43 Cuneus,
610 1984 87 43 and
728 1984 74 44 the
835 1984 226 44 Calcarine
1096 1985 186 43 Fissure.
1348 1986 53 41 In
1438 1985 123 43 these
1594 1990 133 51 parts,
1750 1985 124 43 there

214 2070 84 26 was
333 2054 209 42 thinning
574 2054 44 42 of
651 2053 74 43 the
759 2058 149 38 cortex
941 2054 114 42 from
1087 2054 199 56 atrophy.
1353 2054 69 43 On
1445 2054 179 44 section,
1648 2055 67 41 Dr
1745 2054 128 44 Leith

212 2126 135 43 found
382 2126 98 42 that
514 2125 187 43 beneath
741 2126 74 42 the
848 2126 231 43 atrophied
1117 2132 147 37 cortex
1300 2126 122 43 there
1460 2141 87 28 was
1571 2127 94 42 still
1703 2131 172 53 greater

209 2200 187 56 atrophy
430 2199 46 42 of
505 2198 76 43 the
614 2198 133 44 white
780 2204 171 38 matter,
989 2199 88 43 this
1117 2199 131 43 being
1285 2214 47 28 so
1370 2199 184 43 marked
1587 2199 99 43 that
1718 2203 47 39 at
1796 2200 76 43 the

207 2271 151 43 region
391 2271 45 43 of
467 2285 191 43 greatest
691 2271 188 57 atrophy
903 2271 76 44 the
1013 2275 207 40 remnant
1252 2272 48 43 of
1329 2272 75 43 the
1438 2277 151 38 cortex
1622 2286 122 29 came
1776 2272 96 43 into

205 2343 140 43 direct
367 2343 247 43 connexion
640 2344 107 43 with
780 2344 74 43 the
877 2344 249 56 ependyma
1149 2344 44 43 of
1225 2344 76 44 the
1324 2344 270 44 ventricular
1620 2345 123 43 horn.
1807 2346 65 42 At

208 2417 87 43 this
317 2417 150 43 region
492 2417 44 42 of
567 2431 192 42 greatest
781 2417 187 56 atrophy
994 2417 95 54 (the
1120 2417 141 43 under
1293 2417 170 43 surface
1487 2417 45 43 of
1554 2417 76 43 the
1664 2418 207 43 occipital

205 2490 110 42 lobe,
338 2494 135 38 about
508 2489 75 43 the
612 2489 164 44 middle
809 2490 45 43 of
883 2490 76 42 the
993 2490 192 42 Inferior
1217 2490 459 43 Temporo-Occipital
1710 2505 47 28 or
1789 2491 77 42 4th

205 2563 229 56 Temporal
460 2563 330 56 Convolution),
805 2562 121 44 there
951 2577 87 28 was
1062 2578 24 27 a
1110 2563 182 43 marked
1317 2563 254 43 depression
1596 2578 55 27 on
1676 2563 76 44 the
1775 2578 93 28 sur-

207 2636 91 41 face
316 2635 44 42 of
378 2634 74 43 the
471 2634 125 43 brain
620 2635 135 42 about
778 2635 56 56 2
853 2635 151 43 inches
1023 2635 45 43 in
1087 2635 166 57 length,
1270 2635 87 42 and
1382 2635 111 42 from
1513 2635 26 56 f
1558 2635 47 42 of
1624 2649 55 29 an
1700 2635 102 43 inch
1824 2640 44 38 to

205 2722 52 27 an
278 2706 101 43 inch
400 2707 45 42 in
469 2706 195 44 breadth.
715 2707 105 43 This
840 2707 252 57 depression
1119 2707 179 43 marked
1324 2707 74 43 the
1417 2707 214 42 situation
1650 2707 45 43 of
1718 2722 23 27 a
1757 2707 110 43 kind

203 2779 45 42 of
270 2778 208 57 cyst-like
513 2779 146 56 cavity
689 2779 141 43 where
856 2779 73 43 the
952 2794 105 42 grey
1081 2783 160 39 matter
1263 2779 87 42 and
1380 2779 73 42 the
1478 2779 231 43 subjacent
1733 2779 135 43 white

205 2858 159 35 matter
385 2850 86 43 had
497 2851 108 43 been
630 2851 157 43 almost
811 2852 191 56 entirely
1020 2851 246 57 destroyed,
1289 2865 47 29 so
1360 2851 97 43 that
1483 2851 71 42 the
1579 2850 123 43 walls
1726 2852 47 41 of
1793 2851 74 42 the

204 2924 145 42 cavity
377 2937 113 29 were
523 2923 155 56 chiefly
705 2924 167 43 formed
906 2924 44 43 of
981 2924 74 57 pia
1086 2928 142 38 mater
1250 2938 53 28 on
1340 2923 76 42 the
1449 2937 81 28 one
1555 2923 92 42 side
1681 2923 86 42 and
1792 2923 74 43 the

251 3018 12 23 1
293 3017 71 37 His
392 3029 67 25 son
487 3015 87 39 tells
601 3029 61 25 me
689 3017 84 37 that
801 3017 65 37 the
894 3018 158 48 patient,
1072 3031 48 24 on
1148 3031 71 24 one
1247 3018 181 37 occasion,
1448 3021 74 33 two
1548 3029 107 36 years
1681 3016 96 37 after
1803 3016 65 37 the

202 3078 208 49 beginning
429 3077 39 37 of
483 3077 60 37 his
569 3077 142 38 illness,
732 3078 110 37 made
868 3083 67 33 out
962 3092 21 24 a
1001 3091 111 25 name
1131 3091 103 37 upon
1250 3091 21 25 a
1300 3082 226 43 tombstone,
1545 3077 146 37 though
1718 3076 48 37 he
1792 3088 76 24 was

202 3152 129 24 wrong
349 3140 39 35 in
407 3139 160 49 spelling
588 3139 64 37 the
671 3139 107 37 other
795 3140 129 37 letters
943 3139 41 37 of
1002 3140 64 36 the
1088 3140 235 49 inscription.
