<?xml version="1.0" encoding="UTF-8"?>
<alto xmlns="http://www.loc.gov/standards/alto/ns-v2#" xmlns:xsi="http://www.w3.org/2001/XMLSchema-instance" xsi:schemaLocation="http://www.loc.gov/standards/alto/ns-v2# http://www.loc.gov/standards/alto/alto.xsd">
  <Description>
    <MeasurementUnit>pixel</MeasurementUnit>
    <sourceImageInformation>
      <fileName>b20392321_abbyy.xml</fileName>
    </sourceImageInformation>
    <OCRProcessing ID="OCR_1">
      <preProcessingStep>
        <processingDateTime>2015-06-16T02:11:33</processingDateTime>
        <processingAgency>intranda GmbH, www.intranda.com</processingAgency>
        <processingSoftware>
          <softwareCreator>intranda GmbH, Germany</softwareCreator>
          <softwareName>intranda OCR Module for TaskManager</softwareName>
          <softwareVersion>1.0r42</softwareVersion>
        </processingSoftware>
      </preProcessingStep>
      <ocrProcessingStep>
        <processingSoftware>
          <softwareCreator>ABBYY (BIT Software), Russia</softwareCreator>
          <softwareName>FineReader Engine</softwareName>
          <softwareVersion>10</softwareVersion>
        </processingSoftware>
      </ocrProcessingStep>
    </OCRProcessing>
  </Description>
  <Layout>
    <Page PHYSICAL_IMG_NR="83" ID="PAGE_83" WIDTH="1933" HEIGHT="3302">
      <TopMargin ID="TopMargin_1" HPOS="456" VPOS="134" WIDTH="1225" HEIGHT="41">
        <TextBlock ID="TextBlock_296" HPOS="456" VPOS="134" WIDTH="1225" HEIGHT="41">
          <TextLine ID="TextLine_3696" HPOS="456" VPOS="134" WIDTH="844" HEIGHT="41">
            <String ID="Word_32633" HPOS="456" VPOS="139" WIDTH="169" HEIGHT="32" CONTENT="Oertliche" />
            <SP ID="SP_28942" HPOS="625" VPOS="137" WIDTH="24" HEIGHT="0" />
            <String ID="Word_32634" HPOS="649" VPOS="137" WIDTH="227" HEIGHT="32" CONTENT="Behandlung" />
            <SP ID="SP_28943" HPOS="876" VPOS="136" WIDTH="23" HEIGHT="0" />
            <String ID="Word_32635" HPOS="899" VPOS="136" WIDTH="59" HEIGHT="31" CONTENT="des" />
            <SP ID="SP_28944" HPOS="958" VPOS="134" WIDTH="25" HEIGHT="0" />
            <String ID="Word_32636" HPOS="983" VPOS="134" WIDTH="317" HEIGHT="41" CONTENT="Hospitalbrandes." />
          </TextLine>
          <TextLine ID="TextLine_3697" HPOS="1631" VPOS="134" WIDTH="50" HEIGHT="38">
            <String ID="Word_32637" HPOS="1631" VPOS="134" WIDTH="50" HEIGHT="38" CONTENT="63" />
          </TextLine>
        </TextBlock>
      </TopMargin>
      <PrintSpace ID="PrintSpace_84" HPOS="79" VPOS="1704" WIDTH="1608" HEIGHT="1268">
        <TextBlock ID="TextBlock_294" HPOS="71" VPOS="234" WIDTH="1621" HEIGHT="1196">
          <TextLine ID="TextLine_3698" HPOS="77" VPOS="240" WIDTH="1609" HEIGHT="58">
            <String ID="Word_32638" HPOS="77" VPOS="250" WIDTH="53" HEIGHT="37" CONTENT="im" />
            <SP ID="SP_28945" HPOS="130" VPOS="249" WIDTH="30" HEIGHT="0" />
            <String ID="Word_32639" HPOS="160" VPOS="249" WIDTH="153" HEIGHT="37" CONTENT="Körper" />
            <SP ID="SP_28946" HPOS="313" VPOS="246" WIDTH="38" HEIGHT="0" />
            <String ID="Word_32640" HPOS="351" VPOS="246" WIDTH="337" HEIGHT="40" CONTENT="zurückzulassen." />
            <SP ID="SP_28947" HPOS="688" VPOS="244" WIDTH="59" HEIGHT="0" />
            <String ID="Word_32641" HPOS="747" VPOS="244" WIDTH="202" HEIGHT="40" CONTENT="Granulirt" />
            <SP ID="SP_28948" HPOS="949" VPOS="243" WIDTH="29" HEIGHT="0" />
            <String ID="Word_32642" HPOS="978" VPOS="243" WIDTH="60" HEIGHT="38" CONTENT="die" />
            <SP ID="SP_28949" HPOS="1038" VPOS="242" WIDTH="31" HEIGHT="0" />
            <String ID="Word_32643" HPOS="1069" VPOS="242" WIDTH="158" HEIGHT="38" CONTENT="Wunde" />
            <SP ID="SP_28950" HPOS="1227" VPOS="242" WIDTH="29" HEIGHT="0" />
            <String ID="Word_32644" HPOS="1256" VPOS="244" WIDTH="91" HEIGHT="48" CONTENT="gut," />
            <SP ID="SP_28951" HPOS="1347" VPOS="244" WIDTH="36" HEIGHT="0" />
            <String ID="Word_32645" HPOS="1383" VPOS="254" WIDTH="43" HEIGHT="26" CONTENT="so" />
            <SP ID="SP_28952" HPOS="1426" VPOS="241" WIDTH="39" HEIGHT="0" />
            <String ID="Word_32646" HPOS="1465" VPOS="254" WIDTH="114" HEIGHT="32" CONTENT="wird," />
            <SP ID="SP_28953" HPOS="1579" VPOS="240" WIDTH="37" HEIGHT="0" />
            <String ID="Word_32647" HPOS="1616" VPOS="240" WIDTH="70" HEIGHT="38" CONTENT="ab-" />
          </TextLine>
          <TextLine ID="TextLine_3699" HPOS="78" VPOS="296" WIDTH="1608" HEIGHT="57">
            <String ID="Word_32648" HPOS="78" VPOS="303" WIDTH="171" HEIGHT="50" CONTENT="gesehen" />
            <SP ID="SP_28954" HPOS="249" VPOS="303" WIDTH="31" HEIGHT="0" />
            <String ID="Word_32649" HPOS="280" VPOS="316" WIDTH="73" HEIGHT="24" CONTENT="von" />
            <SP ID="SP_28955" HPOS="353" VPOS="300" WIDTH="29" HEIGHT="0" />
            <String ID="Word_32650" HPOS="382" VPOS="300" WIDTH="210" HEIGHT="39" CONTENT="Recidiven" />
            <SP ID="SP_28956" HPOS="592" VPOS="300" WIDTH="31" HEIGHT="0" />
            <String ID="Word_32651" HPOS="623" VPOS="301" WIDTH="77" HEIGHT="37" CONTENT="und" />
            <SP ID="SP_28957" HPOS="700" VPOS="299" WIDTH="40" HEIGHT="0" />
            <String ID="Word_32652" HPOS="740" VPOS="304" WIDTH="210" HEIGHT="45" CONTENT="zufälligen" />
            <SP ID="SP_28958" HPOS="950" VPOS="296" WIDTH="32" HEIGHT="0" />
            <String ID="Word_32653" HPOS="982" VPOS="296" WIDTH="343" HEIGHT="46" CONTENT="Zwischenfällen," />
            <SP ID="SP_28959" HPOS="1325" VPOS="296" WIDTH="40" HEIGHT="0" />
            <String ID="Word_32654" HPOS="1365" VPOS="296" WIDTH="60" HEIGHT="38" CONTENT="die" />
            <SP ID="SP_28960" HPOS="1425" VPOS="296" WIDTH="31" HEIGHT="0" />
            <String ID="Word_32655" HPOS="1456" VPOS="296" WIDTH="230" HEIGHT="49" CONTENT="begonnene" />
          </TextLine>
          <TextLine ID="TextLine_3700" HPOS="78" VPOS="348" WIDTH="1608" HEIGHT="53">
            <String ID="Word_32656" HPOS="78" VPOS="356" WIDTH="336" HEIGHT="39" CONTENT="ßecüuvalescenz" />
            <SP ID="SP_28961" HPOS="414" VPOS="354" WIDTH="42" HEIGHT="0" />
            <String ID="Word_32657" HPOS="456" VPOS="354" WIDTH="89" HEIGHT="38" CONTENT="bald" />
            <SP ID="SP_28962" HPOS="545" VPOS="354" WIDTH="37" HEIGHT="0" />
            <String ID="Word_32658" HPOS="582" VPOS="368" WIDTH="46" HEIGHT="24" CONTENT="zu" />
            <SP ID="SP_28963" HPOS="628" VPOS="355" WIDTH="41" HEIGHT="0" />
            <String ID="Word_32659" HPOS="669" VPOS="367" WIDTH="105" HEIGHT="24" CONTENT="einer" />
            <SP ID="SP_28964" HPOS="774" VPOS="351" WIDTH="39" HEIGHT="0" />
            <String ID="Word_32660" HPOS="813" VPOS="351" WIDTH="298" HEIGHT="40" CONTENT="vollständigen." />
            <SP ID="SP_28965" HPOS="1111" VPOS="349" WIDTH="69" HEIGHT="0" />
            <String ID="Word_32661" HPOS="1180" VPOS="349" WIDTH="203" HEIGHT="38" CONTENT="Während" />
            <SP ID="SP_28966" HPOS="1383" VPOS="349" WIDTH="38" HEIGHT="0" />
            <String ID="Word_32662" HPOS="1421" VPOS="350" WIDTH="61" HEIGHT="38" CONTENT="die" />
            <SP ID="SP_28967" HPOS="1482" VPOS="348" WIDTH="36" HEIGHT="0" />
            <String ID="Word_32663" HPOS="1518" VPOS="348" WIDTH="168" HEIGHT="39" CONTENT="Anämie" />
          </TextLine>
          <TextLine ID="TextLine_3701" HPOS="79" VPOS="402" WIDTH="1607" HEIGHT="57">
            <String ID="Word_32664" HPOS="79" VPOS="410" WIDTH="78" HEIGHT="38" CONTENT="und" />
            <SP ID="SP_28968" HPOS="157" VPOS="410" WIDTH="30" HEIGHT="0" />
            <String ID="Word_32665" HPOS="187" VPOS="410" WIDTH="283" HEIGHT="49" CONTENT="Abmagerung" />
            <SP ID="SP_28969" HPOS="470" VPOS="407" WIDTH="30" HEIGHT="0" />
            <String ID="Word_32666" HPOS="500" VPOS="407" WIDTH="81" HEIGHT="38" CONTENT="sich" />
            <SP ID="SP_28970" HPOS="581" VPOS="407" WIDTH="29" HEIGHT="0" />
            <String ID="Word_32667" HPOS="610" VPOS="407" WIDTH="106" HEIGHT="38" CONTENT="hebt," />
            <SP ID="SP_28971" HPOS="716" VPOS="407" WIDTH="32" HEIGHT="0" />
            <String ID="Word_32668" HPOS="748" VPOS="408" WIDTH="177" HEIGHT="37" CONTENT="tendiren" />
            <SP ID="SP_28972" HPOS="925" VPOS="404" WIDTH="31" HEIGHT="0" />
            <String ID="Word_32669" HPOS="956" VPOS="404" WIDTH="140" HEIGHT="39" CONTENT="örtlich" />
            <SP ID="SP_28973" HPOS="1096" VPOS="404" WIDTH="30" HEIGHT="0" />
            <String ID="Word_32670" HPOS="1126" VPOS="404" WIDTH="61" HEIGHT="38" CONTENT="die" />
            <SP ID="SP_28974" HPOS="1187" VPOS="403" WIDTH="39" HEIGHT="0" />
            <String ID="Word_32671" HPOS="1226" VPOS="403" WIDTH="56" HEIGHT="38" CONTENT="als" />
            <SP ID="SP_28975" HPOS="1282" VPOS="403" WIDTH="34" HEIGHT="0" />
            <String ID="Word_32672" HPOS="1316" VPOS="404" WIDTH="212" HEIGHT="38" CONTENT="besonders" />
            <SP ID="SP_28976" HPOS="1528" VPOS="402" WIDTH="37" HEIGHT="0" />
            <String ID="Word_32673" HPOS="1565" VPOS="402" WIDTH="121" HEIGHT="39" CONTENT="frisch" />
          </TextLine>
          <TextLine ID="TextLine_3702" HPOS="79" VPOS="457" WIDTH="1259" HEIGHT="52">
            <String ID="Word_32674" HPOS="79" VPOS="464" WIDTH="277" HEIGHT="38" CONTENT="bezeichneten" />
            <SP ID="SP_28977" HPOS="356" VPOS="461" WIDTH="32" HEIGHT="0" />
            <String ID="Word_32675" HPOS="388" VPOS="461" WIDTH="306" HEIGHT="39" CONTENT="Granulationen" />
            <SP ID="SP_28978" HPOS="694" VPOS="461" WIDTH="29" HEIGHT="0" />
            <String ID="Word_32676" HPOS="723" VPOS="474" WIDTH="68" HEIGHT="25" CONTENT="zur" />
            <SP ID="SP_28979" HPOS="791" VPOS="460" WIDTH="28" HEIGHT="0" />
            <String ID="Word_32677" HPOS="819" VPOS="460" WIDTH="194" HEIGHT="39" CONTENT="Narbung" />
            <SP ID="SP_28980" HPOS="1013" VPOS="458" WIDTH="29" HEIGHT="0" />
            <String ID="Word_32678" HPOS="1042" VPOS="458" WIDTH="75" HEIGHT="38" CONTENT="und" />
            <SP ID="SP_28981" HPOS="1117" VPOS="457" WIDTH="33" HEIGHT="0" />
            <String ID="Word_32679" HPOS="1150" VPOS="457" WIDTH="188" HEIGHT="50" CONTENT="Heilung." />
          </TextLine>
          <TextLine ID="TextLine_3703" HPOS="209" VPOS="510" WIDTH="1474" HEIGHT="57">
            <String ID="Word_32680" HPOS="209" VPOS="517" WIDTH="191" HEIGHT="49" CONTENT="Dagegen" />
            <SP ID="SP_28982" HPOS="400" VPOS="515" WIDTH="20" HEIGHT="0" />
            <String ID="Word_32681" HPOS="420" VPOS="520" WIDTH="173" HEIGHT="46" CONTENT="gehören" />
            <SP ID="SP_28983" HPOS="593" VPOS="514" WIDTH="21" HEIGHT="0" />
            <String ID="Word_32682" HPOS="614" VPOS="514" WIDTH="163" HEIGHT="38" CONTENT="örtliche" />
            <SP ID="SP_28984" HPOS="777" VPOS="514" WIDTH="22" HEIGHT="0" />
            <String ID="Word_32683" HPOS="799" VPOS="514" WIDTH="233" HEIGHT="38" CONTENT="dauernde" />
            <SP ID="SP_28985" HPOS="1032" VPOS="511" WIDTH="21" HEIGHT="0" />
            <String ID="Word_32684" HPOS="1053" VPOS="511" WIDTH="299" HEIGHT="46" CONTENT="Nachtheile," />
            <SP ID="SP_28986" HPOS="1352" VPOS="511" WIDTH="23" HEIGHT="0" />
            <String ID="Word_32685" HPOS="1375" VPOS="511" WIDTH="165" HEIGHT="52" CONTENT="bedingt" />
            <SP ID="SP_28987" HPOS="1540" VPOS="510" WIDTH="21" HEIGHT="0" />
            <String ID="Word_32686" HPOS="1561" VPOS="510" WIDTH="122" HEIGHT="39" CONTENT="durch" />
          </TextLine>
          <TextLine ID="TextLine_3704" HPOS="81" VPOS="565" WIDTH="1603" HEIGHT="54">
            <String ID="Word_32687" HPOS="81" VPOS="571" WIDTH="60" HEIGHT="38" CONTENT="die" />
            <SP ID="SP_28988" HPOS="141" VPOS="571" WIDTH="14" HEIGHT="0" />
            <String ID="Word_32688" HPOS="155" VPOS="571" WIDTH="289" HEIGHT="37" CONTENT="Zerstörungen" />
            <SP ID="SP_28989" HPOS="444" VPOS="569" WIDTH="22" HEIGHT="0" />
            <String ID="Word_32689" HPOS="466" VPOS="569" WIDTH="77" HEIGHT="37" CONTENT="und" />
            <SP ID="SP_28990" HPOS="543" VPOS="569" WIDTH="18" HEIGHT="0" />
            <String ID="Word_32690" HPOS="561" VPOS="569" WIDTH="73" HEIGHT="36" CONTENT="den" />
            <SP ID="SP_28991" HPOS="634" VPOS="568" WIDTH="18" HEIGHT="0" />
            <String ID="Word_32691" HPOS="652" VPOS="568" WIDTH="357" HEIGHT="39" CONTENT="Substanzverlust," />
            <SP ID="SP_28992" HPOS="1009" VPOS="566" WIDTH="19" HEIGHT="0" />
            <String ID="Word_32692" HPOS="1028" VPOS="566" WIDTH="192" HEIGHT="38" CONTENT="durchaus" />
            <SP ID="SP_28993" HPOS="1220" VPOS="565" WIDTH="22" HEIGHT="0" />
            <String ID="Word_32693" HPOS="1242" VPOS="565" WIDTH="108" HEIGHT="38" CONTENT="nicht" />
            <SP ID="SP_28994" HPOS="1350" VPOS="565" WIDTH="20" HEIGHT="0" />
            <String ID="Word_32694" HPOS="1370" VPOS="579" WIDTH="48" HEIGHT="23" CONTENT="zu" />
            <SP ID="SP_28995" HPOS="1418" VPOS="566" WIDTH="21" HEIGHT="0" />
            <String ID="Word_32695" HPOS="1439" VPOS="566" WIDTH="73" HEIGHT="37" CONTENT="den" />
            <SP ID="SP_28996" HPOS="1512" VPOS="565" WIDTH="17" HEIGHT="0" />
            <String ID="Word_32696" HPOS="1529" VPOS="565" WIDTH="155" HEIGHT="38" CONTENT="Selten-" />
          </TextLine>
          <TextLine ID="TextLine_3705" HPOS="79" VPOS="619" WIDTH="1606" HEIGHT="52">
            <String ID="Word_32697" HPOS="79" VPOS="625" WIDTH="144" HEIGHT="37" CONTENT="heiten." />
            <SP ID="SP_28997" HPOS="223" VPOS="623" WIDTH="32" HEIGHT="0" />
            <String ID="Word_32698" HPOS="255" VPOS="623" WIDTH="127" HEIGHT="39" CONTENT="Unter" />
            <SP ID="SP_28998" HPOS="382" VPOS="622" WIDTH="20" HEIGHT="0" />
            <String ID="Word_32699" HPOS="402" VPOS="622" WIDTH="228" HEIGHT="38" CONTENT="Fischer's" />
            <SP ID="SP_28999" HPOS="630" VPOS="622" WIDTH="22" HEIGHT="0" />
            <String ID="Word_32700" HPOS="652" VPOS="623" WIDTH="50" HEIGHT="36" CONTENT="22" />
            <SP ID="SP_29000" HPOS="702" VPOS="622" WIDTH="15" HEIGHT="0" />
            <String ID="Word_32701" HPOS="717" VPOS="622" WIDTH="137" HEIGHT="38" CONTENT="Fällen" />
            <SP ID="SP_29001" HPOS="854" VPOS="622" WIDTH="20" HEIGHT="0" />
            <String ID="Word_32702" HPOS="874" VPOS="635" WIDTH="76" HEIGHT="24" CONTENT="von" />
            <SP ID="SP_29002" HPOS="950" VPOS="621" WIDTH="19" HEIGHT="0" />
            <String ID="Word_32703" HPOS="969" VPOS="625" WIDTH="205" HEIGHT="46" CONTENT="pulpösem" />
            <SP ID="SP_29003" HPOS="1174" VPOS="619" WIDTH="21" HEIGHT="0" />
            <String ID="Word_32704" HPOS="1195" VPOS="619" WIDTH="312" HEIGHT="50" CONTENT="Hospitalbrand" />
            <SP ID="SP_29004" HPOS="1507" VPOS="619" WIDTH="20" HEIGHT="0" />
            <String ID="Word_32705" HPOS="1527" VPOS="619" WIDTH="158" HEIGHT="38" CONTENT="blieben" />
          </TextLine>
          <TextLine ID="TextLine_3706" HPOS="80" VPOS="673" WIDTH="1605" HEIGHT="52">
            <String ID="Word_32706" HPOS="80" VPOS="678" WIDTH="62" HEIGHT="37" CONTENT="bei" />
            <SP ID="SP_29005" HPOS="142" VPOS="678" WIDTH="28" HEIGHT="0" />
            <String ID="Word_32707" HPOS="170" VPOS="678" WIDTH="24" HEIGHT="37" CONTENT="4" />
            <SP ID="SP_29006" HPOS="194" VPOS="677" WIDTH="30" HEIGHT="0" />
            <String ID="Word_32708" HPOS="224" VPOS="677" WIDTH="162" HEIGHT="38" CONTENT="örtliche" />
            <SP ID="SP_29007" HPOS="386" VPOS="675" WIDTH="30" HEIGHT="0" />
            <String ID="Word_32709" HPOS="416" VPOS="675" WIDTH="177" HEIGHT="39" CONTENT="Schäden" />
            <SP ID="SP_29008" HPOS="593" VPOS="675" WIDTH="31" HEIGHT="0" />
            <String ID="Word_32710" HPOS="624" VPOS="676" WIDTH="147" HEIGHT="37" CONTENT="zurück" />
            <SP ID="SP_29009" HPOS="771" VPOS="676" WIDTH="31" HEIGHT="0" />
            <String ID="Word_32711" HPOS="802" VPOS="676" WIDTH="40" HEIGHT="49" CONTENT="(2" />
            <SP ID="SP_29010" HPOS="842" VPOS="675" WIDTH="30" HEIGHT="0" />
            <String ID="Word_32712" HPOS="872" VPOS="675" WIDTH="225" HEIGHT="38" CONTENT="Nekrosen," />
            <SP ID="SP_29011" HPOS="1097" VPOS="675" WIDTH="45" HEIGHT="0" />
            <String ID="Word_32713" HPOS="1142" VPOS="675" WIDTH="16" HEIGHT="35" CONTENT="1" />
            <SP ID="SP_29012" HPOS="1158" VPOS="673" WIDTH="33" HEIGHT="0" />
            <String ID="Word_32714" HPOS="1191" VPOS="673" WIDTH="211" HEIGHT="50" CONTENT="Lähmung" />
            <SP ID="SP_29013" HPOS="1402" VPOS="673" WIDTH="31" HEIGHT="0" />
            <String ID="Word_32715" HPOS="1433" VPOS="674" WIDTH="66" HEIGHT="37" CONTENT="des" />
            <SP ID="SP_29014" HPOS="1499" VPOS="673" WIDTH="32" HEIGHT="0" />
            <String ID="Word_32716" HPOS="1531" VPOS="673" WIDTH="154" HEIGHT="47" CONTENT="Fusses," />
          </TextLine>
          <TextLine ID="TextLine_3707" HPOS="82" VPOS="727" WIDTH="1603" HEIGHT="53">
            <String ID="Word_32717" HPOS="82" VPOS="733" WIDTH="18" HEIGHT="36" CONTENT="1" />
            <SP ID="SP_29015" HPOS="100" VPOS="731" WIDTH="14" HEIGHT="0" />
            <String ID="Word_32718" HPOS="114" VPOS="731" WIDTH="201" HEIGHT="37" CONTENT="Ankylose" />
            <SP ID="SP_29016" HPOS="315" VPOS="731" WIDTH="19" HEIGHT="0" />
            <String ID="Word_32719" HPOS="334" VPOS="731" WIDTH="66" HEIGHT="36" CONTENT="des" />
            <SP ID="SP_29017" HPOS="400" VPOS="729" WIDTH="18" HEIGHT="0" />
            <String ID="Word_32720" HPOS="418" VPOS="729" WIDTH="226" HEIGHT="47" CONTENT="Daumens)." />
            <SP ID="SP_29018" HPOS="644" VPOS="729" WIDTH="33" HEIGHT="0" />
            <String ID="Word_32721" HPOS="677" VPOS="729" WIDTH="137" HEIGHT="38" CONTENT="Solche" />
            <SP ID="SP_29019" HPOS="814" VPOS="729" WIDTH="23" HEIGHT="0" />
            <String ID="Word_32722" HPOS="837" VPOS="729" WIDTH="194" HEIGHT="38" CONTENT="dauernde" />
            <SP ID="SP_29020" HPOS="1031" VPOS="727" WIDTH="17" HEIGHT="0" />
            <String ID="Word_32723" HPOS="1048" VPOS="727" WIDTH="353" HEIGHT="51" CONTENT="Beschädigungen" />
            <SP ID="SP_29021" HPOS="1401" VPOS="727" WIDTH="24" HEIGHT="0" />
            <String ID="Word_32724" HPOS="1425" VPOS="727" WIDTH="127" HEIGHT="37" CONTENT="haben" />
            <SP ID="SP_29022" HPOS="1552" VPOS="727" WIDTH="17" HEIGHT="0" />
            <String ID="Word_32725" HPOS="1569" VPOS="727" WIDTH="116" HEIGHT="38" CONTENT="theils" />
          </TextLine>
          <TextLine ID="TextLine_3708" HPOS="78" VPOS="780" WIDTH="1606" HEIGHT="53">
            <String ID="Word_32726" HPOS="78" VPOS="785" WIDTH="40" HEIGHT="37" CONTENT="in" />
            <SP ID="SP_29023" HPOS="118" VPOS="785" WIDTH="31" HEIGHT="0" />
            <String ID="Word_32727" HPOS="149" VPOS="785" WIDTH="74" HEIGHT="37" CONTENT="den" />
            <SP ID="SP_29024" HPOS="223" VPOS="784" WIDTH="29" HEIGHT="0" />
            <String ID="Word_32728" HPOS="252" VPOS="786" WIDTH="57" HEIGHT="35" CONTENT="oft" />
            <SP ID="SP_29025" HPOS="309" VPOS="783" WIDTH="34" HEIGHT="0" />
            <String ID="Word_32729" HPOS="343" VPOS="783" WIDTH="291" HEIGHT="38" CONTENT="ausgedehnten" />
            <SP ID="SP_29026" HPOS="634" VPOS="782" WIDTH="38" HEIGHT="0" />
            <String ID="Word_32730" HPOS="672" VPOS="782" WIDTH="392" HEIGHT="39" CONTENT="Substanzverlusten" />
            <SP ID="SP_29027" HPOS="1064" VPOS="782" WIDTH="38" HEIGHT="0" />
            <String ID="Word_32731" HPOS="1102" VPOS="795" WIDTH="75" HEIGHT="24" CONTENT="von" />
            <SP ID="SP_29028" HPOS="1177" VPOS="781" WIDTH="35" HEIGHT="0" />
            <String ID="Word_32732" HPOS="1212" VPOS="781" WIDTH="126" HEIGHT="38" CONTENT="Haut," />
            <SP ID="SP_29029" HPOS="1338" VPOS="780" WIDTH="36" HEIGHT="0" />
            <String ID="Word_32733" HPOS="1374" VPOS="780" WIDTH="184" HEIGHT="38" CONTENT="Muskeln" />
            <SP ID="SP_29030" HPOS="1558" VPOS="780" WIDTH="40" HEIGHT="0" />
            <String ID="Word_32734" HPOS="1598" VPOS="785" WIDTH="86" HEIGHT="43" CONTENT="etc.," />
          </TextLine>
          <TextLine ID="TextLine_3709" HPOS="78" VPOS="834" WIDTH="1607" HEIGHT="53">
            <String ID="Word_32735" HPOS="78" VPOS="841" WIDTH="72" HEIGHT="34" CONTENT="mit" />
            <SP ID="SP_29031" HPOS="150" VPOS="837" WIDTH="27" HEIGHT="0" />
            <String ID="Word_32736" HPOS="177" VPOS="837" WIDTH="311" HEIGHT="50" CONTENT="nachfolgenden" />
            <SP ID="SP_29032" HPOS="488" VPOS="837" WIDTH="29" HEIGHT="0" />
            <String ID="Word_32737" HPOS="517" VPOS="838" WIDTH="191" HEIGHT="49" CONTENT="narbigen" />
            <SP ID="SP_29033" HPOS="708" VPOS="836" WIDTH="31" HEIGHT="0" />
            <String ID="Word_32738" HPOS="739" VPOS="836" WIDTH="280" HEIGHT="39" CONTENT="Contracturen" />
            <SP ID="SP_29034" HPOS="1019" VPOS="836" WIDTH="28" HEIGHT="0" />
            <String ID="Word_32739" HPOS="1047" VPOS="836" WIDTH="111" HEIGHT="38" CONTENT="ihren" />
            <SP ID="SP_29035" HPOS="1158" VPOS="835" WIDTH="32" HEIGHT="0" />
            <String ID="Word_32740" HPOS="1190" VPOS="835" WIDTH="152" HEIGHT="38" CONTENT="Grund," />
            <SP ID="SP_29036" HPOS="1342" VPOS="835" WIDTH="39" HEIGHT="0" />
            <String ID="Word_32741" HPOS="1381" VPOS="835" WIDTH="122" HEIGHT="38" CONTENT="durch" />
            <SP ID="SP_29037" HPOS="1503" VPOS="834" WIDTH="36" HEIGHT="0" />
            <String ID="Word_32742" HPOS="1539" VPOS="834" WIDTH="146" HEIGHT="38" CONTENT="welche" />
          </TextLine>
          <TextLine ID="TextLine_3710" HPOS="79" VPOS="888" WIDTH="1607" HEIGHT="52">
            <String ID="Word_32743" HPOS="79" VPOS="890" WIDTH="235" HEIGHT="39" CONTENT="namenthch" />
            <SP ID="SP_29038" HPOS="314" VPOS="890" WIDTH="30" HEIGHT="0" />
            <String ID="Word_32744" HPOS="344" VPOS="891" WIDTH="60" HEIGHT="37" CONTENT="die" />
            <SP ID="SP_29039" HPOS="404" VPOS="891" WIDTH="29" HEIGHT="0" />
            <String ID="Word_32745" HPOS="433" VPOS="891" WIDTH="289" HEIGHT="37" CONTENT="Extremitäten" />
            <SP ID="SP_29040" HPOS="722" VPOS="891" WIDTH="28" HEIGHT="0" />
            <String ID="Word_32746" HPOS="750" VPOS="891" WIDTH="111" HEIGHT="37" CONTENT="mehr" />
            <SP ID="SP_29041" HPOS="861" VPOS="891" WIDTH="21" HEIGHT="0" />
            <String ID="Word_32747" HPOS="882" VPOS="891" WIDTH="92" HEIGHT="37" CONTENT="oder" />
            <SP ID="SP_29042" HPOS="974" VPOS="890" WIDTH="23" HEIGHT="0" />
            <String ID="Word_32748" HPOS="997" VPOS="903" WIDTH="171" HEIGHT="37" CONTENT="weniger" />
            <SP ID="SP_29043" HPOS="1168" VPOS="889" WIDTH="21" HEIGHT="0" />
            <String ID="Word_32749" HPOS="1189" VPOS="889" WIDTH="274" HEIGHT="38" CONTENT="unbrauchbar" />
            <SP ID="SP_29044" HPOS="1463" VPOS="889" WIDTH="21" HEIGHT="0" />
            <String ID="Word_32750" HPOS="1484" VPOS="889" WIDTH="58" HEIGHT="38" CONTENT="bis" />
            <SP ID="SP_29045" HPOS="1542" VPOS="888" WIDTH="22" HEIGHT="0" />
            <String ID="Word_32751" HPOS="1564" VPOS="888" WIDTH="122" HEIGHT="51" CONTENT="völlig" />
          </TextLine>
          <TextLine ID="TextLine_3711" HPOS="80" VPOS="942" WIDTH="1605" HEIGHT="52">
            <String ID="Word_32752" HPOS="80" VPOS="944" WIDTH="255" HEIGHT="50" CONTENT="verkrüppelt" />
            <SP ID="SP_29046" HPOS="335" VPOS="944" WIDTH="39" HEIGHT="0" />
            <String ID="Word_32753" HPOS="374" VPOS="945" WIDTH="168" HEIGHT="37" CONTENT="werden." />
            <SP ID="SP_29047" HPOS="542" VPOS="944" WIDTH="71" HEIGHT="0" />
            <String ID="Word_32754" HPOS="613" VPOS="944" WIDTH="148" HEIGHT="38" CONTENT="Ferner" />
            <SP ID="SP_29048" HPOS="761" VPOS="944" WIDTH="37" HEIGHT="0" />
            <String ID="Word_32755" HPOS="798" VPOS="945" WIDTH="84" HEIGHT="37" CONTENT="sind" />
            <SP ID="SP_29049" HPOS="882" VPOS="945" WIDTH="37" HEIGHT="0" />
            <String ID="Word_32756" HPOS="919" VPOS="958" WIDTH="39" HEIGHT="24" CONTENT="es" />
            <SP ID="SP_29050" HPOS="958" VPOS="943" WIDTH="36" HEIGHT="0" />
            <String ID="Word_32757" HPOS="994" VPOS="943" WIDTH="208" HEIGHT="39" CONTENT="Nekrosen" />
            <SP ID="SP_29051" HPOS="1202" VPOS="943" WIDTH="34" HEIGHT="0" />
            <String ID="Word_32758" HPOS="1236" VPOS="944" WIDTH="78" HEIGHT="37" CONTENT="und" />
            <SP ID="SP_29052" HPOS="1314" VPOS="942" WIDTH="36" HEIGHT="0" />
            <String ID="Word_32759" HPOS="1350" VPOS="942" WIDTH="220" HEIGHT="39" CONTENT="Synechien" />
            <SP ID="SP_29053" HPOS="1570" VPOS="942" WIDTH="39" HEIGHT="0" />
            <String ID="Word_32760" HPOS="1609" VPOS="956" WIDTH="76" HEIGHT="24" CONTENT="von" />
          </TextLine>
          <TextLine ID="TextLine_3712" HPOS="80" VPOS="997" WIDTH="1599" HEIGHT="51">
            <String ID="Word_32761" HPOS="80" VPOS="997" WIDTH="171" HEIGHT="39" CONTENT="Sehnen," />
            <SP ID="SP_29054" HPOS="251" VPOS="997" WIDTH="33" HEIGHT="0" />
            <String ID="Word_32762" HPOS="284" VPOS="999" WIDTH="116" HEIGHT="37" CONTENT="deren" />
            <SP ID="SP_29055" HPOS="400" VPOS="998" WIDTH="32" HEIGHT="0" />
            <String ID="Word_32763" HPOS="432" VPOS="1011" WIDTH="172" HEIGHT="25" CONTENT="schwere" />
            <SP ID="SP_29056" HPOS="604" VPOS="997" WIDTH="31" HEIGHT="0" />
            <String ID="Word_32764" HPOS="635" VPOS="997" WIDTH="302" HEIGHT="51" CONTENT="Schädigungen" />
            <SP ID="SP_29057" HPOS="937" VPOS="997" WIDTH="31" HEIGHT="0" />
            <String ID="Word_32765" HPOS="968" VPOS="998" WIDTH="67" HEIGHT="37" CONTENT="der" />
            <SP ID="SP_29058" HPOS="1035" VPOS="997" WIDTH="29" HEIGHT="0" />
            <String ID="Word_32766" HPOS="1064" VPOS="997" WIDTH="192" HEIGHT="38" CONTENT="Function" />
            <SP ID="SP_29059" HPOS="1256" VPOS="997" WIDTH="29" HEIGHT="0" />
            <String ID="Word_32767" HPOS="1285" VPOS="998" WIDTH="174" HEIGHT="37" CONTENT="bekannt" />
            <SP ID="SP_29060" HPOS="1459" VPOS="997" WIDTH="29" HEIGHT="0" />
            <String ID="Word_32768" HPOS="1488" VPOS="997" WIDTH="84" HEIGHT="38" CONTENT="sind" />
            <SP ID="SP_29061" HPOS="1572" VPOS="997" WIDTH="30" HEIGHT="0" />
            <String ID="Word_32769" HPOS="1602" VPOS="1010" WIDTH="77" HEIGHT="25" CONTENT="von" />
          </TextLine>
          <TextLine ID="TextLine_3713" HPOS="81" VPOS="1050" WIDTH="1602" HEIGHT="52">
            <String ID="Word_32770" HPOS="81" VPOS="1053" WIDTH="72" HEIGHT="37" CONTENT="den" />
            <SP ID="SP_29062" HPOS="153" VPOS="1052" WIDTH="48" HEIGHT="0" />
            <String ID="Word_32771" HPOS="201" VPOS="1052" WIDTH="192" HEIGHT="50" CONTENT="analogen" />
            <SP ID="SP_29063" HPOS="393" VPOS="1052" WIDTH="49" HEIGHT="0" />
            <String ID="Word_32772" HPOS="442" VPOS="1052" WIDTH="166" HEIGHT="38" CONTENT="eitrigen" />
            <SP ID="SP_29064" HPOS="608" VPOS="1052" WIDTH="39" HEIGHT="0" />
            <String ID="Word_32773" HPOS="647" VPOS="1052" WIDTH="246" HEIGHT="38" CONTENT="Affectionen" />
            <SP ID="SP_29065" HPOS="893" VPOS="1051" WIDTH="45" HEIGHT="0" />
            <String ID="Word_32774" HPOS="938" VPOS="1051" WIDTH="216" HEIGHT="38" CONTENT="derselben." />
            <SP ID="SP_29066" HPOS="1154" VPOS="1051" WIDTH="68" HEIGHT="0" />
            <String ID="Word_32775" HPOS="1222" VPOS="1051" WIDTH="115" HEIGHT="38" CONTENT="Dann" />
            <SP ID="SP_29067" HPOS="1337" VPOS="1051" WIDTH="44" HEIGHT="0" />
            <String ID="Word_32776" HPOS="1381" VPOS="1052" WIDTH="84" HEIGHT="37" CONTENT="sind" />
            <SP ID="SP_29068" HPOS="1465" VPOS="1050" WIDTH="45" HEIGHT="0" />
            <String ID="Word_32777" HPOS="1510" VPOS="1050" WIDTH="173" HEIGHT="39" CONTENT="Gelenk-" />
          </TextLine>
          <TextLine ID="TextLine_3714" HPOS="80" VPOS="1104" WIDTH="1603" HEIGHT="51">
            <String ID="Word_32778" HPOS="80" VPOS="1105" WIDTH="214" HEIGHT="38" CONTENT="ankylosen" />
            <SP ID="SP_29069" HPOS="294" VPOS="1105" WIDTH="45" HEIGHT="0" />
            <String ID="Word_32779" HPOS="339" VPOS="1107" WIDTH="74" HEIGHT="36" CONTENT="und" />
            <SP ID="SP_29070" HPOS="413" VPOS="1105" WIDTH="41" HEIGHT="0" />
            <String ID="Word_32780" HPOS="454" VPOS="1105" WIDTH="383" HEIGHT="38" CONTENT="Knochennekrosen" />
            <SP ID="SP_29071" HPOS="837" VPOS="1105" WIDTH="40" HEIGHT="0" />
            <String ID="Word_32781" HPOS="877" VPOS="1105" WIDTH="242" HEIGHT="38" CONTENT="anzuführen" />
            <SP ID="SP_29072" HPOS="1119" VPOS="1105" WIDTH="37" HEIGHT="0" />
            <String ID="Word_32782" HPOS="1156" VPOS="1106" WIDTH="79" HEIGHT="36" CONTENT="und" />
            <SP ID="SP_29073" HPOS="1235" VPOS="1104" WIDTH="38" HEIGHT="0" />
            <String ID="Word_32783" HPOS="1273" VPOS="1104" WIDTH="154" HEIGHT="39" CONTENT="endlich" />
            <SP ID="SP_29074" HPOS="1427" VPOS="1104" WIDTH="39" HEIGHT="0" />
            <String ID="Word_32784" HPOS="1466" VPOS="1106" WIDTH="61" HEIGHT="37" CONTENT="die" />
            <SP ID="SP_29075" HPOS="1527" VPOS="1105" WIDTH="36" HEIGHT="0" />
            <String ID="Word_32785" HPOS="1563" VPOS="1118" WIDTH="120" HEIGHT="25" CONTENT="schon" />
          </TextLine>
          <TextLine ID="TextLine_3715" HPOS="80" VPOS="1158" WIDTH="1602" HEIGHT="52">
            <String ID="Word_32786" HPOS="80" VPOS="1159" WIDTH="290" HEIGHT="50" CONTENT="besprochenen" />
            <SP ID="SP_29076" HPOS="370" VPOS="1159" WIDTH="29" HEIGHT="0" />
            <String ID="Word_32787" HPOS="399" VPOS="1159" WIDTH="260" HEIGHT="38" CONTENT="Lähmungen" />
            <SP ID="SP_29077" HPOS="659" VPOS="1159" WIDTH="29" HEIGHT="0" />
            <String ID="Word_32788" HPOS="688" VPOS="1159" WIDTH="121" HEIGHT="38" CONTENT="durch" />
            <SP ID="SP_29078" HPOS="809" VPOS="1159" WIDTH="25" HEIGHT="0" />
            <String ID="Word_32789" HPOS="834" VPOS="1159" WIDTH="60" HEIGHT="38" CONTENT="die" />
            <SP ID="SP_29079" HPOS="894" VPOS="1158" WIDTH="22" HEIGHT="0" />
            <String ID="Word_32790" HPOS="916" VPOS="1158" WIDTH="239" HEIGHT="39" CONTENT="Zerstörung" />
            <SP ID="SP_29080" HPOS="1155" VPOS="1158" WIDTH="22" HEIGHT="0" />
            <String ID="Word_32791" HPOS="1177" VPOS="1173" WIDTH="74" HEIGHT="24" CONTENT="von" />
            <SP ID="SP_29081" HPOS="1251" VPOS="1164" WIDTH="21" HEIGHT="0" />
            <String ID="Word_32792" HPOS="1272" VPOS="1164" WIDTH="207" HEIGHT="45" CONTENT="grösseren" />
            <SP ID="SP_29082" HPOS="1479" VPOS="1159" WIDTH="20" HEIGHT="0" />
            <String ID="Word_32793" HPOS="1499" VPOS="1159" WIDTH="183" HEIGHT="39" CONTENT="Nerven-" />
          </TextLine>
          <TextLine ID="TextLine_3716" HPOS="79" VPOS="1215" WIDTH="204" HEIGHT="36">
            <String ID="Word_32794" HPOS="79" VPOS="1217" WIDTH="204" HEIGHT="34" CONTENT="stämmen." />
          </TextLine>
          <TextLine ID="TextLine_3717" HPOS="210" VPOS="1265" WIDTH="1470" HEIGHT="51">
            <String ID="Word_32795" HPOS="210" VPOS="1267" WIDTH="98" HEIGHT="37" CONTENT="Eine" />
            <SP ID="SP_29083" HPOS="308" VPOS="1267" WIDTH="28" HEIGHT="0" />
            <String ID="Word_32796" HPOS="336" VPOS="1267" WIDTH="213" HEIGHT="38" CONTENT="besondere" />
            <SP ID="SP_29084" HPOS="549" VPOS="1265" WIDTH="32" HEIGHT="0" />
            <String ID="Word_32797" HPOS="581" VPOS="1265" WIDTH="158" HEIGHT="51" CONTENT="Gruppe" />
            <SP ID="SP_29085" HPOS="739" VPOS="1265" WIDTH="31" HEIGHT="0" />
            <String ID="Word_32798" HPOS="770" VPOS="1280" WIDTH="75" HEIGHT="24" CONTENT="von" />
            <SP ID="SP_29086" HPOS="845" VPOS="1267" WIDTH="32" HEIGHT="0" />
            <String ID="Word_32799" HPOS="877" VPOS="1267" WIDTH="223" HEIGHT="37" CONTENT="dauernden" />
            <SP ID="SP_29087" HPOS="1100" VPOS="1266" WIDTH="30" HEIGHT="0" />
            <String ID="Word_32800" HPOS="1130" VPOS="1266" WIDTH="261" HEIGHT="38" CONTENT="Nachtheilen" />
            <SP ID="SP_29088" HPOS="1391" VPOS="1266" WIDTH="37" HEIGHT="0" />
            <String ID="Word_32801" HPOS="1428" VPOS="1267" WIDTH="99" HEIGHT="37" CONTENT="wird" />
            <SP ID="SP_29089" HPOS="1527" VPOS="1267" WIDTH="35" HEIGHT="0" />
            <String ID="Word_32802" HPOS="1562" VPOS="1267" WIDTH="118" HEIGHT="37" CONTENT="durch" />
          </TextLine>
          <TextLine ID="TextLine_3718" HPOS="82" VPOS="1319" WIDTH="1600" HEIGHT="52">
            <String ID="Word_32803" HPOS="82" VPOS="1320" WIDTH="61" HEIGHT="38" CONTENT="die" />
            <SP ID="SP_29090" HPOS="143" VPOS="1320" WIDTH="30" HEIGHT="0" />
            <String ID="Word_32804" HPOS="173" VPOS="1321" WIDTH="354" HEIGHT="37" CONTENT="verstümmelnden" />
            <SP ID="SP_29091" HPOS="527" VPOS="1319" WIDTH="41" HEIGHT="0" />
            <String ID="Word_32805" HPOS="568" VPOS="1319" WIDTH="285" HEIGHT="51" CONTENT="Operationen," />
            <SP ID="SP_29092" HPOS="853" VPOS="1320" WIDTH="42" HEIGHT="0" />
            <String ID="Word_32806" HPOS="895" VPOS="1320" WIDTH="236" HEIGHT="38" CONTENT="namentlich" />
            <SP ID="SP_29093" HPOS="1131" VPOS="1320" WIDTH="35" HEIGHT="0" />
            <String ID="Word_32807" HPOS="1166" VPOS="1321" WIDTH="306" HEIGHT="49" CONTENT="Amputationen" />
            <SP ID="SP_29094" HPOS="1472" VPOS="1321" WIDTH="35" HEIGHT="0" />
            <String ID="Word_32808" HPOS="1507" VPOS="1321" WIDTH="175" HEIGHT="46" CONTENT="bedingt," />
          </TextLine>
          <TextLine ID="TextLine_3719" HPOS="81" VPOS="1373" WIDTH="1274" HEIGHT="51">
            <String ID="Word_32809" HPOS="81" VPOS="1387" WIDTH="49" HEIGHT="24" CONTENT="zu" />
            <SP ID="SP_29095" HPOS="130" VPOS="1374" WIDTH="30" HEIGHT="0" />
            <String ID="Word_32810" HPOS="160" VPOS="1374" WIDTH="173" HEIGHT="38" CONTENT="welchen" />
            <SP ID="SP_29096" HPOS="333" VPOS="1374" WIDTH="29" HEIGHT="0" />
            <String ID="Word_32811" HPOS="362" VPOS="1377" WIDTH="57" HEIGHT="35" CONTENT="oft" />
            <SP ID="SP_29097" HPOS="419" VPOS="1374" WIDTH="29" HEIGHT="0" />
            <String ID="Word_32812" HPOS="448" VPOS="1374" WIDTH="66" HEIGHT="38" CONTENT="der" />
            <SP ID="SP_29098" HPOS="514" VPOS="1374" WIDTH="30" HEIGHT="0" />
            <String ID="Word_32813" HPOS="544" VPOS="1374" WIDTH="306" HEIGHT="38" CONTENT="Hospitalbrand" />
            <SP ID="SP_29099" HPOS="850" VPOS="1374" WIDTH="31" HEIGHT="0" />
            <String ID="Word_32814" HPOS="881" VPOS="1374" WIDTH="59" HEIGHT="38" CONTENT="die" />
            <SP ID="SP_29100" HPOS="940" VPOS="1373" WIDTH="30" HEIGHT="0" />
            <String ID="Word_32815" HPOS="970" VPOS="1373" WIDTH="217" HEIGHT="38" CONTENT="Indication" />
            <SP ID="SP_29101" HPOS="1187" VPOS="1373" WIDTH="29" HEIGHT="0" />
            <String ID="Word_32816" HPOS="1216" VPOS="1387" WIDTH="139" HEIGHT="37" CONTENT="abgab." />
          </TextLine>
        </TextBlock>
        <TextBlock ID="TextBlock_295" HPOS="79" VPOS="1704" WIDTH="1608" HEIGHT="1268">
          <TextLine ID="TextLine_3720" HPOS="174" VPOS="1710" WIDTH="1421" HEIGHT="73">
            <String ID="Word_32817" HPOS="174" VPOS="1711" WIDTH="60" HEIGHT="54" CONTENT="V." />
            <SP ID="SP_29102" HPOS="234" VPOS="1710" WIDTH="63" HEIGHT="0" />
            <String ID="Word_32818" HPOS="297" VPOS="1710" WIDTH="260" HEIGHT="58" CONTENT="Oertliche" />
            <SP ID="SP_29103" HPOS="557" VPOS="1710" WIDTH="39" HEIGHT="0" />
            <String ID="Word_32819" HPOS="596" VPOS="1712" WIDTH="344" HEIGHT="71" CONTENT="Behandlung" />
            <SP ID="SP_29104" HPOS="940" VPOS="1712" WIDTH="40" HEIGHT="0" />
            <String ID="Word_32820" HPOS="980" VPOS="1713" WIDTH="88" HEIGHT="55" CONTENT="des" />
            <SP ID="SP_29105" HPOS="1068" VPOS="1711" WIDTH="40" HEIGHT="0" />
            <String ID="Word_32821" HPOS="1108" VPOS="1711" WIDTH="487" HEIGHT="58" CONTENT="Hospitalbrandes." />
          </TextLine>
          <TextLine ID="TextLine_3721" HPOS="216" VPOS="1851" WIDTH="1465" HEIGHT="52">
            <String ID="Word_32822" HPOS="216" VPOS="1851" WIDTH="74" HEIGHT="38" CONTENT="Die" />
            <SP ID="SP_29106" HPOS="290" VPOS="1851" WIDTH="43" HEIGHT="0" />
            <String ID="Word_32823" HPOS="333" VPOS="1851" WIDTH="200" HEIGHT="38" CONTENT="Mehrzahl" />
            <SP ID="SP_29107" HPOS="533" VPOS="1851" WIDTH="40" HEIGHT="0" />
            <String ID="Word_32824" HPOS="573" VPOS="1852" WIDTH="67" HEIGHT="37" CONTENT="der" />
            <SP ID="SP_29108" HPOS="640" VPOS="1852" WIDTH="42" HEIGHT="0" />
            <String ID="Word_32825" HPOS="682" VPOS="1852" WIDTH="96" HEIGHT="37" CONTENT="über" />
            <SP ID="SP_29109" HPOS="778" VPOS="1852" WIDTH="45" HEIGHT="0" />
            <String ID="Word_32826" HPOS="823" VPOS="1852" WIDTH="59" HEIGHT="37" CONTENT="die" />
            <SP ID="SP_29110" HPOS="882" VPOS="1852" WIDTH="40" HEIGHT="0" />
            <String ID="Word_32827" HPOS="922" VPOS="1852" WIDTH="260" HEIGHT="38" CONTENT="Behandlung" />
            <SP ID="SP_29111" HPOS="1182" VPOS="1852" WIDTH="44" HEIGHT="0" />
            <String ID="Word_32828" HPOS="1226" VPOS="1854" WIDTH="65" HEIGHT="36" CONTENT="des" />
            <SP ID="SP_29112" HPOS="1291" VPOS="1853" WIDTH="38" HEIGHT="0" />
            <String ID="Word_32829" HPOS="1329" VPOS="1853" WIDTH="352" HEIGHT="49" CONTENT="Hospitalbrandes" />
          </TextLine>
          <TextLine ID="TextLine_3722" HPOS="87" VPOS="1905" WIDTH="1592" HEIGHT="46">
            <String ID="Word_32830" HPOS="87" VPOS="1905" WIDTH="277" HEIGHT="38" CONTENT="berichtenden" />
            <SP ID="SP_29113" HPOS="364" VPOS="1905" WIDTH="30" HEIGHT="0" />
            <String ID="Word_32831" HPOS="394" VPOS="1905" WIDTH="164" HEIGHT="38" CONTENT="Aerzte," />
            <SP ID="SP_29114" HPOS="558" VPOS="1905" WIDTH="39" HEIGHT="0" />
            <String ID="Word_32832" HPOS="597" VPOS="1905" WIDTH="146" HEIGHT="38" CONTENT="sowohl" />
            <SP ID="SP_29115" HPOS="743" VPOS="1905" WIDTH="37" HEIGHT="0" />
            <String ID="Word_32833" HPOS="780" VPOS="1906" WIDTH="68" HEIGHT="37" CONTENT="der" />
            <SP ID="SP_29116" HPOS="848" VPOS="1906" WIDTH="37" HEIGHT="0" />
            <String ID="Word_32834" HPOS="885" VPOS="1919" WIDTH="171" HEIGHT="24" CONTENT="neueren" />
            <SP ID="SP_29117" HPOS="1056" VPOS="1906" WIDTH="38" HEIGHT="0" />
            <String ID="Word_32835" HPOS="1094" VPOS="1906" WIDTH="55" HEIGHT="37" CONTENT="als" />
            <SP ID="SP_29118" HPOS="1149" VPOS="1906" WIDTH="39" HEIGHT="0" />
            <String ID="Word_32836" HPOS="1188" VPOS="1906" WIDTH="99" HEIGHT="38" CONTENT="auch" />
            <SP ID="SP_29119" HPOS="1287" VPOS="1906" WIDTH="38" HEIGHT="0" />
            <String ID="Word_32837" HPOS="1325" VPOS="1907" WIDTH="68" HEIGHT="37" CONTENT="der" />
            <SP ID="SP_29120" HPOS="1393" VPOS="1907" WIDTH="30" HEIGHT="0" />
            <String ID="Word_32838" HPOS="1423" VPOS="1907" WIDTH="149" HEIGHT="37" CONTENT="älteren" />
            <SP ID="SP_29121" HPOS="1572" VPOS="1907" WIDTH="30" HEIGHT="0" />
            <String ID="Word_32839" HPOS="1602" VPOS="1907" WIDTH="77" HEIGHT="36" CONTENT="und" />
          </TextLine>
          <TextLine ID="TextLine_3723" HPOS="88" VPOS="1958" WIDTH="1591" HEIGHT="48">
            <String ID="Word_32840" HPOS="88" VPOS="1962" WIDTH="163" HEIGHT="35" CONTENT="ältesten" />
            <SP ID="SP_29122" HPOS="251" VPOS="1958" WIDTH="29" HEIGHT="0" />
            <String ID="Word_32841" HPOS="280" VPOS="1958" WIDTH="105" HEIGHT="46" CONTENT="Zeit," />
            <SP ID="SP_29123" HPOS="385" VPOS="1958" WIDTH="39" HEIGHT="0" />
            <String ID="Word_32842" HPOS="424" VPOS="1959" WIDTH="95" HEIGHT="37" CONTENT="hielt" />
            <SP ID="SP_29124" HPOS="519" VPOS="1959" WIDTH="39" HEIGHT="0" />
            <String ID="Word_32843" HPOS="558" VPOS="1972" WIDTH="39" HEIGHT="24" CONTENT="es" />
            <SP ID="SP_29125" HPOS="597" VPOS="1959" WIDTH="37" HEIGHT="0" />
            <String ID="Word_32844" HPOS="634" VPOS="1959" WIDTH="63" HEIGHT="37" CONTENT="für" />
            <SP ID="SP_29126" HPOS="697" VPOS="1959" WIDTH="37" HEIGHT="0" />
            <String ID="Word_32845" HPOS="734" VPOS="1959" WIDTH="309" HEIGHT="38" CONTENT="unzweifelhaft," />
            <SP ID="SP_29127" HPOS="1043" VPOS="1959" WIDTH="41" HEIGHT="0" />
            <String ID="Word_32846" HPOS="1084" VPOS="1960" WIDTH="85" HEIGHT="37" CONTENT="dass" />
            <SP ID="SP_29128" HPOS="1169" VPOS="1960" WIDTH="39" HEIGHT="0" />
            <String ID="Word_32847" HPOS="1208" VPOS="1974" WIDTH="39" HEIGHT="24" CONTENT="es" />
            <SP ID="SP_29129" HPOS="1247" VPOS="1960" WIDTH="30" HEIGHT="0" />
            <String ID="Word_32848" HPOS="1277" VPOS="1960" WIDTH="80" HEIGHT="37" CONTENT="sich" />
            <SP ID="SP_29130" HPOS="1357" VPOS="1960" WIDTH="30" HEIGHT="0" />
            <String ID="Word_32849" HPOS="1387" VPOS="1974" WIDTH="65" HEIGHT="23" CONTENT="um" />
            <SP ID="SP_29131" HPOS="1452" VPOS="1961" WIDTH="31" HEIGHT="0" />
            <String ID="Word_32850" HPOS="1483" VPOS="1961" WIDTH="83" HEIGHT="37" CONTENT="eine" />
            <SP ID="SP_29132" HPOS="1566" VPOS="1960" WIDTH="29" HEIGHT="0" />
            <String ID="Word_32851" HPOS="1595" VPOS="1960" WIDTH="84" HEIGHT="37" CONTENT="rein" />
          </TextLine>
          <TextLine ID="TextLine_3724" HPOS="87" VPOS="2012" WIDTH="1593" HEIGHT="51">
            <String ID="Word_32852" HPOS="87" VPOS="2012" WIDTH="161" HEIGHT="37" CONTENT="örtliche" />
            <SP ID="SP_29133" HPOS="248" VPOS="2012" WIDTH="31" HEIGHT="0" />
            <String ID="Word_32853" HPOS="279" VPOS="2012" WIDTH="220" HEIGHT="37" CONTENT="Krankheit" />
            <SP ID="SP_29134" HPOS="499" VPOS="2012" WIDTH="35" HEIGHT="0" />
            <String ID="Word_32854" HPOS="534" VPOS="2012" WIDTH="161" HEIGHT="38" CONTENT="handle," />
            <SP ID="SP_29135" HPOS="695" VPOS="2012" WIDTH="41" HEIGHT="0" />
            <String ID="Word_32855" HPOS="736" VPOS="2013" WIDTH="117" HEIGHT="37" CONTENT="deren" />
            <SP ID="SP_29136" HPOS="853" VPOS="2013" WIDTH="38" HEIGHT="0" />
            <String ID="Word_32856" HPOS="891" VPOS="2013" WIDTH="85" HEIGHT="37" CONTENT="Kur" />
            <SP ID="SP_29137" HPOS="976" VPOS="2013" WIDTH="37" HEIGHT="0" />
            <String ID="Word_32857" HPOS="1013" VPOS="2013" WIDTH="219" HEIGHT="50" CONTENT="gleichfalls" />
            <SP ID="SP_29138" HPOS="1232" VPOS="2013" WIDTH="38" HEIGHT="0" />
            <String ID="Word_32858" HPOS="1270" VPOS="2027" WIDTH="73" HEIGHT="24" CONTENT="nur" />
            <SP ID="SP_29139" HPOS="1343" VPOS="2014" WIDTH="38" HEIGHT="0" />
            <String ID="Word_32859" HPOS="1381" VPOS="2014" WIDTH="121" HEIGHT="37" CONTENT="durch" />
            <SP ID="SP_29140" HPOS="1502" VPOS="2013" WIDTH="38" HEIGHT="0" />
            <String ID="Word_32860" HPOS="1540" VPOS="2013" WIDTH="140" HEIGHT="38" CONTENT="örtlich" />
          </TextLine>
          <TextLine ID="TextLine_3725" HPOS="87" VPOS="2065" WIDTH="1592" HEIGHT="51">
            <String ID="Word_32861" HPOS="87" VPOS="2065" WIDTH="201" HEIGHT="49" CONTENT="applicirte" />
            <SP ID="SP_29141" HPOS="288" VPOS="2065" WIDTH="30" HEIGHT="0" />
            <String ID="Word_32862" HPOS="318" VPOS="2065" WIDTH="130" HEIGHT="38" CONTENT="Mittel" />
            <SP ID="SP_29142" HPOS="448" VPOS="2065" WIDTH="28" HEIGHT="0" />
            <String ID="Word_32863" HPOS="476" VPOS="2066" WIDTH="169" HEIGHT="37" CONTENT="möglich" />
            <SP ID="SP_29143" HPOS="645" VPOS="2066" WIDTH="30" HEIGHT="0" />
            <String ID="Word_32864" HPOS="675" VPOS="2066" WIDTH="66" HEIGHT="37" CONTENT="sei." />
            <SP ID="SP_29144" HPOS="741" VPOS="2066" WIDTH="59" HEIGHT="0" />
            <String ID="Word_32865" HPOS="800" VPOS="2066" WIDTH="87" HEIGHT="38" CONTENT="Von" />
            <SP ID="SP_29145" HPOS="887" VPOS="2066" WIDTH="30" HEIGHT="0" />
            <String ID="Word_32866" HPOS="917" VPOS="2066" WIDTH="157" HEIGHT="38" CONTENT="Ponte" />
            <SP ID="SP_29146" HPOS="1074" VPOS="2066" WIDTH="13" HEIGHT="0" />
            <String ID="Word_32867" HPOS="1087" VPOS="2081" WIDTH="57" HEIGHT="23" CONTENT="au" />
            <SP ID="SP_29147" HPOS="1144" VPOS="2068" WIDTH="29" HEIGHT="0" />
            <String ID="Word_32868" HPOS="1173" VPOS="2068" WIDTH="78" HEIGHT="37" CONTENT="und" />
            <SP ID="SP_29148" HPOS="1251" VPOS="2067" WIDTH="29" HEIGHT="0" />
            <String ID="Word_32869" HPOS="1280" VPOS="2067" WIDTH="225" HEIGHT="38" CONTENT="Delpech" />
            <SP ID="SP_29149" HPOS="1505" VPOS="2067" WIDTH="38" HEIGHT="0" />
            <String ID="Word_32870" HPOS="1543" VPOS="2081" WIDTH="48" HEIGHT="23" CONTENT="an" />
            <SP ID="SP_29150" HPOS="1591" VPOS="2067" WIDTH="29" HEIGHT="0" />
            <String ID="Word_32871" HPOS="1620" VPOS="2067" WIDTH="59" HEIGHT="37" CONTENT="bis" />
          </TextLine>
          <TextLine ID="TextLine_3726" HPOS="87" VPOS="2118" WIDTH="1591" HEIGHT="52">
            <String ID="Word_32872" HPOS="87" VPOS="2118" WIDTH="69" HEIGHT="37" CONTENT="auf" />
            <SP ID="SP_29151" HPOS="156" VPOS="2118" WIDTH="24" HEIGHT="0" />
            <String ID="Word_32873" HPOS="180" VPOS="2118" WIDTH="183" HEIGHT="50" CONTENT="König," />
            <SP ID="SP_29152" HPOS="363" VPOS="2118" WIDTH="40" HEIGHT="0" />
            <String ID="Word_32874" HPOS="403" VPOS="2119" WIDTH="225" HEIGHT="38" CONTENT="Heiberg" />
            <SP ID="SP_29153" HPOS="628" VPOS="2119" WIDTH="36" HEIGHT="0" />
            <String ID="Word_32875" HPOS="664" VPOS="2120" WIDTH="78" HEIGHT="37" CONTENT="und" />
            <SP ID="SP_29154" HPOS="742" VPOS="2119" WIDTH="37" HEIGHT="0" />
            <String ID="Word_32876" HPOS="779" VPOS="2119" WIDTH="158" HEIGHT="38" CONTENT="Heine" />
            <SP ID="SP_29155" HPOS="937" VPOS="2119" WIDTH="38" HEIGHT="0" />
            <String ID="Word_32877" HPOS="975" VPOS="2120" WIDTH="68" HEIGHT="37" CONTENT="hat" />
            <SP ID="SP_29156" HPOS="1043" VPOS="2120" WIDTH="28" HEIGHT="0" />
            <String ID="Word_32878" HPOS="1071" VPOS="2135" WIDTH="90" HEIGHT="23" CONTENT="man" />
            <SP ID="SP_29157" HPOS="1161" VPOS="2122" WIDTH="30" HEIGHT="0" />
            <String ID="Word_32879" HPOS="1191" VPOS="2122" WIDTH="73" HEIGHT="36" CONTENT="den" />
            <SP ID="SP_29158" HPOS="1264" VPOS="2120" WIDTH="31" HEIGHT="0" />
            <String ID="Word_32880" HPOS="1295" VPOS="2120" WIDTH="286" HEIGHT="38" CONTENT="Schwerpunkt" />
            <SP ID="SP_29159" HPOS="1581" VPOS="2120" WIDTH="30" HEIGHT="0" />
            <String ID="Word_32881" HPOS="1611" VPOS="2121" WIDTH="67" HEIGHT="37" CONTENT="der" />
          </TextLine>
          <TextLine ID="TextLine_3727" HPOS="85" VPOS="2171" WIDTH="1591" HEIGHT="52">
            <String ID="Word_32882" HPOS="85" VPOS="2171" WIDTH="259" HEIGHT="50" CONTENT="Behandlung" />
            <SP ID="SP_29160" HPOS="344" VPOS="2171" WIDTH="29" HEIGHT="0" />
            <String ID="Word_32883" HPOS="373" VPOS="2173" WIDTH="107" HEIGHT="37" CONTENT="darin" />
            <SP ID="SP_29161" HPOS="480" VPOS="2172" WIDTH="30" HEIGHT="0" />
            <String ID="Word_32884" HPOS="510" VPOS="2172" WIDTH="174" HEIGHT="49" CONTENT="gesucht," />
            <SP ID="SP_29162" HPOS="684" VPOS="2172" WIDTH="32" HEIGHT="0" />
            <String ID="Word_32885" HPOS="716" VPOS="2174" WIDTH="67" HEIGHT="36" CONTENT="das" />
            <SP ID="SP_29163" HPOS="783" VPOS="2173" WIDTH="29" HEIGHT="0" />
            <String ID="Word_32886" HPOS="812" VPOS="2173" WIDTH="200" HEIGHT="38" CONTENT="infectiöse" />
            <SP ID="SP_29164" HPOS="1012" VPOS="2173" WIDTH="32" HEIGHT="0" />
            <String ID="Word_32887" HPOS="1044" VPOS="2173" WIDTH="134" HEIGHT="38" CONTENT="Agens" />
            <SP ID="SP_29165" HPOS="1178" VPOS="2173" WIDTH="29" HEIGHT="0" />
            <String ID="Word_32888" HPOS="1207" VPOS="2174" WIDTH="39" HEIGHT="37" CONTENT="in" />
            <SP ID="SP_29166" HPOS="1246" VPOS="2174" WIDTH="31" HEIGHT="0" />
            <String ID="Word_32889" HPOS="1277" VPOS="2174" WIDTH="86" HEIGHT="37" CONTENT="dem" />
            <SP ID="SP_29167" HPOS="1363" VPOS="2174" WIDTH="29" HEIGHT="0" />
            <String ID="Word_32890" HPOS="1392" VPOS="2187" WIDTH="75" HEIGHT="24" CONTENT="von" />
            <SP ID="SP_29168" HPOS="1467" VPOS="2174" WIDTH="30" HEIGHT="0" />
            <String ID="Word_32891" HPOS="1497" VPOS="2174" WIDTH="79" HEIGHT="37" CONTENT="ihm" />
            <SP ID="SP_29169" HPOS="1576" VPOS="2174" WIDTH="31" HEIGHT="0" />
            <String ID="Word_32892" HPOS="1607" VPOS="2174" WIDTH="69" HEIGHT="37" CONTENT="be-" />
          </TextLine>
          <TextLine ID="TextLine_3728" HPOS="85" VPOS="2224" WIDTH="1592" HEIGHT="53">
            <String ID="Word_32893" HPOS="85" VPOS="2224" WIDTH="169" HEIGHT="38" CONTENT="fallenen" />
            <SP ID="SP_29170" HPOS="254" VPOS="2224" WIDTH="44" HEIGHT="0" />
            <String ID="Word_32894" HPOS="298" VPOS="2224" WIDTH="166" HEIGHT="39" CONTENT="Gewebe" />
            <SP ID="SP_29171" HPOS="464" VPOS="2224" WIDTH="44" HEIGHT="0" />
            <String ID="Word_32895" HPOS="508" VPOS="2240" WIDTH="46" HEIGHT="23" CONTENT="zu" />
            <SP ID="SP_29172" HPOS="554" VPOS="2226" WIDTH="43" HEIGHT="0" />
            <String ID="Word_32896" HPOS="597" VPOS="2226" WIDTH="246" HEIGHT="49" CONTENT="bekämpfen." />
            <SP ID="SP_29173" HPOS="843" VPOS="2226" WIDTH="64" HEIGHT="0" />
            <String ID="Word_32897" HPOS="907" VPOS="2227" WIDTH="111" HEIGHT="37" CONTENT="Doch" />
            <SP ID="SP_29174" HPOS="1018" VPOS="2227" WIDTH="41" HEIGHT="0" />
            <String ID="Word_32898" HPOS="1059" VPOS="2227" WIDTH="98" HEIGHT="38" CONTENT="auch" />
            <SP ID="SP_29175" HPOS="1157" VPOS="2227" WIDTH="44" HEIGHT="0" />
            <String ID="Word_32899" HPOS="1201" VPOS="2227" WIDTH="59" HEIGHT="38" CONTENT="die" />
            <SP ID="SP_29176" HPOS="1260" VPOS="2227" WIDTH="45" HEIGHT="0" />
            <String ID="Word_32900" HPOS="1305" VPOS="2230" WIDTH="372" HEIGHT="47" CONTENT="entgegengesetzte" />
          </TextLine>
          <TextLine ID="TextLine_3729" HPOS="85" VPOS="2277" WIDTH="1590" HEIGHT="53">
            <String ID="Word_32901" HPOS="85" VPOS="2277" WIDTH="180" HEIGHT="46" CONTENT="Ansicht," />
            <SP ID="SP_29177" HPOS="265" VPOS="2277" WIDTH="41" HEIGHT="0" />
            <String ID="Word_32902" HPOS="306" VPOS="2278" WIDTH="86" HEIGHT="37" CONTENT="dass" />
            <SP ID="SP_29178" HPOS="392" VPOS="2278" WIDTH="39" HEIGHT="0" />
            <String ID="Word_32903" HPOS="431" VPOS="2280" WIDTH="59" HEIGHT="36" CONTENT="die" />
            <SP ID="SP_29179" HPOS="490" VPOS="2279" WIDTH="30" HEIGHT="0" />
            <String ID="Word_32904" HPOS="520" VPOS="2279" WIDTH="161" HEIGHT="38" CONTENT="örtliche" />
            <SP ID="SP_29180" HPOS="681" VPOS="2279" WIDTH="30" HEIGHT="0" />
            <String ID="Word_32905" HPOS="711" VPOS="2279" WIDTH="194" HEIGHT="38" CONTENT="Aflfection" />
            <SP ID="SP_29181" HPOS="905" VPOS="2279" WIDTH="29" HEIGHT="0" />
            <String ID="Word_32906" HPOS="934" VPOS="2293" WIDTH="72" HEIGHT="24" CONTENT="nur" />
            <SP ID="SP_29182" HPOS="1006" VPOS="2280" WIDTH="30" HEIGHT="0" />
            <String ID="Word_32907" HPOS="1036" VPOS="2280" WIDTH="60" HEIGHT="37" CONTENT="die" />
            <SP ID="SP_29183" HPOS="1096" VPOS="2280" WIDTH="30" HEIGHT="0" />
            <String ID="Word_32908" HPOS="1126" VPOS="2280" WIDTH="260" HEIGHT="37" CONTENT="Localisation" />
            <SP ID="SP_29184" HPOS="1386" VPOS="2280" WIDTH="31" HEIGHT="0" />
            <String ID="Word_32909" HPOS="1417" VPOS="2281" WIDTH="105" HEIGHT="37" CONTENT="einer" />
            <SP ID="SP_29185" HPOS="1522" VPOS="2281" WIDTH="30" HEIGHT="0" />
            <String ID="Word_32910" HPOS="1552" VPOS="2281" WIDTH="123" HEIGHT="49" CONTENT="allge-" />
          </TextLine>
          <TextLine ID="TextLine_3730" HPOS="86" VPOS="2330" WIDTH="1590" HEIGHT="53">
            <String ID="Word_32911" HPOS="86" VPOS="2331" WIDTH="153" HEIGHT="37" CONTENT="meinen" />
            <SP ID="SP_29186" HPOS="239" VPOS="2330" WIDTH="29" HEIGHT="0" />
            <String ID="Word_32912" HPOS="268" VPOS="2330" WIDTH="422" HEIGHT="39" CONTENT="Infectionskrankheit" />
            <SP ID="SP_29187" HPOS="690" VPOS="2330" WIDTH="36" HEIGHT="0" />
            <String ID="Word_32913" HPOS="726" VPOS="2333" WIDTH="57" HEIGHT="37" CONTENT="sei" />
            <SP ID="SP_29188" HPOS="783" VPOS="2333" WIDTH="36" HEIGHT="0" />
            <String ID="Word_32914" HPOS="819" VPOS="2334" WIDTH="79" HEIGHT="37" CONTENT="und" />
            <SP ID="SP_29189" HPOS="898" VPOS="2333" WIDTH="37" HEIGHT="0" />
            <String ID="Word_32915" HPOS="935" VPOS="2333" WIDTH="242" HEIGHT="49" CONTENT="demgemäss" />
            <SP ID="SP_29190" HPOS="1177" VPOS="2333" WIDTH="39" HEIGHT="0" />
            <String ID="Word_32916" HPOS="1216" VPOS="2334" WIDTH="67" HEIGHT="37" CONTENT="der" />
            <SP ID="SP_29191" HPOS="1283" VPOS="2332" WIDTH="30" HEIGHT="0" />
            <String ID="Word_32917" HPOS="1313" VPOS="2332" WIDTH="287" HEIGHT="40" CONTENT="Schwerpunkt" />
            <SP ID="SP_29192" HPOS="1600" VPOS="2332" WIDTH="36" HEIGHT="0" />
            <String ID="Word_32918" HPOS="1636" VPOS="2335" WIDTH="40" HEIGHT="36" CONTENT="in" />
          </TextLine>
          <TextLine ID="TextLine_3731" HPOS="88" VPOS="2384" WIDTH="1588" HEIGHT="52">
            <String ID="Word_32919" HPOS="88" VPOS="2384" WIDTH="67" HEIGHT="37" CONTENT="der" />
            <SP ID="SP_29193" HPOS="155" VPOS="2384" WIDTH="28" HEIGHT="0" />
            <String ID="Word_32920" HPOS="183" VPOS="2384" WIDTH="474" HEIGHT="51" CONTENT="Allgemeinbehandlung" />
            <SP ID="SP_29194" HPOS="657" VPOS="2384" WIDTH="28" HEIGHT="0" />
            <String ID="Word_32921" HPOS="685" VPOS="2386" WIDTH="120" HEIGHT="48" CONTENT="liege," />
            <SP ID="SP_29195" HPOS="805" VPOS="2386" WIDTH="37" HEIGHT="0" />
            <String ID="Word_32922" HPOS="842" VPOS="2386" WIDTH="69" HEIGHT="37" CONTENT="hat" />
            <SP ID="SP_29196" HPOS="911" VPOS="2386" WIDTH="28" HEIGHT="0" />
            <String ID="Word_32923" HPOS="939" VPOS="2387" WIDTH="38" HEIGHT="36" CONTENT="in" />
            <SP ID="SP_29197" HPOS="977" VPOS="2386" WIDTH="30" HEIGHT="0" />
            <String ID="Word_32924" HPOS="1007" VPOS="2386" WIDTH="184" HEIGHT="38" CONTENT="früheren" />
            <SP ID="SP_29198" HPOS="1191" VPOS="2386" WIDTH="29" HEIGHT="0" />
            <String ID="Word_32925" HPOS="1220" VPOS="2388" WIDTH="78" HEIGHT="36" CONTENT="und" />
            <SP ID="SP_29199" HPOS="1298" VPOS="2388" WIDTH="30" HEIGHT="0" />
            <String ID="Word_32926" HPOS="1328" VPOS="2390" WIDTH="181" HEIGHT="35" CONTENT="späteren" />
            <SP ID="SP_29200" HPOS="1509" VPOS="2388" WIDTH="31" HEIGHT="0" />
            <String ID="Word_32927" HPOS="1540" VPOS="2388" WIDTH="136" HEIGHT="37" CONTENT="Zeiten" />
          </TextLine>
          <TextLine ID="TextLine_3732" HPOS="87" VPOS="2436" WIDTH="1504" HEIGHT="55">
            <String ID="Word_32928" HPOS="87" VPOS="2436" WIDTH="102" HEIGHT="38" CONTENT="wohl" />
            <SP ID="SP_29201" HPOS="189" VPOS="2436" WIDTH="27" HEIGHT="0" />
            <String ID="Word_32929" HPOS="216" VPOS="2437" WIDTH="84" HEIGHT="37" CONTENT="ihre" />
            <SP ID="SP_29202" HPOS="300" VPOS="2437" WIDTH="32" HEIGHT="0" />
            <String ID="Word_32930" HPOS="332" VPOS="2437" WIDTH="211" HEIGHT="46" CONTENT="Vertreter," />
            <SP ID="SP_29203" HPOS="543" VPOS="2437" WIDTH="31" HEIGHT="0" />
            <String ID="Word_32931" HPOS="574" VPOS="2439" WIDTH="92" HEIGHT="36" CONTENT="aber" />
            <SP ID="SP_29204" HPOS="666" VPOS="2439" WIDTH="29" HEIGHT="0" />
            <String ID="Word_32932" HPOS="695" VPOS="2439" WIDTH="61" HEIGHT="36" CONTENT="nie" />
            <SP ID="SP_29205" HPOS="756" VPOS="2439" WIDTH="31" HEIGHT="0" />
            <String ID="Word_32933" HPOS="787" VPOS="2439" WIDTH="270" HEIGHT="50" CONTENT="vorwiegende" />
            <SP ID="SP_29206" HPOS="1057" VPOS="2439" WIDTH="30" HEIGHT="0" />
            <String ID="Word_32934" HPOS="1087" VPOS="2439" WIDTH="266" HEIGHT="52" CONTENT="Verbreitung" />
            <SP ID="SP_29207" HPOS="1353" VPOS="2439" WIDTH="29" HEIGHT="0" />
            <String ID="Word_32935" HPOS="1382" VPOS="2442" WIDTH="209" HEIGHT="48" CONTENT="gefunden." />
          </TextLine>
          <TextLine ID="TextLine_3733" HPOS="215" VPOS="2490" WIDTH="1459" HEIGHT="54">
            <String ID="Word_32936" HPOS="215" VPOS="2490" WIDTH="234" HEIGHT="39" CONTENT="Betrachten" />
            <SP ID="SP_29208" HPOS="449" VPOS="2490" WIDTH="27" HEIGHT="0" />
            <String ID="Word_32937" HPOS="476" VPOS="2491" WIDTH="68" HEIGHT="37" CONTENT="wir" />
            <SP ID="SP_29209" HPOS="544" VPOS="2491" WIDTH="22" HEIGHT="0" />
            <String ID="Word_32938" HPOS="566" VPOS="2491" WIDTH="59" HEIGHT="37" CONTENT="die" />
            <SP ID="SP_29210" HPOS="625" VPOS="2491" WIDTH="21" HEIGHT="0" />
            <String ID="Word_32939" HPOS="646" VPOS="2504" WIDTH="125" HEIGHT="37" CONTENT="gegen" />
            <SP ID="SP_29211" HPOS="771" VPOS="2492" WIDTH="24" HEIGHT="0" />
            <String ID="Word_32940" HPOS="795" VPOS="2492" WIDTH="73" HEIGHT="37" CONTENT="den" />
            <SP ID="SP_29212" HPOS="868" VPOS="2492" WIDTH="20" HEIGHT="0" />
            <String ID="Word_32941" HPOS="888" VPOS="2492" WIDTH="307" HEIGHT="49" CONTENT="Hospitalbrand" />
            <SP ID="SP_29213" HPOS="1195" VPOS="2492" WIDTH="28" HEIGHT="0" />
            <String ID="Word_32942" HPOS="1223" VPOS="2494" WIDTH="139" HEIGHT="37" CONTENT="örtlich" />
            <SP ID="SP_29214" HPOS="1362" VPOS="2494" WIDTH="29" HEIGHT="0" />
            <String ID="Word_32943" HPOS="1391" VPOS="2497" WIDTH="283" HEIGHT="35" CONTENT="angewandten" />
          </TextLine>
          <TextLine ID="TextLine_3734" HPOS="87" VPOS="2542" WIDTH="1586" HEIGHT="53">
            <String ID="Word_32944" HPOS="87" VPOS="2542" WIDTH="146" HEIGHT="46" CONTENT="Mittel," />
            <SP ID="SP_29215" HPOS="233" VPOS="2542" WIDTH="31" HEIGHT="0" />
            <String ID="Word_32945" HPOS="264" VPOS="2556" WIDTH="40" HEIGHT="25" CONTENT="so" />
            <SP ID="SP_29216" HPOS="304" VPOS="2545" WIDTH="30" HEIGHT="0" />
            <String ID="Word_32946" HPOS="334" VPOS="2546" WIDTH="109" HEIGHT="35" CONTENT="weist" />
            <SP ID="SP_29217" HPOS="443" VPOS="2544" WIDTH="30" HEIGHT="0" />
            <String ID="Word_32947" HPOS="473" VPOS="2544" WIDTH="59" HEIGHT="37" CONTENT="die" />
            <SP ID="SP_29218" HPOS="532" VPOS="2544" WIDTH="30" HEIGHT="0" />
            <String ID="Word_32948" HPOS="562" VPOS="2544" WIDTH="198" HEIGHT="37" CONTENT="Literatur" />
            <SP ID="SP_29219" HPOS="760" VPOS="2544" WIDTH="31" HEIGHT="0" />
            <String ID="Word_32949" HPOS="791" VPOS="2545" WIDTH="84" HEIGHT="37" CONTENT="eine" />
            <SP ID="SP_29220" HPOS="875" VPOS="2545" WIDTH="30" HEIGHT="0" />
            <String ID="Word_32950" HPOS="905" VPOS="2559" WIDTH="98" HEIGHT="36" CONTENT="ganz" />
            <SP ID="SP_29221" HPOS="1003" VPOS="2559" WIDTH="32" HEIGHT="0" />
            <String ID="Word_32951" HPOS="1035" VPOS="2560" WIDTH="154" HEIGHT="24" CONTENT="enorme" />
            <SP ID="SP_29222" HPOS="1189" VPOS="2547" WIDTH="31" HEIGHT="0" />
            <String ID="Word_32952" HPOS="1220" VPOS="2547" WIDTH="151" HEIGHT="37" CONTENT="Anzahl" />
            <SP ID="SP_29223" HPOS="1371" VPOS="2547" WIDTH="29" HEIGHT="0" />
            <String ID="Word_32953" HPOS="1400" VPOS="2549" WIDTH="273" HEIGHT="37" CONTENT="verschieden-" />
          </TextLine>
          <TextLine ID="TextLine_3735" HPOS="88" VPOS="2596" WIDTH="1587" HEIGHT="55">
            <String ID="Word_32954" HPOS="88" VPOS="2596" WIDTH="182" HEIGHT="48" CONTENT="artigster" />
            <SP ID="SP_29224" HPOS="270" VPOS="2596" WIDTH="21" HEIGHT="0" />
            <String ID="Word_32955" HPOS="291" VPOS="2596" WIDTH="128" HEIGHT="51" CONTENT="Dinge" />
            <SP ID="SP_29225" HPOS="419" VPOS="2596" WIDTH="21" HEIGHT="0" />
            <String ID="Word_32956" HPOS="440" VPOS="2598" WIDTH="76" HEIGHT="45" CONTENT="auf," />
            <SP ID="SP_29226" HPOS="516" VPOS="2598" WIDTH="29" HEIGHT="0" />
            <String ID="Word_32957" HPOS="545" VPOS="2598" WIDTH="116" HEIGHT="37" CONTENT="deren" />
            <SP ID="SP_29227" HPOS="661" VPOS="2597" WIDTH="21" HEIGHT="0" />
            <String ID="Word_32958" HPOS="682" VPOS="2597" WIDTH="258" HEIGHT="51" CONTENT="Anwendung" />
            <SP ID="SP_29228" HPOS="940" VPOS="2597" WIDTH="21" HEIGHT="0" />
            <String ID="Word_32959" HPOS="961" VPOS="2600" WIDTH="181" HEIGHT="37" CONTENT="versucht" />
            <SP ID="SP_29229" HPOS="1142" VPOS="2600" WIDTH="20" HEIGHT="0" />
            <String ID="Word_32960" HPOS="1162" VPOS="2602" WIDTH="77" HEIGHT="36" CONTENT="und" />
            <SP ID="SP_29230" HPOS="1239" VPOS="2601" WIDTH="20" HEIGHT="0" />
            <String ID="Word_32961" HPOS="1259" VPOS="2601" WIDTH="109" HEIGHT="37" CONTENT="mehr" />
            <SP ID="SP_29231" HPOS="1368" VPOS="2601" WIDTH="20" HEIGHT="0" />
            <String ID="Word_32962" HPOS="1388" VPOS="2602" WIDTH="93" HEIGHT="36" CONTENT="oder" />
            <SP ID="SP_29232" HPOS="1481" VPOS="2602" WIDTH="20" HEIGHT="0" />
            <String ID="Word_32963" HPOS="1501" VPOS="2614" WIDTH="174" HEIGHT="37" CONTENT="weniger" />
          </TextLine>
          <TextLine ID="TextLine_3736" HPOS="89" VPOS="2648" WIDTH="1583" HEIGHT="49">
            <String ID="Word_32964" HPOS="89" VPOS="2648" WIDTH="222" HEIGHT="49" CONTENT="empfohlen" />
            <SP ID="SP_29233" HPOS="311" VPOS="2648" WIDTH="22" HEIGHT="0" />
            <String ID="Word_32965" HPOS="333" VPOS="2651" WIDTH="140" HEIGHT="37" CONTENT="wurde." />
            <SP ID="SP_29234" HPOS="473" VPOS="2650" WIDTH="44" HEIGHT="0" />
            <String ID="Word_32966" HPOS="517" VPOS="2650" WIDTH="190" HEIGHT="38" CONTENT="Fischer" />
            <SP ID="SP_29235" HPOS="707" VPOS="2650" WIDTH="20" HEIGHT="0" />
            <String ID="Word_32967" HPOS="727" VPOS="2650" WIDTH="100" HEIGHT="38" CONTENT="sieht" />
            <SP ID="SP_29236" HPOS="827" VPOS="2650" WIDTH="20" HEIGHT="0" />
            <String ID="Word_32968" HPOS="847" VPOS="2652" WIDTH="107" HEIGHT="37" CONTENT="darin" />
            <SP ID="SP_29237" HPOS="954" VPOS="2652" WIDTH="22" HEIGHT="0" />
            <String ID="Word_32969" HPOS="976" VPOS="2653" WIDTH="60" HEIGHT="37" CONTENT="ein" />
            <SP ID="SP_29238" HPOS="1036" VPOS="2653" WIDTH="21" HEIGHT="0" />
            <String ID="Word_32970" HPOS="1057" VPOS="2653" WIDTH="385" HEIGHT="38" CONTENT="bedauernswerthes" />
            <SP ID="SP_29239" HPOS="1442" VPOS="2653" WIDTH="21" HEIGHT="0" />
            <String ID="Word_32971" HPOS="1463" VPOS="2654" WIDTH="209" HEIGHT="38" CONTENT="Armuths-" />
          </TextLine>
          <TextLine ID="TextLine_3737" HPOS="88" VPOS="2702" WIDTH="1585" HEIGHT="52">
            <String ID="Word_32972" HPOS="88" VPOS="2702" WIDTH="179" HEIGHT="49" CONTENT="zeugniss" />
            <SP ID="SP_29240" HPOS="267" VPOS="2702" WIDTH="28" HEIGHT="0" />
            <String ID="Word_32973" HPOS="295" VPOS="2702" WIDTH="62" HEIGHT="37" CONTENT="für" />
            <SP ID="SP_29241" HPOS="357" VPOS="2702" WIDTH="30" HEIGHT="0" />
            <String ID="Word_32974" HPOS="387" VPOS="2703" WIDTH="59" HEIGHT="38" CONTENT="die" />
            <SP ID="SP_29242" HPOS="446" VPOS="2703" WIDTH="31" HEIGHT="0" />
            <String ID="Word_32975" HPOS="477" VPOS="2704" WIDTH="192" HEIGHT="49" CONTENT="Therapie" />
            <SP ID="SP_29243" HPOS="669" VPOS="2704" WIDTH="30" HEIGHT="0" />
            <String ID="Word_32976" HPOS="699" VPOS="2704" WIDTH="65" HEIGHT="37" CONTENT="des" />
            <SP ID="SP_29244" HPOS="764" VPOS="2704" WIDTH="30" HEIGHT="0" />
            <String ID="Word_32977" HPOS="794" VPOS="2704" WIDTH="368" HEIGHT="50" CONTENT="Hospitalbrandes," />
            <SP ID="SP_29245" HPOS="1162" VPOS="2704" WIDTH="40" HEIGHT="0" />
            <String ID="Word_32978" HPOS="1202" VPOS="2708" WIDTH="47" HEIGHT="36" CONTENT="da" />
            <SP ID="SP_29246" HPOS="1249" VPOS="2708" WIDTH="38" HEIGHT="0" />
            <String ID="Word_32979" HPOS="1287" VPOS="2708" WIDTH="66" HEIGHT="36" CONTENT="das" />
            <SP ID="SP_29247" HPOS="1353" VPOS="2706" WIDTH="31" HEIGHT="0" />
            <String ID="Word_32980" HPOS="1384" VPOS="2706" WIDTH="144" HEIGHT="39" CONTENT="Wesen" />
            <SP ID="SP_29248" HPOS="1528" VPOS="2706" WIDTH="41" HEIGHT="0" />
            <String ID="Word_32981" HPOS="1569" VPOS="2708" WIDTH="104" HEIGHT="38" CONTENT="eines" />
          </TextLine>
          <TextLine ID="TextLine_3738" HPOS="89" VPOS="2754" WIDTH="1582" HEIGHT="44">
            <String ID="Word_32982" HPOS="89" VPOS="2754" WIDTH="165" HEIGHT="39" CONTENT="Leidens" />
            <SP ID="SP_29249" HPOS="254" VPOS="2754" WIDTH="29" HEIGHT="0" />
            <String ID="Word_32983" HPOS="283" VPOS="2768" WIDTH="63" HEIGHT="23" CONTENT="um" />
            <SP ID="SP_29250" HPOS="346" VPOS="2768" WIDTH="31" HEIGHT="0" />
            <String ID="Word_32984" HPOS="377" VPOS="2769" WIDTH="41" HEIGHT="24" CONTENT="so" />
            <SP ID="SP_29251" HPOS="418" VPOS="2757" WIDTH="29" HEIGHT="0" />
            <String ID="Word_32985" HPOS="447" VPOS="2757" WIDTH="268" HEIGHT="38" CONTENT="unbekannter" />
            <SP ID="SP_29252" HPOS="715" VPOS="2757" WIDTH="37" HEIGHT="0" />
            <String ID="Word_32986" HPOS="752" VPOS="2758" WIDTH="78" HEIGHT="37" CONTENT="und" />
            <SP ID="SP_29253" HPOS="830" VPOS="2758" WIDTH="35" HEIGHT="0" />
            <String ID="Word_32987" HPOS="865" VPOS="2758" WIDTH="65" HEIGHT="37" CONTENT="das" />
            <SP ID="SP_29254" HPOS="930" VPOS="2758" WIDTH="30" HEIGHT="0" />
            <String ID="Word_32988" HPOS="960" VPOS="2759" WIDTH="180" HEIGHT="38" CONTENT="Handeln" />
            <SP ID="SP_29255" HPOS="1140" VPOS="2759" WIDTH="31" HEIGHT="0" />
            <String ID="Word_32989" HPOS="1171" VPOS="2762" WIDTH="64" HEIGHT="36" CONTENT="des" />
            <SP ID="SP_29256" HPOS="1235" VPOS="2760" WIDTH="31" HEIGHT="0" />
            <String ID="Word_32990" HPOS="1266" VPOS="2760" WIDTH="139" HEIGHT="37" CONTENT="Arztes" />
            <SP ID="SP_29257" HPOS="1405" VPOS="2760" WIDTH="30" HEIGHT="0" />
            <String ID="Word_32991" HPOS="1435" VPOS="2774" WIDTH="62" HEIGHT="23" CONTENT="um" />
            <SP ID="SP_29258" HPOS="1497" VPOS="2772" WIDTH="32" HEIGHT="0" />
            <String ID="Word_32992" HPOS="1529" VPOS="2774" WIDTH="41" HEIGHT="24" CONTENT="so" />
            <SP ID="SP_29259" HPOS="1570" VPOS="2772" WIDTH="29" HEIGHT="0" />
            <String ID="Word_32993" HPOS="1599" VPOS="2775" WIDTH="72" HEIGHT="23" CONTENT="un-" />
          </TextLine>
          <TextLine ID="TextLine_3739" HPOS="89" VPOS="2807" WIDTH="1585" HEIGHT="55">
            <String ID="Word_32994" HPOS="89" VPOS="2807" WIDTH="168" HEIGHT="39" CONTENT="sicherer" />
            <SP ID="SP_29260" HPOS="257" VPOS="2807" WIDTH="30" HEIGHT="0" />
            <String ID="Word_32995" HPOS="287" VPOS="2808" WIDTH="116" HEIGHT="46" CONTENT="seien," />
            <SP ID="SP_29261" HPOS="403" VPOS="2808" WIDTH="28" HEIGHT="0" />
            <String ID="Word_32996" HPOS="431" VPOS="2810" WIDTH="39" HEIGHT="49" CONTENT="je" />
            <SP ID="SP_29262" HPOS="470" VPOS="2810" WIDTH="22" HEIGHT="0" />
            <String ID="Word_32997" HPOS="492" VPOS="2810" WIDTH="108" HEIGHT="37" CONTENT="mehr" />
            <SP ID="SP_29263" HPOS="600" VPOS="2810" WIDTH="20" HEIGHT="0" />
            <String ID="Word_32998" HPOS="620" VPOS="2810" WIDTH="128" HEIGHT="37" CONTENT="Mittel" />
            <SP ID="SP_29264" HPOS="748" VPOS="2810" WIDTH="21" HEIGHT="0" />
            <String ID="Word_32999" HPOS="769" VPOS="2811" WIDTH="175" HEIGHT="50" CONTENT="dagegen" />
            <SP ID="SP_29265" HPOS="944" VPOS="2811" WIDTH="32" HEIGHT="0" />
            <String ID="Word_33000" HPOS="976" VPOS="2812" WIDTH="220" HEIGHT="50" CONTENT="empfohlen" />
            <SP ID="SP_29266" HPOS="1196" VPOS="2812" WIDTH="31" HEIGHT="0" />
            <String ID="Word_33001" HPOS="1227" VPOS="2814" WIDTH="170" HEIGHT="37" CONTENT="würden." />
            <SP ID="SP_29267" HPOS="1397" VPOS="2813" WIDTH="48" HEIGHT="0" />
            <String ID="Word_33002" HPOS="1445" VPOS="2813" WIDTH="148" HEIGHT="38" CONTENT="Gewiss" />
            <SP ID="SP_29268" HPOS="1593" VPOS="2813" WIDTH="29" HEIGHT="0" />
            <String ID="Word_33003" HPOS="1622" VPOS="2815" WIDTH="52" HEIGHT="38" CONTENT="ist" />
          </TextLine>
          <TextLine ID="TextLine_3740" HPOS="90" VPOS="2860" WIDTH="1581" HEIGHT="56">
            <String ID="Word_33004" HPOS="90" VPOS="2860" WIDTH="66" HEIGHT="37" CONTENT="das" />
            <SP ID="SP_29269" HPOS="156" VPOS="2860" WIDTH="28" HEIGHT="0" />
            <String ID="Word_33005" HPOS="184" VPOS="2861" WIDTH="143" HEIGHT="49" CONTENT="richtig" />
            <SP ID="SP_29270" HPOS="327" VPOS="2861" WIDTH="37" HEIGHT="0" />
            <String ID="Word_33006" HPOS="364" VPOS="2862" WIDTH="77" HEIGHT="37" CONTENT="und" />
            <SP ID="SP_29271" HPOS="441" VPOS="2862" WIDTH="38" HEIGHT="0" />
            <String ID="Word_33007" HPOS="479" VPOS="2876" WIDTH="85" HEIGHT="24" CONTENT="vom" />
            <SP ID="SP_29272" HPOS="564" VPOS="2863" WIDTH="29" HEIGHT="0" />
            <String ID="Word_33008" HPOS="593" VPOS="2863" WIDTH="185" HEIGHT="49" CONTENT="heutigen" />
            <SP ID="SP_29273" HPOS="778" VPOS="2862" WIDTH="31" HEIGHT="0" />
            <String ID="Word_33009" HPOS="809" VPOS="2862" WIDTH="268" HEIGHT="52" CONTENT="Standpunkte" />
            <SP ID="SP_29274" HPOS="1077" VPOS="2862" WIDTH="31" HEIGHT="0" />
            <String ID="Word_33010" HPOS="1108" VPOS="2880" WIDTH="68" HEIGHT="25" CONTENT="aus" />
            <SP ID="SP_29275" HPOS="1176" VPOS="2866" WIDTH="29" HEIGHT="0" />
            <String ID="Word_33011" HPOS="1205" VPOS="2866" WIDTH="212" HEIGHT="50" CONTENT="unterliegt" />
            <SP ID="SP_29276" HPOS="1417" VPOS="2866" WIDTH="30" HEIGHT="0" />
            <String ID="Word_33012" HPOS="1447" VPOS="2880" WIDTH="39" HEIGHT="24" CONTENT="es" />
            <SP ID="SP_29277" HPOS="1486" VPOS="2867" WIDTH="31" HEIGHT="0" />
            <String ID="Word_33013" HPOS="1517" VPOS="2867" WIDTH="154" HEIGHT="39" CONTENT="keinem" />
          </TextLine>
          <TextLine ID="TextLine_3741" HPOS="91" VPOS="2912" WIDTH="1579" HEIGHT="54">
            <String ID="Word_33014" HPOS="91" VPOS="2912" WIDTH="170" HEIGHT="48" CONTENT="Zweifel," />
            <SP ID="SP_29278" HPOS="261" VPOS="2912" WIDTH="32" HEIGHT="0" />
            <String ID="Word_33015" HPOS="293" VPOS="2914" WIDTH="87" HEIGHT="38" CONTENT="dass" />
            <SP ID="SP_29279" HPOS="380" VPOS="2914" WIDTH="30" HEIGHT="0" />
            <String ID="Word_33016" HPOS="410" VPOS="2914" WIDTH="61" HEIGHT="38" CONTENT="ein" />
            <SP ID="SP_29280" HPOS="471" VPOS="2914" WIDTH="30" HEIGHT="0" />
            <String ID="Word_33017" HPOS="501" VPOS="2928" WIDTH="152" HEIGHT="37" CONTENT="grosser" />
            <SP ID="SP_29281" HPOS="653" VPOS="2916" WIDTH="30" HEIGHT="0" />
            <String ID="Word_33018" HPOS="683" VPOS="2916" WIDTH="115" HEIGHT="37" CONTENT="Theil" />
            <SP ID="SP_29282" HPOS="798" VPOS="2916" WIDTH="25" HEIGHT="0" />
            <String ID="Word_33019" HPOS="823" VPOS="2918" WIDTH="111" HEIGHT="48" CONTENT="jener" />
            <SP ID="SP_29283" HPOS="934" VPOS="2918" WIDTH="29" HEIGHT="0" />
            <String ID="Word_33020" HPOS="963" VPOS="2918" WIDTH="148" HEIGHT="48" CONTENT="Mittel," />
            <SP ID="SP_29284" HPOS="1111" VPOS="2918" WIDTH="32" HEIGHT="0" />
            <String ID="Word_33021" HPOS="1143" VPOS="2933" WIDTH="110" HEIGHT="24" CONTENT="wenn" />
            <SP ID="SP_29285" HPOS="1253" VPOS="2919" WIDTH="30" HEIGHT="0" />
            <String ID="Word_33022" HPOS="1283" VPOS="2919" WIDTH="98" HEIGHT="38" CONTENT="auch" />
            <SP ID="SP_29286" HPOS="1381" VPOS="2919" WIDTH="31" HEIGHT="0" />
            <String ID="Word_33023" HPOS="1412" VPOS="2933" WIDTH="73" HEIGHT="24" CONTENT="von" />
            <SP ID="SP_29287" HPOS="1485" VPOS="2921" WIDTH="30" HEIGHT="0" />
            <String ID="Word_33024" HPOS="1515" VPOS="2921" WIDTH="155" HEIGHT="39" CONTENT="Diesem" />
          </TextLine>
        </TextBlock>
      </PrintSpace>
    </Page>
  </Layout>
</alto>
