2113 3404
907 237 86 31 THE
1029 239 241 34 DISORDERS
1303 244 53 30 OF
1388 245 175 34 SPEECH.

426 219 85 42 390

421 350 158 54 pocket
601 366 24 27 a
647 353 136 43 ticket
806 356 108 41 from
938 357 74 42 the
1036 358 197 55 hospital,
1258 362 103 41 with
1386 364 71 41 the
1482 379 124 29 name
1627 368 46 40 of
1701 367 67 42 his
1791 370 247 40 complaint,

420 420 226 57 "polyurie
667 425 181 55 simple,"
874 427 168 41 written
1069 443 112 40 upon
1217 431 42 41 it.
1322 433 102 43 Tins
1447 433 68 43 led
1541 435 73 42 the
1636 436 146 42 doctor
1803 442 43 36 to
1878 439 156 55 supply

422 489 90 45 him
537 492 134 57 freely
695 495 104 42 with
825 502 141 45 water,
989 498 44 40 of
1057 498 138 42 which
1221 500 52 42 he
1304 502 293 58 immediately
1621 506 139 42 drank
1792 508 132 41 about
1955 515 82 36 two

422 560 131 44 litres.
617 564 53 41 In
703 565 132 43 about
857 571 73 37 ten
965 567 189 43 minutes
1186 570 241 54 thereafter,
1449 573 52 43 he
1533 577 224 42 recovered
1786 577 66 42 his
1874 579 167 41 speech,

422 632 86 42 and
530 647 86 29 was
638 635 96 42 able
768 642 42 35 to
842 637 96 55 give
970 652 53 27 an
1058 645 181 36 account
1269 642 45 40 of
1342 642 182 43 himself.
1587 646 59 41 M.
1681 647 205 55 Chouppe
1919 649 120 41 attri-

423 703 126 42 butes
571 705 74 42 the
668 706 178 54 aphasia
870 712 43 36 to
937 711 19 17 "
972 709 187 41 cerebral
1183 710 346 42 deshydrsemia."

482 774 89 42 The
595 775 86 41 fact
698 776 96 41 that
815 777 178 54 aphasia
1015 792 96 41 may
1136 779 101 42 thus
1254 795 127 27 occur
1403 782 43 40 in
1470 783 190 44 diabetes
1683 786 224 55 insipidus,
1930 788 107 42 from

422 844 155 56 simple
610 845 285 54 dehydration
921 848 46 40 of
997 848 71 41 the
1101 849 137 49 blood,
1261 857 193 48 suggests
1486 853 73 42 the
1592 856 240 52 possibility
1858 858 94 40 that
1984 859 54 40 its

422 927 255 30 occurrence
699 916 45 40 in
774 916 193 42 diabetes
996 918 193 41 mellitus
1212 933 98 41 may
1333 921 88 42 also
1444 923 244 43 sometimes
1710 924 51 42 be
1784 926 82 41 due
1889 931 42 36 to
1956 927 85 41 this

422 998 139 38 cause,
584 985 83 41 and
692 991 76 36 not
790 986 160 56 always
974 992 42 37 to
1039 991 285 40 acetonaimia.

484 1056 54 41 In
572 1056 130 51 Gout,
724 1071 64 28 we
822 1057 110 43 have
968 1059 179 42 another
1179 1060 219 42 condition
1431 1063 43 40 of
1506 1064 210 51 toxaemia,
1738 1065 214 54 produced
1986 1067 51 54 by

423 1141 148 27 excess
613 1128 45 41 of
700 1132 120 38 urate
861 1129 45 41 of
947 1129 103 41 soda
1081 1129 44 41 in
1164 1130 74 42 the
1270 1131 138 50 blood,
1443 1133 140 41 which
1615 1135 245 42 sometimes
1892 1150 145 28 causes

422 1202 244 51 temporary
690 1199 186 55 aphasia.
943 1201 42 41 It
1007 1215 137 27 seems
1170 1202 214 54 probable,
1406 1203 209 52 however,
1649 1205 93 41 that
1772 1206 45 40 in
1849 1219 116 29 some
1997 1208 43 40 of

423 1268 74 42 the
514 1283 117 28 cases
654 1270 235 42 attributed
909 1277 43 35 to
970 1271 118 42 Gout
1104 1272 119 42 there
1242 1287 96 41 may
1357 1273 108 42 have
1483 1274 106 42 been
1607 1288 25 28 a
1648 1276 174 41 uraamic
1843 1283 197 44 element,

422 1339 85 43 due
529 1344 44 39 to
597 1341 73 41 the
694 1341 217 42 existence
934 1343 47 40 of
997 1346 134 51 gouty
1154 1343 163 42 disease
1340 1344 43 40 of
1405 1345 71 41 the
1500 1345 191 55 kidneys.

615 1506 200 54 Aphasia
837 1507 88 41 and
947 1507 113 41 other
1084 1507 193 42 Troubles
1297 1508 50 54 of
1361 1507 145 55 Speech
1527 1508 50 42 in
1597 1509 195 42 Relation
1814 1516 37 35 to

1033 1577 228 56 Infectious
1280 1578 153 42 Fevers.

483 1693 44 41 It
548 1693 37 42 is
608 1697 76 37 not
706 1693 238 55 surprising
967 1698 42 36 to
1034 1693 87 41 find
1144 1693 95 42 that
1261 1694 242 41 conditions
1521 1695 45 41 of
1584 1709 145 28 severe
1747 1696 128 41 fever,
1898 1697 137 39 which

424 1779 71 27 are
517 1778 46 28 so
585 1768 152 51 potent
758 1778 46 27 as
826 1777 148 29 causes
992 1764 46 40 of
1056 1763 276 42 disturbance
1349 1764 43 41 of
1413 1764 72 41 the
1505 1765 136 42 whole
1664 1780 182 27 nervous
1864 1773 173 42 system,

424 1850 70 28 are
516 1834 287 43 occasionally
827 1834 206 42 attended
1056 1834 104 41 with
1184 1834 158 54 special
1365 1834 273 43 disturbance
1661 1836 44 41 of
1735 1835 74 43 the
1841 1836 194 42 function

427 1907 47 41 of
484 1905 155 56 speech
657 1920 8 37 ;
689 1905 71 42 the
776 1905 275 41 disturbance
1074 1904 127 55 being
1218 1904 246 42 sometimes
1482 1907 44 40 of
1541 1905 72 42 the
1632 1911 150 36 nature
1795 1906 42 41 of
1852 1906 186 51 aphasia,

424 1977 86 43 and
532 1978 249 41 sometimes
804 1976 161 42 merely
988 1990 23 27 a
1035 1975 212 42 difficulty
1270 1990 46 27 or
1338 1976 220 42 thickness
1579 1977 45 40 in
1646 1976 284 43 articulation.

483 2048 90 42 The
605 2061 255 29 occurrence
894 2047 44 41 of
969 2046 177 42 aphasia
1178 2046 45 41 in
1258 2047 238 41 connexion
1536 2047 102 41 with
1677 2047 116 41 fever
1829 2047 209 41 attracted

425 2119 214 43 attention
684 2119 109 40 from
838 2132 54 27 an
935 2117 119 55 early
1096 2116 146 55 period
1283 2117 44 40 in
1370 2116 73 42 the
1486 2117 218 42 historical
1740 2117 222 42 literature
1996 2118 44 40 of

423 2190 201 55 aphasia;
656 2190 251 40 Trousseau,
929 2188 65 41 for
1016 2187 209 55 example,
1247 2187 161 55 having
1439 2187 201 42 recorded
1667 2201 116 27 some
1805 2191 233 38 character-

422 2261 99 41 istic
544 2274 117 28 cases
684 2260 46 41 of
748 2259 44 42 it.

483 2333 44 40 It
548 2331 49 52 is,
619 2331 208 41 however,
851 2334 43 37 to
915 2329 211 41 Albrecht
1154 2328 151 41 Clarus
1339 2328 96 40 that
1457 2341 61 28 we
1542 2341 89 28 owe
1654 2327 72 41 the
1759 2329 90 39 first
1880 2328 156 54 special

423 2402 174 43 treatise
629 2415 54 27 on
716 2400 75 42 the
823 2399 177 42 subject.
1064 2398 103 42 This
1191 2412 84 27 was
1308 2397 227 55 published
1567 2398 45 40 in
1647 2397 141 44 1874,1
1811 2411 45 27 as
1879 2403 95 48 part
1995 2398 43 40 of

424 2489 54 26 an
502 2472 96 42 able
619 2470 265 56 monograph
908 2484 54 27 on
985 2468 194 42 Aphasia
1201 2468 45 41 in
1279 2467 216 42 Children.
1559 2467 154 41 Others
1735 2467 109 41 have
1868 2475 167 32 written

426 2543 96 41 well
546 2557 55 27 on
625 2542 72 41 the
719 2541 167 42 subject
908 2540 116 42 since
1047 2542 96 38 that
1159 2538 110 49 date,
1287 2551 57 37 as,
1361 2538 65 40 for
1443 2537 207 54 example,
1668 2537 184 41 Richard
1871 2536 168 56 Ktihn,2

422 2614 86 42 and
529 2613 40 42 J.
594 2613 49 41 R.
667 2609 223 56 Longuet.3

476 2749 12 23 1
514 2749 46 34 A.
581 2747 142 36 Clarus,
751 2746 20 19 "
785 2744 105 37 Uber
914 2742 164 36 Aphasie
1103 2742 59 36 bei
1189 2741 202 44 Kindern,"
1417 2740 183 36 Jahrbuch
1616 2740 70 46 fur
1710 2740 334 44 Kinderhcilkunde,

425 2810 104 41 1874,
548 2820 34 35 p.
603 2808 81 35 369.

474 2869 15 22 2
514 2868 44 35 It.
595 2865 131 37 Kiihri,
760 2865 21 19 "
799 2863 127 37 Ueber
955 2859 291 38 Transitorische
1280 2859 165 47 Aphasie
1475 2858 58 36 bei
1566 2858 156 48 Typhus
1754 2857 290 46 Abdoniinalis,"

423 2930 104 35 Dent.
547 2926 134 37 Archiv
691 2925 71 46 fiir
778 2923 104 37 Klin.
902 2921 111 44 Med.,
1032 2920 135 44 xxxiv.,
1189 2920 102 44 1884,
1310 2930 34 36 p.
1364 2922 56 33 56.

472 2989 15 23 3
511 2988 34 36 J.
592 2987 43 35 R.
679 2986 179 46 Longuet,
902 2984 20 17 "
938 2981 56 35 De
1035 2979 191 36 1'Aphasie
1266 2978 208 36 transitoire
1516 2977 45 35 de
1602 2976 35 36 la
1675 2977 110 35 fievre
1819 2975 225 48 Typhoide,"

424 3049 41 36 V
476 3047 123 38 Union
617 3045 109 45 M4d.,
743 3043 151 45 xxxvii.,
915 3041 103 44 1884,
1037 3052 34 34 p.
1093 3041 77 34 717.
