2107 3450
1636 314 82 43 251

465 332 166 33 SPEECH
666 330 231 32 MEMORIES
931 330 58 31 Ott
1021 329 183 42 IMAGES,
1237 329 93 34 ETC.

120 456 89 43 The
232 468 155 30 organs
410 454 47 42 of
476 467 125 28 sense
626 452 98 42 that
745 466 71 28 are
839 449 241 44 connected
1105 449 106 42 with
1236 449 74 42 the
1333 447 224 55 reception
1582 446 44 41 of
1648 445 66 41 in-

60 529 173 54 coming
254 526 157 56 speech
436 524 295 56 impressions,
753 523 95 42 viz.,
870 522 126 42 those
1020 521 47 42 of
1096 519 182 58 hearing
1305 519 87 43 and
1415 518 47 42 of
1491 518 130 56 sight,
1645 530 72 29 are

58 598 280 57 represented
376 596 252 43 bilaterally
664 595 47 43 in
756 595 75 42 the
875 592 195 45 cerebral
1109 606 161 39 cortex,
1307 591 97 56 just
1442 604 45 29 as
1531 604 71 28 are
1640 589 75 42 the

57 667 220 45 muscular
315 680 154 42 organs
503 664 241 44 concerned
778 665 45 40 in
859 663 72 43 the
964 665 263 54 production
1262 661 46 42 of
1348 659 169 57 speech.
1582 658 134 52 Thus,

57 739 103 41 each
187 753 81 34 ear,
291 736 86 44 and
402 736 105 43 each
530 750 92 42 eye,
644 735 37 43 is
713 734 240 44 connected
987 733 109 43 with
1130 733 106 43 both
1271 731 326 56 hemispheres;
1629 728 86 43 and

57 810 102 42 each
184 809 275 42 hemisphere
482 808 37 42 is
544 808 216 42 therefore
794 805 241 44 connected
1068 805 108 43 with
1211 805 105 42 both
1351 818 114 42 eyes,
1488 802 87 43 and
1608 800 106 43 both

56 896 103 28 ears.
224 881 285 42 Destruction
535 881 47 41 of
602 880 72 42 the
699 879 178 43 cortical
904 883 149 39 centre
1088 879 65 42 for
1185 877 182 44 hearing
1401 891 47 28 or
1486 889 145 29 vision
1668 873 46 42 in

56 968 80 28 one
160 954 44 42 of
227 953 73 44 the
322 952 313 57 hemispheres,
659 952 103 51 will,
785 952 229 43 therefore,
1038 955 78 39 not
1139 950 129 43 make
1299 950 76 43 the
1408 952 174 53 patient
1615 946 101 43 deaf

54 1040 45 27 or
117 1025 124 42 blind
260 1026 46 41 in
329 1039 82 28 one
429 1039 70 28 ear
517 1039 46 28 or
581 1023 119 57 eye;1
727 1024 98 42 and,
843 1038 57 28 on
924 1023 73 43 the
1016 1022 126 44 other
1159 1021 131 44 hand,
1309 1020 112 43 total
1443 1019 202 44 deafness
1668 1032 48 28 or

55 1098 227 42 blindness
305 1112 55 28 on
385 1112 81 28 one
489 1097 106 43 side,
617 1097 113 42 from
753 1096 168 43 disease
944 1097 46 41 of
1017 1096 75 42 the
1116 1110 72 28 ear
1211 1109 46 28 or
1290 1109 91 41 eye,
1405 1093 92 43 will
1528 1096 79 39 not
1640 1095 76 40 cut

57 1170 63 42 off
147 1178 140 35 either
319 1170 45 43 of
400 1170 76 43 the
511 1169 298 43 hemispheres
842 1169 111 42 from
987 1168 75 43 the
1095 1167 226 43 reception
1354 1166 44 43 of
1430 1164 285 57 impressions

57 1243 173 42 coming
251 1243 112 42 from
388 1242 72 43 the
478 1242 244 43 remaining
739 1255 71 29 ear
828 1255 47 28 or
897 1255 89 42 eye.
1053 1241 101 51 But,
1169 1239 313 43 nevertheless,
1497 1239 46 41 in
1562 1236 151 57 regard

59 1319 43 36 to
125 1314 169 55 speech,
319 1313 73 43 the
416 1313 232 43 education
672 1313 44 42 of
739 1313 74 42 the
836 1312 204 42 auditory
1063 1312 89 41 and
1176 1310 143 43 visual
1344 1323 171 30 centres
1547 1309 37 42 is
1618 1307 96 42 uni-

58 1385 164 43 lateral.
286 1386 54 41 In
359 1385 75 43 the
452 1385 202 42 auditory
673 1384 86 42 and
783 1383 143 43 visual
948 1397 171 29 centres
1138 1383 47 42 of
1205 1397 81 28 one
1309 1381 277 56 hemisphere
1611 1379 104 56 only

57 1470 71 29 are
152 1456 74 43 the
249 1455 430 43 sense-impressions
707 1456 44 41 of
783 1454 171 57 speech,
977 1454 176 43 audible
1187 1454 87 42 and
1309 1454 168 51 visible,
1501 1451 214 56 carefully

58 1528 133 42 noted
226 1528 57 42 by
315 1528 75 42 the
423 1528 232 50 attention,
687 1541 249 42 registered,
970 1526 86 42 and
1090 1525 224 43 amassed;
1347 1525 87 42 and
1467 1524 75 42 the
1577 1523 138 42 hemi-

58 1600 154 42 sphere
235 1599 189 43 selected
446 1600 38 43 is
507 1600 163 42 always
694 1599 75 43 the
793 1613 118 29 same
934 1613 46 28 as
1004 1599 98 42 that
1124 1599 65 41 for
1213 1597 74 43 the
1311 1602 143 38 motor
1476 1610 173 29 centres
1673 1595 45 43 of

55 1672 90 42 oral
183 1672 280 42 articulation
502 1672 87 42 and
627 1673 47 41 of
710 1671 186 43 writing.
962 1671 45 42 It
1044 1672 38 41 is
1121 1671 75 42 the
1234 1670 81 43 left
1353 1669 277 56 hemisphere
1669 1668 46 42 in

56 1744 313 57 right-handed
392 1744 167 57 people,
584 1744 73 43 the
680 1744 119 42 right
821 1745 46 41 in
890 1743 280 44 left-handed
1193 1743 167 56 people.

114 1817 66 42 Dr
201 1817 166 42 Moxon
393 1831 139 28 seems
561 1821 42 38 to
636 1817 114 42 have
783 1817 110 42 been
927 1816 75 43 the
1034 1816 95 43 first
1163 1821 44 37 to
1240 1820 179 52 suggest
1452 1814 164 44 clearly
1641 1813 76 43 the

56 1888 206 57 probable
283 1889 209 42 relations
515 1889 47 42 of
581 1889 74 43 the
677 1889 207 43 auditory
902 1889 88 43 and
1007 1888 146 43 visual
1170 1894 171 37 centres
1364 1888 45 42 in
1429 1888 75 42 the
1524 1886 194 44 cerebral

57 1974 147 29 cortex
232 1965 44 38 to
309 1961 223 56 incoming
564 1961 158 42 speech
756 1960 88 43 and
875 1960 59 42 its
967 1960 232 42 memories
1232 1974 46 27 or
1310 1960 178 56 images.
1552 1959 55 42 In
1642 1957 76 43 the

58 2047 133 40 paper
224 2032 43 41 of
302 2032 129 42 1866,
455 2032 112 42 from
600 2032 145 42 which
779 2032 22 42 I
836 2032 112 43 have
977 2032 96 56 just
1105 2031 175 57 quoted,
1315 2031 121 43 there
1475 2045 129 28 occur
1643 2030 74 42 the

59 2103 223 56 following
309 2109 334 37 sentences:—"
660 2104 90 43 The
784 2103 242 44 resolution
1061 2104 44 42 of
1140 2104 73 43 the
1246 2118 147 42 power
1426 2103 47 43 of
1503 2103 213 55 language

57 2174 94 42 into
173 2175 222 56 incoming
418 2175 86 43 and
527 2176 209 56 outgoing
758 2175 214 57 language
995 2176 37 42 is
1054 2190 25 28 a
1102 2190 104 41 very
1225 2175 191 56 striking
1433 2175 102 42 fact,
1550 2174 86 42 and
1660 2174 58 42 its

59 2245 180 57 bearing
261 2260 116 41 upon
403 2246 73 43 the
498 2246 181 57 inquiry
703 2261 46 28 as
773 2250 44 39 to
842 2246 74 43 the
940 2247 82 42 site
1045 2247 47 42 of
1112 2247 75 42 the
1211 2246 203 43 faculties
1437 2246 46 42 of
1503 2245 215 56 speaking

58 2317 84 41 and
168 2317 348 57 understanding
540 2318 72 43 the
636 2318 159 43 speech
820 2319 46 42 of
887 2319 147 43 others
1058 2319 50 42 is,
1127 2319 23 42 I
1176 2318 142 51 think,
1336 2333 104 41 very
1461 2318 257 52 important,

61 2389 124 42 when
211 2404 61 28 we
297 2391 144 42 notice
465 2390 74 44 the
563 2391 251 56 significant
837 2391 317 44 circumstance
1173 2391 98 43 that
1291 2391 64 57 (in
1374 2390 205 43 ordinary
1598 2404 120 29 cases

57 2462 47 41 of
122 2461 262 57 hemiplegia
407 2464 47 42 of
482 2463 75 43 the
579 2463 117 56 right
719 2464 93 42 side
846 2463 108 43 with
988 2469 142 38 motor
1163 2464 200 56 aphasia)
1387 2464 74 42 the
1494 2477 147 42 power
1673 2462 45 43 of

59 2547 138 28 motor
219 2533 212 58 language
455 2534 253 57 disappears
734 2536 105 42 with
863 2550 147 42 power
1033 2536 44 43 of
1100 2536 180 43 motion,
1298 2536 151 42 whilst
1474 2535 73 43 the
1571 2550 146 42 power

56 2604 46 42 of
121 2618 179 44 sensory
322 2606 213 57 language
558 2608 191 42 remains
775 2608 107 42 with
905 2608 76 44 the
1004 2623 148 42 power
1184 2609 47 43 of
1260 2609 235 43 sensation.
1561 2642 7 9 .
1634 2642 7 8 .
1708 2643 7 8 .

63 2676 110 43 Does
196 2682 76 38 not
295 2678 88 43 this
414 2679 191 44 indicate
638 2679 96 44 that
768 2680 74 44 the
877 2696 196 28 memory
1096 2681 44 43 of
1173 2685 287 40 movements,
1484 2680 233 44 combined

103 2770 13 23 1
142 2770 54 37 To
213 2770 47 37 be
273 2784 101 25 more
388 2778 115 42 exact,
518 2774 32 36 it
566 2786 87 37 may
668 2774 46 37 be
729 2776 197 48 said—(1),
941 2776 83 37 that
1041 2776 234 38 destruction
1289 2776 41 38 of
1344 2777 66 37 the
1424 2776 154 38 cortical
1592 2788 127 25 centre

58 2841 48 25 on
137 2842 69 25 one
236 2832 78 36 side
345 2833 104 37 often
480 2846 125 25 causes
632 2839 214 46 temporary
872 2836 170 38 deafness
1068 2838 43 36 in
1137 2838 65 36 the
1229 2838 171 49 opposite
1436 2850 72 25 ear,
1534 2837 72 37 but
1641 2837 77 36 this

57 2901 122 37 passes
211 2892 52 36 off
288 2905 40 24 as
357 2893 65 38 the
451 2895 242 49 impressions
723 2897 98 37 from
849 2898 65 37 the
946 2898 89 37 deaf
1062 2911 62 25 ear
1149 2911 63 25 are
1239 2912 103 24 more
1369 2899 75 37 and
1470 2912 104 24 more
1600 2898 119 48 easily

58 2953 188 46 conveyed
264 2957 38 33 to
320 2953 64 37 the
403 2956 150 37 cortical
571 2962 126 33 centre
716 2958 40 37 of
770 2958 66 38 the
854 2971 101 26 same
975 2960 79 37 side
1072 2960 113 49 along
1199 2960 197 49 pathways
1414 2959 219 50 previously
1650 2963 69 33 not

60 3012 113 36 much
191 3014 91 36 used
300 3028 8 31 ;
335 3016 73 35 and
426 3016 66 47 (2),
514 3017 82 37 that
613 3019 231 37 destruction
864 3020 40 37 of
920 3020 64 37 the
1011 3021 153 37 cortical
1191 3026 127 32 centre
1344 3022 58 36 for
1428 3022 125 36 vision
1580 3034 50 24 on
1648 3033 71 25 one

57 3071 79 36 side
167 3083 135 37 causes,
320 3078 66 33 not
415 3075 193 39 blindness
633 3079 39 35 of
699 3079 65 37 the
789 3080 170 48 opposite
988 3093 67 36 eye
1086 3081 71 37 but
1184 3081 197 37 blindness
1405 3082 41 35 in
1465 3081 65 37 the
1549 3085 170 45 opposite

55 3130 83 37 half
153 3132 39 36 of
208 3132 64 38 the
290 3134 87 37 field
395 3135 39 37 of
457 3137 123 37 vision
606 3139 41 36 in
675 3140 78 37 both
779 3153 86 36 eyes
883 3141 311 48 (Homonymous
1221 3142 302 49 Hemianopsia),
1542 3142 75 37 and
1644 3142 77 36 this

61 3191 32 36 is
112 3193 150 49 usually
280 3202 230 40 permanent.
