1933 3302
180 143 51 38 72
309 145 77 52 Kali
405 148 200 44 chloricum,
622 152 101 34 Aqua
739 156 204 47 Thedendii,
959 163 127 41 Liquor
1102 166 132 45 Villati,
1250 173 199 45 Magensaft,
1465 180 206 40 Aetzmittel.

176 253 536 97 Nach^otT^'wkrK
1199 278 244 54 Reinigung,
1484 287 191 56 Spaltung
1713 298 72 38 etc.

177 315 114 72 ^ach
323 315 166 48 König
527 316 120 39 wirkt
677 318 91 40 Kall
805 322 313 51 hypermangan.
1150 332 108 39 nicht
1286 337 75 38 tief
1386 352 152 35 genug,
1578 345 96 39 doch
1704 349 84 38 hält

178 373 42 25 er
248 362 61 37 bei
330 376 101 37 ganz
454 366 328 46 oberflächlichen
806 376 168 40 Formen
997 381 111 39 einen
1131 383 177 44 Versuch
1331 391 120 39 damit
1470 355 64 78 ffr
1554 353 200 86 berechtt

176 413 88 93 fem
305 427 339 85 ErfS:"Zot'
676 427 67 38 das
774 428 131 40 Mittel
935 432 38 38 in
1005 435 23 36 3
1059 434 147 52 Fällen,
1234 442 142 48 jedoch
1405 450 71 34 mit
1505 416 280 77 unzS-

177 521 126 33 ßr.f
329 538 34 16 w
420 486 40 68 S
664 480 173 74 r^^'V
1168 493 249 44 erheblichen
1451 500 156 42 Nutzen
1649 507 122 39 davon

177 527 122 34 brrat
329 527 155 39 wandte
516 543 40 25 es
586 546 46 24 zu
663 532 262 54 Irrigationen
957 554 59 25 an.

307 578 109 40 Kali
447 582 258 43 chloricum
736 589 92 39 kam
860 592 122 40 durch
1012 596 60 38 die
1095 597 251 46 Preisschrift
1375 606 247 44 Laborde's
1665 615 120 37 durch

176 630 62 38 die
269 631 282 41 Experimente
582 654 75 24 von
690 641 157 41 Croke
878 648 77 37 und
988 649 60 38 die
1080 651 304 58 Mittheilungen
1416 675 73 25 von
1521 663 79 39 Bil
1626 643 91 63 'ard
1747 670 38 37 in

173 683 228 44 Aufnahme
475 690 138 42 Gegen
645 696 74 38 den
750 697 310 51 Hospitalbrand
1092 709 132 38 wurde
1261 725 40 24 es
1338 714 52 37 im
1435 716 349 45 italienisch-fVan-

174 741 201 39 zosischen
407 744 149 41 Kriege
595 762 39 24 in
666 750 74 38 den
770 752 272 43 italienischen
1074 759 242 44 Lazarethen
1347 768 77 38 viel
1454 772 217 48 gebraucht
1707 777 79 38 und

173 807 105 26 zwar
308 797 101 38 nach
439 798 199 42 Demme
676 818 40 23 m
755 806 248 42 zahlreichen
1034 812 137 41 Fällen
1201 818 71 37 mit
1302 821 276 43 auffallendem
1608 828 163 41 Erfolge

172 853 96 33 Man
289 854 228 39 verwandte
540 856 87 38 dort
647 859 248 49 gewöhnlich
917 864 85 38 eine
1024 865 162 54 Lösung
1206 884 75 26 von
1305 875 155 39 15—30
1481 892 26 30 g
1537 881 70 37 auf
1695 884 90 38 Kilo

172 901 167 41 Wasser
360 907 89 47 (auf
465 909 23 37 6
510 908 138 41 Unzen
694 913 72 39 wie
789 914 200 43 Demme
1020 922 172 49 angiebt,
1214 925 50 38 ist
1285 928 101 38 wohl
1407 930 61 38 ein
1491 932 278 52 Druckfehler)

172 956 76 39 Die
280 958 163 54 Losung
475 965 134 37 wurde
639 966 81 39 thei
741 982 16 23 s
788 970 71 37 auf
885 971 60 39 die
968 973 158 40 Wunde
1157 981 227 47 geträufelt,
1414 983 115 41 theils
1558 988 38 37 in
1619 988 165 41 Charpie

171 1012 179 39 mibibirt
380 1016 207 52 aufgelegt
657 1020 201 42 Billard
890 1027 173 49 empfahl
1094 1031 62 37 ein
1187 1031 144 42 Pulver
1362 1050 74 24 von
1465 1040 20 36 7
1509 1039 164 42 Theilen
1695 1045 90 38 Kali

172 1065 120 40 chlor,
323 1072 73 34 mit
427 1071 22 37 9
483 1071 163 40 Theilen
680 1077 159 39 weisser
871 1079 208 43 Thonerde
1110 1091 275 37 aufzustreuen

576 1213 253 53 Mischungen
857 1229 77 30 von
965 1221 156 49 Säuren,
1152 1225 133 41 Salzen
1315 1230 68 38 etc.

179 1367 17 24 A
303 1315 413 76 ^^?^.7^^''^y^^•
751 1324 202 42 "^^^^en.
997 1328 152 51 (Spirit.
1181 1332 79 38 vim
1297 1336 22 36 3
1352 1336 91 48 Th.,
1488 1338 115 40 Aceti
1642 1342 22 37 6
1697 1343 86 47 Th.,

168 1367 115 41 Acid.
316 1371 88 38 sulf.
438 1373 65 38 dü.
538 1375 19 37 1
592 1375 87 47 Th.,
713 1377 134 55 Honig
878 1383 22 36 2
933 1382 92 50 Th.)
1057 1398 79 25 war
1166 1385 195 52 Nagel's
1390 1390 132 41 Mittel
1550 1407 130 37 gegen
1710 1397 72 38 den

170 1428 327 47 Mospitalbrand,
529 1443 77 25 von
636 1432 191 40 welchem
857 1449 42 25 er
930 1437 73 38 den
1033 1442 181 47 grössten
1244 1441 157 41 Nutzen
1431 1450 133 35 rühmt

168 1532 27 18 V
260 1479 410 71 •■■^o^^^^.J'^^''*^
701 1486 189 52 (Cuprum
913 1491 102 48 sulf.,
1043 1492 105 39 Zinc.
1171 1495 88 38 sulf.
1282 1510 73 25 ana
1378 1500 102 47 15,0,
1511 1500 152 41 Plumb.
1685 1507 96 36 acet.

167 1533 128 38 hquid
333 1535 106 49 30,0,
471 1537 230 54 Weinessig
723 1542 138 52 200,0)
890 1545 53 38 ist
971 1546 63 38 für
1055 1547 174 40 schwere
1251 1549 109 41 Fälle
1392 1554 60 37 ein
1483 1569 47 24 zu
1561 1558 221 38 schwaches

168 1589 146 46 Mittel,
346 1603 76 26 von
455 1592 87 38 dem
574 1593 95 40 aber
699 1595 230 42 ChristÖt
956 1601 41 37 in
1026 1601 113 51 Lyon
1169 1603 64 38 bei
1261 1604 170 42 leichten
1459 1608 138 40 Fällen
1628 1612 153 38 einigen

168 1645 144 49 Ertolg
343 1647 240 40 constatirte.

751 1770 219 42 Chemisclie
999 1775 209 40 Fermente.

299 1873 129 40 Unter
459 1875 127 39 dieser
617 1876 216 52 Kategorie
863 1880 52 38 ist
945 1882 62 37 ein
1037 1883 90 38 sehr
1157 1883 99 39 alter
1285 1884 178 39 Versuch
1492 1900 46 24 zu
1567 1888 214 48 berichten,

167 1928 178 39 welchen
375 1929 70 41 Dr.
477 1930 121 39 John
629 1931 226 49 Harness,
895 1938 100 36 Arzt
1026 1937 68 38 der
1125 1938 224 50 englischen
1380 1939 128 39 Flotte
1543 1941 53 38 im
1631 1942 150 39 Mittel-

165 1996 111 25 meer
309 1984 103 38 1796
443 1985 173 47 machte,
656 1987 131 38 indem
819 2002 40 24 er
891 1990 60 38 die
982 1990 480 51 Hospitalbrandwunden
1491 1995 72 38 mit
1591 1996 189 39 Magen-

167 2037 104 39 saft
300 2052 91 25 vom
410 2038 103 39 Rind
544 2041 78 37 und
645 2040 124 40 Schaf
792 2043 248 40 behandelte.
1082 2046 56 37 Er
1158 2046 132 38 wusch
1318 2047 119 39 damit
1466 2049 59 37 die
1549 2049 231 40 Oberfläche

167 2092 69 38 der
273 2091 239 41 Geschwüre
549 2095 61 47 ab,
648 2096 162 51 spritzte
842 2098 60 37 die
934 2098 242 52 Flüssigkeit
1204 2101 72 37 mit
1314 2101 106 38 einer
1455 2101 151 51 Spritze
1641 2104 40 39 in
1719 2105 62 39 die

166 2146 243 52 Hohlgänge
440 2149 80 38 und
548 2149 107 51 legte
686 2151 71 37 mit
786 2151 226 51 Magensaft
1031 2157 212 48 getränkte
1273 2154 255 51 Compressen
1558 2157 77 39 auf.
1693 2159 89 38 Den

165 2201 143 52 Erfolg
337 2202 136 39 rühmt
502 2217 41 25 er
572 2204 104 38 sehr.

860 2325 237 40 Aetzmittel.

297 2429 179 40 Vorher
485 2431 166 51 eitung
694 2447 80 24 zur
813 2432 232 40 Aetzung.
1103 2433 75 39 Die
1214 2437 222 48 genannten
1473 2434 148 47 Mittel,
1663 2435 117 38 sowie

165 2485 216 38 besonders
412 2486 61 38 die
505 2485 212 51 folgenden
747 2487 252 39 Aetzmittel,
1044 2488 161 38 wurden
1246 2502 75 25 von
1366 2489 71 38 den
1477 2489 301 38 verschiedenen

165 2538 176 40 Aerzten
376 2540 40 37 in
453 2541 300 38 verschiedener
792 2541 134 39 Weise
963 2556 68 24 zur
1069 2542 262 50 Anwendung
1367 2542 201 52 gebracht.
1626 2542 153 39 Etliche

165 2593 148 39 Aerzte
372 2594 234 51 applicirten
665 2596 125 38 dieses
848 2597 95 38 oder
996 2597 113 50 jenes
1157 2596 131 38 Mittel
1335 2597 70 37 auf
1457 2597 73 37 den
1586 2596 193 39 lebenden

168 2647 138 40 Grund
343 2649 67 37 des
448 2648 275 40 Geschwüres,
765 2651 74 37 den
877 2651 55 37 sie
969 2664 76 24 von
1080 2651 348 46 Exsudatmassen,
1469 2663 309 26 abgestorbenen

168 2703 166 38 Theilen
374 2716 73 26 etc.
480 2703 211 39 möglichst
726 2718 47 24 zu
811 2705 179 50 reinigen
1028 2705 166 50 gesucht
1228 2705 155 37 hatten;
1421 2705 142 37 andere
1600 2705 176 50 dagegen

165 2757 192 39 brachten
394 2758 60 38 die
485 2757 132 39 Mittel
653 2758 71 37 auf
755 2759 61 37 die
849 2758 157 38 Wunde
1035 2760 40 36 in
1105 2761 326 35 unverändertem
1462 2758 182 38 Zustand.
1703 2758 74 37 Die

167 2812 204 51 Wirkung
412 2812 70 39 auf
522 2813 75 38 den
641 2811 366 40 Geschwürsgrund
1050 2815 153 35 machte
1248 2812 80 38 sich
1373 2813 62 37 bei
1479 2813 67 37 der
1588 2811 188 38 letzteren

166 2865 188 40 Methode
386 2870 81 35 erst
497 2868 102 38 dann
629 2866 172 51 geltend,
833 2880 112 25 wenn
977 2867 61 38 die
1065 2866 279 39 aufliegenden
1366 2865 208 39 Schichten
1594 2878 74 25 von
1690 2866 86 37 dem

165 2919 133 39 Mittel
328 2921 261 38 durchtränkt
619 2934 142 25 waren.
820 2920 395 39 Selbstverständlich
1244 2920 51 37 ist
1320 2920 97 38 auch
1439 2921 60 37 die
1519 2919 259 50 Einwirkung

165 2974 186 40 milderer
380 2975 148 39 Mittel,
573 2975 238 39 namentlich
849 2975 169 39 solcher;
1055 2974 146 39 welche
1237 2973 80 39 sich
1354 2974 118 38 durch
1509 2974 70 37 den
1618 2972 162 38 Contact
