1895 3217
603 338 187 32 MEMOIR
822 336 54 34 OP
910 335 200 34 BUFFON.

1488 328 53 39 11

181 464 90 47 and
293 470 47 40 at
365 463 69 47 six
457 463 162 47 o'clock
635 463 58 45 he
710 462 233 45 regulated
959 462 72 45 his
1050 461 171 46 studies
1244 466 48 40 at
1315 466 79 39 the
1416 461 131 61 pavi-

179 541 91 46 lion
295 541 142 46 called
450 541 79 45 the
549 540 160 46 Tower
727 538 50 47 of
791 539 52 47 St
868 537 152 47 Louis.
1103 538 112 46 This
1238 538 199 61 pavilion
1452 553 95 31 was

179 618 199 45 situated
401 624 48 39 at
471 624 79 40 the
578 615 248 63 extremity
849 615 51 47 of
924 622 80 40 the
1033 630 183 47 garden,
1241 616 137 45 about
1402 630 27 31 a
1451 614 97 47 fur-

178 695 103 62 long
302 694 114 47 from
438 695 78 46 the
538 695 173 54 house;
747 694 92 46 and
860 700 79 39 the
963 708 108 47 only
1093 692 223 47 furniture
1336 693 150 45 which
1509 692 38 46 it

179 772 236 45 contained
448 787 94 31 was
566 787 27 30 a
613 771 120 46 large
758 786 187 31 wooden
979 785 223 46 secretary
1225 770 91 45 and
1342 784 59 31 an
1425 785 122 29 arm-

179 848 134 46 chair.
382 849 75 46 No
491 850 136 45 books
662 864 47 30 or
741 847 195 63 pictures
959 847 198 46 relieved
1179 854 79 39 the
1281 847 151 45 naked
1465 862 82 46 ap-

178 941 216 46 pearance
417 925 50 47 of
481 933 78 39 the
590 932 272 55 apartment,
884 941 47 31 or
962 924 243 47 distracted
1228 931 79 40 the
1329 925 217 46 thoughts

180 1001 51 47 of
245 1003 77 45 the
345 1003 182 46 learned
548 1019 233 45 possessor.
852 1003 98 45 The
975 1018 211 30 entrance
1210 1018 94 30 was
1328 1003 62 60 by
1413 1017 134 46 green

178 1078 332 64 folding-doors,
545 1088 80 39 the
643 1081 129 45 walls
796 1096 118 30 were
946 1079 188 63 painted
1159 1095 149 47 green,
1344 1080 90 46 and
1467 1079 81 46 the

178 1156 183 47 interior
389 1158 92 45 had
509 1165 79 38 the
615 1173 275 46 appearance
917 1157 51 46 of
982 1173 28 30 a
1036 1158 171 60 chapel,
1227 1173 57 30 on
1302 1164 187 39 account
1505 1156 50 47 of

179 1239 79 39 the
281 1233 225 47 elevation
530 1234 50 46 of
609 1240 79 39 the
717 1234 105 46 roof.
890 1234 186 47 Within
1108 1235 93 45 this
1232 1249 94 30 was
1360 1234 187 45 another

179 1311 192 54 cabinet,
398 1311 149 46 where
571 1311 164 46 Buffon
768 1311 177 46 resided
976 1318 79 38 the
1084 1326 173 46 greater
1278 1317 101 55 part
1403 1310 50 46 of
1467 1312 80 45 the

178 1402 122 45 year,
333 1402 57 31 on
420 1393 190 40 account
644 1387 50 46 of
714 1394 79 39 the
824 1388 199 45 coldness
1055 1387 50 46 of
1124 1394 79 39 the
1232 1393 128 40 other
1392 1395 154 38 apart-

179 1478 141 40 ment,
345 1465 91 45 and
459 1465 150 45 where
631 1465 57 45 he
719 1465 235 61 composed
979 1471 79 39 the
1085 1480 173 46 greater
1283 1480 193 30 number
1503 1464 52 46 of

178 1540 70 45 his
272 1542 159 44 works.
499 1542 46 45 It
580 1557 94 30 was
697 1557 28 30 a
748 1543 132 45 small
913 1557 159 46 square
1101 1542 219 62 building,
1346 1548 199 41 situated

180 1632 55 30 on
268 1624 78 39 the
375 1617 93 47 side
496 1617 51 47 of
565 1634 27 30 a
619 1624 184 50 terrace,
842 1619 91 46 and
969 1634 95 30 was
1100 1619 294 46 ornamented
1430 1626 115 39 with

180 1693 222 62 drawings
417 1693 50 47 of
475 1694 120 46 birds
611 1695 90 46 and
714 1697 163 45 beasts.
946 1696 158 46 Prince
1120 1696 162 61 Henry
1298 1695 50 47 of
1363 1696 182 46 Prussia

179 1770 141 45 called
343 1770 36 46 it
402 1778 78 39 the
503 1772 147 45 cradle
673 1771 51 47 of
737 1772 182 46 natm'al
941 1773 204 61 history;
1181 1773 92 46 and
1295 1773 246 54 Rousseau,

178 1847 143 45 before
344 1847 57 46 he
425 1849 182 45 entered
629 1848 52 53 it,
697 1850 113 44 used
831 1855 47 40 to
901 1848 79 47 fall
1005 1865 55 31 on
1082 1850 71 45 his
1175 1850 138 45 knees
1337 1850 91 45 and
1449 1850 94 46 kiss

178 1929 77 39 the
281 1924 242 45 threshold.
600 1925 67 46 At
694 1941 106 30 nine
828 1927 177 54 o’clock,
1036 1926 165 47 Buffon
1226 1926 184 62 usually
1436 1928 107 44 took

178 2015 57 28 an
258 1999 149 45 hour’s
429 2016 124 37 rest;
595 2001 90 45 and
711 2002 71 44 his
812 2003 242 54 breakfast,
1080 2003 151 45 which
1257 2002 221 46 consisted
1501 2004 51 45 of

178 2091 26 29 a
226 2075 123 61 piece
372 2075 50 46 of
437 2077 136 45 bread
596 2078 90 44 and
709 2083 91 40 two
823 2094 165 45 glasses
1013 2078 50 47 of
1079 2078 132 56 wine,
1237 2095 94 31 was
1349 2081 193 60 brought

177 2159 44 38 to
235 2158 78 39 the
327 2152 211 62 pavilion.
612 2155 155 45 When
785 2155 57 45 he
859 2155 92 46 had
967 2155 182 47 written
1166 2162 92 40 two
1275 2156 136 47 hours
1426 2165 116 39 after

175 2230 240 54 breakfast,
445 2231 58 45 he
531 2232 213 46 returned
773 2239 45 39 to
848 2233 79 45 the
955 2233 153 46 house.
1198 2233 68 48 At
1296 2235 160 45 dinner
1483 2235 58 45 he

176 2312 128 53 spent
334 2321 27 30 a
391 2307 299 46 considerable
719 2316 174 54 portion
917 2309 51 46 of
987 2317 126 48 time,
1140 2311 90 46 and
1253 2311 216 62 indulged
1491 2312 49 45 in

174 2381 61 45 all
271 2388 78 39 the
385 2390 201 54 gayeties
614 2386 90 44 and
739 2386 139 45 trifles
910 2387 148 45 which
1089 2389 206 45 occurred
1324 2394 48 40 at
1400 2389 137 46 table.

175 2458 132 45 After
342 2459 172 56 dinner,
552 2461 57 45 he
646 2462 113 61 slept
796 2479 59 29 an
890 2464 115 45 hour
1032 2463 48 46 in
1107 2465 71 45 his
1207 2481 137 39 room,
1375 2467 106 44 took
1510 2482 28 29 a

174 2535 185 61 solitary
382 2532 135 60 walk,
544 2538 89 46 and
657 2539 160 62 during
844 2547 79 39 the
951 2547 90 39 rest
1071 2540 51 47 of
1142 2548 78 40 the
1249 2542 204 62 evening,
1479 2543 57 45 he

174 2610 141 47 either
338 2614 237 47 conversed
606 2615 113 47 with
748 2616 71 46 his
848 2616 161 63 family
1038 2634 47 30 or
1113 2633 166 46 guests,
1311 2635 47 30 or
1387 2626 69 39 sat
1486 2627 48 38 at
