2419 3377
180 97 88 50 bei
315 97 104 50 den
461 95 396 50 Erbforschern
899 92 299 52 besonders
1244 91 270 52 beliebtes
1558 90 283 62 Tierchen,
1885 91 171 52 deren
2099 96 31 48 8
2179 94 136 63 (also

184 173 128 47 zwei
359 168 334 50 Garnituren
737 187 107 30 von
887 170 117 47 vier
1046 165 428 50 verschiedenen
1518 163 378 64 Kernfäden),
1942 164 87 51 die
2073 165 243 51 Küchen¬

184 241 224 52 zwiebel
450 244 82 59 16,
575 242 96 49 der
711 240 136 50 Mais
890 241 83 59 20,
1016 239 87 50 die
1145 237 154 51 Maus
1343 239 84 59 24,
1471 237 98 50 der
1609 236 219 51 Mensch
1869 239 68 47 48
1985 237 159 63 (also:
2190 242 127 47 zwei

184 314 580 51 Chromosomensätze
830 333 63 29 zu
955 315 53 60 je
1072 310 115 63 24),
1253 310 88 51 die
1408 308 481 52 Gartenerdbeere
1953 309 84 64 50,
2099 311 219 50 manche

186 387 447 64 Schmetterlinge
678 388 82 48 62.
803 385 156 65 Liegt
1004 404 53 31 es
1101 383 147 50 nicht
1292 382 160 61 nahe,
1498 402 64 30 zu
1606 393 310 47 vermuten,
1961 381 105 51 daß
2112 385 56 47 in
2213 383 106 50 die¬

186 480 93 31 sen
333 460 446 59 Chromosomen,
833 458 87 49 die
974 477 56 30 so
1085 456 290 64 sorgfältig
1427 474 109 31 von
1588 454 149 50 Zelle
1792 473 64 30 zu
1910 453 149 51 Zelle
2112 458 207 47 weiter¬

188 533 238 63 gegeben
466 532 217 50 werden
723 531 112 49 und
878 530 87 51 die
1006 532 57 47 in
1101 529 157 64 jeder
1298 529 149 50 Zelle
1487 531 57 47 in
1585 527 235 65 gleicher
1859 525 136 50 Zahl
2036 546 63 30 zu
2139 526 182 51 finden

188 605 136 60 sind,
358 605 92 51 das
482 604 210 64 Erbgut
725 603 163 50 ruht?

259 685 94 51 Als
395 697 175 38 erster
608 686 93 49 hat
743 685 112 50 dies
894 686 74 48 im
1007 683 167 56 Jahre
1217 687 135 48 1866
1390 683 167 51 Ernst
1596 684 238 50 Haeckel
1875 686 448 63 ausgesprochen,

189 758 97 50 der
316 757 279 51 bekannte
627 757 819 64 Abstammungs-Theoretiker
1473 786 73 6 —
1577 759 88 48 ein
1697 757 136 55 Jahr
1866 757 112 50 also
2013 758 132 50 nach
2175 758 146 51 Men¬

191 830 112 52 dels
342 830 439 64 grundlegender
816 829 528 65 Veröffentlichung,
1383 830 85 49 die
1508 829 131 51 aber
1676 829 238 50 Haeckel
1952 829 202 52 damals
2192 831 131 49 noch

190 903 143 49 nicht
363 903 240 64 gekannt
631 904 109 48 hat.
770 903 147 49 Doch
948 922 53 30 es
1029 902 262 50 bedurfte
1319 903 172 49 vieler
1521 902 336 55 Jahrzehnte
1886 902 439 50 unermüdlicher

192 974 363 61 Kleinarbeit,
591 975 82 51 bis
713 975 208 50 endlich
962 975 117 49 drei
1116 974 167 55 Jahre
1321 975 131 49 nach
1493 974 95 50 der
1625 973 569 65 Wiederentdeckung
2233 974 92 49 der

191 1046 384 51 Mendelschen
612 1048 229 49 Gesetze
880 1047 96 50 der
1012 1045 372 65 Würzburger
1421 1046 378 51 Tierforscher
1835 1046 257 50 Theodor
2129 1045 200 51 Boveri

193 1121 110 49 und
338 1120 97 49 der
470 1120 428 49 amerikanische
933 1118 359 51 Erbforscher
1329 1118 79 51 W.
1445 1119 47 50 S.
1529 1119 200 50 Sutton
1763 1118 390 63 überzeugend
2187 1117 140 50 klar¬

192 1191 155 64 legen
400 1192 265 59 konnten,
719 1192 103 49 daß
878 1191 84 50 die
1014 1190 327 64 Ergebnisse
1397 1191 96 49 der
1544 1190 387 50 Mendelschen
1983 1190 346 63 Kreuzungs¬

193 1264 257 50 versuche
487 1265 112 49 und
635 1263 85 51 die
758 1264 95 50 der
889 1263 412 65 Zellforschung
1336 1283 65 29 zu
1438 1263 122 49 dem
1596 1263 241 63 gleichen
1874 1262 194 49 Schluß
2105 1262 222 49 führen:

193 1335 101 52 Die
331 1336 431 50 Chromosomen
798 1336 120 50 sind
954 1335 84 50 die
1072 1335 206 63 Träger
1315 1335 95 49 der
1443 1334 346 64 Vererbung,
1822 1337 57 46 in
1913 1334 168 49 ihnen
2116 1333 215 51 stecken

195 1408 85 51 die
322 1408 248 63 Anlagen
610 1409 93 49 für
744 1408 85 50 die
870 1407 376 50 vererbbaren
1285 1406 325 61 Merkmale,
1653 1407 85 49 die
1779 1405 381 52 Erbfaktoren
2201 1405 132 51 oder

196 1480 85 51 die
316 1480 223 60 Gene,
572 1483 100 48 wie
706 1500 124 30 man
867 1480 84 50 die
985 1479 348 65 Erbanlagen
1367 1481 165 51 heute
1567 1494 188 38 nennt.

265 1562 235 51 Denken
538 1566 98 47 wir
676 1563 134 50 noch
851 1564 199 48 einmal
1092 1583 65 30 an
1199 1563 84 51 die
1323 1564 276 50 Versuche
1639 1567 99 48 mit
1780 1565 105 50 den
1923 1565 410 52 Meerschwein¬

195 1634 131 50 chen
367 1654 229 31 unserer
638 1635 200 50 beiden
878 1634 255 52 Freunde
1174 1635 166 51 Peter
1381 1637 113 49 und
1534 1636 227 50 Martin:
1808 1638 172 49 Schon
2024 1639 161 50 dabei
2225 1658 111 30 war

198 1707 84 51 die
324 1707 346 64 Vermutung
714 1707 443 64 aufgekommen,
1202 1707 103 51 daß
1348 1708 151 63 jedes
1540 1708 420 51 Farbmerkmal
2002 1731 107 29 von
2152 1712 186 49 zwei

197 1779 247 64 Anlagen
489 1792 261 52 getragen
791 1780 204 49 würde.
1040 1780 168 49 Hatte
1250 1781 145 49 nicht
1440 1781 130 49 auch
1615 1781 211 64 Gregor
1868 1780 223 52 Mendel
2134 1793 204 53 gesagt,

199 1852 103 50 daß
348 1852 151 62 jedes
545 1852 332 50 Lebewesen
920 1853 92 48 für
1057 1851 152 63 jedes
1253 1852 274 50 Merkmal
1571 1856 149 56 zwei,
1764 1856 53 59 je
1862 1873 67 29 zu
1974 1856 180 48 einem
2196 1854 141 50 Paar

198 1926 304 61 vereinigte
536 1924 380 49 Erbfaktoren
948 1926 56 47 in
1038 1924 105 50 sich
1179 1924 280 49 enthalte?
1495 1924 125 50 Und
1652 1924 180 50 haben
1865 1927 98 47 wir
1995 1926 147 49 nicht
2176 1937 162 38 unter

200 1996 122 50 dem
361 1996 328 64 Mikroskop
733 1996 252 63 gesehen,
1029 1996 103 49 daß
1172 1996 153 63 jedes
1370 1995 360 51 Chromosom
1771 1999 56 47 in
1871 1997 291 63 doppelter
2204 1997 135 50 Aus¬

200 2068 281 65 fertigung
527 2068 321 50 vorhanden
892 2071 91 58 ist,
1030 2068 106 50 daß
1187 2069 112 49 also
1346 2069 125 62 jede
1518 2069 150 49 Zelle
1716 2071 159 47 einen
1925 2069 301 64 doppelten
2272 2097 71 6 —

201 2141 86 50 die
320 2140 390 50 Wissenschaft
743 2153 117 51 sagt
893 2140 281 63 diploiden
1203 2170 72 6 —
1305 2141 552 50 Chromosomensatz
1890 2139 129 51 hat?
2052 2141 76 50 Ist
2162 2141 180 50 dieser

199 2212 511 63 Doppelcharakter
759 2213 95 49 der
901 2213 432 50 Chromosomen
1381 2214 129 50 aber
1555 2215 280 61 Tatsache,
1880 2236 57 31 so
1984 2217 205 50 meldet
2235 2218 107 50 sich

201 2286 179 48 sofort
420 2287 87 47 ein
547 2285 337 51 ernsthaftes
925 2285 301 49 Bedenken
1268 2306 86 30 an:
1397 2285 175 51 Wenn
1610 2287 204 51 Eizelle
1853 2288 113 50 und
2005 2289 337 52 Samenzelle

203 2358 104 49 sich
350 2359 336 62 vereinigen,
727 2358 129 49 muß
902 2357 143 50 dann
1088 2356 144 50 nicht
1277 2358 86 50 die
1407 2358 198 51 daraus
1650 2359 363 52 entstehende
2057 2362 147 50 Zelle
2250 2362 91 50 des

200 2449 107 30 neu
343 2429 402 50 entstehenden
780 2429 354 64 Organismus
1173 2429 104 50 den
1311 2430 315 50 vierfachen
1665 2432 552 51 Chromosomensatz
2254 2433 88 51 be¬

202 2500 274 62 kommen,
511 2502 230 49 nämlich
780 2501 92 51 das
911 2501 573 64 Chromosomenpaar
1521 2503 96 50 der
1654 2503 203 51 Eizelle
1894 2504 113 49 und
2044 2505 92 51 das
2176 2505 166 51 Chro¬

202 2592 418 45 mosomenpaar
658 2574 96 49 der
791 2574 371 49 Samenzelle?
1200 2573 154 51 Wird
1389 2575 106 50 sich
1534 2576 144 49 dann
1712 2576 146 50 nicht
1896 2576 131 50 aber
2063 2577 89 50 bei
2187 2577 157 63 jeder

202 2665 176 30 neuen
425 2646 338 51 Generation
809 2646 85 50 die
939 2646 133 50 Zahl
1118 2646 95 50 der
1259 2647 434 51 Chromosomen
1736 2650 196 47 immer
1975 2649 205 51 wieder
2225 2669 117 31 ver¬

203 2718 255 64 doppeln,
509 2739 108 31 was
671 2719 306 51 schließlich
1029 2739 66 29 zu
1148 2721 179 48 einem
1378 2719 336 52 Anwachsen
1768 2721 96 49 der
1917 2720 292 53 Erbmasse
2261 2724 82 47 ins

203 2791 416 50 Unermeßliche
670 2792 204 49 führen
925 2792 224 49 müßte?
1201 2791 174 50 Wenn
1428 2792 92 51 das
1575 2793 96 49 der
1720 2792 118 50 Fall
1889 2795 115 48 sein
2056 2794 178 59 sollte,
2286 2813 56 31 so

202 2868 141 46 wäre
381 2883 197 31 unsere
617 2863 306 60 Annahme,
964 2864 103 49 daß
1108 2863 85 51 die
1235 2864 433 51 Chromosomen
1708 2865 85 50 die
1833 2865 206 64 Träger
2080 2866 92 51 des
2211 2865 132 50 Erb¬

203 2947 152 51 gutes
402 2938 166 58 seien,
614 2935 392 52 offensichtlich
1051 2935 186 52 falsch.
1285 2936 150 51 Aber
1480 2940 56 47 in
1583 2936 384 51 Wirklichkeit
2011 2939 199 51 wächst
2259 2938 84 50 die

203 3008 286 52 Erbmasse
537 3010 144 49 nicht
727 3012 81 48 ins
856 3008 353 51 Unendliche.
1260 3009 116 51 Wie
1425 3010 84 50 oft
1555 3012 98 48 wir
1703 3011 130 49 auch
1881 3010 281 52 tierisches
2211 3010 130 51 oder

1237 3156 66 52 20
