2107 3450
798 267 229 32 AUDITORY
1062 268 204 31 APHASIA.

1777 259 85 44 297

203 392 114 42 their
358 391 202 56 auditory
597 390 165 42 images
798 403 73 29 are
914 393 46 38 at
1001 388 96 43 first
1140 394 78 36 not
1257 389 96 42 well
1399 389 212 43 retained,
1654 390 85 42 and
1786 390 74 42 the

202 468 169 51 patient
407 463 79 42 has
518 463 215 42 therefore
772 466 46 37 at
854 461 96 42 first
985 460 219 56 difficulty
1238 461 45 41 in
1327 461 173 56 getting
1539 462 75 42 the
1646 467 213 37 educated

200 541 140 35 motor
377 538 147 38 centre
557 539 45 35 to
635 532 196 43 conform
869 537 44 36 to
950 531 122 43 these
1106 531 234 56 imperfect
1375 532 204 57 auditory
1613 533 166 56 images
1816 533 46 42 of

199 606 73 42 the
315 605 197 56 opposite
556 605 118 53 side;
718 605 92 50 but,
848 604 108 42 with
999 604 204 56 practice,
1242 604 89 43 this
1375 604 220 57 difficulty
1632 605 227 56 generally

198 677 263 56 disappears.

256 748 36 42 5.
326 747 64 43 As
413 752 44 38 to
479 747 195 43 Written
702 762 47 28 or
781 747 185 44 Printed
1001 747 181 57 Speech,
1207 762 62 28 we
1293 747 112 44 have
1428 762 104 29 seen
1556 747 98 43 that
1676 747 123 44 there
1821 748 38 43 is

194 819 231 43 difference
448 820 47 42 of
513 819 178 57 opinion
717 834 118 42 upon
860 820 72 42 the
950 820 205 56 question
1177 820 195 42 whether
1391 835 47 27 or
1457 826 78 36 not
1554 820 74 43 the
1647 834 147 41 power
1813 821 45 42 of

193 890 199 56 Beading
414 891 36 41 is
473 890 197 43 retained
688 906 9 38 ;
721 891 81 42 but
820 891 35 42 it
878 891 77 43 has
980 892 109 42 been
1110 891 153 43 shown
1282 891 138 43 above
1436 891 98 43 that
1554 892 35 41 it
1605 892 36 42 is
1659 892 197 42 retained

193 963 44 40 in
262 976 117 29 some
402 977 120 29 cases
545 968 46 37 at
614 963 120 43 least.
788 963 64 43 As
876 968 44 39 to
944 964 207 56 Writing,
1170 979 62 27 we
1252 964 111 42 have
1383 978 101 28 seen
1506 964 96 42 that
1621 964 74 42 the
1713 968 144 38 motor

193 1039 70 37 act
285 1034 47 42 of
354 1035 173 57 writing
549 1036 37 42 is
609 1041 78 37 not
710 1036 239 43 interfered
983 1037 121 41 with,
1130 1037 72 41 the
1238 1036 301 56 handwriting
1573 1037 130 43 being
1735 1042 119 38 often

193 1107 122 57 good.
377 1108 104 50 Nor,
505 1109 274 55 apparently,
802 1109 37 42 is
874 1109 73 42 the
971 1123 146 42 power
1139 1109 45 42 of
1218 1109 204 56 Copying
1446 1123 139 27 words
1609 1107 46 44 in
1681 1112 176 51 writing

193 1181 237 42 interfered
455 1181 119 44 with.
629 1182 90 42 But
738 1182 123 42 when
884 1182 74 42 the
979 1181 171 56 patient
1168 1181 107 42 tries
1294 1186 44 37 to
1357 1196 179 28 express
1555 1181 69 42 his
1643 1181 212 56 thoughts

194 1252 45 41 in
265 1252 176 56 writing
463 1253 53 42 he
541 1254 194 42 exhibits
762 1253 135 43 faults
930 1253 45 43 of
1007 1253 255 55 expression
1296 1254 87 41 and
1417 1253 136 42 faults
1586 1254 45 40 in
1667 1253 190 56 spelling

194 1324 257 55 equivalent
488 1329 46 38 to
574 1325 73 42 the
682 1325 136 42 faults
852 1326 47 41 of
928 1324 68 43 his
1030 1325 168 55 spoken
1232 1325 172 55 speech,
1437 1325 89 42 this
1562 1324 294 56 Paragraphia

195 1395 140 55 being,
358 1394 46 43 in
428 1395 101 51 fact,
553 1396 105 41 only
681 1410 25 27 a
730 1395 260 43 translation
1016 1396 95 41 into
1135 1396 178 41 writing
1336 1396 46 41 of
1408 1396 73 41 the
1507 1395 268 42 Paraphasia
1806 1396 47 41 in

192 1467 75 42 the
291 1466 205 56 patient's
531 1467 189 42 internal
746 1467 168 56 speech.
970 1467 104 42 And
1098 1467 123 42 these
1255 1467 136 42 faults
1415 1468 47 41 of
1494 1468 176 42 written
1694 1468 161 42 speech

192 1553 71 27 are
287 1539 120 42 often
433 1553 109 28 even
567 1553 117 28 more
709 1539 178 42 marked
916 1538 104 43 than
1045 1553 72 28 are
1141 1538 124 43 those
1289 1539 45 42 of
1356 1539 168 56 spoken
1549 1538 170 57 speech.

626 1710 243 42 Treatment
891 1710 51 55 of
956 1708 224 58 Auditory
1204 1710 212 56 Aphasia.

247 1831 90 43 The
364 1832 93 42 best
490 1831 121 42 hints
644 1831 66 42 for
743 1831 74 42 the
852 1835 239 39 treatment
1124 1831 45 42 of
1204 1831 222 56 Auditory
1460 1831 201 57 Aphasia
1696 1833 98 42 that
1829 1833 23 42 I

187 1904 111 42 have
321 1904 108 42 been
455 1903 96 43 able
575 1908 44 38 to
643 1903 90 42 find
757 1918 71 28 are
854 1904 122 42 those
1001 1903 228 44 furnished
1255 1904 56 56 by
1333 1904 74 42 the
1426 1904 150 42 record
1595 1905 44 41 of
1663 1905 74 43 the
1756 1919 96 29 case

187 1976 58 55 by
270 1976 201 42 Schmidt
493 1975 130 56 (Case
646 1975 65 53 V.,
736 1990 36 41 p.
801 1975 117 56 288),
943 1977 112 40 from
1088 1976 145 42 which
1262 1990 56 27 an
1352 1976 248 43 additional
1634 1982 103 38 note
1772 1978 78 43 has

187 2047 110 43 been
332 2048 130 55 given
498 2053 45 37 at
577 2061 109 42 page
723 2048 96 41 293.
887 2048 52 42 In
977 2048 89 42 this
1103 2062 109 29 case,
1237 2048 141 42 words
1418 2062 109 29 were
1567 2048 156 57 slowly
1762 2050 87 42 and

187 2119 280 56 articulately
501 2119 168 43 spoken
704 2124 43 37 to
780 2119 76 43 the
891 2120 183 55 patient,
1099 2120 85 42 and
1219 2120 77 43 she
1330 2134 88 29 was
1450 2120 138 44 asked
1623 2127 45 37 to
1700 2128 152 51 repeat

187 2192 133 43 them.
384 2192 183 43 Printed
591 2191 141 43 words
756 2206 110 28 were
889 2192 91 42 also
1004 2192 153 43 shown
1180 2196 45 38 to
1250 2193 89 42 her,
1362 2193 87 42 and
1482 2194 78 42 she
1597 2209 85 28 was
1715 2194 136 43 asked

184 2271 45 37 to
252 2265 101 43 read
388 2265 130 42 them.
585 2266 62 41 At
678 2265 97 42 first
807 2264 76 43 she
916 2264 203 57 repeated
1153 2265 75 43 the
1263 2266 141 42 words
1438 2266 157 57 slowly
1618 2267 88 42 and
1739 2267 107 42 with

186 2337 230 56 difficulty,
460 2338 80 41 but
585 2337 105 42 with
735 2337 192 56 practice
970 2337 77 43 she
1100 2338 209 56 acquired
1362 2339 251 56 increasing
1665 2339 183 57 facility.

184 2409 218 56 Probably
427 2409 75 42 the
527 2409 191 56 practice
742 2423 86 28 was
861 2408 266 57 imprinting
1160 2410 74 41 the
1270 2410 305 57 word-images
1608 2410 241 57 efficiently

183 2481 46 42 in
249 2481 74 43 the
343 2481 275 43 uneducated
635 2481 205 56 auditory
857 2487 163 37 centre,
1034 2481 87 42 and
1139 2489 46 35 at
1202 2481 73 43 the
1295 2496 117 29 same
1430 2482 108 43 time
1556 2483 294 58 establishing

184 2553 282 50 connexions,
488 2553 45 42 of
566 2552 76 43 the
675 2553 210 56 requisite
919 2553 227 56 intimacy,
1170 2554 200 43 between
1405 2555 124 42 these
1563 2555 165 57 images
1761 2555 86 43 and

183 2625 124 43 those
330 2625 47 42 of
397 2625 74 43 the
495 2625 125 43 other
642 2625 362 56 speech-centres.
1070 2626 122 43 Even
1230 2626 128 43 when
1386 2641 57 28 no
1467 2627 164 56 special
1655 2628 195 57 training

183 2698 79 42 has
286 2698 106 42 been
418 2698 143 56 given,
575 2697 75 43 the
674 2713 117 28 mere
810 2698 126 43 habit
954 2698 47 43 of
1019 2698 213 57 listening
1250 2699 265 43 attentively
1533 2704 45 38 to
1596 2700 74 43 the
1689 2701 158 43 speech

185 2770 47 42 of
250 2769 161 52 others,
431 2770 88 42 and
544 2771 148 55 trying
716 2775 43 38 to
787 2770 272 44 understand
1096 2772 46 52 it,
1166 2772 207 43 educates
1407 2772 47 42 in
1489 2787 132 42 many
1646 2787 133 38 cases,
1801 2788 47 29 as

185 2854 62 28 we
280 2840 112 42 have
425 2855 114 36 seen,
573 2841 74 43 the
681 2842 279 43 uneducated
992 2843 205 57 auditory
1232 2849 162 38 centre,
1417 2843 88 43 and
1539 2844 45 42 in
1619 2845 87 42 due
1739 2846 108 42 time

183 2911 260 43 establishes
466 2913 270 43 connexions
759 2914 269 57 sufficiently
1047 2915 206 44 intimate
1271 2916 198 43 between
1489 2916 58 43 its
1570 2916 166 56 images
1759 2919 87 41 and

185 2983 123 43 those
352 2984 47 42 of
441 2984 72 42 the
555 2985 126 42 other
723 2986 366 55 speech-centres.
1168 2988 149 42 When
1362 2988 164 55 special
1571 2988 195 57 training
1809 2990 37 42 is

183 3056 216 55 required,
422 3056 74 43 the
523 3056 93 43 best
639 3056 97 43 that
760 3073 79 27 can
864 3058 53 43 be
939 3059 129 56 given
1094 3059 37 43 is
1156 3059 210 56 probably
1392 3060 108 42 such
1534 3074 47 28 as
1618 3074 86 28 was
1738 3061 106 43 used

184 3128 46 42 in
254 3127 74 44 the
351 3143 97 28 case
471 3128 189 43 referred
684 3134 57 46 to,
764 3129 94 53 viz.,
881 3131 194 42 training
1097 3132 46 41 of
1164 3131 73 42 the
1261 3131 174 56 patient
1458 3137 43 37 to
1526 3137 151 49 repeat
1702 3132 143 43 words

1589 3192 25 40 2
1641 3202 25 30 P
