2113 3404
411 252 83 42 268

911 273 86 32 THIS
1028 274 243 36 DISORDERS
1303 278 54 33 OF
1389 279 176 33 SPEECH.

409 382 129 52 fever,
573 399 46 28 or
656 387 52 43 be
741 390 218 55 produced
991 394 58 56 by
1083 395 75 44 the
1191 411 196 42 pressure
1421 399 46 42 of
1500 399 181 43 effusion
1715 415 56 28 on
1800 400 75 44 the
1904 401 122 44 brain

412 466 46 29 as
481 468 24 28 a
529 455 147 45 whole.
739 459 55 44 In
826 463 107 42 such
955 465 254 53 conditions,
1227 467 73 43 the
1323 469 119 41 mind
1463 483 45 28 as
1531 484 24 27 a
1578 470 136 43 whole
1736 471 36 42 is
1794 472 230 51 enfeebled,

413 524 86 42 and
530 525 58 43 its
620 528 165 58 faculty
809 532 44 41 of
883 533 211 58 language
1125 536 144 44 shares
1300 538 46 42 in
1377 539 73 42 the
1482 540 323 43 enfeeblement.
1867 542 54 41 In
1952 542 72 44 the

413 593 182 59 debility
619 599 47 41 of
687 614 146 31 severe
855 603 130 52 fever,
1007 605 301 57 forgetfulness
1330 608 46 42 of
1403 623 148 29 names
1573 610 85 42 and
1688 611 121 43 other
1831 625 138 29 nouns
1991 613 35 42 is

412 679 223 43 common;
666 671 84 42 and
769 686 117 30 cases
908 674 109 43 have
1038 676 109 42 been
1168 678 203 42 recorded
1393 679 45 41 in
1455 679 139 42 which
1613 680 162 56 foreign
1798 681 227 43 languages

413 736 96 43 that
530 739 74 42 the
626 742 169 53 patient
825 743 85 43 had
932 745 109 42 been
1062 752 160 38 master
1243 748 46 42 of
1315 749 123 43 have,
1458 749 66 42 for
1546 750 72 42 the
1639 751 116 50 time,
1777 751 108 43 been
1907 759 118 49 quite

413 807 227 56 forgotten,
662 811 166 57 though
850 814 74 43 the
956 817 145 42 native
1133 817 221 57 language,
1375 833 115 29 more
1512 820 154 56 deeply
1688 821 242 55 imprinted,
1951 823 75 43 has

412 876 109 44 been
542 882 206 41 retained.

473 947 76 56 (2.)
586 949 130 43 Local
750 952 164 43 disease
947 954 46 41 in
1027 955 74 42 the
1136 956 163 55 Speech
1336 957 186 43 Centres.
1584 959 110 42 That
1727 959 104 43 such
1865 961 160 43 disease

409 1017 156 43 should
587 1021 187 52 produce
795 1022 211 44 Amnesia
1026 1025 212 51 Verbalis,
1260 1027 125 42 when
1406 1028 105 42 both
1533 1028 73 42 the
1628 1029 197 56 auditory
1847 1031 84 41 and
1954 1031 70 43 the

408 1092 138 38 motor
577 1096 145 38 centre
755 1106 69 29 are
857 1094 219 53 involved,
1098 1096 36 42 is
1166 1097 135 55 easily
1332 1098 282 55 intelligible;
1645 1100 79 41 but
1752 1101 99 54 why
1872 1101 151 42 should

408 1158 87 43 this
517 1159 210 45 Amnesia
750 1163 51 42 be
819 1178 45 27 so
882 1165 98 41 well
1004 1166 175 42 marked
1201 1167 46 41 in
1266 1171 111 38 most
1398 1167 45 42 of
1462 1168 72 42 the
1557 1182 116 29 cases
1694 1170 45 40 in
1764 1170 137 41 which
1924 1171 100 54 only

407 1241 80 29 one
510 1229 46 42 of
584 1230 74 43 the
679 1231 190 55 primary
892 1238 166 39 centres
1079 1235 77 42 has
1178 1236 108 42 been
1309 1236 227 56 destroyed
1553 1240 14 40 ?
1626 1238 118 55 Why
1767 1238 153 42 should
1956 1239 67 42 the

406 1298 122 43 mind
561 1305 76 37 not
668 1302 52 42 be
752 1303 96 43 able
882 1308 42 38 to
958 1305 82 42 call
1072 1320 58 40 up
1163 1306 107 42 with
1301 1320 96 29 ease
1428 1307 74 42 the
1533 1308 159 55 images
1724 1309 43 41 of
1799 1309 72 41 the
1903 1309 120 42 other

406 1374 145 38 centre
569 1372 14 40 ?
646 1372 22 41 I
691 1372 130 43 think
843 1388 64 29 we
929 1389 81 28 can
1032 1376 173 55 explain
1239 1377 86 42 this
1348 1377 101 41 only
1473 1391 54 27 on
1548 1378 75 42 the
1655 1378 248 55 hypothesis
1932 1379 92 42 that

405 1440 45 40 in
473 1441 148 42 health
644 1443 74 42 the
752 1448 85 38 two
860 1447 299 55 word-images
1191 1461 71 28 are
1293 1447 243 56 habitually
1557 1448 174 42 revived
1759 1449 190 55 together
1979 1463 44 28 as

406 1525 24 27 a
461 1512 409 58 "Word-Percept."
931 1517 146 42 When
1113 1531 80 28 one
1225 1518 45 41 of
1304 1517 120 43 them
1455 1518 35 42 is
1522 1519 237 55 destroyed,
1786 1520 73 41 the
1891 1519 130 42 word-

403 1588 175 49 percept
610 1584 36 43 is
678 1586 230 43 mutilated
943 1587 86 42 and
1070 1588 273 55 incomplete,
1384 1588 85 42 and
1510 1593 159 37 cannot
1709 1589 52 42 be
1803 1603 45 29 so
1890 1590 130 55 easily

403 1655 188 42 revived.

462 1725 43 41 It
537 1726 36 41 is
611 1727 221 43 notorious
864 1728 96 42 that
991 1729 190 41 amnesia
1218 1729 43 41 of
1297 1743 153 37 nouns,
1482 1743 91 37 etc.,
1603 1729 156 43 results
1792 1729 124 42 when
1948 1730 69 42 the

399 1794 219 57 Auditory
640 1798 284 42 word-centre
947 1798 36 42 is
1006 1799 237 54 destroyed.
1307 1800 54 40 In
1393 1800 106 41 such
1521 1814 128 28 cases,
1671 1814 46 28 as
1749 1799 73 43 the
1853 1801 164 53 patient

398 1866 163 42 retains
585 1868 73 42 the
682 1882 145 41 power
858 1869 44 41 of
934 1869 276 41 articulation
1232 1870 94 55 (the
1357 1874 139 38 motor
1528 1875 145 37 centre
1694 1871 129 54 being
1853 1870 164 50 intact),

399 1935 67 43 his
499 1938 156 54 speech
687 1938 312 43 demonstrates
1031 1939 74 43 the
1137 1940 192 42 amnesia
1360 1940 44 41 of
1441 1955 151 35 nouns,
1614 1954 91 28 etc.,
1728 1940 46 41 in
1805 1940 73 41 the
1909 1945 108 36 most

400 2006 187 57 striking
608 2021 106 43 way.

455 2077 90 42 But
567 2078 126 42 when
724 2079 36 41 it
780 2079 37 42 is
840 2079 74 42 the
936 2079 146 42 Motor
1104 2084 144 38 centre
1271 2080 96 41 that
1388 2080 37 41 is
1448 2079 240 55 destroyed,
1711 2078 84 42 and
1818 2077 194 43 articula-

396 2147 93 42 tion
511 2148 36 42 is
570 2149 212 44 therefore
805 2150 263 55 impossible,
1096 2150 209 42 Amnesia
1334 2151 37 41 is
1403 2154 76 38 not
1511 2164 45 27 so
1588 2149 165 55 plainly
1785 2148 225 43 exhibited.

397 2218 54 41 In
488 2219 106 42 such
632 2234 128 36 cases,
791 2220 208 43 Amnesia
1033 2221 212 42 certainly
1278 2220 99 42 does
1420 2225 76 37 not
1527 2220 112 42 exist
1670 2220 34 41 if
1745 2219 73 42 the
1848 2222 163 52 patient

395 2289 92 41 still
512 2291 160 41 retains
696 2291 73 42 the
791 2305 144 41 power
966 2291 44 42 of
1042 2291 251 55 expressing
1313 2291 68 41 his
1405 2290 207 42 thoughts
1644 2290 46 40 in
1713 2289 192 55 writing;
1937 2289 73 41 but

394 2359 69 42 his
485 2359 86 43 loss
604 2361 46 41 of
678 2361 74 43 the
784 2376 143 40 power
958 2362 43 41 of
1034 2362 173 41 writing
1228 2362 100 41 does
1362 2366 75 37 not
1469 2361 150 42 enable
1650 2375 50 27 us
1732 2364 43 38 to
1807 2374 77 28 say
1910 2359 97 41 witli

395 2430 213 56 certainty
630 2431 97 42 that
749 2431 73 42 the
853 2432 169 54 patient
1054 2431 75 42 has
1154 2431 220 42 Amnesia,
1396 2430 85 43 and
1510 2431 38 41 is
1579 2430 157 42 unable
1766 2434 44 38 to
1842 2429 82 42 call
1954 2442 53 40 up

395 2501 138 42 words
575 2502 46 40 in
663 2501 68 42 his
772 2501 133 41 mind.
983 2501 55 41 In
1080 2501 107 42 such
1229 2515 129 29 cases,
1390 2515 116 29 some
1548 2514 230 29 observers,
1820 2499 105 43 such
1964 2511 67 30 as-,

392 2571 258 52 Lichtheim,
679 2571 119 43 show
830 2572 73 41 the
939 2572 168 55 patient
1139 2586 24 27 a
1200 2585 197 28 common
1435 2571 151 55 object,
1608 2570 85 42 and
1729 2570 77 42 ask
1841 2570 88 41 him
1964 2572 41 38 to

390 2641 190 43 indicate
614 2642 104 41 with
749 2642 67 42 his
839 2642 157 55 fingers
1027 2641 97 42 how
1157 2655 131 41 many
1309 2640 204 43 syllables
1549 2641 57 42 its
1643 2654 124 28 name
1803 2652 199 30 contains.

388 2712 136 42 There
547 2726 79 28 can
658 2712 52 42 be
741 2711 115 42 little
879 2711 135 42 doubt
1037 2711 106 42 that,
1165 2712 47 41 in
1244 2716 113 37 most
1379 2725 115 28 cases
1527 2715 45 37 at
1601 2710 120 43 least,
1744 2708 257 44 destruction

386 2784 47 41 of
461 2783 73 42 the
558 2787 138 38 motor
718 2786 155 38 centre,
896 2782 88 42 like
1008 2781 268 43 destruction
1298 2782 44 41 of
1365 2782 72 42 the
1459 2781 199 56 auditory
1681 2786 157 37 centre,
1860 2790 139 32 causes

386 2853 162 43 serious
571 2852 209 43 Amnesia
802 2851 212 44 Verbalis.

442 2993 505 45 Paraphasia.When
970 3007 54 28 an
1042 3005 175 43 aphasic
1237 2991 179 56 patient,
1437 2991 45 42 in
1505 2991 217 56 speaking,
1745 3004 95 29 uses
1864 3001 127 31 words

378 3067 143 43 which
556 3066 53 42 he
642 3065 74 43 did
750 3069 76 37 not
859 3063 152 43 intend
1046 3068 42 37 to
1124 3075 85 30 use,
1231 3061 84 43 and
1349 3061 138 43 which
1523 3061 52 43 do
1609 3066 77 38 not
1716 3074 171 30 express
1921 3057 67 43 the
