1933 3302
141 147 71 45 .88

481 146 289 35 Geschichtliches
795 161 59 21 zur
879 152 153 40 Hygiene
1056 154 59 32 des
1139 155 314 32 Hospitalbrandes.

160 255 270 48 sonderung
460 254 79 38 der
569 253 255 43 Inficirten
854 259 144 50 gelten.
1040 261 74 37 Die
1137 260 204 41 Gebrüder
1365 265 180 40 Wenzel
1571 269 197 40 forderten

161 308 62 38 die
253 307 307 52 Absonderung;
592 310 97 38 auch
722 311 206 51 Delpech
949 314 157 49 gesteht
1127 315 72 37 den
1221 316 153 40 Nutzen
1396 320 68 37 der
1484 320 285 56 Absonderung

159 361 64 38 für
255 362 60 36 die
345 361 109 38 nicht
484 362 193 39 inficirten
707 364 189 40 Kranken
927 381 59 23 zu.
1045 367 62 38 Da
1135 369 138 50 jedoch
1303 372 62 37 bei
1394 372 78 38 ihm
1503 375 77 38 fast
1608 382 158 34 sämmt-

158 415 103 38 liche
292 415 162 38 Kranke
486 416 144 39 inficirt
661 433 142 33 waren,
837 420 47 37 da
904 420 132 38 ferner
1058 424 112 36 unter
1192 424 72 37 den
1287 425 217 50 damaligen
1526 427 242 41 Umständen

160 469 69 37 der
259 467 108 40 Noth
398 470 80 38 und
508 471 66 38 des
605 471 183 51 Dranges
810 473 60 37 die
892 474 327 51 Verschleppung
1242 478 66 38 der
1332 479 221 40 Krankheit
1572 496 71 36 gar
1663 484 107 38 nicht

159 536 48 24 zu
238 523 225 38 vermeiden
499 539 100 32 war,
641 526 172 38 erklärte
853 527 208 51 Delpech
1097 543 75 24 von
1209 531 149 39 seinem
1393 532 271 53 Standpunkte
1700 551 68 24 aus

158 577 62 37 die
250 575 198 54 Isolirung
476 578 64 38 für
568 579 231 39 illusorisch.

290 630 270 51 Brugmans
591 634 78 37 und
701 634 118 38 Kies
832 648 50 24 er
912 636 170 47 wollten,
1114 637 86 38 dass
1230 639 107 38 nicht
1365 640 105 39 bloss
1499 642 61 38 die
1583 643 186 39 Kranken

158 685 170 50 separirt
359 687 172 45 würden,
563 688 169 37 sondern
763 688 87 38 dass
881 689 98 38 auch
1004 690 67 38 das
1091 691 55 37 sie
1168 692 239 40 bedienende
1427 694 186 40 Personal
1634 700 135 48 streng

157 752 77 25 von
266 740 74 38 den
372 741 172 37 anderen
575 740 190 39 Kranken
795 742 84 38 fern
904 743 185 49 gehalten
1110 747 146 46 würde,
1286 748 79 37 und
1396 747 191 41 Gerson
1617 755 152 35 machte

158 793 68 39 das
256 794 63 38 bei
351 795 67 37 der
440 794 230 51 Separation
702 796 126 38 dieser
849 797 188 38 Kranken
1058 798 81 38 sich
1160 800 121 38 sofort
1301 802 219 50 ergebende
1542 804 226 39 Bedürfniss

158 847 108 39 eines
305 849 166 38 zweiten
508 849 189 38 ebenfalls
736 864 47 24 zu
822 851 277 49 separirenden
1138 853 236 40 Lazarethes
1412 856 158 51 geltend
1607 858 62 38 für
1708 859 60 38 die

158 901 514 51 Hospitalbrandkranken,
712 904 119 38 deren
861 904 184 39 Wunden
1081 907 84 37 rein
1194 909 209 49 geworden
1432 923 131 26 waren
1591 913 78 37 und
1698 915 72 47 gut

157 957 260 49 granulirten.
449 957 157 38 Einmal
627 958 128 38 könne
777 973 88 23 man
888 959 104 38 diese
1010 960 188 38 Kranken
1219 962 106 37 nicht
1345 963 109 37 mehr
1474 964 71 38 mit
1566 964 201 51 Hospital-

157 1010 221 51 brandigen
410 1012 360 50 zusammenliegen
800 1013 140 47 lassen,
972 1028 64 23 um
1067 1015 54 37 sie
1152 1028 69 25 vor
1251 1015 210 39 Recidiven
1482 1032 47 23 zu
1549 1019 219 47 bewahren,

156 1065 265 38 andererseits
453 1066 111 38 dürfe
594 1080 89 24 man
715 1067 54 37 sie
809 1067 98 38 auch
945 1069 100 36 noch
1081 1069 108 37 nicht
1227 1070 37 37 in
1303 1071 171 49 gesunde
1512 1071 89 40 Säle
1638 1073 126 47 legen,

158 1119 49 37 da
228 1120 55 37 sie
314 1119 121 38 leicht
464 1120 99 37 noch
594 1121 286 50 übertragbare
909 1121 141 39 Keime
1082 1124 68 37 der
1180 1123 221 39 Krankheit
1429 1126 71 36 mit
1527 1126 80 38 sich
1628 1126 139 38 führen

158 1173 188 38 könnten.
387 1174 113 38 Wer
511 1175 124 37 neck
665 1176 186 37 benutzte
873 1176 85 38 eine
981 1175 176 40 Scheune
1179 1191 46 24 zu
1247 1178 144 38 diesem
1414 1179 175 39 Zwecke,
1622 1181 144 37 welche

158 1241 42 25 er
230 1229 40 36 in
301 1229 95 37 zwei
428 1232 209 47 getrennte
668 1229 220 39 Lazarethe
918 1231 277 38 verwandelte.
1255 1232 54 37 Er
1345 1233 155 38 betonte
1540 1235 60 36 die
1638 1234 128 38 Noth-

155 1283 246 50 wendigkeit
423 1283 107 37 einer
551 1283 91 38 sehr
661 1283 141 39 frühen
824 1283 231 51 Separation
1076 1286 78 37 und
1176 1285 141 39 wollte,
1350 1287 86 37 dass
1457 1287 107 38 nicht
1582 1288 103 38 bloss
1707 1289 61 37 die

156 1335 500 52 Hospitalbrandkranken
685 1339 79 36 und
796 1339 67 37 das
882 1339 332 50 Wartepersonal,
1237 1341 166 37 sondern
1424 1341 98 37 auch
1543 1342 60 37 die
1625 1341 142 39 Aerzte

155 1404 79 25 von
266 1391 97 38 aller
392 1391 262 51 Verbindung
683 1393 72 37 mit
786 1393 73 37 den
894 1393 168 50 übrigen
1095 1394 185 38 Kranken
1310 1395 318 50 ausgeschlossen
1648 1397 117 37 seien.

154 1445 58 38 Er
243 1445 162 39 brachte
435 1445 133 39 ferner
599 1447 75 37 den
703 1447 212 51 wichtigen
936 1447 134 38 Punkt
1090 1461 68 24 zur
1179 1447 183 51 Sprache,
1395 1449 86 37 dass
1509 1463 87 23 man
1619 1449 61 38 bei
1702 1450 66 37 der

155 1500 248 39 Evacuation
434 1501 68 37 der
533 1500 190 39 Kranken
754 1502 60 37 die
845 1504 153 48 grösste
1030 1501 184 38 Vorsicht
1242 1502 248 51 gebrauchen
1528 1503 105 39 solle.
1692 1504 75 37 Be-

155 1555 163 38 sonders
357 1555 94 37 aber
485 1555 90 38 wies
606 1555 257 38 Zaborsky
902 1556 69 37 auf
1006 1557 61 37 die
1103 1569 135 37 grosse
1276 1555 146 39 Gefahr
1458 1556 85 46 hin,
1584 1558 85 37 dass
1707 1558 60 37 die

157 1609 248 38 entlassenen
438 1609 384 39 Reconvälescenten
853 1611 60 37 die
943 1610 140 38 Keime
1113 1610 281 50 verschleppen
1424 1611 173 37 können,
1629 1611 55 37 sei
1714 1625 52 33 es,

156 1664 90 38 dass
266 1664 86 38 ihre
372 1664 186 38 Wunden
586 1664 101 38 noch
715 1664 109 38 nicht
844 1677 99 37 ganz
963 1665 84 37 rein
1069 1678 144 24 wären,
1244 1665 93 37 oder
1359 1665 87 37 dass
1466 1664 83 39 ihre
1574 1664 194 51 Kleidung

156 1718 132 38 solche
318 1718 141 38 Keime
491 1718 199 38 enthielte.
749 1718 115 38 Auch
895 1718 60 38 Gr
967 1718 57 38 oh
1058 1733 76 23 war
1162 1719 63 37 für
1255 1719 59 37 die
1345 1717 206 52 Isolirung,
1583 1719 185 37 während

155 1772 192 39 Demme
371 1773 61 37 die
454 1772 385 52 Zusammenlegung
861 1773 68 37 der
950 1773 487 38 Hospitalbrandkranken
1453 1772 62 38 für
1531 1773 236 49 beklagens-

156 1828 128 38 werth
312 1827 115 38 hielt,
469 1827 88 38 weil
588 1827 171 38 dadurch
791 1828 60 37 die
883 1827 223 38 Krankheit
1142 1827 123 38 sofort
1298 1827 171 38 schwere
1501 1826 167 38 Formen
1698 1840 69 24 an-

154 1882 157 38 nehme.
370 1881 59 38 Im
460 1881 340 38 amerikanischen
830 1882 147 38 Kriege
1009 1882 132 37 wurde
1170 1881 100 38 nach
1299 1881 292 38 Kempster's
1611 1880 159 38 Bericht

157 1937 63 38 die
258 1936 200 50 Isolirung
507 1936 285 51 durchgeführt
832 1937 78 37 und
951 1949 142 24 ebenso
1138 1937 198 36 wünschte
1381 1934 190 38 Fischer
1609 1947 157 37 strenge

156 1990 212 39 Isolirung.
426 1990 289 39 Neudörfer
754 1991 79 37 und
862 1990 141 38 Zeiss
1033 1989 192 38 sprachen
1254 1989 81 38 sich
1363 1989 40 37 in
1433 1988 171 50 gleicher
1633 1988 131 38 Weise

156 2046 75 38 wie
274 2046 197 38 Demme
509 2058 130 37 gegen
678 2045 68 37 das
785 2044 351 38 Zusammenlegen
1175 2044 67 37 der
1282 2042 485 50 Hospitalbrandkranken

157 2114 83 25 aus.
302 2100 211 38 1870—71
547 2099 92 37 kam
667 2099 41 37 in
739 2099 73 37 den
842 2099 179 37 Berliner
1050 2098 205 37 Baracken
1276 2098 60 37 die
1357 2099 194 47 strengste
1572 2095 196 50 Isolirung

157 2169 70 24 zur
257 2153 326 40 Durchführung.
642 2153 162 38 Kranke
834 2154 79 36 und
943 2152 188 38 Personal
1159 2165 132 24 waren
1319 2164 99 37 ganz
1449 2149 318 45 abgeschlossen;

158 2210 69 38 der
256 2209 168 38 Eintritt
453 2208 39 37 in
523 2208 60 37 die
614 2207 206 38 Baracken
849 2221 81 24 war
957 2207 131 50 jedem
1118 2205 194 39 Fremden
1332 2206 221 49 untersagt;
1585 2204 66 37 der
1672 2204 98 36 Arzt

157 2278 83 24 war
271 2265 62 37 ein
362 2263 251 38 besonderer.
672 2262 113 38 Auch
817 2261 84 39 eine
932 2258 552 41 Reconvalescentenbaracke
1515 2258 131 37 wurde
1670 2256 99 39 nach

157 2319 182 50 gleichen
369 2317 226 50 Principien
626 2316 269 39 eingerichtet.

290 2372 239 52 Diejenigen
558 2371 198 38 Autoren,
797 2370 147 39 welche
983 2383 128 37 gegen
1151 2368 60 38 die
1246 2366 196 51 Isolirung
1480 2366 68 37 der
1577 2365 191 38 inficirten

157 2428 193 38 Kranken
380 2440 144 32 waren,
557 2425 223 39 empfahlen
811 2425 115 38 meist
955 2439 47 23 an
1034 2423 118 39 Stelle
1184 2421 203 39 derselben
1416 2421 60 37 die
1504 2420 265 49 Zerstreuung

159 2483 69 38 der
273 2481 416 51 Hospitalbrandigen.
750 2479 127 39 Schon
922 2477 226 51 Delpech
1187 2476 89 38 sah,
1317 2476 86 37 dass
1441 2473 326 50 Hospitalbrand-

158 2537 172 38 kranke,
370 2535 148 38 welche
548 2535 39 37 in
617 2534 388 49 Privatwohnungen
1049 2530 232 51 einquartirt
1323 2529 175 44 wurden,
1538 2540 79 25 sich
1655 2526 112 38 rasch

157 2592 206 38 besserten
412 2590 78 37 und
538 2589 238 37 namentlich
821 2589 87 37 dem
949 2587 161 38 Recidiv
1152 2597 173 37 weniger
1367 2583 219 48 ausgesetzt
1625 2593 140 26 waren.

159 2646 191 38 Demme
378 2644 104 39 rieth
503 2643 61 38 die
587 2641 491 40 Hospitalbrandkranken
1099 2651 190 26 zwischen
1311 2637 73 38 den
1400 2636 164 49 übrigen
1581 2634 186 38 Kranken

159 2715 48 24 zu
229 2703 237 36 zerstreuen,
488 2712 66 24 um
576 2698 122 37 damit
719 2698 71 36 den
813 2696 216 38 Charakter
1051 2695 68 37 der
1139 2691 202 40 Epidemie
1363 2704 45 24 zu
1429 2689 176 38 mildern.
1654 2687 113 38 Auch

161 2756 61 38 die
254 2753 244 40 Evacuation
528 2753 39 37 in
598 2752 62 38 ein
690 2764 176 25 anderes,
899 2751 260 37 entfernteres
1180 2745 182 50 Hospital
1391 2744 108 37 hatte
1529 2742 98 39 nach
1649 2743 115 49 jenen

158 2809 182 39 Autoren
370 2810 59 37 oft
459 2807 84 38 eine
576 2806 248 39 entschieden
856 2804 183 51 günstige
1061 2801 269 40 Einwirkung.
1375 2796 263 40 Neudörfer
1666 2793 100 39 rieth

161 2865 63 37 die
246 2861 404 53 Hospitalbrandigen
680 2873 114 24 unter
825 2859 60 37 die
909 2871 169 25 anderen
1099 2855 187 38 Kranken
1313 2866 47 23 zu
1380 2851 232 39 vertheilen:
1644 2862 39 24 es
1712 2848 56 38 sei

159 2919 112 37 nicht
301 2933 46 23 zu
377 2916 251 39 befürchten,
675 2915 87 37 dass
802 2913 60 38 die
901 2925 122 38 ganze
1062 2908 244 49 Abtheilnng
1341 2906 143 37 inficirt
1522 2916 130 25 würde
1689 2902 77 37 und

162 2974 135 37 ■würde
329 2972 61 38 die
420 2970 225 39 Krankheit
673 2969 62 38 bei
767 2972 210 46 gehöriger
1007 2963 261 41 Anw^endung
1304 2961 67 38 der
1399 2957 217 41 Heilmittel
1650 2969 116 25 schon
