2143 3620
897 330 86 30 THE
1015 331 241 32 DISORDERS
1289 333 52 31 OF
1373 333 173 32 SPEKCH.

411 314 22 44 6

410 443 155 59 larynx
584 445 77 43 lias
679 451 43 37 to
741 448 210 42 maintain
972 449 56 43 its
1046 449 120 43 vocal
1186 451 122 41 cords
1326 451 45 41 in
1389 465 47 27 co
1459 451 192 55 aptation
1676 452 263 56 throughout
1957 454 72 42 the

411 515 139 43 whole
573 517 127 51 word,
719 518 141 41 which
886 533 97 41 may
1004 533 107 28 even
1134 520 52 42 be
1208 521 199 54 repeated
1430 535 130 41 many
1585 522 126 41 times
1734 522 43 40 in
1801 536 24 27 a
1847 523 180 42 deliber-

410 589 69 37 ate
501 585 85 41 and
609 586 257 42 continuous
898 588 115 41 hum.
1076 587 88 43 But
1186 589 83 41 add
1291 593 43 37 to
1367 589 86 41 this
1477 590 116 41 word
1614 590 74 41 the
1712 591 101 40 final
1845 592 181 41 syllable

410 654 96 53 fill;
539 656 97 51 and,
659 670 45 28 as
727 657 73 41 the
823 657 127 50 word,
973 658 103 40 with
1111 658 88 42 this
1222 659 204 41 addition,
1450 659 35 41 is
1517 659 128 54 being
1676 659 205 43 hummed
1913 674 113 38 over,

411 731 101 37 note
535 727 73 41 the
625 732 194 37 moment
841 728 43 41 of
906 729 289 54 interruption
1221 729 43 41 of
1287 729 72 41 the
1382 729 102 40 hum
1501 729 155 55 during
1678 730 72 41 the
1773 736 254 48 production

409 797 47 40 of
475 795 73 43 the
566 795 203 43 voiceless
786 795 30 42 f.
861 797 82 40 For
965 811 23 27 a
1007 803 192 36 moment
1222 798 72 41 the
1309 797 119 42 vocal
1450 798 121 41 cords
1594 798 108 42 have
1725 799 106 41 been
1855 799 170 40 thrown

410 872 122 49 apart
553 870 45 38 to
620 867 158 54 permit
799 867 44 41 of
873 867 74 41 the
978 881 176 41 passage
1176 869 46 40 of
1250 868 204 42 voiceless
1476 868 62 41 air
1560 869 64 40 for
1646 868 73 41 the
1740 867 44 42 f;
1816 869 79 40 but
1925 868 104 54 they

410 951 69 28 are
502 937 297 55 immediately
821 937 185 55 brought
1038 938 193 54 together
1261 938 123 54 again
1409 938 63 41 for
1494 938 73 42 the
1598 938 255 54 production
1881 938 47 41 of
1955 938 72 41 the

409 1006 124 42 vocal
554 1017 46 30 u.
661 1007 135 41 These
819 1007 219 53 examples
1061 1021 98 40 may
1182 1007 147 41 suffice
1352 1011 43 37 to
1418 1007 115 41 show
1552 1007 115 40 what
1689 1021 24 26 a
1734 1007 183 41 delicate
1941 1007 86 41 and

410 1081 124 38 exact
556 1076 119 41 work
700 1076 73 41 the
804 1075 155 55 larynx
991 1076 76 42 has
1089 1080 44 37 to
1155 1077 199 54 perform,
1375 1077 43 40 in
1450 1076 234 55 supplying
1705 1077 73 41 the
1806 1076 115 42 vocal
1945 1090 83 28 ele-

410 1151 123 37 ment
563 1150 45 37 to
630 1146 74 41 the
726 1145 160 42 vowels
908 1146 86 41 and
1016 1145 215 43 vocalised
1264 1150 270 37 consonants,
1555 1146 85 40 and
1664 1146 46 40 in
1735 1146 293 54 intermitting

409 1217 75 42 the
509 1220 396 38 voice-production
928 1215 125 42 when
1076 1215 72 42 the
1171 1216 63 41 air
1255 1216 37 42 is
1324 1215 199 42 required
1546 1216 64 40 for
1641 1221 260 36 consonants
1933 1219 97 37 that

410 1288 173 43 contain
607 1301 56 28 no
687 1287 128 42 voice.

469 1359 81 41 Let
571 1359 35 40 it
627 1359 53 40 be
702 1356 131 42 noted
854 1356 96 42 that
971 1370 24 28 a
1012 1360 250 38 stammerer
1279 1355 273 56 experiences
1566 1355 67 41 his
1653 1354 246 42 difficulties
1917 1354 114 50 only,

411 1443 46 28 as
480 1443 24 27 a
525 1429 106 51 rule,
653 1428 156 42 during
831 1427 73 42 the
926 1427 255 55 production
1204 1427 43 41 of
1269 1427 73 41 the
1365 1427 92 41 first
1479 1425 181 56 syllable
1682 1426 44 40 of
1754 1439 54 27 an
1831 1425 199 55 ordinary

413 1499 126 41 word.
593 1499 89 41 The
716 1503 83 37 two
833 1511 299 38 mechanisms,
1153 1497 223 55 laryngeal
1407 1497 85 41 and
1523 1496 101 50 oral,
1656 1510 81 37 are,
1764 1510 45 27 as
1840 1496 36 41 it
1907 1509 126 38 were,

411 1571 68 41 for
500 1569 75 43 the
597 1573 193 37 moment
822 1574 76 36 out
930 1569 43 41 of
1003 1569 186 54 gearing,
1211 1568 85 40 and
1319 1582 78 27 can
1428 1568 52 41 be
1502 1571 79 51 put
1602 1567 92 40 into
1725 1579 175 42 gearing
1923 1565 104 55 only

412 1642 57 39 by
488 1654 53 27 an
567 1640 145 41 effort;
734 1639 125 40 when
882 1638 87 41 this
992 1639 123 41 effort
1137 1637 199 42 succeeds
1354 1637 45 40 in
1422 1636 182 42 educing
1626 1636 72 41 the
1720 1636 93 40 first
1834 1634 198 50 syllable,

411 1710 76 42 the
509 1709 144 43 others
675 1708 157 42 follow,
854 1722 45 27 as
923 1722 23 27 a
967 1707 105 42 rule,
1093 1712 186 36 without
1301 1706 236 55 difficulty;
1570 1706 84 41 and
1676 1705 36 41 it
1736 1705 37 41 is
1795 1705 103 55 only
1921 1710 110 35 after

412 1781 75 41 the
522 1779 262 42 completion
817 1779 45 41 of
893 1778 73 42 the
990 1777 115 42 word
1137 1777 96 41 that
1266 1777 75 41 the
1371 1780 86 38 two
1489 1775 287 43 mechanisms
1814 1775 124 55 again
1969 1774 61 56 fly

413 1855 77 38 out
511 1851 47 41 of
574 1850 185 56 gearing.

884 2002 82 41 The
997 1999 307 56 Physiological
1334 1996 235 57 Alphabet.1

475 2121 184 44 Coming
680 2135 96 27 now
800 2123 44 39 to
868 2119 73 42 the
964 2118 262 42 description
1249 2117 43 41 of
1313 2116 73 42 the
1404 2113 307 57 physiological
1735 2113 213 55 alphabet,
1966 2126 63 28 we

416 2193 102 42 find,
541 2207 55 27 on
618 2193 216 41 reference
857 2196 43 36 to
934 2190 73 41 the
1039 2187 288 56 alphabetical
1359 2186 129 50 table,
1510 2185 96 42 that
1636 2199 25 27 a
1691 2183 123 42 vocal
1845 2187 187 37 element

414 2265 37 40 is
483 2267 177 51 present
681 2266 77 38 not
783 2260 104 43 only
903 2260 50 41 in
978 2259 73 42 the
1073 2258 171 42 vowels,
1267 2258 79 40 but
1377 2256 89 42 also
1487 2256 47 40 in
1556 2255 74 41 the
1662 2268 200 40 majority
1885 2253 45 41 of
1958 2253 73 41 the

414 2337 271 39 consonants.
748 2332 45 40 It
819 2330 155 42 should
996 2330 52 40 be
1071 2342 157 40 clearly
1253 2325 270 43 understood,
1546 2325 97 40 that
1663 2337 129 40 every
1812 2321 218 43 vocalized

412 2402 288 43 letter-sound
722 2402 37 40 is
782 2401 74 41 the
887 2399 195 55 product,
1104 2401 76 37 not
1212 2397 43 41 of
1287 2409 79 28 one
1396 2395 44 40 of
1471 2394 73 41 the
1576 2392 286 42 mechanisms
1885 2391 146 42 exclu-

415 2473 152 55 sively,
583 2473 80 41 but
684 2472 44 41 of
749 2470 104 42 both
872 2467 239 44 combined.
1153 2467 123 41 Even
1297 2465 73 41 the
1390 2463 158 42 vowels
1571 2477 69 27 are
1662 2466 77 36 not
1761 2461 268 55 exclusively

413 2544 74 42 the
510 2556 202 42 products
735 2541 43 41 of
799 2540 73 41 the
894 2539 167 54 larynx,
1078 2537 80 41 but
1180 2550 89 27 owe
1287 2534 111 41 their
1415 2533 171 55 specific
1603 2546 239 28 characters
1864 2531 164 55 largely

415 2619 44 37 to
477 2613 74 42 the
573 2611 221 56 operation
819 2611 43 40 of
883 2609 73 41 the
979 2607 88 42 oral
1090 2619 275 28 mechanism.

482 2681 268 44 Vowels.A
795 2678 114 42 little
957 2689 268 30 experiment
1262 2673 105 42 with
1409 2672 74 42 the
1533 2685 141 41 piano,
1711 2669 221 43 described
1972 2669 58 55 by

413 2752 267 48 Helmholtz,
707 2750 146 42 brings
883 2749 127 40 home
1041 2750 44 37 to
1118 2759 79 27 one
1228 2758 105 40 very
1366 2756 159 40 clearly
1557 2741 73 43 the
1666 2745 95 37 true
1803 2753 151 27 nature
1988 2738 46 41 of

414 2839 24 27 a
459 2823 149 42 vowel.
671 2820 84 43 Let
786 2820 73 41 the
883 2831 124 29 cover
1028 2817 46 40 of
1102 2815 72 41 the
1195 2813 129 56 piano
1356 2813 51 41 be
1439 2811 127 42 lifted
1589 2825 57 41 up
1669 2824 46 28 so
1737 2824 46 27 as
1805 2814 43 36 to
1871 2821 157 42 expose

414 2895 75 41 the
510 2907 137 28 wires,
669 2890 85 43 and
775 2889 61 43 let
865 2888 73 42 the
970 2887 196 41 dampers
1197 2885 53 40 be
1283 2882 137 42 raised
1452 2883 109 40 from
1593 2881 121 42 these
1745 2880 58 54 by
1834 2892 195 41 pressure

415 2965 47 43 of
489 2964 75 42 the
595 2964 90 41 foot
717 2975 55 28 on
804 2960 74 42 the
905 2957 103 43 loud
1039 2969 139 43 pedal.
1239 2953 134 51 Then,
1395 2957 106 37 with
1533 2951 75 42 the
1638 2950 111 42 head
1779 2948 183 43 lowered
1986 2953 42 36 to

462 3064 10 21 1
501 3064 37 35 It
560 3073 87 24 may
662 3060 46 36 be
726 3059 40 37 of
787 3059 203 36 advantage
1008 3059 38 32 to
1064 3055 64 35 the
1153 3052 127 37 reader
1303 3055 39 32 to
1366 3051 96 47 keep
1479 3049 65 37 the
1567 3047 261 49 Alphabetical
1854 3046 114 35 Table
1994 3044 42 36 of

412 3124 64 36 the
493 3121 235 47 frontispiece
746 3130 95 24 open
858 3116 123 36 before
998 3115 81 36 him
1097 3125 109 24 when
1222 3111 152 47 reading
1391 3109 64 37 the
1472 3109 193 46 following
1681 3107 221 46 description
1921 3105 40 36 of
1975 3105 40 34 it,
