2813 3926
1265 3790 29 47 7

368 374 78 48 As
468 381 117 57 part
607 373 60 49 of
684 373 89 49 the
796 373 235 65 ongoing
1051 374 174 64 policy
1246 374 60 49 of
1323 375 204 63 growth
1550 375 105 48 and
1675 375 402 65 development,
2100 377 89 49 the
2210 377 219 64 Library

299 454 40 49 is
371 455 409 64 systematically
811 455 304 64 expanding
1146 455 63 49 its
1240 456 246 64 holdings
1516 457 60 48 of
1602 457 174 49 works
1806 473 71 33 on
1908 458 203 49 clinical
2143 459 284 56 medicine,

299 536 225 49 medical
546 536 228 59 science,
799 537 104 48 and
925 537 203 49 related
1151 537 230 49 subjects
1403 538 50 48 in
1476 538 88 49 the
1587 539 281 63 post-1850
1889 539 207 64 period.

364 739 113 49 The
526 739 142 48 large
714 738 284 49 collection
1044 738 60 48 of
1146 738 296 49 secondary
1486 738 174 49 works
1707 738 238 49 includes
1991 746 139 41 most
2176 739 252 49 standard

297 820 362 64 monographs
684 835 71 33 on
779 820 89 49 the
893 819 201 64 history
1118 820 59 48 of
1198 820 286 49 medicine,
1511 820 104 48 and
1639 820 315 64 supporting
1978 820 240 49 material
2244 836 70 33 on
2338 821 88 48 the

297 903 199 48 history
520 902 60 48 of
600 901 228 49 science,
855 901 326 49 intellectual
1207 902 104 48 and
1335 901 162 49 social
1522 901 220 65 history,
1770 902 104 48 and
1897 902 89 49 the
2010 902 160 49 social
2194 902 234 49 sciences

297 984 223 49 relating
547 991 55 41 to
630 983 283 49 medicine.
945 983 113 49 The
1087 983 220 49 Library
1335 983 298 49 subscribes
1662 991 55 41 to
1745 983 99 49 200
1871 992 211 41 current
2110 984 318 64 periodicals

297 1066 105 49 and
423 1066 108 49 lists
554 1073 164 41 about
740 1065 155 56 2,700
916 1065 291 65 periodical
1230 1066 156 48 titles.

364 1253 209 49 During
594 1253 341 49 Wellcome's
957 1253 110 49 life,
1092 1253 77 49 his
1192 1253 193 64 library
1405 1268 106 34 was
1534 1268 28 33 a
1583 1253 151 49 focus
1756 1253 60 48 of
1834 1267 136 35 envy
1990 1260 56 42 to
2069 1252 234 50 scholars
2325 1253 104 49 and

295 1336 242 49 students
558 1336 120 48 who
699 1351 140 33 were
863 1335 196 49 denied
1081 1351 176 33 access
1279 1342 55 42 to
1356 1335 64 49 its
1440 1342 283 42 treasures.
1749 1335 153 49 Since
1924 1335 63 49 its
2008 1335 235 65 opening
2263 1343 55 41 to
2339 1336 87 48 the

294 1417 179 65 public
514 1417 51 49 in
612 1418 148 49 1949,
805 1418 89 49 the
937 1417 239 64 Library,
1220 1417 182 49 within
1443 1417 89 49 the
1573 1424 216 42 context
1830 1417 60 49 of
1926 1417 216 64 general
2183 1417 244 49 Institute

295 1499 232 64 activity,
545 1500 94 48 has
656 1499 303 65 developed
976 1499 112 49 into
1106 1515 66 33 an
1189 1499 433 64 internationally
1638 1499 319 49 recognized
1974 1515 248 33 resource
2240 1499 84 49 for
2339 1500 88 48 the

294 1581 155 49 study
470 1581 60 49 of
547 1581 227 49 medical
796 1581 221 64 history,
1041 1581 120 49 thus
1183 1581 247 49 fulfilling
1451 1596 104 34 one
1578 1581 60 49 of
1656 1581 63 49 its
1740 1581 277 49 founder's
2039 1581 229 49 dreams.

366 1814 52 47 A
456 1813 289 65 Catalogue
778 1814 67 64 of
868 1814 330 50 Incunabula
1234 1816 104 49 and
1372 1816 150 50 three
1557 1817 243 50 volumes
1835 1818 60 49 of
1924 1818 90 50 the
2053 1819 288 65 Catalogue
2375 1820 67 64 of

298 1895 213 49 Printed
551 1895 184 51 Books
777 1898 50 47 in
871 1896 83 50 the
998 1896 282 51 Wellcome
1320 1899 233 49 Institute
1595 1898 223 65 Library
1858 1900 135 50 have
2036 1901 215 65 already
2291 1902 139 50 been

296 1978 284 63 published
633 1976 114 66 (see
798 1995 136 49 page
971 1978 122 65 21).
1149 1980 226 50 Further
1423 1981 243 50 volumes
1718 1998 89 33 are
1859 1983 51 48 in
1960 1984 363 64 preparation.
2378 1986 53 47 A

296 2060 442 64 comprehensive
764 2061 125 49 card
914 2062 280 64 catalogue
1220 2069 55 42 to
1300 2063 90 49 the
1414 2063 285 50 collection
1722 2080 123 34 may
1868 2065 66 49 be
1960 2066 280 49 consulted
2263 2066 52 49 in
2340 2067 89 49 the

296 2141 236 65 Library.
555 2143 113 49 The
688 2143 383 65 development
1090 2144 60 49 of
1166 2160 28 33 a
1213 2145 527 51 machine-readable
1760 2147 388 65 bibliographic
2167 2149 189 48 record
2374 2149 60 49 of

296 2224 65 48 all
392 2224 212 64 printed
634 2224 246 66 holdings
911 2226 284 65 published
1226 2227 137 49 after
1396 2228 129 49 1850
1554 2228 40 49 is
1626 2228 51 49 in
1708 2244 264 49 progress.
2006 2230 112 49 The
2148 2232 281 63 post-1850

294 2306 196 49 entries
518 2306 52 49 in
598 2307 89 49 the
716 2308 193 49 author
934 2308 125 49 card
1086 2309 279 64 catalogue
1391 2310 102 48 will
1520 2310 67 49 be
1614 2311 389 65 progressively
2030 2313 249 63 replaced
2306 2313 69 49 by
2401 2329 29 33 a

294 2387 309 51 microfiche
643 2390 280 64 catalogue
963 2390 175 65 giving
1176 2391 158 49 much
1375 2392 280 50 enhanced
1695 2408 178 35 access
1911 2394 360 64 possibilities.
2315 2396 113 49 The

293 2470 288 64 long-term
628 2471 105 49 aim
778 2472 61 49 of
881 2473 336 49 automation
1263 2474 40 49 is
1350 2474 89 49 the
1485 2475 239 49 creation
1771 2476 59 48 of
1873 2492 65 33 an
1985 2477 204 49 on-line
2236 2477 193 65 library

292 2552 298 50 catalogue.
