<?xml version="1.0" encoding="UTF-8"?>
<alto xmlns="http://www.loc.gov/standards/alto/ns-v2#" xmlns:xsi="http://www.w3.org/2001/XMLSchema-instance" xsi:schemaLocation="http://www.loc.gov/standards/alto/ns-v2# http://www.loc.gov/standards/alto/alto.xsd">
  <Description>
    <MeasurementUnit>pixel</MeasurementUnit>
    <sourceImageInformation>
      <fileName>b21273911_abbyy.xml</fileName>
    </sourceImageInformation>
    <OCRProcessing ID="OCR_1">
      <preProcessingStep>
        <processingDateTime>2014-10-24T02:15:27</processingDateTime>
        <processingAgency>intranda GmbH, www.intranda.com</processingAgency>
        <processingSoftware>
          <softwareCreator>intranda GmbH, Germany</softwareCreator>
          <softwareName>intranda OCR Module for TaskManager</softwareName>
          <softwareVersion>1.0r42</softwareVersion>
        </processingSoftware>
      </preProcessingStep>
      <ocrProcessingStep>
        <processingSoftware>
          <softwareCreator>ABBYY (BIT Software), Russia</softwareCreator>
          <softwareName>FineReader Engine</softwareName>
          <softwareVersion>10</softwareVersion>
        </processingSoftware>
      </ocrProcessingStep>
    </OCRProcessing>
  </Description>
  <Layout>
    <Page PHYSICAL_IMG_NR="89" ID="PAGE_89" WIDTH="2125" HEIGHT="3612">
      <TopMargin ID="TopMargin_1" HPOS="181" VPOS="285" WIDTH="1507" HEIGHT="49">
        <TextBlock ID="TextBlock_326" HPOS="181" VPOS="285" WIDTH="1507" HEIGHT="49">
          <TextLine ID="TextLine_3107" HPOS="181" VPOS="285" WIDTH="1507" HEIGHT="49">
            <String ID="Word_30812" HPOS="181" VPOS="298" WIDTH="300" HEIGHT="36" CONTENT="PHARYNGEAL" />
            <SP ID="SP_27708" HPOS="481" VPOS="298" WIDTH="33" HEIGHT="0" />
            <String ID="Word_30813" HPOS="514" VPOS="298" WIDTH="230" HEIGHT="32" CONTENT="TROUBLES" />
            <SP ID="SP_27709" HPOS="744" VPOS="296" WIDTH="33" HEIGHT="0" />
            <String ID="Word_30814" HPOS="777" VPOS="296" WIDTH="55" HEIGHT="33" CONTENT="OF" />
            <SP ID="SP_27710" HPOS="832" VPOS="296" WIDTH="31" HEIGHT="0" />
            <String ID="Word_30815" HPOS="863" VPOS="297" WIDTH="335" HEIGHT="32" CONTENT="PROFESSIONAL" />
            <SP ID="SP_27711" HPOS="1198" VPOS="295" WIDTH="34" HEIGHT="0" />
            <String ID="Word_30816" HPOS="1232" VPOS="295" WIDTH="305" HEIGHT="36" CONTENT="VOICE-USERS." />
            <SP ID="SP_27712" HPOS="1537" VPOS="285" WIDTH="97" HEIGHT="0" />
            <String ID="Word_30817" HPOS="1634" VPOS="285" WIDTH="54" HEIGHT="45" CONTENT="75" />
          </TextLine>
        </TextBlock>
      </TopMargin>
      <PrintSpace ID="PrintSpace_90" HPOS="12" VPOS="279" WIDTH="1688" HEIGHT="2926">
        <TextBlock ID="TextBlock_325" HPOS="12" VPOS="279" WIDTH="1688" HEIGHT="2926">
          <TextLine ID="TextLine_3108" HPOS="31" VPOS="417" WIDTH="1655" HEIGHT="61">
            <String ID="Word_30818" HPOS="31" VPOS="422" WIDTH="74" HEIGHT="43" CONTENT="the" />
            <SP ID="SP_27713" HPOS="105" VPOS="421" WIDTH="24" HEIGHT="0" />
            <String ID="Word_30819" HPOS="129" VPOS="421" WIDTH="257" HEIGHT="57" CONTENT="production" />
            <SP ID="SP_27714" HPOS="386" VPOS="421" WIDTH="23" HEIGHT="0" />
            <String ID="Word_30820" HPOS="409" VPOS="421" WIDTH="44" HEIGHT="42" CONTENT="of" />
            <SP ID="SP_27715" HPOS="453" VPOS="419" WIDTH="31" HEIGHT="0" />
            <String ID="Word_30821" HPOS="484" VPOS="419" WIDTH="104" HEIGHT="43" CONTENT="high" />
            <SP ID="SP_27716" HPOS="588" VPOS="419" WIDTH="24" HEIGHT="0" />
            <String ID="Word_30822" HPOS="612" VPOS="432" WIDTH="149" HEIGHT="29" CONTENT="notes;" />
            <SP ID="SP_27717" HPOS="761" VPOS="418" WIDTH="35" HEIGHT="0" />
            <String ID="Word_30823" HPOS="796" VPOS="418" WIDTH="87" HEIGHT="42" CONTENT="and" />
            <SP ID="SP_27718" HPOS="883" VPOS="417" WIDTH="34" HEIGHT="0" />
            <String ID="Word_30824" HPOS="917" VPOS="417" WIDTH="98" HEIGHT="43" CONTENT="that" />
            <SP ID="SP_27719" HPOS="1015" VPOS="417" WIDTH="34" HEIGHT="0" />
            <String ID="Word_30825" HPOS="1049" VPOS="417" WIDTH="219" HEIGHT="56" CONTENT="anything" />
            <SP ID="SP_27720" HPOS="1268" VPOS="417" WIDTH="21" HEIGHT="0" />
            <String ID="Word_30826" HPOS="1289" VPOS="417" WIDTH="261" HEIGHT="43" CONTENT="interfering" />
            <SP ID="SP_27721" HPOS="1550" VPOS="417" WIDTH="30" HEIGHT="0" />
            <String ID="Word_30827" HPOS="1580" VPOS="424" WIDTH="106" HEIGHT="36" CONTENT="with" />
          </TextLine>
          <TextLine ID="TextLine_3109" HPOS="32" VPOS="488" WIDTH="1655" HEIGHT="57">
            <String ID="Word_30828" HPOS="32" VPOS="493" WIDTH="115" HEIGHT="43" CONTENT="their" />
            <SP ID="SP_27722" HPOS="147" VPOS="493" WIDTH="16" HEIGHT="0" />
            <String ID="Word_30829" HPOS="163" VPOS="493" WIDTH="85" HEIGHT="42" CONTENT="free" />
            <SP ID="SP_27723" HPOS="248" VPOS="492" WIDTH="14" HEIGHT="0" />
            <String ID="Word_30830" HPOS="262" VPOS="492" WIDTH="273" HEIGHT="43" CONTENT="contraction" />
            <SP ID="SP_27724" HPOS="535" VPOS="491" WIDTH="18" HEIGHT="0" />
            <String ID="Word_30831" HPOS="553" VPOS="491" WIDTH="89" HEIGHT="42" CONTENT="will" />
            <SP ID="SP_27725" HPOS="642" VPOS="490" WIDTH="24" HEIGHT="0" />
            <String ID="Word_30832" HPOS="666" VPOS="490" WIDTH="217" HEIGHT="42" CONTENT="therefore" />
            <SP ID="SP_27726" HPOS="883" VPOS="489" WIDTH="18" HEIGHT="0" />
            <String ID="Word_30833" HPOS="901" VPOS="489" WIDTH="111" HEIGHT="42" CONTENT="have" />
            <SP ID="SP_27727" HPOS="1012" VPOS="489" WIDTH="16" HEIGHT="0" />
            <String ID="Word_30834" HPOS="1028" VPOS="503" WIDTH="24" HEIGHT="28" CONTENT="a" />
            <SP ID="SP_27728" HPOS="1052" VPOS="488" WIDTH="20" HEIGHT="0" />
            <String ID="Word_30835" HPOS="1072" VPOS="488" WIDTH="235" HEIGHT="57" CONTENT="damaging" />
            <SP ID="SP_27729" HPOS="1307" VPOS="488" WIDTH="18" HEIGHT="0" />
            <String ID="Word_30836" HPOS="1325" VPOS="489" WIDTH="128" HEIGHT="42" CONTENT="effect" />
            <SP ID="SP_27730" HPOS="1453" VPOS="489" WIDTH="19" HEIGHT="0" />
            <String ID="Word_30837" HPOS="1472" VPOS="503" WIDTH="114" HEIGHT="41" CONTENT="upon" />
            <SP ID="SP_27731" HPOS="1586" VPOS="489" WIDTH="27" HEIGHT="0" />
            <String ID="Word_30838" HPOS="1613" VPOS="489" WIDTH="74" HEIGHT="42" CONTENT="the" />
          </TextLine>
          <TextLine ID="TextLine_3110" HPOS="30" VPOS="560" WIDTH="1659" HEIGHT="60">
            <String ID="Word_30839" HPOS="30" VPOS="579" WIDTH="144" HEIGHT="41" CONTENT="power" />
            <SP ID="SP_27732" HPOS="174" VPOS="564" WIDTH="21" HEIGHT="0" />
            <String ID="Word_30840" HPOS="195" VPOS="564" WIDTH="86" HEIGHT="43" CONTENT="and" />
            <SP ID="SP_27733" HPOS="281" VPOS="564" WIDTH="23" HEIGHT="0" />
            <String ID="Word_30841" HPOS="304" VPOS="564" WIDTH="149" HEIGHT="55" CONTENT="purity" />
            <SP ID="SP_27734" HPOS="453" VPOS="564" WIDTH="24" HEIGHT="0" />
            <String ID="Word_30842" HPOS="477" VPOS="564" WIDTH="46" HEIGHT="41" CONTENT="of" />
            <SP ID="SP_27735" HPOS="523" VPOS="562" WIDTH="33" HEIGHT="0" />
            <String ID="Word_30843" HPOS="556" VPOS="562" WIDTH="73" HEIGHT="42" CONTENT="the" />
            <SP ID="SP_27736" HPOS="629" VPOS="562" WIDTH="26" HEIGHT="0" />
            <String ID="Word_30844" HPOS="655" VPOS="562" WIDTH="131" HEIGHT="42" CONTENT="voice." />
            <SP ID="SP_27737" HPOS="786" VPOS="561" WIDTH="65" HEIGHT="0" />
            <String ID="Word_30845" HPOS="851" VPOS="561" WIDTH="177" HEIGHT="55" CONTENT="Among" />
            <SP ID="SP_27738" HPOS="1028" VPOS="560" WIDTH="23" HEIGHT="0" />
            <String ID="Word_30846" HPOS="1051" VPOS="560" WIDTH="75" HEIGHT="42" CONTENT="the" />
            <SP ID="SP_27739" HPOS="1126" VPOS="560" WIDTH="23" HEIGHT="0" />
            <String ID="Word_30847" HPOS="1149" VPOS="560" WIDTH="138" HEIGHT="56" CONTENT="slight" />
            <SP ID="SP_27740" HPOS="1287" VPOS="560" WIDTH="31" HEIGHT="0" />
            <String ID="Word_30848" HPOS="1318" VPOS="561" WIDTH="249" HEIGHT="42" CONTENT="conditions" />
            <SP ID="SP_27741" HPOS="1567" VPOS="561" WIDTH="24" HEIGHT="0" />
            <String ID="Word_30849" HPOS="1591" VPOS="561" WIDTH="98" HEIGHT="42" CONTENT="that" />
          </TextLine>
          <TextLine ID="TextLine_3111" HPOS="28" VPOS="631" WIDTH="1660" HEIGHT="57">
            <String ID="Word_30850" HPOS="28" VPOS="636" WIDTH="206" HEIGHT="42" CONTENT="interfere" />
            <SP ID="SP_27742" HPOS="234" VPOS="634" WIDTH="39" HEIGHT="0" />
            <String ID="Word_30851" HPOS="273" VPOS="634" WIDTH="107" HEIGHT="44" CONTENT="with" />
            <SP ID="SP_27743" HPOS="380" VPOS="634" WIDTH="40" HEIGHT="0" />
            <String ID="Word_30852" HPOS="420" VPOS="635" WIDTH="74" HEIGHT="42" CONTENT="the" />
            <SP ID="SP_27744" HPOS="494" VPOS="634" WIDTH="35" HEIGHT="0" />
            <String ID="Word_30853" HPOS="529" VPOS="634" WIDTH="146" HEIGHT="42" CONTENT="action" />
            <SP ID="SP_27745" HPOS="675" VPOS="633" WIDTH="31" HEIGHT="0" />
            <String ID="Word_30854" HPOS="706" VPOS="633" WIDTH="44" HEIGHT="42" CONTENT="of" />
            <SP ID="SP_27746" HPOS="750" VPOS="632" WIDTH="34" HEIGHT="0" />
            <String ID="Word_30855" HPOS="784" VPOS="632" WIDTH="74" HEIGHT="43" CONTENT="the" />
            <SP ID="SP_27747" HPOS="858" VPOS="631" WIDTH="39" HEIGHT="0" />
            <String ID="Word_30856" HPOS="897" VPOS="631" WIDTH="452" HEIGHT="57" CONTENT="Palato-pharyngeal" />
            <SP ID="SP_27748" HPOS="1349" VPOS="631" WIDTH="37" HEIGHT="0" />
            <String ID="Word_30857" HPOS="1386" VPOS="632" WIDTH="203" HEIGHT="52" CONTENT="muscles," />
            <SP ID="SP_27749" HPOS="1589" VPOS="632" WIDTH="43" HEIGHT="0" />
            <String ID="Word_30858" HPOS="1632" VPOS="633" WIDTH="56" HEIGHT="42" CONTENT="he" />
          </TextLine>
          <TextLine ID="TextLine_3112" HPOS="30" VPOS="703" WIDTH="1659" HEIGHT="53">
            <String ID="Word_30859" HPOS="30" VPOS="711" WIDTH="272" HEIGHT="38" CONTENT="enumerates" />
            <SP ID="SP_27750" HPOS="302" VPOS="711" WIDTH="22" HEIGHT="0" />
            <String ID="Word_30860" HPOS="324" VPOS="721" WIDTH="24" HEIGHT="27" CONTENT="a" />
            <SP ID="SP_27751" HPOS="348" VPOS="706" WIDTH="23" HEIGHT="0" />
            <String ID="Word_30861" HPOS="371" VPOS="706" WIDTH="173" HEIGHT="42" CONTENT="Paretic" />
            <SP ID="SP_27752" HPOS="544" VPOS="705" WIDTH="22" HEIGHT="0" />
            <String ID="Word_30862" HPOS="566" VPOS="705" WIDTH="226" HEIGHT="43" CONTENT="condition" />
            <SP ID="SP_27753" HPOS="792" VPOS="705" WIDTH="24" HEIGHT="0" />
            <String ID="Word_30863" HPOS="816" VPOS="705" WIDTH="45" HEIGHT="41" CONTENT="of" />
            <SP ID="SP_27754" HPOS="861" VPOS="704" WIDTH="23" HEIGHT="0" />
            <String ID="Word_30864" HPOS="884" VPOS="704" WIDTH="75" HEIGHT="43" CONTENT="the" />
            <SP ID="SP_27755" HPOS="959" VPOS="704" WIDTH="24" HEIGHT="0" />
            <String ID="Word_30865" HPOS="983" VPOS="704" WIDTH="98" HEIGHT="43" CONTENT="Soft" />
            <SP ID="SP_27756" HPOS="1081" VPOS="703" WIDTH="22" HEIGHT="0" />
            <String ID="Word_30866" HPOS="1103" VPOS="703" WIDTH="166" HEIGHT="53" CONTENT="Palate," />
            <SP ID="SP_27757" HPOS="1269" VPOS="703" WIDTH="20" HEIGHT="0" />
            <String ID="Word_30867" HPOS="1289" VPOS="703" WIDTH="235" HEIGHT="44" CONTENT="adhesions" />
            <SP ID="SP_27758" HPOS="1524" VPOS="703" WIDTH="22" HEIGHT="0" />
            <String ID="Word_30868" HPOS="1546" VPOS="704" WIDTH="45" HEIGHT="42" CONTENT="of" />
            <SP ID="SP_27759" HPOS="1591" VPOS="704" WIDTH="22" HEIGHT="0" />
            <String ID="Word_30869" HPOS="1613" VPOS="705" WIDTH="76" HEIGHT="41" CONTENT="the" />
          </TextLine>
          <TextLine ID="TextLine_3113" HPOS="30" VPOS="775" WIDTH="1660" HEIGHT="57">
            <String ID="Word_30870" HPOS="30" VPOS="778" WIDTH="149" HEIGHT="42" CONTENT="Tonsil" />
            <SP ID="SP_27760" HPOS="179" VPOS="778" WIDTH="39" HEIGHT="0" />
            <String ID="Word_30871" HPOS="218" VPOS="783" WIDTH="43" HEIGHT="37" CONTENT="to" />
            <SP ID="SP_27761" HPOS="261" VPOS="779" WIDTH="39" HEIGHT="0" />
            <String ID="Word_30872" HPOS="300" VPOS="779" WIDTH="74" HEIGHT="41" CONTENT="the" />
            <SP ID="SP_27762" HPOS="374" VPOS="777" WIDTH="39" HEIGHT="0" />
            <String ID="Word_30873" HPOS="413" VPOS="777" WIDTH="217" HEIGHT="43" CONTENT="Posterior" />
            <SP ID="SP_27763" HPOS="630" VPOS="776" WIDTH="37" HEIGHT="0" />
            <String ID="Word_30874" HPOS="667" VPOS="776" WIDTH="139" HEIGHT="43" CONTENT="Pillar" />
            <SP ID="SP_27764" HPOS="806" VPOS="776" WIDTH="38" HEIGHT="0" />
            <String ID="Word_30875" HPOS="844" VPOS="777" WIDTH="44" HEIGHT="42" CONTENT="of" />
            <SP ID="SP_27765" HPOS="888" VPOS="776" WIDTH="44" HEIGHT="0" />
            <String ID="Word_30876" HPOS="932" VPOS="776" WIDTH="74" HEIGHT="43" CONTENT="the" />
            <SP ID="SP_27766" HPOS="1006" VPOS="776" WIDTH="39" HEIGHT="0" />
            <String ID="Word_30877" HPOS="1045" VPOS="776" WIDTH="224" HEIGHT="56" CONTENT="Pharynx," />
            <SP ID="SP_27767" HPOS="1269" VPOS="776" WIDTH="45" HEIGHT="0" />
            <String ID="Word_30878" HPOS="1314" VPOS="776" WIDTH="75" HEIGHT="42" CONTENT="the" />
            <SP ID="SP_27768" HPOS="1389" VPOS="775" WIDTH="42" HEIGHT="0" />
            <String ID="Word_30879" HPOS="1431" VPOS="775" WIDTH="170" HEIGHT="57" CONTENT="growth" />
            <SP ID="SP_27769" HPOS="1601" VPOS="775" WIDTH="44" HEIGHT="0" />
            <String ID="Word_30880" HPOS="1645" VPOS="777" WIDTH="45" HEIGHT="41" CONTENT="of" />
          </TextLine>
          <TextLine ID="TextLine_3114" HPOS="29" VPOS="848" WIDTH="1659" HEIGHT="52">
            <String ID="Word_30881" HPOS="29" VPOS="849" WIDTH="217" HEIGHT="42" CONTENT="Tonsillar" />
            <SP ID="SP_27770" HPOS="246" VPOS="849" WIDTH="31" HEIGHT="0" />
            <String ID="Word_30882" HPOS="277" VPOS="850" WIDTH="153" HEIGHT="42" CONTENT="Tissue" />
            <SP ID="SP_27771" HPOS="430" VPOS="849" WIDTH="32" HEIGHT="0" />
            <String ID="Word_30883" HPOS="462" VPOS="849" WIDTH="45" HEIGHT="42" CONTENT="in" />
            <SP ID="SP_27772" HPOS="507" VPOS="849" WIDTH="26" HEIGHT="0" />
            <String ID="Word_30884" HPOS="533" VPOS="849" WIDTH="74" HEIGHT="42" CONTENT="the" />
            <SP ID="SP_27773" HPOS="607" VPOS="849" WIDTH="22" HEIGHT="0" />
            <String ID="Word_30885" HPOS="629" VPOS="854" WIDTH="236" HEIGHT="37" CONTENT="substance" />
            <SP ID="SP_27774" HPOS="865" VPOS="848" WIDTH="23" HEIGHT="0" />
            <String ID="Word_30886" HPOS="888" VPOS="848" WIDTH="45" HEIGHT="43" CONTENT="of" />
            <SP ID="SP_27775" HPOS="933" VPOS="848" WIDTH="31" HEIGHT="0" />
            <String ID="Word_30887" HPOS="964" VPOS="848" WIDTH="76" HEIGHT="43" CONTENT="the" />
            <SP ID="SP_27776" HPOS="1040" VPOS="848" WIDTH="24" HEIGHT="0" />
            <String ID="Word_30888" HPOS="1064" VPOS="848" WIDTH="220" HEIGHT="43" CONTENT="Posterior" />
            <SP ID="SP_27777" HPOS="1284" VPOS="848" WIDTH="23" HEIGHT="0" />
            <String ID="Word_30889" HPOS="1307" VPOS="848" WIDTH="150" HEIGHT="43" CONTENT="Pillar," />
            <SP ID="SP_27778" HPOS="1457" VPOS="848" WIDTH="33" HEIGHT="0" />
            <String ID="Word_30890" HPOS="1490" VPOS="848" WIDTH="88" HEIGHT="43" CONTENT="and" />
            <SP ID="SP_27779" HPOS="1578" VPOS="848" WIDTH="35" HEIGHT="0" />
            <String ID="Word_30891" HPOS="1613" VPOS="849" WIDTH="75" HEIGHT="41" CONTENT="the" />
          </TextLine>
          <TextLine ID="TextLine_3115" HPOS="26" VPOS="919" WIDTH="1663" HEIGHT="58">
            <String ID="Word_30892" HPOS="26" VPOS="935" WIDTH="207" HEIGHT="42" CONTENT="presence" />
            <SP ID="SP_27780" HPOS="233" VPOS="922" WIDTH="23" HEIGHT="0" />
            <String ID="Word_30893" HPOS="256" VPOS="922" WIDTH="44" HEIGHT="41" CONTENT="of" />
            <SP ID="SP_27781" HPOS="300" VPOS="921" WIDTH="21" HEIGHT="0" />
            <String ID="Word_30894" HPOS="321" VPOS="921" WIDTH="220" HEIGHT="42" CONTENT="follicular" />
            <SP ID="SP_27782" HPOS="541" VPOS="921" WIDTH="15" HEIGHT="0" />
            <String ID="Word_30895" HPOS="556" VPOS="921" WIDTH="304" HEIGHT="56" CONTENT="granulations" />
            <SP ID="SP_27783" HPOS="860" VPOS="921" WIDTH="26" HEIGHT="0" />
            <String ID="Word_30896" HPOS="886" VPOS="935" WIDTH="116" HEIGHT="42" CONTENT="upon" />
            <SP ID="SP_27784" HPOS="1002" VPOS="920" WIDTH="19" HEIGHT="0" />
            <String ID="Word_30897" HPOS="1021" VPOS="920" WIDTH="75" HEIGHT="44" CONTENT="the" />
            <SP ID="SP_27785" HPOS="1096" VPOS="920" WIDTH="19" HEIGHT="0" />
            <String ID="Word_30898" HPOS="1115" VPOS="921" WIDTH="169" HEIGHT="43" CONTENT="surface" />
            <SP ID="SP_27786" HPOS="1284" VPOS="921" WIDTH="18" HEIGHT="0" />
            <String ID="Word_30899" HPOS="1302" VPOS="921" WIDTH="47" HEIGHT="43" CONTENT="of" />
            <SP ID="SP_27787" HPOS="1349" VPOS="921" WIDTH="19" HEIGHT="0" />
            <String ID="Word_30900" HPOS="1368" VPOS="921" WIDTH="75" HEIGHT="43" CONTENT="the" />
            <SP ID="SP_27788" HPOS="1443" VPOS="919" WIDTH="24" HEIGHT="0" />
            <String ID="Word_30901" HPOS="1467" VPOS="919" WIDTH="222" HEIGHT="45" CONTENT="Posterior" />
          </TextLine>
          <TextLine ID="TextLine_3116" HPOS="28" VPOS="993" WIDTH="1660" HEIGHT="52">
            <String ID="Word_30902" HPOS="28" VPOS="994" WIDTH="145" HEIGHT="43" CONTENT="Pillar." />
            <SP ID="SP_27789" HPOS="173" VPOS="994" WIDTH="65" HEIGHT="0" />
            <String ID="Word_30903" HPOS="238" VPOS="994" WIDTH="54" HEIGHT="42" CONTENT="In" />
            <SP ID="SP_27790" HPOS="292" VPOS="994" WIDTH="42" HEIGHT="0" />
            <String ID="Word_30904" HPOS="334" VPOS="998" WIDTH="249" HEIGHT="39" CONTENT="treatment," />
            <SP ID="SP_27791" HPOS="583" VPOS="993" WIDTH="44" HEIGHT="0" />
            <String ID="Word_30905" HPOS="627" VPOS="993" WIDTH="55" HEIGHT="43" CONTENT="he" />
            <SP ID="SP_27792" HPOS="682" VPOS="993" WIDTH="42" HEIGHT="0" />
            <String ID="Word_30906" HPOS="724" VPOS="993" WIDTH="172" HEIGHT="43" CONTENT="divides" />
            <SP ID="SP_27793" HPOS="896" VPOS="993" WIDTH="43" HEIGHT="0" />
            <String ID="Word_30907" HPOS="939" VPOS="993" WIDTH="234" HEIGHT="43" CONTENT="adhesions" />
            <SP ID="SP_27794" HPOS="1173" VPOS="993" WIDTH="43" HEIGHT="0" />
            <String ID="Word_30908" HPOS="1216" VPOS="994" WIDTH="44" HEIGHT="42" CONTENT="of" />
            <SP ID="SP_27795" HPOS="1260" VPOS="993" WIDTH="42" HEIGHT="0" />
            <String ID="Word_30909" HPOS="1302" VPOS="993" WIDTH="76" HEIGHT="44" CONTENT="the" />
            <SP ID="SP_27796" HPOS="1378" VPOS="993" WIDTH="44" HEIGHT="0" />
            <String ID="Word_30910" HPOS="1422" VPOS="993" WIDTH="136" HEIGHT="43" CONTENT="tonsil" />
            <SP ID="SP_27797" HPOS="1558" VPOS="993" WIDTH="43" HEIGHT="0" />
            <String ID="Word_30911" HPOS="1601" VPOS="993" WIDTH="87" HEIGHT="43" CONTENT="and" />
          </TextLine>
          <TextLine ID="TextLine_3117" HPOS="17" VPOS="1065" WIDTH="1671" HEIGHT="57">
            <String ID="Word_30912" HPOS="17" VPOS="1065" WIDTH="207" HEIGHT="56" CONTENT="(removes" />
            <SP ID="SP_27798" HPOS="224" VPOS="1065" WIDTH="34" HEIGHT="0" />
            <String ID="Word_30913" HPOS="258" VPOS="1065" WIDTH="201" HEIGHT="43" CONTENT="tonsillar" />
            <SP ID="SP_27799" HPOS="459" VPOS="1065" WIDTH="34" HEIGHT="0" />
            <String ID="Word_30914" HPOS="493" VPOS="1065" WIDTH="192" HEIGHT="56" CONTENT="growths" />
            <SP ID="SP_27800" HPOS="685" VPOS="1065" WIDTH="35" HEIGHT="0" />
            <String ID="Word_30915" HPOS="720" VPOS="1065" WIDTH="88" HEIGHT="43" CONTENT="and" />
            <SP ID="SP_27801" HPOS="808" VPOS="1065" WIDTH="34" HEIGHT="0" />
            <String ID="Word_30916" HPOS="842" VPOS="1065" WIDTH="223" HEIGHT="43" CONTENT="follicular" />
            <SP ID="SP_27802" HPOS="1065" VPOS="1065" WIDTH="36" HEIGHT="0" />
            <String ID="Word_30917" HPOS="1101" VPOS="1065" WIDTH="305" HEIGHT="57" CONTENT="granulations" />
            <SP ID="SP_27803" HPOS="1406" VPOS="1065" WIDTH="37" HEIGHT="0" />
            <String ID="Word_30918" HPOS="1443" VPOS="1066" WIDTH="59" HEIGHT="42" CONTENT="by" />
            <SP ID="SP_27804" HPOS="1502" VPOS="1066" WIDTH="34" HEIGHT="0" />
            <String ID="Word_30919" HPOS="1536" VPOS="1079" WIDTH="152" HEIGHT="29" CONTENT="means" />
          </TextLine>
          <TextLine ID="TextLine_3118" HPOS="29" VPOS="1136" WIDTH="1661" HEIGHT="57">
            <String ID="Word_30920" HPOS="29" VPOS="1137" WIDTH="47" HEIGHT="40" CONTENT="of" />
            <SP ID="SP_27805" HPOS="76" VPOS="1137" WIDTH="33" HEIGHT="0" />
            <String ID="Word_30921" HPOS="109" VPOS="1137" WIDTH="75" HEIGHT="42" CONTENT="the" />
            <SP ID="SP_27806" HPOS="184" VPOS="1137" WIDTH="37" HEIGHT="0" />
            <String ID="Word_30922" HPOS="221" VPOS="1137" WIDTH="401" HEIGHT="56" CONTENT="galvano-cautery," />
            <SP ID="SP_27807" HPOS="622" VPOS="1137" WIDTH="33" HEIGHT="0" />
            <String ID="Word_30923" HPOS="655" VPOS="1137" WIDTH="85" HEIGHT="42" CONTENT="and" />
            <SP ID="SP_27808" HPOS="740" VPOS="1137" WIDTH="40" HEIGHT="0" />
            <String ID="Word_30924" HPOS="780" VPOS="1137" WIDTH="271" HEIGHT="43" CONTENT="endeavours" />
            <SP ID="SP_27809" HPOS="1051" VPOS="1137" WIDTH="33" HEIGHT="0" />
            <String ID="Word_30925" HPOS="1084" VPOS="1142" WIDTH="44" HEIGHT="37" CONTENT="to" />
            <SP ID="SP_27810" HPOS="1128" VPOS="1142" WIDTH="33" HEIGHT="0" />
            <String ID="Word_30926" HPOS="1161" VPOS="1142" WIDTH="164" HEIGHT="38" CONTENT="restore" />
            <SP ID="SP_27811" HPOS="1325" VPOS="1137" WIDTH="33" HEIGHT="0" />
            <String ID="Word_30927" HPOS="1358" VPOS="1137" WIDTH="76" HEIGHT="43" CONTENT="the" />
            <SP ID="SP_27812" HPOS="1434" VPOS="1136" WIDTH="32" HEIGHT="0" />
            <String ID="Word_30928" HPOS="1466" VPOS="1136" WIDTH="224" HEIGHT="44" CONTENT="muscular" />
          </TextLine>
          <TextLine ID="TextLine_3119" HPOS="30" VPOS="1209" WIDTH="1661" HEIGHT="57">
            <String ID="Word_30929" HPOS="30" VPOS="1224" WIDTH="146" HEIGHT="40" CONTENT="power" />
            <SP ID="SP_27813" HPOS="176" VPOS="1210" WIDTH="22" HEIGHT="0" />
            <String ID="Word_30930" HPOS="198" VPOS="1210" WIDTH="45" HEIGHT="42" CONTENT="of" />
            <SP ID="SP_27814" HPOS="243" VPOS="1210" WIDTH="26" HEIGHT="0" />
            <String ID="Word_30931" HPOS="269" VPOS="1210" WIDTH="74" HEIGHT="42" CONTENT="the" />
            <SP ID="SP_27815" HPOS="343" VPOS="1210" WIDTH="22" HEIGHT="0" />
            <String ID="Word_30932" HPOS="365" VPOS="1210" WIDTH="163" HEIGHT="42" CONTENT="Velum" />
            <SP ID="SP_27816" HPOS="528" VPOS="1210" WIDTH="25" HEIGHT="0" />
            <String ID="Word_30933" HPOS="553" VPOS="1210" WIDTH="56" HEIGHT="56" CONTENT="by" />
            <SP ID="SP_27817" HPOS="609" VPOS="1210" WIDTH="24" HEIGHT="0" />
            <String ID="Word_30934" HPOS="633" VPOS="1210" WIDTH="249" HEIGHT="56" CONTENT="gymnastic" />
            <SP ID="SP_27818" HPOS="882" VPOS="1209" WIDTH="23" HEIGHT="0" />
            <String ID="Word_30935" HPOS="905" VPOS="1209" WIDTH="215" HEIGHT="43" CONTENT="exercises" />
            <SP ID="SP_27819" HPOS="1120" VPOS="1209" WIDTH="22" HEIGHT="0" />
            <String ID="Word_30936" HPOS="1142" VPOS="1209" WIDTH="45" HEIGHT="42" CONTENT="of" />
            <SP ID="SP_27820" HPOS="1187" VPOS="1209" WIDTH="22" HEIGHT="0" />
            <String ID="Word_30937" HPOS="1209" VPOS="1210" WIDTH="46" HEIGHT="42" CONTENT="it." />
            <SP ID="SP_27821" HPOS="1255" VPOS="1210" WIDTH="66" HEIGHT="0" />
            <String ID="Word_30938" HPOS="1321" VPOS="1210" WIDTH="180" HEIGHT="43" CONTENT="Besides" />
            <SP ID="SP_27822" HPOS="1501" VPOS="1209" WIDTH="25" HEIGHT="0" />
            <String ID="Word_30939" HPOS="1526" VPOS="1222" WIDTH="165" HEIGHT="43" CONTENT="paresis" />
          </TextLine>
          <TextLine ID="TextLine_3120" HPOS="30" VPOS="1281" WIDTH="1662" HEIGHT="57">
            <String ID="Word_30940" HPOS="30" VPOS="1281" WIDTH="46" HEIGHT="42" CONTENT="of" />
            <SP ID="SP_27823" HPOS="76" VPOS="1281" WIDTH="22" HEIGHT="0" />
            <String ID="Word_30941" HPOS="98" VPOS="1281" WIDTH="75" HEIGHT="43" CONTENT="the" />
            <SP ID="SP_27824" HPOS="173" VPOS="1281" WIDTH="18" HEIGHT="0" />
            <String ID="Word_30942" HPOS="191" VPOS="1287" WIDTH="89" HEIGHT="37" CONTENT="soft" />
            <SP ID="SP_27825" HPOS="280" VPOS="1282" WIDTH="17" HEIGHT="0" />
            <String ID="Word_30943" HPOS="297" VPOS="1282" WIDTH="155" HEIGHT="56" CONTENT="palate," />
            <SP ID="SP_27826" HPOS="452" VPOS="1282" WIDTH="18" HEIGHT="0" />
            <String ID="Word_30944" HPOS="470" VPOS="1282" WIDTH="55" HEIGHT="43" CONTENT="he" />
            <SP ID="SP_27827" HPOS="525" VPOS="1282" WIDTH="18" HEIGHT="0" />
            <String ID="Word_30945" HPOS="543" VPOS="1282" WIDTH="222" HEIGHT="42" CONTENT="mentions" />
            <SP ID="SP_27828" HPOS="765" VPOS="1281" WIDTH="17" HEIGHT="0" />
            <String ID="Word_30946" HPOS="782" VPOS="1281" WIDTH="317" HEIGHT="56" CONTENT="Hypertrophy" />
            <SP ID="SP_27829" HPOS="1099" VPOS="1281" WIDTH="19" HEIGHT="0" />
            <String ID="Word_30947" HPOS="1118" VPOS="1281" WIDTH="44" HEIGHT="42" CONTENT="of" />
            <SP ID="SP_27830" HPOS="1162" VPOS="1281" WIDTH="23" HEIGHT="0" />
            <String ID="Word_30948" HPOS="1185" VPOS="1281" WIDTH="74" HEIGHT="43" CONTENT="the" />
            <SP ID="SP_27831" HPOS="1259" VPOS="1281" WIDTH="17" HEIGHT="0" />
            <String ID="Word_30949" HPOS="1276" VPOS="1281" WIDTH="416" HEIGHT="56" CONTENT="Naso-pharyngeal" />
          </TextLine>
          <TextLine ID="TextLine_3121" HPOS="30" VPOS="1353" WIDTH="1661" HEIGHT="56">
            <String ID="Word_30950" HPOS="30" VPOS="1353" WIDTH="163" HEIGHT="52" CONTENT="Tonsil," />
            <SP ID="SP_27832" HPOS="193" VPOS="1353" WIDTH="19" HEIGHT="0" />
            <String ID="Word_30951" HPOS="212" VPOS="1368" WIDTH="46" HEIGHT="28" CONTENT="as" />
            <SP ID="SP_27833" HPOS="258" VPOS="1354" WIDTH="33" HEIGHT="0" />
            <String ID="Word_30952" HPOS="291" VPOS="1354" WIDTH="183" HEIGHT="42" CONTENT="another" />
            <SP ID="SP_27834" HPOS="474" VPOS="1353" WIDTH="33" HEIGHT="0" />
            <String ID="Word_30953" HPOS="507" VPOS="1353" WIDTH="224" HEIGHT="43" CONTENT="condition" />
            <SP ID="SP_27835" HPOS="731" VPOS="1353" WIDTH="27" HEIGHT="0" />
            <String ID="Word_30954" HPOS="758" VPOS="1353" WIDTH="143" HEIGHT="42" CONTENT="which" />
            <SP ID="SP_27836" HPOS="901" VPOS="1353" WIDTH="22" HEIGHT="0" />
            <String ID="Word_30955" HPOS="923" VPOS="1367" WIDTH="102" HEIGHT="28" CONTENT="may" />
            <SP ID="SP_27837" HPOS="1025" VPOS="1353" WIDTH="23" HEIGHT="0" />
            <String ID="Word_30956" HPOS="1048" VPOS="1353" WIDTH="207" HEIGHT="42" CONTENT="interfere" />
            <SP ID="SP_27838" HPOS="1255" VPOS="1353" WIDTH="25" HEIGHT="0" />
            <String ID="Word_30957" HPOS="1280" VPOS="1354" WIDTH="108" HEIGHT="42" CONTENT="with" />
            <SP ID="SP_27839" HPOS="1388" VPOS="1354" WIDTH="22" HEIGHT="0" />
            <String ID="Word_30958" HPOS="1410" VPOS="1354" WIDTH="76" HEIGHT="42" CONTENT="the" />
            <SP ID="SP_27840" HPOS="1486" VPOS="1353" WIDTH="22" HEIGHT="0" />
            <String ID="Word_30959" HPOS="1508" VPOS="1353" WIDTH="183" HEIGHT="56" CONTENT="upward" />
          </TextLine>
          <TextLine ID="TextLine_3122" HPOS="29" VPOS="1424" WIDTH="1661" HEIGHT="59">
            <String ID="Word_30960" HPOS="29" VPOS="1432" WIDTH="256" HEIGHT="35" CONTENT="movement" />
            <SP ID="SP_27841" HPOS="285" VPOS="1425" WIDTH="32" HEIGHT="0" />
            <String ID="Word_30961" HPOS="317" VPOS="1425" WIDTH="47" HEIGHT="42" CONTENT="of" />
            <SP ID="SP_27842" HPOS="364" VPOS="1425" WIDTH="27" HEIGHT="0" />
            <String ID="Word_30962" HPOS="391" VPOS="1426" WIDTH="76" HEIGHT="41" CONTENT="the" />
            <SP ID="SP_27843" HPOS="467" VPOS="1424" WIDTH="23" HEIGHT="0" />
            <String ID="Word_30963" HPOS="490" VPOS="1424" WIDTH="172" HEIGHT="44" CONTENT="Velum." />
            <SP ID="SP_27844" HPOS="662" VPOS="1424" WIDTH="65" HEIGHT="0" />
            <String ID="Word_30964" HPOS="727" VPOS="1425" WIDTH="72" HEIGHT="43" CONTENT="He" />
            <SP ID="SP_27845" HPOS="799" VPOS="1425" WIDTH="22" HEIGHT="0" />
            <String ID="Word_30965" HPOS="821" VPOS="1425" WIDTH="304" HEIGHT="42" CONTENT="recommends" />
            <SP ID="SP_27846" HPOS="1125" VPOS="1425" WIDTH="24" HEIGHT="0" />
            <String ID="Word_30966" HPOS="1149" VPOS="1425" WIDTH="193" HEIGHT="42" CONTENT="removal" />
            <SP ID="SP_27847" HPOS="1342" VPOS="1425" WIDTH="23" HEIGHT="0" />
            <String ID="Word_30967" HPOS="1365" VPOS="1426" WIDTH="45" HEIGHT="42" CONTENT="of" />
            <SP ID="SP_27848" HPOS="1410" VPOS="1426" WIDTH="22" HEIGHT="0" />
            <String ID="Word_30968" HPOS="1432" VPOS="1426" WIDTH="75" HEIGHT="42" CONTENT="the" />
            <SP ID="SP_27849" HPOS="1507" VPOS="1426" WIDTH="24" HEIGHT="0" />
            <String ID="Word_30969" HPOS="1531" VPOS="1426" WIDTH="159" HEIGHT="57" CONTENT="hyper-" />
          </TextLine>
          <TextLine ID="TextLine_3123" HPOS="31" VPOS="1497" WIDTH="409" HEIGHT="55">
            <String ID="Word_30970" HPOS="31" VPOS="1497" WIDTH="201" HEIGHT="42" CONTENT="trophied" />
            <SP ID="SP_27850" HPOS="232" VPOS="1497" WIDTH="24" HEIGHT="0" />
            <String ID="Word_30971" HPOS="256" VPOS="1502" WIDTH="184" HEIGHT="37" CONTENT="texture." />
          </TextLine>
          <TextLine ID="TextLine_3124" HPOS="90" VPOS="1569" WIDTH="1602" HEIGHT="57">
            <String ID="Word_30972" HPOS="90" VPOS="1569" WIDTH="42" HEIGHT="41" CONTENT="A" />
            <SP ID="SP_27851" HPOS="132" VPOS="1569" WIDTH="23" HEIGHT="0" />
            <String ID="Word_30973" HPOS="155" VPOS="1569" WIDTH="203" HEIGHT="55" CONTENT="question" />
            <SP ID="SP_27852" HPOS="358" VPOS="1569" WIDTH="31" HEIGHT="0" />
            <String ID="Word_30974" HPOS="389" VPOS="1569" WIDTH="97" HEIGHT="42" CONTENT="that" />
            <SP ID="SP_27853" HPOS="486" VPOS="1569" WIDTH="32" HEIGHT="0" />
            <String ID="Word_30975" HPOS="518" VPOS="1569" WIDTH="78" HEIGHT="43" CONTENT="has" />
            <SP ID="SP_27854" HPOS="596" VPOS="1569" WIDTH="33" HEIGHT="0" />
            <String ID="Word_30976" HPOS="629" VPOS="1569" WIDTH="195" HEIGHT="56" CONTENT="engaged" />
            <SP ID="SP_27855" HPOS="824" VPOS="1569" WIDTH="30" HEIGHT="0" />
            <String ID="Word_30977" HPOS="854" VPOS="1569" WIDTH="75" HEIGHT="42" CONTENT="the" />
            <SP ID="SP_27856" HPOS="929" VPOS="1569" WIDTH="24" HEIGHT="0" />
            <String ID="Word_30978" HPOS="953" VPOS="1569" WIDTH="220" HEIGHT="42" CONTENT="attention" />
            <SP ID="SP_27857" HPOS="1173" VPOS="1569" WIDTH="34" HEIGHT="0" />
            <String ID="Word_30979" HPOS="1207" VPOS="1569" WIDTH="45" HEIGHT="42" CONTENT="of" />
            <SP ID="SP_27858" HPOS="1252" VPOS="1569" WIDTH="31" HEIGHT="0" />
            <String ID="Word_30980" HPOS="1283" VPOS="1583" WIDTH="136" HEIGHT="43" CONTENT="many" />
            <SP ID="SP_27859" HPOS="1419" VPOS="1570" WIDTH="22" HEIGHT="0" />
            <String ID="Word_30981" HPOS="1441" VPOS="1570" WIDTH="172" HEIGHT="44" CONTENT="writers" />
            <SP ID="SP_27860" HPOS="1613" VPOS="1570" WIDTH="22" HEIGHT="0" />
            <String ID="Word_30982" HPOS="1635" VPOS="1585" WIDTH="57" HEIGHT="29" CONTENT="on" />
          </TextLine>
          <TextLine ID="TextLine_3125" HPOS="14" VPOS="1627" WIDTH="1679" HEIGHT="69">
            <String ID="Word_30983" HPOS="14" VPOS="1627" WIDTH="439" HEIGHT="56" CONTENT="'Voice-Production" />
            <SP ID="SP_27861" HPOS="453" VPOS="1627" WIDTH="23" HEIGHT="0" />
            <String ID="Word_30984" HPOS="476" VPOS="1641" WIDTH="215" HEIGHT="42" CONTENT="is—How" />
            <SP ID="SP_27862" HPOS="691" VPOS="1641" WIDTH="23" HEIGHT="0" />
            <String ID="Word_30985" HPOS="714" VPOS="1641" WIDTH="38" HEIGHT="42" CONTENT="is" />
            <SP ID="SP_27863" HPOS="752" VPOS="1641" WIDTH="23" HEIGHT="0" />
            <String ID="Word_30986" HPOS="775" VPOS="1641" WIDTH="35" HEIGHT="41" CONTENT="it" />
            <SP ID="SP_27864" HPOS="810" VPOS="1640" WIDTH="23" HEIGHT="0" />
            <String ID="Word_30987" HPOS="833" VPOS="1640" WIDTH="109" HEIGHT="53" CONTENT="that," />
            <SP ID="SP_27865" HPOS="942" VPOS="1640" WIDTH="19" HEIGHT="0" />
            <String ID="Word_30988" HPOS="961" VPOS="1641" WIDTH="46" HEIGHT="42" CONTENT="of" />
            <SP ID="SP_27866" HPOS="1007" VPOS="1641" WIDTH="20" HEIGHT="0" />
            <String ID="Word_30989" HPOS="1027" VPOS="1641" WIDTH="59" HEIGHT="42" CONTENT="all" />
            <SP ID="SP_27867" HPOS="1086" VPOS="1641" WIDTH="18" HEIGHT="0" />
            <String ID="Word_30990" HPOS="1104" VPOS="1641" WIDTH="289" HEIGHT="55" CONTENT="professional" />
            <SP ID="SP_27868" HPOS="1393" VPOS="1641" WIDTH="19" HEIGHT="0" />
            <String ID="Word_30991" HPOS="1412" VPOS="1643" WIDTH="281" HEIGHT="52" CONTENT="voice-users," />
          </TextLine>
          <TextLine ID="TextLine_3126" HPOS="19" VPOS="1712" WIDTH="1674" HEIGHT="59">
            <String ID="Word_30992" HPOS="19" VPOS="1713" WIDTH="261" HEIGHT="56" CONTENT="^clergymen" />
            <SP ID="SP_27869" HPOS="280" VPOS="1713" WIDTH="33" HEIGHT="0" />
            <String ID="Word_30993" HPOS="313" VPOS="1727" WIDTH="71" HEIGHT="28" CONTENT="are" />
            <SP ID="SP_27870" HPOS="384" VPOS="1712" WIDTH="33" HEIGHT="0" />
            <String ID="Word_30994" HPOS="417" VPOS="1712" WIDTH="75" HEIGHT="43" CONTENT="the" />
            <SP ID="SP_27871" HPOS="492" VPOS="1712" WIDTH="33" HEIGHT="0" />
            <String ID="Word_30995" HPOS="525" VPOS="1717" WIDTH="114" HEIGHT="39" CONTENT="most" />
            <SP ID="SP_27872" HPOS="639" VPOS="1713" WIDTH="30" HEIGHT="0" />
            <String ID="Word_30996" HPOS="669" VPOS="1713" WIDTH="186" HEIGHT="42" CONTENT="affected" />
            <SP ID="SP_27873" HPOS="855" VPOS="1713" WIDTH="23" HEIGHT="0" />
            <String ID="Word_30997" HPOS="878" VPOS="1713" WIDTH="58" HEIGHT="56" CONTENT="by" />
            <SP ID="SP_27874" HPOS="936" VPOS="1713" WIDTH="22" HEIGHT="0" />
            <String ID="Word_30998" HPOS="958" VPOS="1713" WIDTH="240" HEIGHT="42" CONTENT="Follicular" />
            <SP ID="SP_27875" HPOS="1198" VPOS="1713" WIDTH="22" HEIGHT="0" />
            <String ID="Word_30999" HPOS="1220" VPOS="1714" WIDTH="287" HEIGHT="56" CONTENT="Pharyngitis" />
            <SP ID="SP_27876" HPOS="1507" VPOS="1714" WIDTH="17" HEIGHT="0" />
            <String ID="Word_31000" HPOS="1524" VPOS="1717" WIDTH="15" HEIGHT="41" CONTENT="?" />
            <SP ID="SP_27877" HPOS="1539" VPOS="1716" WIDTH="64" HEIGHT="0" />
            <String ID="Word_31001" HPOS="1603" VPOS="1716" WIDTH="90" HEIGHT="42" CONTENT="The" />
          </TextLine>
          <TextLine ID="TextLine_3127" HPOS="29" VPOS="1784" WIDTH="1660" HEIGHT="59">
            <String ID="Word_31002" HPOS="29" VPOS="1799" WIDTH="169" HEIGHT="29" CONTENT="answer" />
            <SP ID="SP_27878" HPOS="198" VPOS="1785" WIDTH="21" HEIGHT="0" />
            <String ID="Word_31003" HPOS="219" VPOS="1785" WIDTH="131" HEIGHT="56" CONTENT="given" />
            <SP ID="SP_27879" HPOS="350" VPOS="1785" WIDTH="23" HEIGHT="0" />
            <String ID="Word_31004" HPOS="373" VPOS="1785" WIDTH="59" HEIGHT="56" CONTENT="by" />
            <SP ID="SP_27880" HPOS="432" VPOS="1784" WIDTH="24" HEIGHT="0" />
            <String ID="Word_31005" HPOS="456" VPOS="1784" WIDTH="123" HEIGHT="44" CONTENT="these" />
            <SP ID="SP_27881" HPOS="579" VPOS="1784" WIDTH="25" HEIGHT="0" />
            <String ID="Word_31006" HPOS="604" VPOS="1791" WIDTH="168" HEIGHT="36" CONTENT="writers" />
            <SP ID="SP_27882" HPOS="772" VPOS="1784" WIDTH="23" HEIGHT="0" />
            <String ID="Word_31007" HPOS="795" VPOS="1784" WIDTH="160" HEIGHT="43" CONTENT="almost" />
            <SP ID="SP_27883" HPOS="955" VPOS="1784" WIDTH="32" HEIGHT="0" />
            <String ID="Word_31008" HPOS="987" VPOS="1785" WIDTH="165" HEIGHT="57" CONTENT="always" />
            <SP ID="SP_27884" HPOS="1152" VPOS="1785" WIDTH="23" HEIGHT="0" />
            <String ID="Word_31009" HPOS="1175" VPOS="1786" WIDTH="50" HEIGHT="51" CONTENT="is," />
            <SP ID="SP_27885" HPOS="1225" VPOS="1786" WIDTH="23" HEIGHT="0" />
            <String ID="Word_31010" HPOS="1248" VPOS="1786" WIDTH="98" HEIGHT="42" CONTENT="that" />
            <SP ID="SP_27886" HPOS="1346" VPOS="1786" WIDTH="22" HEIGHT="0" />
            <String ID="Word_31011" HPOS="1368" VPOS="1787" WIDTH="47" HEIGHT="41" CONTENT="in" />
            <SP ID="SP_27887" HPOS="1415" VPOS="1787" WIDTH="23" HEIGHT="0" />
            <String ID="Word_31012" HPOS="1438" VPOS="1788" WIDTH="251" HEIGHT="55" CONTENT="preaching," />
          </TextLine>
          <TextLine ID="TextLine_3128" HPOS="28" VPOS="1857" WIDTH="1664" HEIGHT="60">
            <String ID="Word_31013" HPOS="28" VPOS="1872" WIDTH="118" HEIGHT="28" CONTENT="more" />
            <SP ID="SP_27888" HPOS="146" VPOS="1857" WIDTH="23" HEIGHT="0" />
            <String ID="Word_31014" HPOS="169" VPOS="1857" WIDTH="109" HEIGHT="42" CONTENT="than" />
            <SP ID="SP_27889" HPOS="278" VPOS="1857" WIDTH="21" HEIGHT="0" />
            <String ID="Word_31015" HPOS="299" VPOS="1857" WIDTH="47" HEIGHT="42" CONTENT="in" />
            <SP ID="SP_27890" HPOS="346" VPOS="1857" WIDTH="23" HEIGHT="0" />
            <String ID="Word_31016" HPOS="369" VPOS="1858" WIDTH="124" HEIGHT="42" CONTENT="other" />
            <SP ID="SP_27891" HPOS="493" VPOS="1858" WIDTH="22" HEIGHT="0" />
            <String ID="Word_31017" HPOS="515" VPOS="1858" WIDTH="135" HEIGHT="42" CONTENT="forms" />
            <SP ID="SP_27892" HPOS="650" VPOS="1858" WIDTH="24" HEIGHT="0" />
            <String ID="Word_31018" HPOS="674" VPOS="1858" WIDTH="47" HEIGHT="42" CONTENT="of" />
            <SP ID="SP_27893" HPOS="721" VPOS="1858" WIDTH="22" HEIGHT="0" />
            <String ID="Word_31019" HPOS="743" VPOS="1858" WIDTH="151" HEIGHT="56" CONTENT="public" />
            <SP ID="SP_27894" HPOS="894" VPOS="1858" WIDTH="24" HEIGHT="0" />
            <String ID="Word_31020" HPOS="918" VPOS="1858" WIDTH="226" HEIGHT="57" CONTENT="speaking," />
            <SP ID="SP_27895" HPOS="1144" VPOS="1858" WIDTH="22" HEIGHT="0" />
            <String ID="Word_31021" HPOS="1166" VPOS="1859" WIDTH="76" HEIGHT="43" CONTENT="the" />
            <SP ID="SP_27896" HPOS="1242" VPOS="1859" WIDTH="25" HEIGHT="0" />
            <String ID="Word_31022" HPOS="1267" VPOS="1860" WIDTH="121" HEIGHT="43" CONTENT="voice" />
            <SP ID="SP_27897" HPOS="1388" VPOS="1860" WIDTH="23" HEIGHT="0" />
            <String ID="Word_31023" HPOS="1411" VPOS="1860" WIDTH="37" HEIGHT="43" CONTENT="is" />
            <SP ID="SP_27898" HPOS="1448" VPOS="1860" WIDTH="23" HEIGHT="0" />
            <String ID="Word_31024" HPOS="1471" VPOS="1865" WIDTH="77" HEIGHT="38" CONTENT="apt" />
            <SP ID="SP_27899" HPOS="1548" VPOS="1865" WIDTH="22" HEIGHT="0" />
            <String ID="Word_31025" HPOS="1570" VPOS="1865" WIDTH="45" HEIGHT="38" CONTENT="to" />
            <SP ID="SP_27900" HPOS="1615" VPOS="1861" WIDTH="24" HEIGHT="0" />
            <String ID="Word_31026" HPOS="1639" VPOS="1861" WIDTH="53" HEIGHT="42" CONTENT="be" />
          </TextLine>
          <TextLine ID="TextLine_3129" HPOS="29" VPOS="1929" WIDTH="1663" HEIGHT="46">
            <String ID="Word_31027" HPOS="29" VPOS="1929" WIDTH="107" HEIGHT="43" CONTENT="used" />
            <SP ID="SP_27901" HPOS="136" VPOS="1929" WIDTH="21" HEIGHT="0" />
            <String ID="Word_31028" HPOS="157" VPOS="1930" WIDTH="46" HEIGHT="41" CONTENT="in" />
            <SP ID="SP_27902" HPOS="203" VPOS="1930" WIDTH="24" HEIGHT="0" />
            <String ID="Word_31029" HPOS="227" VPOS="1944" WIDTH="25" HEIGHT="27" CONTENT="a" />
            <SP ID="SP_27903" HPOS="252" VPOS="1929" WIDTH="21" HEIGHT="0" />
            <String ID="Word_31030" HPOS="273" VPOS="1929" WIDTH="195" HEIGHT="42" CONTENT="strained" />
            <SP ID="SP_27904" HPOS="468" VPOS="1929" WIDTH="23" HEIGHT="0" />
            <String ID="Word_31031" HPOS="491" VPOS="1929" WIDTH="88" HEIGHT="42" CONTENT="and" />
            <SP ID="SP_27905" HPOS="579" VPOS="1929" WIDTH="22" HEIGHT="0" />
            <String ID="Word_31032" HPOS="601" VPOS="1944" WIDTH="121" HEIGHT="28" CONTENT="more" />
            <SP ID="SP_27906" HPOS="722" VPOS="1944" WIDTH="22" HEIGHT="0" />
            <String ID="Word_31033" HPOS="744" VPOS="1944" WIDTH="48" HEIGHT="28" CONTENT="or" />
            <SP ID="SP_27907" HPOS="792" VPOS="1929" WIDTH="20" HEIGHT="0" />
            <String ID="Word_31034" HPOS="812" VPOS="1929" WIDTH="87" HEIGHT="43" CONTENT="less" />
            <SP ID="SP_27908" HPOS="899" VPOS="1929" WIDTH="24" HEIGHT="0" />
            <String ID="Word_31035" HPOS="923" VPOS="1931" WIDTH="241" HEIGHT="42" CONTENT="unnatural" />
            <SP ID="SP_27909" HPOS="1164" VPOS="1931" WIDTH="22" HEIGHT="0" />
            <String ID="Word_31036" HPOS="1186" VPOS="1945" WIDTH="193" HEIGHT="29" CONTENT="manner." />
            <SP ID="SP_27910" HPOS="1379" VPOS="1932" WIDTH="55" HEIGHT="0" />
            <String ID="Word_31037" HPOS="1434" VPOS="1932" WIDTH="67" HEIGHT="42" CONTENT="Dr" />
            <SP ID="SP_27911" HPOS="1501" VPOS="1932" WIDTH="18" HEIGHT="0" />
            <String ID="Word_31038" HPOS="1519" VPOS="1932" WIDTH="173" HEIGHT="43" CONTENT="Hullah" />
          </TextLine>
          <TextLine ID="TextLine_3130" HPOS="30" VPOS="2001" WIDTH="1663" HEIGHT="56">
            <String ID="Word_31039" HPOS="30" VPOS="2001" WIDTH="173" HEIGHT="43" CONTENT="teaches" />
            <SP ID="SP_27912" HPOS="203" VPOS="2001" WIDTH="38" HEIGHT="0" />
            <String ID="Word_31040" HPOS="241" VPOS="2001" WIDTH="98" HEIGHT="42" CONTENT="that" />
            <SP ID="SP_27913" HPOS="339" VPOS="2001" WIDTH="38" HEIGHT="0" />
            <String ID="Word_31041" HPOS="377" VPOS="2001" WIDTH="73" HEIGHT="42" CONTENT="the" />
            <SP ID="SP_27914" HPOS="450" VPOS="2001" WIDTH="39" HEIGHT="0" />
            <String ID="Word_31042" HPOS="489" VPOS="2002" WIDTH="151" HEIGHT="54" CONTENT="public" />
            <SP ID="SP_27915" HPOS="640" VPOS="2001" WIDTH="39" HEIGHT="0" />
            <String ID="Word_31043" HPOS="679" VPOS="2001" WIDTH="186" HEIGHT="56" CONTENT="speaker" />
            <SP ID="SP_27916" HPOS="865" VPOS="2001" WIDTH="37" HEIGHT="0" />
            <String ID="Word_31044" HPOS="902" VPOS="2002" WIDTH="160" HEIGHT="43" CONTENT="should" />
            <SP ID="SP_27917" HPOS="1062" VPOS="2002" WIDTH="39" HEIGHT="0" />
            <String ID="Word_31045" HPOS="1101" VPOS="2003" WIDTH="92" HEIGHT="42" CONTENT="find" />
            <SP ID="SP_27918" HPOS="1193" VPOS="2003" WIDTH="39" HEIGHT="0" />
            <String ID="Word_31046" HPOS="1232" VPOS="2003" WIDTH="119" HEIGHT="43" CONTENT="what" />
            <SP ID="SP_27919" HPOS="1351" VPOS="2003" WIDTH="37" HEIGHT="0" />
            <String ID="Word_31047" HPOS="1388" VPOS="2004" WIDTH="37" HEIGHT="43" CONTENT="is" />
            <SP ID="SP_27920" HPOS="1425" VPOS="2004" WIDTH="39" HEIGHT="0" />
            <String ID="Word_31048" HPOS="1464" VPOS="2005" WIDTH="75" HEIGHT="43" CONTENT="the" />
            <SP ID="SP_27921" HPOS="1539" VPOS="2005" WIDTH="40" HEIGHT="0" />
            <String ID="Word_31049" HPOS="1579" VPOS="2011" WIDTH="114" HEIGHT="37" CONTENT="most" />
          </TextLine>
          <TextLine ID="TextLine_3131" HPOS="31" VPOS="2073" WIDTH="1660" HEIGHT="58">
            <String ID="Word_31050" HPOS="31" VPOS="2073" WIDTH="174" HEIGHT="43" CONTENT="natural" />
            <SP ID="SP_27922" HPOS="205" VPOS="2073" WIDTH="33" HEIGHT="0" />
            <String ID="Word_31051" HPOS="238" VPOS="2073" WIDTH="87" HEIGHT="42" CONTENT="and" />
            <SP ID="SP_27923" HPOS="325" VPOS="2073" WIDTH="31" HEIGHT="0" />
            <String ID="Word_31052" HPOS="356" VPOS="2087" WIDTH="103" HEIGHT="42" CONTENT="easy" />
            <SP ID="SP_27924" HPOS="459" VPOS="2073" WIDTH="23" HEIGHT="0" />
            <String ID="Word_31053" HPOS="482" VPOS="2073" WIDTH="124" HEIGHT="56" CONTENT="pitch" />
            <SP ID="SP_27925" HPOS="606" VPOS="2073" WIDTH="26" HEIGHT="0" />
            <String ID="Word_31054" HPOS="632" VPOS="2074" WIDTH="68" HEIGHT="42" CONTENT="for" />
            <SP ID="SP_27926" HPOS="700" VPOS="2073" WIDTH="28" HEIGHT="0" />
            <String ID="Word_31055" HPOS="728" VPOS="2073" WIDTH="69" HEIGHT="43" CONTENT="his" />
            <SP ID="SP_27927" HPOS="797" VPOS="2073" WIDTH="33" HEIGHT="0" />
            <String ID="Word_31056" HPOS="830" VPOS="2074" WIDTH="214" HEIGHT="57" CONTENT="speaking" />
            <SP ID="SP_27928" HPOS="1044" VPOS="2074" WIDTH="22" HEIGHT="0" />
            <String ID="Word_31057" HPOS="1066" VPOS="2075" WIDTH="134" HEIGHT="43" CONTENT="voice," />
            <SP ID="SP_27929" HPOS="1200" VPOS="2075" WIDTH="23" HEIGHT="0" />
            <String ID="Word_31058" HPOS="1223" VPOS="2076" WIDTH="87" HEIGHT="42" CONTENT="and" />
            <SP ID="SP_27930" HPOS="1310" VPOS="2076" WIDTH="23" HEIGHT="0" />
            <String ID="Word_31059" HPOS="1333" VPOS="2076" WIDTH="98" HEIGHT="43" CONTENT="that" />
            <SP ID="SP_27931" HPOS="1431" VPOS="2076" WIDTH="22" HEIGHT="0" />
            <String ID="Word_31060" HPOS="1453" VPOS="2077" WIDTH="55" HEIGHT="42" CONTENT="he" />
            <SP ID="SP_27932" HPOS="1508" VPOS="2077" WIDTH="23" HEIGHT="0" />
            <String ID="Word_31061" HPOS="1531" VPOS="2078" WIDTH="160" HEIGHT="43" CONTENT="should" />
          </TextLine>
          <TextLine ID="TextLine_3132" HPOS="31" VPOS="2145" WIDTH="1659" HEIGHT="61">
            <String ID="Word_31062" HPOS="31" VPOS="2160" WIDTH="77" HEIGHT="28" CONTENT="use" />
            <SP ID="SP_27933" HPOS="108" VPOS="2145" WIDTH="24" HEIGHT="0" />
            <String ID="Word_31063" HPOS="132" VPOS="2145" WIDTH="87" HEIGHT="42" CONTENT="this" />
            <SP ID="SP_27934" HPOS="219" VPOS="2145" WIDTH="24" HEIGHT="0" />
            <String ID="Word_31064" HPOS="243" VPOS="2145" WIDTH="122" HEIGHT="55" CONTENT="pitch" />
            <SP ID="SP_27935" HPOS="365" VPOS="2145" WIDTH="22" HEIGHT="0" />
            <String ID="Word_31065" HPOS="387" VPOS="2145" WIDTH="46" HEIGHT="42" CONTENT="in" />
            <SP ID="SP_27936" HPOS="433" VPOS="2145" WIDTH="23" HEIGHT="0" />
            <String ID="Word_31066" HPOS="456" VPOS="2145" WIDTH="68" HEIGHT="43" CONTENT="his" />
            <SP ID="SP_27937" HPOS="524" VPOS="2145" WIDTH="24" HEIGHT="0" />
            <String ID="Word_31067" HPOS="548" VPOS="2145" WIDTH="151" HEIGHT="55" CONTENT="public" />
            <SP ID="SP_27938" HPOS="699" VPOS="2145" WIDTH="22" HEIGHT="0" />
            <String ID="Word_31068" HPOS="721" VPOS="2146" WIDTH="222" HEIGHT="56" CONTENT="speaking." />
            <SP ID="SP_27939" HPOS="943" VPOS="2146" WIDTH="65" HEIGHT="0" />
            <String ID="Word_31069" HPOS="1008" VPOS="2146" WIDTH="252" HEIGHT="57" CONTENT="Macready," />
            <SP ID="SP_27940" HPOS="1260" VPOS="2146" WIDTH="24" HEIGHT="0" />
            <String ID="Word_31070" HPOS="1284" VPOS="2147" WIDTH="102" HEIGHT="53" CONTENT="also," />
            <SP ID="SP_27941" HPOS="1386" VPOS="2147" WIDTH="18" HEIGHT="0" />
            <String ID="Word_31071" HPOS="1404" VPOS="2149" WIDTH="76" HEIGHT="43" CONTENT="the" />
            <SP ID="SP_27942" HPOS="1480" VPOS="2149" WIDTH="22" HEIGHT="0" />
            <String ID="Word_31072" HPOS="1502" VPOS="2149" WIDTH="188" HEIGHT="43" CONTENT="English" />
          </TextLine>
          <TextLine ID="TextLine_3133" HPOS="32" VPOS="2216" WIDTH="1658" HEIGHT="62">
            <String ID="Word_31073" HPOS="32" VPOS="2217" WIDTH="236" HEIGHT="55" CONTENT="tragedian," />
            <SP ID="SP_27943" HPOS="268" VPOS="2217" WIDTH="34" HEIGHT="0" />
            <String ID="Word_31074" HPOS="302" VPOS="2217" WIDTH="77" HEIGHT="42" CONTENT="has" />
            <SP ID="SP_27944" HPOS="379" VPOS="2216" WIDTH="33" HEIGHT="0" />
            <String ID="Word_31075" HPOS="412" VPOS="2216" WIDTH="82" HEIGHT="43" CONTENT="left" />
            <SP ID="SP_27945" HPOS="494" VPOS="2216" WIDTH="32" HEIGHT="0" />
            <String ID="Word_31076" HPOS="526" VPOS="2231" WIDTH="52" HEIGHT="29" CONTENT="us" />
            <SP ID="SP_27946" HPOS="578" VPOS="2217" WIDTH="34" HEIGHT="0" />
            <String ID="Word_31077" HPOS="612" VPOS="2217" WIDTH="69" HEIGHT="42" CONTENT="his" />
            <SP ID="SP_27947" HPOS="681" VPOS="2217" WIDTH="33" HEIGHT="0" />
            <String ID="Word_31078" HPOS="714" VPOS="2218" WIDTH="180" HEIGHT="55" CONTENT="opinion" />
            <SP ID="SP_27948" HPOS="894" VPOS="2218" WIDTH="34" HEIGHT="0" />
            <String ID="Word_31079" HPOS="928" VPOS="2232" WIDTH="120" HEIGHT="42" CONTENT="upon" />
            <SP ID="SP_27949" HPOS="1048" VPOS="2218" WIDTH="33" HEIGHT="0" />
            <String ID="Word_31080" HPOS="1081" VPOS="2218" WIDTH="89" HEIGHT="44" CONTENT="this" />
            <SP ID="SP_27950" HPOS="1170" VPOS="2218" WIDTH="33" HEIGHT="0" />
            <String ID="Word_31081" HPOS="1203" VPOS="2219" WIDTH="199" HEIGHT="56" CONTENT="subject.1" />
            <SP ID="SP_27951" HPOS="1402" VPOS="2219" WIDTH="64" HEIGHT="0" />
            <String ID="Word_31082" HPOS="1466" VPOS="2221" WIDTH="72" HEIGHT="43" CONTENT="He" />
            <SP ID="SP_27952" HPOS="1538" VPOS="2221" WIDTH="39" HEIGHT="0" />
            <String ID="Word_31083" HPOS="1577" VPOS="2236" WIDTH="113" HEIGHT="38" CONTENT="says," />
          </TextLine>
          <TextLine ID="TextLine_3134" HPOS="32" VPOS="2289" WIDTH="1658" HEIGHT="62">
            <String ID="Word_31084" HPOS="32" VPOS="2295" WIDTH="19" HEIGHT="16" CONTENT="&quot;" />
            <SP ID="SP_27953" HPOS="51" VPOS="2289" WIDTH="17" HEIGHT="0" />
            <String ID="Word_31085" HPOS="68" VPOS="2289" WIDTH="194" HEIGHT="43" CONTENT="Ptelaxed" />
            <SP ID="SP_27954" HPOS="262" VPOS="2289" WIDTH="37" HEIGHT="0" />
            <String ID="Word_31086" HPOS="299" VPOS="2289" WIDTH="147" HEIGHT="42" CONTENT="throat" />
            <SP ID="SP_27955" HPOS="446" VPOS="2289" WIDTH="37" HEIGHT="0" />
            <String ID="Word_31087" HPOS="483" VPOS="2289" WIDTH="37" HEIGHT="42" CONTENT="is" />
            <SP ID="SP_27956" HPOS="520" VPOS="2289" WIDTH="38" HEIGHT="0" />
            <String ID="Word_31088" HPOS="558" VPOS="2289" WIDTH="178" HEIGHT="56" CONTENT="usually" />
            <SP ID="SP_27957" HPOS="736" VPOS="2289" WIDTH="33" HEIGHT="0" />
            <String ID="Word_31089" HPOS="769" VPOS="2290" WIDTH="171" HEIGHT="43" CONTENT="caused," />
            <SP ID="SP_27958" HPOS="940" VPOS="2290" WIDTH="38" HEIGHT="0" />
            <String ID="Word_31090" HPOS="978" VPOS="2296" WIDTH="78" HEIGHT="37" CONTENT="not" />
            <SP ID="SP_27959" HPOS="1056" VPOS="2296" WIDTH="38" HEIGHT="0" />
            <String ID="Word_31091" HPOS="1094" VPOS="2305" WIDTH="46" HEIGHT="28" CONTENT="so" />
            <SP ID="SP_27960" HPOS="1140" VPOS="2292" WIDTH="38" HEIGHT="0" />
            <String ID="Word_31092" HPOS="1178" VPOS="2292" WIDTH="134" HEIGHT="42" CONTENT="much" />
            <SP ID="SP_27961" HPOS="1312" VPOS="2292" WIDTH="38" HEIGHT="0" />
            <String ID="Word_31093" HPOS="1350" VPOS="2293" WIDTH="59" HEIGHT="56" CONTENT="by" />
            <SP ID="SP_27962" HPOS="1409" VPOS="2293" WIDTH="38" HEIGHT="0" />
            <String ID="Word_31094" HPOS="1447" VPOS="2294" WIDTH="129" HEIGHT="57" CONTENT="using" />
            <SP ID="SP_27963" HPOS="1576" VPOS="2294" WIDTH="37" HEIGHT="0" />
            <String ID="Word_31095" HPOS="1613" VPOS="2295" WIDTH="77" HEIGHT="43" CONTENT="the" />
          </TextLine>
          <TextLine ID="TextLine_3135" HPOS="31" VPOS="2361" WIDTH="1659" HEIGHT="63">
            <String ID="Word_31096" HPOS="31" VPOS="2376" WIDTH="146" HEIGHT="41" CONTENT="organ," />
            <SP ID="SP_27964" HPOS="177" VPOS="2375" WIDTH="22" HEIGHT="0" />
            <String ID="Word_31097" HPOS="199" VPOS="2375" WIDTH="47" HEIGHT="29" CONTENT="as" />
            <SP ID="SP_27965" HPOS="246" VPOS="2361" WIDTH="22" HEIGHT="0" />
            <String ID="Word_31098" HPOS="268" VPOS="2361" WIDTH="60" HEIGHT="57" CONTENT="by" />
            <SP ID="SP_27966" HPOS="328" VPOS="2361" WIDTH="22" HEIGHT="0" />
            <String ID="Word_31099" HPOS="350" VPOS="2361" WIDTH="74" HEIGHT="43" CONTENT="the" />
            <SP ID="SP_27967" HPOS="424" VPOS="2361" WIDTH="23" HEIGHT="0" />
            <String ID="Word_31100" HPOS="447" VPOS="2361" WIDTH="111" HEIGHT="43" CONTENT="kind" />
            <SP ID="SP_27968" HPOS="558" VPOS="2361" WIDTH="24" HEIGHT="0" />
            <String ID="Word_31101" HPOS="582" VPOS="2362" WIDTH="47" HEIGHT="42" CONTENT="of" />
            <SP ID="SP_27969" HPOS="629" VPOS="2362" WIDTH="19" HEIGHT="0" />
            <String ID="Word_31102" HPOS="648" VPOS="2362" WIDTH="366" HEIGHT="52" CONTENT="exercise,—that" />
            <SP ID="SP_27970" HPOS="1014" VPOS="2363" WIDTH="21" HEIGHT="0" />
            <String ID="Word_31103" HPOS="1035" VPOS="2363" WIDTH="51" HEIGHT="52" CONTENT="is," />
            <SP ID="SP_27971" HPOS="1086" VPOS="2363" WIDTH="22" HEIGHT="0" />
            <String ID="Word_31104" HPOS="1108" VPOS="2370" WIDTH="79" HEIGHT="37" CONTENT="not" />
            <SP ID="SP_27972" HPOS="1187" VPOS="2370" WIDTH="22" HEIGHT="0" />
            <String ID="Word_31105" HPOS="1209" VPOS="2378" WIDTH="47" HEIGHT="29" CONTENT="so" />
            <SP ID="SP_27973" HPOS="1256" VPOS="2366" WIDTH="22" HEIGHT="0" />
            <String ID="Word_31106" HPOS="1278" VPOS="2366" WIDTH="134" HEIGHT="42" CONTENT="much" />
            <SP ID="SP_27974" HPOS="1412" VPOS="2366" WIDTH="24" HEIGHT="0" />
            <String ID="Word_31107" HPOS="1436" VPOS="2366" WIDTH="57" HEIGHT="57" CONTENT="by" />
            <SP ID="SP_27975" HPOS="1493" VPOS="2366" WIDTH="23" HEIGHT="0" />
            <String ID="Word_31108" HPOS="1516" VPOS="2367" WIDTH="104" HEIGHT="57" CONTENT="long" />
            <SP ID="SP_27976" HPOS="1620" VPOS="2367" WIDTH="22" HEIGHT="0" />
            <String ID="Word_31109" HPOS="1642" VPOS="2383" WIDTH="48" HEIGHT="28" CONTENT="or" />
          </TextLine>
          <TextLine ID="TextLine_3136" HPOS="27" VPOS="2434" WIDTH="1661" HEIGHT="58">
            <String ID="Word_31110" HPOS="27" VPOS="2434" WIDTH="107" HEIGHT="43" CONTENT="loud" />
            <SP ID="SP_27977" HPOS="134" VPOS="2434" WIDTH="32" HEIGHT="0" />
            <String ID="Word_31111" HPOS="166" VPOS="2434" WIDTH="224" HEIGHT="56" CONTENT="speaking," />
            <SP ID="SP_27978" HPOS="390" VPOS="2434" WIDTH="22" HEIGHT="0" />
            <String ID="Word_31112" HPOS="412" VPOS="2449" WIDTH="47" HEIGHT="28" CONTENT="as" />
            <SP ID="SP_27979" HPOS="459" VPOS="2434" WIDTH="33" HEIGHT="0" />
            <String ID="Word_31113" HPOS="492" VPOS="2434" WIDTH="59" HEIGHT="56" CONTENT="by" />
            <SP ID="SP_27980" HPOS="551" VPOS="2434" WIDTH="23" HEIGHT="0" />
            <String ID="Word_31114" HPOS="574" VPOS="2434" WIDTH="215" HEIGHT="57" CONTENT="speaking" />
            <SP ID="SP_27981" HPOS="789" VPOS="2434" WIDTH="32" HEIGHT="0" />
            <String ID="Word_31115" HPOS="821" VPOS="2434" WIDTH="47" HEIGHT="44" CONTENT="in" />
            <SP ID="SP_27982" HPOS="868" VPOS="2434" WIDTH="33" HEIGHT="0" />
            <String ID="Word_31116" HPOS="901" VPOS="2450" WIDTH="25" HEIGHT="28" CONTENT="a" />
            <SP ID="SP_27983" HPOS="926" VPOS="2436" WIDTH="23" HEIGHT="0" />
            <String ID="Word_31117" HPOS="949" VPOS="2436" WIDTH="176" HEIGHT="56" CONTENT="feigned" />
            <SP ID="SP_27984" HPOS="1125" VPOS="2436" WIDTH="24" HEIGHT="0" />
            <String ID="Word_31118" HPOS="1149" VPOS="2438" WIDTH="133" HEIGHT="43" CONTENT="voice." />
            <SP ID="SP_27985" HPOS="1282" VPOS="2438" WIDTH="66" HEIGHT="0" />
            <String ID="Word_31119" HPOS="1348" VPOS="2438" WIDTH="23" HEIGHT="43" CONTENT="I" />
            <SP ID="SP_27986" HPOS="1371" VPOS="2438" WIDTH="24" HEIGHT="0" />
            <String ID="Word_31120" HPOS="1395" VPOS="2454" WIDTH="70" HEIGHT="28" CONTENT="am" />
            <SP ID="SP_27987" HPOS="1465" VPOS="2444" WIDTH="23" HEIGHT="0" />
            <String ID="Word_31121" HPOS="1488" VPOS="2444" WIDTH="78" HEIGHT="39" CONTENT="not" />
            <SP ID="SP_27988" HPOS="1566" VPOS="2444" WIDTH="22" HEIGHT="0" />
            <String ID="Word_31122" HPOS="1588" VPOS="2454" WIDTH="100" HEIGHT="30" CONTENT="sure" />
          </TextLine>
          <TextLine ID="TextLine_3137" HPOS="30" VPOS="2506" WIDTH="1657" HEIGHT="55">
            <String ID="Word_31123" HPOS="30" VPOS="2506" WIDTH="96" HEIGHT="43" CONTENT="that" />
            <SP ID="SP_27989" HPOS="126" VPOS="2506" WIDTH="23" HEIGHT="0" />
            <String ID="Word_31124" HPOS="149" VPOS="2507" WIDTH="22" HEIGHT="41" CONTENT="I" />
            <SP ID="SP_27990" HPOS="171" VPOS="2506" WIDTH="23" HEIGHT="0" />
            <String ID="Word_31125" HPOS="194" VPOS="2506" WIDTH="111" HEIGHT="43" CONTENT="shall" />
            <SP ID="SP_27991" HPOS="305" VPOS="2506" WIDTH="36" HEIGHT="0" />
            <String ID="Word_31126" HPOS="341" VPOS="2507" WIDTH="51" HEIGHT="42" CONTENT="be" />
            <SP ID="SP_27992" HPOS="392" VPOS="2507" WIDTH="32" HEIGHT="0" />
            <String ID="Word_31127" HPOS="424" VPOS="2511" WIDTH="271" HEIGHT="38" CONTENT="understood" />
            <SP ID="SP_27993" HPOS="695" VPOS="2506" WIDTH="32" HEIGHT="0" />
            <String ID="Word_31128" HPOS="727" VPOS="2506" WIDTH="44" HEIGHT="44" CONTENT="in" />
            <SP ID="SP_27994" HPOS="771" VPOS="2506" WIDTH="34" HEIGHT="0" />
            <String ID="Word_31129" HPOS="805" VPOS="2508" WIDTH="89" HEIGHT="42" CONTENT="this" />
            <SP ID="SP_27995" HPOS="894" VPOS="2508" WIDTH="24" HEIGHT="0" />
            <String ID="Word_31130" HPOS="918" VPOS="2514" WIDTH="252" HEIGHT="47" CONTENT="statement," />
            <SP ID="SP_27996" HPOS="1170" VPOS="2510" WIDTH="23" HEIGHT="0" />
            <String ID="Word_31131" HPOS="1193" VPOS="2510" WIDTH="82" HEIGHT="43" CONTENT="but" />
            <SP ID="SP_27997" HPOS="1275" VPOS="2510" WIDTH="23" HEIGHT="0" />
            <String ID="Word_31132" HPOS="1298" VPOS="2511" WIDTH="122" HEIGHT="44" CONTENT="there" />
            <SP ID="SP_27998" HPOS="1420" VPOS="2511" WIDTH="24" HEIGHT="0" />
            <String ID="Word_31133" HPOS="1444" VPOS="2512" WIDTH="36" HEIGHT="44" CONTENT="is" />
            <SP ID="SP_27999" HPOS="1480" VPOS="2512" WIDTH="23" HEIGHT="0" />
            <String ID="Word_31134" HPOS="1503" VPOS="2518" WIDTH="79" HEIGHT="38" CONTENT="not" />
            <SP ID="SP_28000" HPOS="1582" VPOS="2518" WIDTH="23" HEIGHT="0" />
            <String ID="Word_31135" HPOS="1605" VPOS="2528" WIDTH="82" HEIGHT="29" CONTENT="one" />
          </TextLine>
          <TextLine ID="TextLine_3138" HPOS="25" VPOS="2579" WIDTH="1663" HEIGHT="63">
            <String ID="Word_31136" HPOS="25" VPOS="2594" WIDTH="159" HEIGHT="41" CONTENT="person" />
            <SP ID="SP_28001" HPOS="184" VPOS="2579" WIDTH="22" HEIGHT="0" />
            <String ID="Word_31137" HPOS="206" VPOS="2579" WIDTH="59" HEIGHT="51" CONTENT="in," />
            <SP ID="SP_28002" HPOS="265" VPOS="2579" WIDTH="24" HEIGHT="0" />
            <String ID="Word_31138" HPOS="289" VPOS="2579" WIDTH="23" HEIGHT="42" CONTENT="I" />
            <SP ID="SP_28003" HPOS="312" VPOS="2579" WIDTH="32" HEIGHT="0" />
            <String ID="Word_31139" HPOS="344" VPOS="2593" WIDTH="102" HEIGHT="42" CONTENT="may" />
            <SP ID="SP_28004" HPOS="446" VPOS="2593" WIDTH="22" HEIGHT="0" />
            <String ID="Word_31140" HPOS="468" VPOS="2593" WIDTH="90" HEIGHT="43" CONTENT="say," />
            <SP ID="SP_28005" HPOS="558" VPOS="2584" WIDTH="22" HEIGHT="0" />
            <String ID="Word_31141" HPOS="580" VPOS="2584" WIDTH="75" HEIGHT="39" CONTENT="ten" />
            <SP ID="SP_28006" HPOS="655" VPOS="2579" WIDTH="33" HEIGHT="0" />
            <String ID="Word_31142" HPOS="688" VPOS="2579" WIDTH="234" HEIGHT="53" CONTENT="thousand," />
            <SP ID="SP_28007" HPOS="922" VPOS="2579" WIDTH="24" HEIGHT="0" />
            <String ID="Word_31143" HPOS="946" VPOS="2581" WIDTH="110" HEIGHT="43" CONTENT="who," />
            <SP ID="SP_28008" HPOS="1056" VPOS="2581" WIDTH="22" HEIGHT="0" />
            <String ID="Word_31144" HPOS="1078" VPOS="2582" WIDTH="47" HEIGHT="42" CONTENT="in" />
            <SP ID="SP_28009" HPOS="1125" VPOS="2582" WIDTH="34" HEIGHT="0" />
            <String ID="Word_31145" HPOS="1159" VPOS="2583" WIDTH="259" HEIGHT="59" CONTENT="addressing" />
            <SP ID="SP_28010" HPOS="1418" VPOS="2583" WIDTH="31" HEIGHT="0" />
            <String ID="Word_31146" HPOS="1449" VPOS="2600" WIDTH="26" HEIGHT="28" CONTENT="a" />
            <SP ID="SP_28011" HPOS="1475" VPOS="2586" WIDTH="28" HEIGHT="0" />
            <String ID="Word_31147" HPOS="1503" VPOS="2586" WIDTH="117" HEIGHT="43" CONTENT="body" />
            <SP ID="SP_28012" HPOS="1620" VPOS="2586" WIDTH="23" HEIGHT="0" />
            <String ID="Word_31148" HPOS="1643" VPOS="2588" WIDTH="45" HEIGHT="41" CONTENT="of" />
          </TextLine>
          <TextLine ID="TextLine_3139" HPOS="26" VPOS="2650" WIDTH="1662" HEIGHT="64">
            <String ID="Word_31149" HPOS="26" VPOS="2650" WIDTH="167" HEIGHT="57" CONTENT="people," />
            <SP ID="SP_28013" HPOS="193" VPOS="2650" WIDTH="23" HEIGHT="0" />
            <String ID="Word_31150" HPOS="216" VPOS="2651" WIDTH="102" HEIGHT="42" CONTENT="does" />
            <SP ID="SP_28014" HPOS="318" VPOS="2651" WIDTH="32" HEIGHT="0" />
            <String ID="Word_31151" HPOS="350" VPOS="2665" WIDTH="46" HEIGHT="28" CONTENT="so" />
            <SP ID="SP_28015" HPOS="396" VPOS="2651" WIDTH="34" HEIGHT="0" />
            <String ID="Word_31152" HPOS="430" VPOS="2651" WIDTH="45" HEIGHT="42" CONTENT="in" />
            <SP ID="SP_28016" HPOS="475" VPOS="2651" WIDTH="34" HEIGHT="0" />
            <String ID="Word_31153" HPOS="509" VPOS="2651" WIDTH="68" HEIGHT="43" CONTENT="his" />
            <SP ID="SP_28017" HPOS="577" VPOS="2651" WIDTH="33" HEIGHT="0" />
            <String ID="Word_31154" HPOS="610" VPOS="2652" WIDTH="175" HEIGHT="42" CONTENT="natural" />
            <SP ID="SP_28018" HPOS="785" VPOS="2652" WIDTH="31" HEIGHT="0" />
            <String ID="Word_31155" HPOS="816" VPOS="2653" WIDTH="149" HEIGHT="54" CONTENT="voice;" />
            <SP ID="SP_28019" HPOS="965" VPOS="2653" WIDTH="32" HEIGHT="0" />
            <String ID="Word_31156" HPOS="997" VPOS="2654" WIDTH="87" HEIGHT="43" CONTENT="and" />
            <SP ID="SP_28020" HPOS="1084" VPOS="2654" WIDTH="33" HEIGHT="0" />
            <String ID="Word_31157" HPOS="1117" VPOS="2654" WIDTH="89" HEIGHT="44" CONTENT="this" />
            <SP ID="SP_28021" HPOS="1206" VPOS="2654" WIDTH="33" HEIGHT="0" />
            <String ID="Word_31158" HPOS="1239" VPOS="2656" WIDTH="126" HEIGHT="43" CONTENT="habit" />
            <SP ID="SP_28022" HPOS="1365" VPOS="2656" WIDTH="22" HEIGHT="0" />
            <String ID="Word_31159" HPOS="1387" VPOS="2657" WIDTH="37" HEIGHT="44" CONTENT="is" />
            <SP ID="SP_28023" HPOS="1424" VPOS="2657" WIDTH="23" HEIGHT="0" />
            <String ID="Word_31160" HPOS="1447" VPOS="2659" WIDTH="241" HEIGHT="55" CONTENT="especially" />
          </TextLine>
          <TextLine ID="TextLine_3140" HPOS="24" VPOS="2723" WIDTH="1663" HEIGHT="57">
            <String ID="Word_31161" HPOS="24" VPOS="2723" WIDTH="256" HEIGHT="42" CONTENT="observable" />
            <SP ID="SP_28024" HPOS="280" VPOS="2723" WIDTH="32" HEIGHT="0" />
            <String ID="Word_31162" HPOS="312" VPOS="2723" WIDTH="46" HEIGHT="42" CONTENT="in" />
            <SP ID="SP_28025" HPOS="358" VPOS="2723" WIDTH="34" HEIGHT="0" />
            <String ID="Word_31163" HPOS="392" VPOS="2723" WIDTH="74" HEIGHT="43" CONTENT="the" />
            <SP ID="SP_28026" HPOS="466" VPOS="2723" WIDTH="32" HEIGHT="0" />
            <String ID="Word_31164" HPOS="498" VPOS="2724" WIDTH="157" HEIGHT="56" CONTENT="pulpit." />
            <SP ID="SP_28027" HPOS="655" VPOS="2724" WIDTH="22" HEIGHT="0" />
            <String ID="Word_31165" HPOS="721" VPOS="2725" WIDTH="22" HEIGHT="44" CONTENT="I" />
            <SP ID="SP_28028" HPOS="743" VPOS="2725" WIDTH="34" HEIGHT="0" />
            <String ID="Word_31166" HPOS="777" VPOS="2725" WIDTH="170" HEIGHT="44" CONTENT="believe" />
            <SP ID="SP_28029" HPOS="947" VPOS="2725" WIDTH="33" HEIGHT="0" />
            <String ID="Word_31167" HPOS="980" VPOS="2726" WIDTH="98" HEIGHT="43" CONTENT="that" />
            <SP ID="SP_28030" HPOS="1078" VPOS="2726" WIDTH="29" HEIGHT="0" />
            <String ID="Word_31168" HPOS="1107" VPOS="2727" WIDTH="246" HEIGHT="45" CONTENT="relaxation" />
            <SP ID="SP_28031" HPOS="1353" VPOS="2727" WIDTH="23" HEIGHT="0" />
            <String ID="Word_31169" HPOS="1376" VPOS="2731" WIDTH="47" HEIGHT="42" CONTENT="of" />
            <SP ID="SP_28032" HPOS="1423" VPOS="2731" WIDTH="19" HEIGHT="0" />
            <String ID="Word_31170" HPOS="1442" VPOS="2731" WIDTH="75" HEIGHT="43" CONTENT="the" />
            <SP ID="SP_28033" HPOS="1517" VPOS="2731" WIDTH="22" HEIGHT="0" />
            <String ID="Word_31171" HPOS="1539" VPOS="2731" WIDTH="148" HEIGHT="43" CONTENT="throat" />
          </TextLine>
          <TextLine ID="TextLine_3141" HPOS="99" VPOS="2795" WIDTH="1587" HEIGHT="60">
            <String ID="Word_31172" HPOS="99" VPOS="2802" WIDTH="85" HEIGHT="36" CONTENT="ults" />
            <SP ID="SP_28034" HPOS="184" VPOS="2795" WIDTH="24" HEIGHT="0" />
            <String ID="Word_31173" HPOS="208" VPOS="2795" WIDTH="109" HEIGHT="43" CONTENT="from" />
            <SP ID="SP_28035" HPOS="317" VPOS="2795" WIDTH="23" HEIGHT="0" />
            <String ID="Word_31174" HPOS="340" VPOS="2795" WIDTH="171" HEIGHT="44" CONTENT="violent" />
            <SP ID="SP_28036" HPOS="511" VPOS="2795" WIDTH="32" HEIGHT="0" />
            <String ID="Word_31175" HPOS="543" VPOS="2796" WIDTH="148" HEIGHT="44" CONTENT="efforts" />
            <SP ID="SP_28037" HPOS="691" VPOS="2796" WIDTH="23" HEIGHT="0" />
            <String ID="Word_31176" HPOS="714" VPOS="2797" WIDTH="46" HEIGHT="43" CONTENT="in" />
            <SP ID="SP_28038" HPOS="760" VPOS="2797" WIDTH="32" HEIGHT="0" />
            <String ID="Word_31177" HPOS="792" VPOS="2798" WIDTH="122" HEIGHT="43" CONTENT="these" />
            <SP ID="SP_28039" HPOS="914" VPOS="2798" WIDTH="24" HEIGHT="0" />
            <String ID="Word_31178" HPOS="938" VPOS="2799" WIDTH="184" HEIGHT="44" CONTENT="affected" />
            <SP ID="SP_28040" HPOS="1122" VPOS="2799" WIDTH="24" HEIGHT="0" />
            <String ID="Word_31179" HPOS="1146" VPOS="2805" WIDTH="137" HEIGHT="50" CONTENT="tones," />
            <SP ID="SP_28041" HPOS="1283" VPOS="2803" WIDTH="23" HEIGHT="0" />
            <String ID="Word_31180" HPOS="1306" VPOS="2803" WIDTH="87" HEIGHT="42" CONTENT="and" />
            <SP ID="SP_28042" HPOS="1393" VPOS="2803" WIDTH="23" HEIGHT="0" />
            <String ID="Word_31181" HPOS="1416" VPOS="2803" WIDTH="98" HEIGHT="43" CONTENT="that" />
            <SP ID="SP_28043" HPOS="1514" VPOS="2803" WIDTH="23" HEIGHT="0" />
            <String ID="Word_31182" HPOS="1537" VPOS="2818" WIDTH="149" HEIGHT="29" CONTENT="severe" />
          </TextLine>
          <TextLine ID="TextLine_3142" HPOS="26" VPOS="2867" WIDTH="1664" HEIGHT="62">
            <String ID="Word_31183" HPOS="26" VPOS="2869" WIDTH="214" HEIGHT="41" CONTENT="irritation" />
            <SP ID="SP_28044" HPOS="240" VPOS="2867" WIDTH="25" HEIGHT="0" />
            <String ID="Word_31184" HPOS="265" VPOS="2867" WIDTH="84" HEIGHT="43" CONTENT="and" />
            <SP ID="SP_28045" HPOS="349" VPOS="2867" WIDTH="34" HEIGHT="0" />
            <String ID="Word_31185" HPOS="383" VPOS="2868" WIDTH="120" HEIGHT="43" CONTENT="often" />
            <SP ID="SP_28046" HPOS="503" VPOS="2868" WIDTH="34" HEIGHT="0" />
            <String ID="Word_31186" HPOS="537" VPOS="2868" WIDTH="244" HEIGHT="44" CONTENT="ulceration" />
            <SP ID="SP_28047" HPOS="781" VPOS="2868" WIDTH="23" HEIGHT="0" />
            <String ID="Word_31187" HPOS="804" VPOS="2870" WIDTH="37" HEIGHT="43" CONTENT="is" />
            <SP ID="SP_28048" HPOS="841" VPOS="2870" WIDTH="24" HEIGHT="0" />
            <String ID="Word_31188" HPOS="865" VPOS="2870" WIDTH="74" HEIGHT="44" CONTENT="the" />
            <SP ID="SP_28049" HPOS="939" VPOS="2870" WIDTH="24" HEIGHT="0" />
            <String ID="Word_31189" HPOS="963" VPOS="2885" WIDTH="310" HEIGHT="44" CONTENT="consequence." />
            <SP ID="SP_28050" HPOS="1273" VPOS="2875" WIDTH="65" HEIGHT="0" />
            <String ID="Word_31190" HPOS="1338" VPOS="2875" WIDTH="92" HEIGHT="43" CONTENT="The" />
            <SP ID="SP_28051" HPOS="1430" VPOS="2875" WIDTH="35" HEIGHT="0" />
            <String ID="Word_31191" HPOS="1465" VPOS="2875" WIDTH="156" HEIGHT="43" CONTENT="labour" />
            <SP ID="SP_28052" HPOS="1621" VPOS="2875" WIDTH="22" HEIGHT="0" />
            <String ID="Word_31192" HPOS="1643" VPOS="2877" WIDTH="47" HEIGHT="41" CONTENT="of" />
          </TextLine>
          <TextLine ID="TextLine_3143" HPOS="24" VPOS="2940" WIDTH="1661" HEIGHT="62">
            <String ID="Word_31193" HPOS="24" VPOS="2955" WIDTH="26" HEIGHT="27" CONTENT="a" />
            <SP ID="SP_28053" HPOS="50" VPOS="2940" WIDTH="32" HEIGHT="0" />
            <String ID="Word_31194" HPOS="82" VPOS="2940" WIDTH="141" HEIGHT="43" CONTENT="whole" />
            <SP ID="SP_28054" HPOS="223" VPOS="2940" WIDTH="31" HEIGHT="0" />
            <String ID="Word_31195" HPOS="254" VPOS="2940" WIDTH="120" HEIGHT="55" CONTENT="day's" />
            <SP ID="SP_28055" HPOS="374" VPOS="2940" WIDTH="32" HEIGHT="0" />
            <String ID="Word_31196" HPOS="406" VPOS="2940" WIDTH="112" HEIGHT="57" CONTENT="duty" />
            <SP ID="SP_28056" HPOS="518" VPOS="2940" WIDTH="32" HEIGHT="0" />
            <String ID="Word_31197" HPOS="550" VPOS="2940" WIDTH="45" HEIGHT="44" CONTENT="in" />
            <SP ID="SP_28057" HPOS="595" VPOS="2940" WIDTH="35" HEIGHT="0" />
            <String ID="Word_31198" HPOS="630" VPOS="2955" WIDTH="25" HEIGHT="29" CONTENT="a" />
            <SP ID="SP_28058" HPOS="655" VPOS="2941" WIDTH="31" HEIGHT="0" />
            <String ID="Word_31199" HPOS="686" VPOS="2941" WIDTH="165" HEIGHT="44" CONTENT="church" />
            <SP ID="SP_28059" HPOS="851" VPOS="2941" WIDTH="32" HEIGHT="0" />
            <String ID="Word_31200" HPOS="883" VPOS="2943" WIDTH="38" HEIGHT="42" CONTENT="is" />
            <SP ID="SP_28060" HPOS="921" VPOS="2943" WIDTH="33" HEIGHT="0" />
            <String ID="Word_31201" HPOS="954" VPOS="2944" WIDTH="199" HEIGHT="57" CONTENT="nothing," />
            <SP ID="SP_28061" HPOS="1153" VPOS="2944" WIDTH="32" HEIGHT="0" />
            <String ID="Word_31202" HPOS="1185" VPOS="2945" WIDTH="45" HEIGHT="42" CONTENT="in" />
            <SP ID="SP_28062" HPOS="1230" VPOS="2945" WIDTH="35" HEIGHT="0" />
            <String ID="Word_31203" HPOS="1265" VPOS="2947" WIDTH="127" HEIGHT="55" CONTENT="point" />
            <SP ID="SP_28063" HPOS="1392" VPOS="2947" WIDTH="42" HEIGHT="0" />
            <String ID="Word_31204" HPOS="1434" VPOS="2948" WIDTH="48" HEIGHT="42" CONTENT="of" />
            <SP ID="SP_28064" HPOS="1482" VPOS="2948" WIDTH="36" HEIGHT="0" />
            <String ID="Word_31205" HPOS="1518" VPOS="2948" WIDTH="167" HEIGHT="51" CONTENT="labour," />
          </TextLine>
          <TextLine ID="TextLine_3144" HPOS="23" VPOS="3012" WIDTH="1664" HEIGHT="63">
            <String ID="Word_31206" HPOS="23" VPOS="3012" WIDTH="232" HEIGHT="57" CONTENT="compared" />
            <SP ID="SP_28065" HPOS="255" VPOS="3012" WIDTH="30" HEIGHT="0" />
            <String ID="Word_31207" HPOS="285" VPOS="3012" WIDTH="108" HEIGHT="43" CONTENT="with" />
            <SP ID="SP_28066" HPOS="393" VPOS="3012" WIDTH="34" HEIGHT="0" />
            <String ID="Word_31208" HPOS="427" VPOS="3013" WIDTH="74" HEIGHT="43" CONTENT="the" />
            <SP ID="SP_28067" HPOS="501" VPOS="3013" WIDTH="33" HEIGHT="0" />
            <String ID="Word_31209" HPOS="534" VPOS="3014" WIDTH="301" HEIGHT="55" CONTENT="performance" />
            <SP ID="SP_28068" HPOS="835" VPOS="3014" WIDTH="34" HEIGHT="0" />
            <String ID="Word_31210" HPOS="869" VPOS="3016" WIDTH="45" HEIGHT="41" CONTENT="of" />
            <SP ID="SP_28069" HPOS="914" VPOS="3016" WIDTH="32" HEIGHT="0" />
            <String ID="Word_31211" HPOS="946" VPOS="3030" WIDTH="82" HEIGHT="29" CONTENT="one" />
            <SP ID="SP_28070" HPOS="1028" VPOS="3017" WIDTH="33" HEIGHT="0" />
            <String ID="Word_31212" HPOS="1061" VPOS="3017" WIDTH="45" HEIGHT="42" CONTENT="of" />
            <SP ID="SP_28071" HPOS="1106" VPOS="3017" WIDTH="33" HEIGHT="0" />
            <String ID="Word_31213" HPOS="1139" VPOS="3018" WIDTH="336" HEIGHT="56" CONTENT="Shakespeare's" />
            <SP ID="SP_28072" HPOS="1475" VPOS="3018" WIDTH="34" HEIGHT="0" />
            <String ID="Word_31214" HPOS="1509" VPOS="3020" WIDTH="178" HEIGHT="55" CONTENT="leading" />
          </TextLine>
          <TextLine ID="TextLine_3145" HPOS="72" VPOS="3100" WIDTH="1616" HEIGHT="54">
            <String ID="Word_31215" HPOS="72" VPOS="3101" WIDTH="13" HEIGHT="23" CONTENT="1" />
            <SP ID="SP_28073" HPOS="85" VPOS="3101" WIDTH="28" HEIGHT="0" />
            <String ID="Word_31216" HPOS="113" VPOS="3101" WIDTH="68" HEIGHT="36" CONTENT="Sec" />
            <SP ID="SP_28074" HPOS="181" VPOS="3100" WIDTH="26" HEIGHT="0" />
            <String ID="Word_31217" HPOS="207" VPOS="3100" WIDTH="112" HEIGHT="37" CONTENT="letter" />
            <SP ID="SP_28075" HPOS="319" VPOS="3100" WIDTH="26" HEIGHT="0" />
            <String ID="Word_31218" HPOS="345" VPOS="3105" WIDTH="39" HEIGHT="32" CONTENT="to" />
            <SP ID="SP_28076" HPOS="384" VPOS="3101" WIDTH="28" HEIGHT="0" />
            <String ID="Word_31219" HPOS="412" VPOS="3101" WIDTH="54" HEIGHT="36" CONTENT="Dr" />
            <SP ID="SP_28077" HPOS="466" VPOS="3101" WIDTH="28" HEIGHT="0" />
            <String ID="Word_31220" HPOS="494" VPOS="3102" WIDTH="211" HEIGHT="46" CONTENT="Mackncss," />
            <SP ID="SP_28078" HPOS="705" VPOS="3102" WIDTH="20" HEIGHT="0" />
            <String ID="Word_31221" HPOS="725" VPOS="3103" WIDTH="152" HEIGHT="48" CONTENT="printed" />
            <SP ID="SP_28079" HPOS="877" VPOS="3103" WIDTH="28" HEIGHT="0" />
            <String ID="Word_31222" HPOS="905" VPOS="3104" WIDTH="41" HEIGHT="36" CONTENT="in" />
            <SP ID="SP_28080" HPOS="946" VPOS="3103" WIDTH="26" HEIGHT="0" />
            <String ID="Word_31223" HPOS="972" VPOS="3103" WIDTH="65" HEIGHT="37" CONTENT="the" />
            <SP ID="SP_28081" HPOS="1037" VPOS="3103" WIDTH="26" HEIGHT="0" />
            <String ID="Word_31224" HPOS="1063" VPOS="3104" WIDTH="143" HEIGHT="37" CONTENT="latter's" />
            <SP ID="SP_28082" HPOS="1206" VPOS="3104" WIDTH="22" HEIGHT="0" />
            <String ID="Word_31225" HPOS="1228" VPOS="3106" WIDTH="152" HEIGHT="36" CONTENT="Treatise" />
            <SP ID="SP_28083" HPOS="1380" VPOS="3106" WIDTH="26" HEIGHT="0" />
            <String ID="Word_31226" HPOS="1406" VPOS="3118" WIDTH="46" HEIGHT="24" CONTENT="on" />
            <SP ID="SP_28084" HPOS="1452" VPOS="3107" WIDTH="18" HEIGHT="0" />
            <String ID="Word_31227" HPOS="1470" VPOS="3107" WIDTH="218" HEIGHT="47" CONTENT="Dysphonia" />
          </TextLine>
          <TextLine ID="TextLine_3146" HPOS="24" VPOS="3162" WIDTH="228" HEIGHT="36">
            <String ID="Word_31228" HPOS="24" VPOS="3162" WIDTH="228" HEIGHT="36" CONTENT="CUricorurn." />
          </TextLine>
        </TextBlock>
      </PrintSpace>
    </Page>
  </Layout>
</alto>
