2107 3450
227 230 87 34 THE
346 225 323 37 DEVELOPMENT
701 224 54 34 OF
787 221 168 36 SPEECH
989 221 48 36 IN
1070 222 87 35 THE
1191 222 165 35 HUMAN
1392 223 126 36 RACE.
1615 212 84 47 149

655 830 283 46 CHAPTER
972 831 104 45 VII.

40 992 96 43 The
162 991 341 42 Development
530 1000 55 33 of
612 989 176 44 Speech
815 1000 48 32 in
886 1000 89 32 the
1002 989 180 42 Human
1205 989 138 43 Eace.
1410 988 288 44 Classifica-

99 1074 108 31 tion
242 1074 54 31 of
333 1063 295 42 Languages.
695 1062 170 43 Origin
909 1073 54 31 of
1000 1061 224 43 Written
1268 1060 270 45 Language.
1602 1063 98 41 The

102 1135 254 44 Invention
390 1147 53 30 of
477 1136 237 42 Printing.
780 1135 226 42 Printing
1038 1145 86 31 for
1154 1145 91 31 the
1277 1134 160 45 Blind.

97 1285 105 42 Any
240 1289 187 38 account
464 1285 46 42 of
544 1284 76 44 the
656 1284 329 43 Development
1023 1284 48 43 of
1105 1283 169 43 Speech
1312 1283 146 42 would
1492 1283 52 43 be
1585 1287 115 38 most

35 1356 268 43 incomplete
326 1356 38 42 if
381 1356 36 42 it
440 1370 114 29 were
577 1361 181 38 content
780 1356 168 57 merely
972 1360 45 40 to
1050 1359 113 40 treat
1189 1355 46 43 of
1268 1355 75 43 the
1376 1355 173 43 subject
1571 1355 46 42 in
1641 1355 59 42 its

36 1427 209 43 relations
269 1432 44 38 to
347 1427 74 43 the
442 1427 250 43 individual
716 1427 143 44 Child,
882 1427 88 43 and
992 1427 128 43 made
1143 1440 56 29 no
1222 1430 192 53 attempt
1439 1432 43 37 to
1505 1426 195 43 indicate

37 1500 74 42 the
131 1499 133 43 views
282 1500 97 42 that
397 1514 71 28 are
483 1504 177 38 current
676 1500 232 57 regarding
925 1500 35 42 it
978 1499 45 43 in
1043 1500 57 42 its
1118 1499 212 43 relations
1352 1503 45 39 to
1416 1498 74 43 the
1513 1498 186 43 Human

35 1573 127 42 Eace.
226 1571 105 43 This
364 1571 324 44 consideration
720 1572 79 43 has
832 1572 200 43 weighed
1065 1571 110 44 with
1209 1586 83 29 me,
1314 1571 88 44 and
1433 1571 79 43 has
1535 1571 72 44 led
1629 1586 71 29 me

35 1650 45 37 to
97 1649 122 38 write
235 1644 74 43 the
327 1643 227 58 following
569 1644 189 57 chapter.
803 1644 233 43 Although
1051 1644 76 43 the
1145 1658 212 28 relations
1375 1643 45 43 of
1436 1643 73 43 the
1529 1643 173 44 subject

36 1723 45 37 to
118 1717 211 56 practical
367 1717 218 43 medicine
609 1732 72 28 are
708 1718 243 43 somewhat
972 1725 180 36 remote,
1175 1717 76 43 the
1274 1717 112 42 facts
1409 1716 192 57 brought
1623 1721 79 38 out

35 1791 48 41 in
107 1790 75 43 the
204 1790 133 43 study
360 1789 45 44 of
436 1790 37 42 it
494 1803 72 29 are
589 1789 45 43 of
665 1794 124 52 great
821 1794 215 39 scientific
1069 1789 142 44 value.
1275 1789 122 43 They
1421 1789 142 43 throw
1586 1789 115 44 light

36 1877 120 42 upon
195 1862 75 43 the
308 1876 157 29 nature
503 1862 45 43 of
585 1862 160 56 speech
784 1862 87 43 and
909 1877 120 42 upon
1067 1862 59 43 its
1164 1861 211 44 relations
1413 1866 45 39 to
1496 1862 204 57 thought.

35 1935 304 57 Fortunately,
371 1935 48 42 in
451 1934 91 43 this
575 1940 201 51 country,
808 1934 76 44 the
918 1935 172 55 subject
1127 1934 80 44 has
1239 1934 111 43 been
1385 1934 170 43 treated
1587 1935 60 56 by
1677 1949 25 29 a

37 2007 187 43 number
277 2008 47 42 of
374 2007 170 43 writers
597 2007 277 43 remarkable
927 2007 117 43 alike
1097 2007 69 42 for
1209 2006 239 44 eloquence
1501 2006 89 43 and
1636 2008 67 42 for

35 2079 212 57 learning.
311 2080 106 42 Any
455 2093 126 29 notes
615 2079 98 43 that
748 2079 22 42 I
795 2094 82 29 can
899 2080 131 43 make
1052 2079 47 43 in
1124 2079 90 44 this
1248 2079 194 57 chapter,
1476 2080 112 43 from
1624 2080 76 44 the

38 2152 143 42 works
221 2152 44 42 of
307 2152 125 43 these
475 2151 192 44 authors,
712 2158 121 37 must
875 2152 45 42 of
958 2152 220 43 necessity
1212 2152 54 43 be
1309 2152 114 43 brief
1459 2153 88 42 and
1585 2153 114 57 frag-

36 2229 203 52 mentary
257 2241 10 37 ;
314 2225 81 42 but
438 2224 23 43 I
505 2224 116 43 shall
663 2229 71 38 try
771 2229 45 38 to
860 2225 129 42 make
1023 2239 25 28 a
1080 2229 241 39 statement
1358 2225 48 42 of
1433 2225 117 43 their
1583 2227 122 42 chief

35 2297 291 53 conclusions,
364 2297 99 54 and,
502 2296 129 44 when
664 2297 204 57 possible,
901 2297 114 43 shall
1047 2297 100 58 give
1181 2297 124 44 these
1339 2297 279 45 conclusions
1650 2298 50 44 in

34 2370 117 43 their
172 2384 98 30 own
293 2371 152 43 words.

292 2529 81 42 The
395 2529 294 56 Development
713 2529 51 57 of
778 2528 150 45 Speech
950 2529 51 43 in
1024 2529 65 43 the
1111 2529 188 44 Human
1320 2529 125 44 Race.

94 2666 22 18 "
131 2662 56 43 In
220 2662 255 44 examining
507 2662 76 44 the
616 2663 170 44 history
809 2663 48 43 of
885 2663 254 54 mankind,"
1162 2678 100 43 says
1286 2663 180 57 Dugald
1499 2663 202 53 Stewart,

35 2738 21 17 "
72 2749 46 28 as
141 2733 101 44 well
276 2748 46 30 as
357 2734 47 43 in
439 2735 255 57 examining
729 2735 76 44 the
828 2736 278 56 phenomena
1141 2737 48 43 of
1219 2736 77 43 the
1318 2735 207 44 material
1547 2737 153 51 world,

36 2806 129 44 when
188 2821 64 29 we
288 2812 161 38 cannot
483 2813 117 38 trace
634 2808 77 44 the
746 2823 176 42 process
954 2809 61 58 by
1042 2806 145 48 which
1224 2823 56 29 an
1316 2812 134 40 event
1483 2808 80 43 has
1586 2809 113 42 been

33 2879 235 57 produced,
289 2880 37 43 it
347 2880 37 43 is
406 2880 121 44 often
550 2881 45 42 of
616 2880 272 58 importance
911 2886 45 39 to
978 2882 54 43 be
1065 2881 98 44 able
1194 2885 46 39 to
1273 2881 122 43 show
1416 2881 101 43 how
1539 2881 37 42 it
1596 2895 104 41 may

35 2952 105 42 have
162 2951 92 44 been
275 2952 223 57 produced
520 2953 59 57 by
596 2954 177 43 natural
796 2969 162 29 causes.
1022 2955 134 52 Thus,
1179 2954 214 43 although
1416 2954 36 42 it
1475 2953 37 43 is
1535 2953 162 43 impos-

36 3024 111 43 sible
183 3029 45 38 to
263 3025 242 44 determine
530 3026 109 43 with
671 3027 221 43 certainty
914 3027 120 43 what
1067 3027 76 44 the
1175 3031 121 39 steps
1320 3039 114 30 were
1468 3025 60 56 by
1552 3024 147 43 which

37 3111 87 44 any
147 3097 239 60 particular
408 3097 213 59 language
645 3113 88 30 was
766 3098 179 54 formed,
967 3103 77 55 yet
1067 3099 35 42 if
1126 3113 63 30 we
1212 3112 82 30 can
1327 3110 134 32 show,
1484 3096 112 41 from
1621 3094 76 47 the
