2113 3404
357 131 74 44 122

845 147 87 31 THE
965 148 240 32 DISORDERS
1237 149 53 31 OF
1322 150 173 31 SPEECH.

348 275 54 28 no
426 261 115 43 word
574 262 79 43 but
684 263 66 43 his
782 279 96 28 own
911 280 137 28 name,
1069 270 21 18 "
1105 267 226 42 Johnnie,"
1356 267 137 41 which
1526 266 54 42 he
1611 280 185 30 answers
1827 273 44 37 to
1900 270 54 55 by

348 332 170 56 coining
542 333 121 43 when
687 334 148 45 called.
897 336 82 49 He,
1002 336 207 50 however,
1232 336 206 54 responds
1459 335 163 42 readily
1644 340 44 37 to
1709 337 145 42 smiles
1875 341 79 41 and

351 402 215 44 kindness.
630 404 130 42 Often
780 419 167 28 amuses
965 406 176 41 himself
1164 406 54 54 by
1241 409 21 17 "
1279 405 236 54 babbling"
1540 405 71 42 the
1628 406 134 55 single
1780 408 176 42 syllable

348 487 291 28 niamamama
662 475 64 41 for
748 489 24 27 a
793 475 101 54 long
916 475 115 41 time.
1094 475 214 41 Produces
1331 488 54 26 no
1411 474 137 55 single
1570 475 243 55 intelligent
1835 480 120 42 word.

348 543 142 42 Nurse
527 558 98 40 says
664 544 93 41 that
792 544 54 42 he
883 545 76 41 has
996 558 24 27 a
1057 543 107 55 good
1203 557 80 35 ear,
1320 557 136 29 seems
1491 548 44 37 to
1571 544 87 42 like
1697 547 145 49 music,
1875 550 80 40 and

345 613 247 42 sometimes
613 613 127 42 hums
762 627 101 27 over
884 628 24 26 a
930 613 129 55 polka
1082 613 52 41 he
1156 613 76 41 has
1255 612 118 41 often
1396 612 129 42 heard
1547 613 166 55 played.

408 750 117 42 Case
549 749 341 55 III.—[Larbcrt
912 749 282 54 Institution.)
1246 749 211 55 Responds
1470 755 38 36 to
1523 751 67 40 his
1609 765 90 27 own
1723 765 131 35 name,
1874 752 87 41 and

346 821 101 41 calls
477 827 69 35 out
567 835 122 26 name
717 821 50 53 of
787 825 75 36 cat.
923 819 66 41 No
1010 820 113 41 other
1144 820 216 55 language.
1421 820 220 41 Echolalia
1661 821 89 41 well
1780 823 178 41 marked.

350 889 328 42 Grunting.—A
700 890 95 54 boy,
817 889 105 54 aged
955 889 179 52 twelve;
1165 889 129 42 short,
1317 890 79 41 but
1426 894 76 37 not
1527 889 240 53 deformed;
1798 897 162 45 vacant,

348 960 248 42 sometimes
610 959 192 54 puzzled,
816 959 247 54 expression
1080 975 9 35 ;
1119 973 104 40 very
1241 959 145 54 stupid
1405 976 9 36 ;
1444 960 244 42 sometimes
1705 960 254 44 inattentive

347 1042 47 28 as
429 1033 43 36 to
504 1028 276 42 evacuations
803 1044 9 36 ;
854 1032 158 37 cannot
1044 1028 117 41 dress
1192 1028 186 42 himself,
1409 1029 79 41 but
1530 1043 79 28 can
1656 1029 94 42 feed
1791 1029 169 43 himself

346 1103 46 37 at
423 1097 126 43 table.
612 1098 46 42 Is
689 1098 284 51 affectionate,
1004 1098 259 55 responding
1287 1098 163 55 readily
1472 1103 44 37 to
1547 1099 144 42 smiles
1723 1099 84 41 and
1838 1100 121 42 kind-

347 1183 121 38 ness;
508 1173 94 51 gets
634 1168 169 42 excited
838 1168 125 42 when
995 1168 159 55 petted,
1185 1169 204 54 grinning
1422 1168 85 42 and
1538 1169 191 54 working
1760 1183 112 28 arms
1901 1184 57 41 up

346 1240 85 40 and
449 1240 125 40 down
592 1255 9 35 ;
622 1239 107 41 cries
747 1239 256 41 sometimes,
1021 1238 84 42 and
1123 1239 126 41 sheds
1268 1243 134 41 tears;
1423 1239 76 41 has
1521 1242 22 17 "
1560 1240 168 53 roaring
1745 1239 213 53 tempers,"

347 1310 158 41 during
537 1309 141 42 which
712 1309 51 42 he
796 1314 112 37 tears
940 1309 67 42 his
1039 1309 178 42 collars;
1247 1309 77 42 has
1355 1313 122 38 turns
1509 1309 44 41 of
1583 1309 206 55 laughing
1821 1310 136 41 aloud.

348 1380 166 42 Grunts
536 1384 45 37 to
604 1379 174 41 himself
800 1393 24 27 a
845 1379 107 54 good
975 1379 118 41 deal;
1125 1379 139 41 shows
1286 1379 177 42 marked
1486 1377 237 52 Echolalia,
1744 1380 215 55 repeating

346 1453 18 20 "
382 1450 178 42 Lizzie,"
584 1450 124 41 when
730 1449 54 41 he
801 1450 124 41 hears
942 1463 86 42 any
1045 1463 80 28 one
1143 1449 82 42 call
1239 1450 66 41 for
1327 1449 71 42 the
1421 1464 140 27 nurse,
1578 1450 84 41 and
1680 1450 221 54 repeating
1914 1451 43 40 in

347 1521 165 41 similar
553 1520 168 41 fashion
764 1520 73 41 the
878 1534 125 27 name
1045 1520 43 40 of
1130 1534 84 40 any
1251 1520 83 41 boy
1369 1519 121 42 when
1533 1520 34 41 it
1610 1519 36 43 is
1688 1519 181 42 shouted
1905 1520 53 54 by

346 1590 187 42 another.
599 1589 300 42 Understands
932 1589 183 54 nothing
1146 1589 78 41 but
1257 1589 65 41 his
1354 1603 96 27 own
1473 1603 124 28 name
1617 1605 9 36 ;
1657 1589 85 41 and
1765 1590 70 41 the
1858 1590 98 54 only

346 1660 260 42 intelligible
643 1660 117 41 word
798 1659 227 55 employed
1062 1660 56 54 by
1141 1659 90 42 him
1268 1660 48 49 is,
1338 1662 19 18 "
1373 1673 145 41 pussy,
1539 1659 168 55 pussy,"
1731 1660 139 41 which
1908 1660 50 41 he

348 1731 220 41 addresses
591 1734 43 37 to
658 1730 72 41 the
753 1734 78 37 cat.
893 1729 93 41 Has
1010 1743 54 27 no
1086 1728 180 42 musical
1288 1742 82 28 ear,
1393 1729 84 40 and
1501 1742 129 28 never
1651 1729 129 54 sings.

406 1870 118 42 Case
541 1868 332 55 IV.—{Larbcrt
888 1868 281 54 Institution.)
1228 1868 285 42 Understands
1529 1869 96 41 only
1637 1869 67 41 his
1716 1883 128 27 name.
1895 1868 63 42 No

347 1940 112 40 other
475 1939 133 41 xuords
624 1939 247 40 understood
884 1954 16 36 ;
932 1952 53 28 no
1001 1939 133 41 words
1142 1939 212 53 produced
1370 1942 131 37 except
1514 1939 48 40 in
1577 1938 217 41 Eclwlalia
1813 1938 88 40 and
1917 1939 42 39 in

345 2009 288 54 Song.—Boy,
650 2008 104 55 aged
774 2008 186 42 thirteen
980 2023 10 37 ;
1021 2008 169 41 subject
1212 2013 42 36 to
1277 2008 69 42 fits
1363 2024 9 36 ;
1395 2008 240 42 well-made
1652 2024 8 35 ;
1693 2008 133 41 walks
1843 2012 115 51 quite

347 2079 122 42 well;
499 2079 37 41 is
572 2093 103 27 very
714 2078 184 42 restless.
960 2078 94 41 Has
1090 2078 72 42 fits
1198 2079 46 40 of
1276 2078 218 55 laughing,
1516 2079 89 41 also
1641 2079 47 40 of
1719 2083 237 49 passionate

346 2160 194 41 roaring;
576 2146 37 41 is
646 2145 219 42 sensitive,
901 2145 86 41 and
1029 2145 134 42 easily
1201 2146 123 41 made
1363 2157 42 30 to
1443 2160 73 39 cry
1554 2146 84 40 and
1681 2145 103 42 shed
1827 2151 134 44 tears;

346 2216 207 54 responds
584 2216 165 42 readily
781 2219 44 38 to
857 2215 146 42 smiles
1035 2215 85 41 and
1152 2215 218 42 kindness.
1436 2216 296 41 Understands
1767 2230 53 27 no
1848 2215 109 41 word

347 2286 78 41 but
447 2285 68 42 his
532 2299 96 27 own
652 2299 149 27 name;
832 2285 85 41 and
939 2298 78 28 can
1035 2285 187 54 produce
1245 2299 54 27 no
1317 2285 138 42 words
1478 2290 153 50 except
1652 2286 56 53 by
1730 2284 226 50 Echolalia,

347 2370 47 27 or
425 2355 45 42 in
503 2368 115 41 song.
682 2354 185 54 Repeats
898 2354 58 54 by
978 2354 222 41 Echolalia
1222 2369 84 41 any
1329 2369 125 27 name
1487 2355 95 41 that
1603 2356 35 41 is
1660 2355 136 42 called
1819 2360 74 37 out
1914 2355 41 40 in

346 2426 75 41 the
452 2425 251 41 Day-room.
764 2424 143 42 Nurse
939 2428 132 37 states
1106 2424 94 41 that
1241 2425 53 42 he
1329 2425 77 41 has
1438 2439 54 27 an
1534 2426 213 41 excellent
1784 2424 171 43 musical

346 2509 81 27 ear,
450 2493 85 42 and
574 2493 97 41 that
706 2492 54 42 he
796 2493 118 41 often
951 2493 117 54 sings
1110 2494 157 54 hymns
1305 2499 43 37 to
1385 2495 178 42 himself
1582 2495 122 42 when
1734 2495 47 41 in
1802 2495 90 42 bed,
1914 2508 42 27 or

347 2564 153 43 sitting
539 2563 46 41 in
627 2563 74 41 the
743 2563 250 54 Day-room,
1023 2563 72 41 the
1138 2564 136 42 words
1316 2565 348 54 being—though
1702 2566 86 41 this
1825 2578 130 29 seems

346 2649 157 28 almost
524 2632 571 55 incredible—pronounced
1118 2634 120 54 quite
1262 2634 217 55 correctly.

404 2775 120 43 Case
565 2774 308 53 V.—(Larbert
913 2773 284 53 Institution.)
1277 2774 173 42 Patient
1495 2775 87 41 able
1623 2780 38 37 to
1701 2773 253 44 understand

341 2847 124 42 much
486 2846 50 55 of
548 2849 111 38 what
681 2845 38 41 is
739 2844 109 42 said,
870 2843 69 42 bid
960 2848 70 37 not
1052 2843 87 42 able
1170 2848 38 37 to
1230 2844 183 54 produce
1433 2859 87 41 any
1539 2846 135 54 speech
1694 2850 261 37 whatever.—

341 2918 43 42 A
419 2916 97 57 girl,
555 2915 105 56 aged
702 2918 192 39 sixteen;
936 2913 119 42 short
1096 2917 173 46 stature,
1317 2913 165 56 rickety
1525 2914 99 56 legs,
1671 2915 114 42 large
1838 2912 114 43 head.
