2107 3450
471 291 87 32 THE
590 287 246 34 LANGUAGE
869 287 54 32 OF
956 287 300 34 DEAF-MUTES.
1610 277 85 44 143

41 396 357 75 Acknowledging
430 416 98 40 that
560 412 67 42 for
659 410 157 44 telling
837 424 25 28 a
884 409 158 56 simple
1075 423 120 43 story
1219 410 86 42 and
1331 410 181 56 making
1535 411 158 56 simple

41 481 240 63 fjomments
304 501 55 28 on
391 486 46 51 it,
471 497 167 43 spoken
671 482 214 56 language
917 480 154 43 stands
1104 481 66 42 far
1203 480 165 43 behind
1400 480 184 57 acting."
1650 481 44 41 It

87 564 81 47 ust,
200 559 212 42 however,
434 556 52 43 be
518 553 216 44 admitted
767 553 98 43 that
899 552 89 43 this
1020 551 217 57 language
1262 551 47 52 is,
1333 556 114 38 after
1479 550 71 53 all,
1574 550 118 43 little

37 618 127 73 fitted
198 636 43 37 to
283 631 162 41 impart
478 634 43 36 to
553 640 25 29 a
611 626 245 43 deaf-mute
889 639 88 42 any
1010 623 105 58 high
1150 623 154 57 degree
1338 623 48 43 of
1414 622 278 44 intellectual

45 701 170 43 3ulture.
309 705 21 16 "
346 700 66 41 Its
455 702 183 52 poverty
685 697 38 42 is
772 696 183 42 obvious
988 729 135 10 ....
1158 695 36 42 it
1242 695 38 42 is
1331 693 247 44 calculated
1629 694 66 42 for

57 773 52 42 he
162 784 251 42 expression
467 769 103 43 only
614 769 48 42 of
711 767 75 44 the
835 767 207 57 ordinary
1087 767 215 43 emotions
1356 766 88 43 and
1497 766 197 57 tangible

33 840 218 59 things.1"

97 917 60 41 II.
191 915 169 42 Taking
397 914 74 43 the
509 913 136 46 above
684 913 233 56 Language
953 913 44 42 of
1032 912 190 43 Natural
1258 913 130 55 Signs
1427 926 46 29 as
1507 926 24 28 a
1567 911 130 53 basis,

74 1002 37 28 le
133 987 126 43 Abbe
284 986 52 43 de
368 985 148 44 l'Epee
549 985 87 43 and
669 985 70 43 his
772 999 224 29 successor
1027 984 76 43 the
1135 984 129 44 Abbe
1292 984 151 43 Sicard
1477 984 142 43 added
1651 989 45 37 to

95 1076 21 25 a
154 1064 94 37 vast
282 1073 185 28 number
500 1058 44 43 of
577 1057 312 44 conventional
916 1072 48 28 or
996 1057 218 56 arbitrary
1237 1057 132 56 signs,
1393 1060 44 38 to
1470 1061 229 52 represent

27 1124 35 50 la
104 1137 121 51 great
267 1145 169 28 variety
485 1130 47 42 of
578 1129 152 52 words,
777 1129 234 56 including
1057 1142 134 42 many
1236 1128 305 55 prepositions,
1595 1142 102 28 con-

37 1204 235 54 junctions,
305 1210 79 36 etc.
464 1203 123 55 They
619 1201 223 57 perfected
883 1201 115 43 their
1045 1206 167 51 system
1250 1205 44 38 to
1328 1201 107 42 such
1470 1215 25 28 a
1527 1200 168 53 degree,

37 1282 98 36 that
168 1276 106 56 they
306 1275 140 43 could,
470 1275 45 41 in
550 1275 88 42 this
670 1274 215 56 language
918 1274 47 42 of
994 1273 176 42 natural
1204 1273 86 42 and
1324 1273 203 42 artificial
1561 1274 133 51 signs,

35 1348 163 43 dictate
221 1353 45 37 to
290 1347 114 43 their
426 1346 148 57 pupils
599 1346 139 43 whole
762 1352 229 37 sentences
1014 1346 47 41 of
1094 1345 153 56 words,
1274 1345 145 42 which
1443 1345 75 43 the
1542 1345 151 56 pupils

36 1420 131 43 could
205 1419 212 44 correctly
456 1418 188 43 transfer
692 1424 44 37 to
784 1422 188 51 writing.
1058 1417 122 56 They
1218 1417 340 56 supplemented
1608 1419 90 41 this

35 1500 166 48 system
226 1493 59 55 by
309 1491 203 43 teaching
533 1490 116 42 their
680 1489 149 57 pupils
862 1495 44 37 to
941 1495 123 37 write
1097 1489 86 42 and
1217 1489 133 56 draw,
1385 1490 86 42 and
1505 1494 45 38 to
1584 1491 114 55 spell

36 1564 142 43 words
215 1577 119 42 upon
388 1563 74 42 the
501 1563 157 55 fingers
698 1562 58 55 by
799 1576 151 28 means
996 1562 48 42 of
1085 1562 75 42 the
1203 1561 228 43 bimanual
1475 1562 221 43 alphabet,

19 1630 154 48 iThese
196 1635 201 42 methods
417 1635 110 42 have
546 1635 111 42 been
675 1634 167 56 largely
860 1634 205 43 followed
1089 1635 45 41 in
1159 1649 134 41 many
1312 1634 126 43 other
1471 1636 226 42 countries

35 1707 269 43 throughout
335 1706 75 43 the
435 1706 145 52 world,
604 1706 81 43 but
719 1706 74 42 the
826 1706 201 42 artificial
1061 1707 121 56 signs
1216 1707 125 42 have,
1363 1721 47 28 as
1441 1721 24 28 a
1487 1707 109 52 rule,
1619 1714 78 37 not

35 1781 109 42 been
168 1795 46 28 so
238 1779 131 43 much
393 1778 189 43 adopted
605 1793 47 28 as
677 1778 73 43 the
774 1778 127 43 other
925 1783 119 52 parts
1067 1780 47 42 of
1135 1779 74 43 the
1233 1793 177 29 system.

95 1851 86 42 III.
216 1851 54 41 In
304 1865 119 28 some
456 1850 182 43 schools,
672 1850 76 43 the
780 1850 150 56 pupils
964 1865 73 28 are
1073 1850 157 43 taught
1263 1856 45 37 to
1342 1865 179 42 express
1554 1851 143 44 them-

34 1924 141 43 selves
213 1924 57 55 by
296 1923 175 56 writing
503 1923 117 56 only,
644 1937 46 27 or
724 1923 59 55 by
807 1923 176 55 writing
1018 1923 88 43 and
1142 1924 75 42 the
1249 1923 187 43 Manual
1458 1924 238 43 Alphabet.

36 1995 195 44 Written
255 1994 139 43 words
413 2009 71 28 are
507 1994 187 43 directly
718 1995 242 42 associated
987 2001 108 35 with
1119 1994 179 55 objects,
1317 1994 87 42 and
1429 1995 73 43 the
1528 1996 169 42 mental

33 2069 164 40 images
229 2067 47 41 of
305 2066 123 42 these
463 2066 141 42 words
636 2080 72 28 are
743 2066 256 43 eventually
1024 2066 126 42 made
1185 2071 44 37 to
1262 2065 118 57 play,
1402 2066 46 42 in
1483 2067 76 43 the
1598 2082 99 42 pro-

31 2153 142 30 cesses
212 2139 47 42 of
292 2138 222 56 thinking,
546 2138 75 42 the
657 2152 119 29 same
812 2143 100 51 part
947 2139 110 42 that,
1095 2139 46 41 in
1180 2153 182 42 persons
1398 2143 79 39 not
1514 2140 111 53 deaf,
1660 2142 36 41 is

32 2211 161 57 played
216 2211 58 43 by
298 2211 74 43 the
395 2210 142 43 sound
560 2211 180 55 images,
762 2225 46 28 or
830 2211 244 53 memories,
1097 2211 48 43 of
1158 2211 178 43 audible
1361 2211 151 44 words.

94 2282 76 44 IV.
205 2283 53 42 In
295 2297 132 41 many
452 2283 44 42 of
529 2282 75 43 the
638 2283 98 43 best
769 2282 184 52 schools,
978 2283 104 43 Oral
1111 2283 168 57 Speech
1312 2284 37 42 is
1373 2284 184 57 taught;
1590 2286 105 42 arti-

33 2355 176 56 ficially,
235 2356 54 55 by
317 2369 149 29 means
490 2355 45 43 of
567 2355 282 43 articulation
873 2355 87 43 and
983 2355 278 58 lip-reading.
1326 2357 91 43 The
1441 2357 148 57 pupils
1622 2373 73 28 are

30 2437 46 34 at
100 2428 73 42 the
197 2442 119 28 same
340 2428 107 42 time
471 2427 159 43 taught
654 2432 42 38 to
722 2434 134 36 write.

92 2502 51 41 V.
178 2501 53 42 Iii
254 2515 130 41 many
403 2500 183 53 schools,
602 2500 76 44 the
701 2500 97 44 best
820 2505 120 51 parts
964 2501 47 42 of
1031 2501 74 43 the
1126 2501 101 43 Oral
1253 2502 86 43 and
1364 2502 107 58 Sign
1496 2502 199 44 Systems

30 2587 73 29 are
143 2572 228 43 combined
391 2588 9 37 ;
437 2572 104 58 only
580 2572 72 43 the
687 2576 115 39 most
834 2572 255 58 intelligent
1126 2575 149 55 pupils
1309 2574 133 57 being
1479 2574 115 43 fully
1629 2575 65 41 in-

28 2645 195 44 structed
246 2645 45 42 in
316 2644 104 44 Oral
443 2645 299 43 Articulation
765 2645 86 43 and
875 2648 20 18 "
913 2642 345 48 Lip-Reading."
1272 2645 17 28 2

88 2718 63 42 At
174 2717 74 43 the
272 2722 179 51 present
473 2717 119 53 time,
609 2718 35 42 it
666 2732 102 42 may
787 2717 52 43 be
863 2718 95 43 said
982 2718 109 54 that,
1106 2719 68 43 for
1196 2720 269 57 conducting
1487 2721 208 56 ordinary

29 2790 318 51 conversation,
371 2789 74 44 the
470 2790 120 43 chief
624 2791 166 43 rivalry
814 2791 37 43 is
887 2791 97 43 that
1008 2792 203 44 between
1235 2792 75 44 the
1334 2794 193 56 practice
1551 2794 45 42 of
1618 2794 77 43 the

28 2862 186 42 Manual
240 2862 236 56 Alphabet,
498 2863 59 57 by
581 2877 151 29 means
755 2863 47 43 of
823 2863 144 44 which
991 2878 56 28 an
1071 2864 216 44 educated
1326 2866 247 42 deaf-mute
1612 2880 82 28 can

28 2947 176 43 express
222 2933 179 43 himself
418 2933 159 44 almost
592 2948 46 29 as
653 2934 182 57 quickly
852 2949 47 29 as
918 2949 56 29 an
993 2935 211 58 ordinary
1223 2950 158 42 person
1399 2950 80 29 can
1499 2936 58 43 by
1575 2936 116 42 word

75 3040 10 22 1
117 3039 228 49 Degerando,
365 3039 141 49 quoted
524 3039 51 48 by
596 3040 158 37 Arnold,
777 3041 40 36 in
837 3042 204 37 Education
1061 3042 43 47 of
1116 3042 254 46 Deaf-Mutes,
1390 3053 35 37 p.
1449 3042 84 36 132.

74 3100 14 23 2
116 3100 72 36 For
205 3113 20 24 a
246 3100 112 36 fuller
375 3100 229 53 description
624 3101 40 37 of
680 3102 103 36 these
811 3102 175 36 methods
1014 3113 59 25 see
1092 3101 180 37 Arnold's
1290 3103 211 35 Education
1520 3102 42 48 of
1582 3099 112 52 Deaf-

25 3162 128 40 Mutes,
