2418 3377
45 219 55 46 in
142 214 97 49 der
276 213 120 51 Tat.
417 224 164 36 unter
621 211 124 50 dem
783 210 325 65 Mikroskop
1149 212 175 50 bestä¬

41 290 165 60 tigen:
242 285 96 49 Bei
372 284 97 49 der
500 283 378 64 Reifeteilung
911 284 155 63 legen
1098 285 107 49 sich
1238 285 88 49 die

48 358 285 50 einzelnen
381 355 603 63 Chromosomenpaare
1033 358 145 48 nicht
1225 377 103 29 nur

48 429 229 65 parallel
324 427 468 59 nebeneinander,
837 428 239 49 sondern
1123 449 52 30 es
1223 442 102 36 tre¬

48 516 90 36 ten
207 500 259 49 während
538 500 174 49 dieses
782 498 544 67 Aneinanderlegens

48 573 180 62 häufig
312 566 506 68 Überkreuzungen
905 572 111 49 auf.
1100 573 228 64 Morgan

47 656 203 39 nannte
342 644 147 49 diese
578 643 371 64 Erscheinung
1039 645 289 64 „Grossing

272 716 100 49 Die
420 715 432 50 Chromosomen
897 716 300 50 verkleben
1244 738 84 28 am

49 737 128 29 over

1424 1068 30 68 С

2150 1062 36 72 :)

1806 1160 68 23 "ТГуТТ

1837 1179 33 20 Ve*»

2006 1156 180 70 ¥W1

48 788 524 62 Kreuzungspunkt,
598 786 234 50 brechen
861 807 66 30 an
955 787 178 52 dieser
1159 790 167 49 Stelle

51 860 379 59 auseinander,
458 859 114 49 und
604 860 87 49 die
721 860 108 49 sich
860 862 469 61 entsprechenden

45 932 188 51 Stücke
286 933 166 62 fügen
504 931 109 50 sich
667 933 120 49 aufs
839 952 139 30 neue
1031 953 299 31 zuammen.

49 1005 172 50 Dabei
263 1003 221 50 werden
528 1003 87 50 die
658 1024 64 28 zu
763 1003 201 50 beiden
1008 1005 183 50 Seiten
1234 1007 98 48 der

50 1075 334 52 Bruchstelle
410 1075 293 64 liegenden
727 1076 151 50 Teile
901 1077 113 49 und
1040 1081 98 46 mit
1162 1079 168 48 ihnen

54 1150 85 49 die
177 1148 124 49 dort
336 1148 368 49 befindlichen
741 1147 150 51 Gene
930 1151 259 48 zwischen
1227 1151 105 49 den

53 1220 196 51 beiden
295 1220 399 50 zerbrochenen
741 1220 430 52 Chromosomen
1218 1242 113 30 aus¬

52 1292 290 64 getauscht.
370 1292 68 49 Es
468 1295 70 46 ist
567 1292 162 49 leicht
758 1294 350 60 einzusehen,
1138 1295 106 48 daß
1276 1298 130 46 zwei
1436 1295 149 50 Gene
1614 1316 92 29 um
1735 1316 55 30 so
1821 1296 246 64 häufiger
2095 1296 88 49 die

53 1363 585 64 Möglichkeit,haben,
678 1366 379 62 ausgetauscht
1095 1387 62 28 zu
1197 1368 237 59 werden,
1470 1370 52 60 je
1560 1371 191 46 weiter
1788 1371 75 47 sie
1904 1372 281 46 auseinan¬

56 1438 94 49 der
188 1438 200 62 liegen;
429 1439 52 59 je
522 1436 173 49 näher
735 1440 76 47 sie
853 1438 107 49 sich
1001 1439 139 64 sind,
1180 1459 92 29 um
1312 1459 55 30 so
1411 1443 250 61 geringer
1700 1443 70 47 ist
1812 1441 147 50 diese
1999 1441 186 49 Wahr¬

50 1509 421 50 scheinlichkeit.

120 1581 91 50 Als
244 1580 103 51 sich
379 1601 94 43 gar
501 1581 90 49 bei
623 1581 101 49 den
756 1581 304 50 schließlich
1089 1584 132 49 nach
1251 1584 284 50 Millionen
1566 1585 300 50 zählenden
1894 1586 289 50 Versuchs¬

52 1656 170 46 tieren
273 1656 195 47 immer
520 1653 204 50 wieder
779 1653 278 51 dieselben
1109 1655 692 64 Austauschprozentsätze
1856 1658 329 57 einstellten,

52 1746 94 44 zog
195 1725 231 64 Morgan
480 1726 101 49 den
634 1726 277 50 kühnsten
963 1727 193 50 Schluß
1212 1748 92 31 aus
1358 1731 186 47 seinen
1594 1729 428 62 Experimenten
2074 1729 110 50 und

58 1792 431 69 Überlegungen:
530 1797 175 51 Wenn
741 1819 126 29 man
905 1800 199 49 einmal
1139 1812 362 48 voraussetzt,
1540 1801 102 49 daß
1682 1801 83 49 die
1803 1801 150 50 Gene
1990 1804 55 47 in
2084 1801 101 49 den

55 1871 423 50 Chromosomen
513 1873 147 47 eines
693 1870 177 50 neben
905 1871 121 49 dem
1060 1872 239 49 anderen
1333 1875 188 56 sitzen,
1555 1873 285 63 gleichsam
1875 1873 311 63 aufgereiht

57 1946 92 47 wie
179 1943 83 50 die
290 1943 198 49 Perlen
518 1944 94 48 auf
641 1943 97 49 der
765 1943 222 60 Schnur,
1017 1943 143 50 dann
1189 1945 128 48 muß
1346 1964 125 29 man
1501 1964 92 30 aus
1625 1945 94 49 der
1748 1945 317 63 Häufigkeit
2095 1945 91 49 des

54 2015 358 50 Austausches
442 2015 272 50 schließen
742 2015 239 60 können,
1007 2035 82 29 wo
1120 2016 91 51 das
1242 2017 411 62 ausgetauschte
1683 2016 117 50 Gen
1826 2018 74 47 im
1928 2017 258 50 Chromo¬

55 2108 111 29 som
194 2090 140 47 sitzt.
365 2087 318 50 Wiederum
711 2088 212 63 folgten
952 2088 288 50 Hunderte
1269 2089 113 49 und
1410 2088 284 50 Tausende
1724 2108 106 29 von
1858 2089 330 58 Versuchen,

53 2160 77 50 bis
170 2160 230 64 Morgan
440 2158 305 52 schließlich
787 2163 120 47 eine
947 2160 845 57 „Chromosomen-Landkarte"
1834 2163 179 47 seiner
2053 2161 135 48 Tau¬

55 2232 153 64 fliege
239 2233 259 63 vorlegen
530 2233 229 59 konnte,
793 2234 96 48 auf
920 2232 98 50 der
1048 2252 126 30 man
1206 2252 174 45 genau
1415 2232 221 50 ablesen
1666 2232 166 59 kann,
1866 2253 66 29 an
1962 2233 228 49 welcher

55 2304 163 50 Stelle
258 2308 86 46 ein
381 2305 343 50 bestimmtes
764 2303 118 51 Gen
920 2308 189 47 seinen
1145 2305 156 49 Platz
1338 2305 95 49 hat
1475 2305 64 63 (s.
1576 2304 140 50 Abb.
1756 2304 143 50 Seite
1938 2304 113 63 29).
2087 2305 101 49 Die

54 2376 315 65 Häufigkeit
419 2378 91 50 des
560 2377 330 51 Austauschs
941 2379 194 48 zweier
1184 2377 148 50 Gene
1381 2378 153 49 hatte
1582 2377 229 63 Morgan
1860 2377 161 49 dabei
2069 2397 121 29 zum

52 2449 124 51 Maß
213 2451 91 49 für
337 2451 118 50 ihre
489 2450 353 64 Entfernung
876 2470 125 31 vom
1035 2449 222 65 Anfang
1293 2451 93 49 des
1423 2450 383 49 Chromosoms
1844 2469 345 44 genommen;

51 2525 52 59 je
150 2525 189 48 weiter
386 2526 75 47 sie
513 2524 370 49 auseinander
929 2523 198 64 liegen,
1176 2524 154 49 desto
1379 2523 249 63 häufiger
1674 2522 225 49 wurden
1946 2524 77 48 sie
2075 2541 112 30 aus¬

56 2595 289 61 getauscht.
387 2597 102 49 Die
535 2616 56 30 so
640 2596 342 50 ermittelten
1026 2594 283 51 Abstände
1357 2596 96 49 der
1497 2595 225 59 Stellen,
1768 2614 66 29 an
1878 2594 179 49 denen
2101 2594 87 49 be¬

55 2668 200 50 kannte
292 2668 149 51 Gene
477 2672 175 47 sitzen
692 2669 124 63 (der
852 2661 395 68 „Gen-Örter",
1281 2671 100 47 wie
1418 2668 87 49 die
1540 2667 309 63 Forschung
1883 2666 167 65 sagt),
2084 2686 107 29 von

59 2740 117 50 dem
208 2744 99 47 mit
341 2744 83 58 0,0
457 2741 392 51 bezeichneten
885 2744 160 47 einen
1076 2741 154 50 Ende
1266 2741 92 50 des
1394 2740 383 50 Chromosoms
1813 2740 219 49 rechnet
2066 2758 125 29 man

60 2811 116 51 dem
214 2814 206 63 großen
458 2814 264 50 Forscher
758 2834 65 30 zu
860 2813 184 51 Ehren
1082 2815 132 48 nach
1254 2812 637 64 „Morgan-Einheiten".
1928 2811 126 50 Und
2093 2813 99 47 mit

59 2884 161 52 Recht
247 2887 94 50 hat
368 2888 236 50 Thomas
635 2888 156 50 Hunt
818 2887 248 64 Morgan,
1096 2887 96 49 der
1216 2890 77 46 im
1323 2886 241 64 gleichen
1592 2885 166 55 Jahre
1788 2886 135 48 1866
1950 2884 242 64 geboren

60 2961 82 58 ist,
171 2962 55 46 in
258 2960 122 50 dem
413 2960 211 64 Gregor
656 2960 223 50 Mendel
911 2962 149 48 seine
1091 2960 292 49 klassische
1416 2958 195 50 Arbeit
1641 2957 407 50 veröffentlicht
2079 2956 113 59 hat,

62 3030 99 51 den
193 3031 327 66 Nobelpreis
557 3034 92 49 für
684 3034 148 49 diese
868 3032 277 50 wahrhaft
1181 3032 212 65 geniale
1427 3030 261 65 Leistung
1720 3029 348 60 bekommen,
2104 3027 87 50 die

62 3104 367 65 grundlegend
468 3109 71 48 ist
577 3107 92 49 für
707 3107 88 50 die
832 3105 371 64 Erforschung
1242 3105 97 50 der
1375 3104 339 50 Erblichkeit
1753 3102 129 50 auch
1918 3098 90 54 bei
2049 3101 144 50 allen

64 3178 231 50 anderen
329 3179 347 51 Lebewesen.

793 3264 9 11 /

766 3276 26 60 /

1092 3290 66 52 27
