2113 3404
778 247 86 36 THE
897 249 243 36 DISORDERS
1172 254 52 30 OF
1256 254 174 33 SPEECH.

278 232 85 42 174

277 362 201 55 glyphics
499 379 47 28 as
569 365 44 43 in
637 366 74 44 the
734 367 195 45 Chinese.
991 370 129 43 After
1152 372 72 42 the
1255 373 202 55 phonetic
1479 376 180 54 symbol,
1681 391 117 29 came
1820 378 71 44 the

278 433 366 47 "determinative
677 438 129 56 sign,"
838 440 44 41 in
915 440 73 42 the
1020 441 132 55 shape
1183 443 44 41 of
1259 456 23 30 a
1315 449 165 49 picture
1512 451 43 36 to
1587 446 51 42 be
1669 447 102 42 read
1801 462 45 28 as
1867 464 25 28 a

279 504 179 54 picture.
520 506 130 53 Thus,
671 509 74 42 the
767 509 117 56 signs
906 510 66 42 for
992 516 20 15 "
1029 511 72 42 the
1122 511 151 42 letters
1294 511 37 42 k
1350 512 37 42 k
1411 514 196 43 followed
1634 516 52 42 by
1712 516 73 42 the
1807 519 85 53 pic-

277 579 95 39 ture
410 577 44 40 of
490 591 25 28 a
551 583 89 38 star
680 580 190 55 hanging
907 581 108 41 from
1057 581 165 43 heaven
1258 597 126 27 mean
1424 585 256 43 'darkness'
1724 588 170 54 (Coptic

273 644 222 55 kake)."1
572 649 73 41 Mr
681 650 130 55 Tylor
846 664 98 40 says
982 651 96 41 that
1115 651 84 42 had
1235 652 120 42 there
1392 653 108 43 been
1537 669 111 29 none
1691 658 46 40 of
1774 657 119 44 these

277 718 332 43 determinative
632 719 118 55 signs
772 719 44 41 in
840 719 73 41 the
935 719 291 55 inscriptions,
1248 721 73 42 the
1345 722 278 57 deciphering
1644 726 44 41 of
1709 726 116 42 them
1848 728 46 41 in

278 790 178 41 modern
494 791 127 40 times
658 793 20 17 "
694 789 126 41 could
856 789 155 54 hardly
1042 790 109 42 have
1187 805 108 41 gone
1332 806 24 27 a
1391 798 95 50 step
1518 795 168 55 beyond
1710 796 71 42 the
1803 798 92 42 first

277 864 130 52 stage,
429 860 75 43 the
525 860 179 42 reading
726 860 46 41 of
790 859 73 42 the
884 859 139 54 kings'
1047 861 181 41 names."

335 931 91 41 The
462 930 117 41 third
611 933 188 38 element
835 928 46 43 in
918 929 74 41 the
1029 930 316 55 hieroglyphics
1383 932 35 44 is
1453 934 207 52 believed,
1698 936 57 55 by
1781 942 112 37 most

280 1001 268 49 authorities,
565 1005 43 36 to
625 999 111 42 have
752 999 224 41 furnished
995 1000 73 41 the
1085 1001 93 41 first
1200 1003 245 53 suggestion
1463 1008 43 37 to
1528 1005 74 42 the
1619 1005 273 44 Phoenicians

275 1071 66 41 for
357 1070 74 42 the
449 1069 294 42 construction
766 1069 46 40 of
830 1082 25 27 a
876 1068 211 55 complete
1110 1069 203 55 phonetic
1335 1072 213 55 alphabet,
1565 1073 44 42 in
1629 1074 139 42 which
1790 1076 104 41 each

275 1140 129 41 letter
426 1138 143 42 would
590 1142 221 51 represent
842 1152 25 27 a
889 1138 135 55 single
1046 1145 237 36 consonant
1305 1155 45 27 or
1371 1156 25 26 a
1424 1142 136 56 single
1583 1143 146 42 vowel.
1791 1145 101 41 This

276 1209 35 41 is
335 1208 73 42 the
430 1207 105 42 final
557 1212 94 50 step
674 1207 46 42 in
743 1207 73 42 the
838 1207 305 55 development
1165 1210 43 41 of
1233 1211 169 42 written
1425 1212 162 55 speech.
1643 1213 250 57 Obviously,

277 1281 35 41 it
334 1279 177 43 reduces
538 1279 73 41 the
635 1278 172 41 written
841 1278 240 43 characters
1114 1284 43 36 to
1189 1294 24 27 a
1245 1282 182 41 number
1457 1283 280 56 exceedingly
1759 1286 136 50 small,

275 1365 46 27 as
344 1349 227 43 compared
594 1348 107 42 with
733 1348 73 42 the
829 1349 183 41 number
1042 1350 199 54 required
1264 1350 64 42 for
1349 1351 181 55 syllabic
1561 1353 171 42 sounds,
1754 1367 46 28 or
1823 1355 71 41 the

277 1420 91 42 still
390 1424 165 52 greater
577 1420 182 40 number
780 1419 199 54 required
1001 1419 64 41 for
1086 1420 198 54 pictorial
1306 1423 370 53 representations.
1738 1424 154 41 Learn-

275 1493 75 40 ing
372 1496 43 36 to
438 1490 101 42 read
570 1489 86 42 and
678 1489 122 42 write
832 1489 196 42 becomes
1057 1504 25 27 a
1112 1491 335 55 comparatively
1470 1506 100 41 easy
1592 1499 156 36 matter
1772 1494 122 42 when

275 1562 139 42 words
446 1575 71 28 are
551 1560 101 42 thus
683 1559 275 55 represented
990 1560 57 54 by
1079 1560 118 55 signs
1228 1561 47 41 of
1307 1561 112 42 their
1455 1570 257 46 component
1748 1562 146 42 letter-

276 1632 172 43 sounds.
511 1631 43 41 If
577 1631 72 41 the
671 1630 275 42 Phoenicians
969 1644 120 36 were,
1110 1644 45 28 as
1177 1631 36 41 is
1241 1631 215 53 generally
1481 1632 207 50 believed,
1709 1632 73 42 the
1804 1633 92 41 first

278 1710 44 35 to
356 1705 223 39 construct
610 1701 106 42 such
748 1715 54 27 an
835 1700 215 55 alphabet,
1082 1701 72 42 the
1185 1701 133 41 world
1351 1716 111 27 owes
1499 1702 117 41 them
1655 1717 23 26 a
1714 1703 102 41 debt
1853 1704 46 40 of

279 1773 229 56 gratitude.
570 1770 212 43 Whether
803 1785 116 27 some
941 1784 97 41 sage
1061 1785 155 40 among
1237 1771 130 51 them,
1382 1772 151 55 taking
1554 1772 118 42 hints
1691 1773 108 41 from
1821 1773 74 42 the

282 1843 332 56 hieroglyphics,
636 1841 179 43 evolved
839 1841 72 42 the
934 1841 138 42 whole
1104 1841 204 55 alphabet
1339 1855 45 28 as
1415 1842 36 41 it
1482 1842 36 41 is
1541 1843 133 41 found
1706 1842 46 42 in
1784 1844 112 40 their

276 1916 238 41 literature,
536 1927 46 28 or
604 1912 194 41 whether
829 1912 37 41 it
886 1925 87 28 was
1005 1911 236 55 developed
1271 1911 237 56 gradually,
1530 1912 54 55 by
1608 1927 24 27 a
1653 1926 168 41 process
1853 1914 43 40 of

279 1983 178 57 gradual
472 1983 329 55 improvement,
816 1981 36 41 is
867 1995 109 37 now,
990 1981 23 40 I
1028 1994 195 41 suppose,
1237 1981 248 55 impossible
1502 1986 41 36 to
1558 1981 244 43 determine.
1842 1982 53 40 In

277 2055 219 42 whatever
518 2067 94 27 way
634 2053 37 41 it
702 2065 87 28 was
821 2051 257 42 elaborated,
1101 2051 119 41 there
1253 2065 77 27 can
1363 2051 52 42 be
1445 2065 55 28 no
1532 2050 135 43 doubt
1697 2051 95 41 that
1824 2052 71 41 the

278 2125 255 42 Phoenician
555 2122 206 43 alphabet
782 2135 86 28 was
891 2121 74 42 the
986 2125 153 51 parent
1161 2121 44 41 of
1234 2121 74 41 the
1331 2121 143 41 Greek
1504 2120 85 41 and
1610 2121 178 51 Eoman,
1810 2122 85 42 and

274 2196 217 42 therefore
514 2194 44 43 of
580 2194 74 42 the
677 2193 205 42 alphabet
903 2191 143 43 which
1067 2205 64 29 we
1152 2205 75 28 use
1249 2196 45 37 at
1315 2191 73 42 the
1410 2195 175 51 present
1606 2191 94 43 day.

781 2356 81 41 The
883 2356 225 41 Invention
1130 2355 49 55 of
1192 2355 216 54 Printing.

335 2478 40 41 A
397 2477 81 41 full
512 2475 83 43 and
628 2474 258 42 instructive
917 2472 150 42 article
1098 2487 54 27 on
1185 2472 288 55 Typography
1493 2471 76 43 has
1601 2473 107 41 been
1739 2471 155 43 contri-

275 2548 134 42 buted
431 2551 43 37 to
498 2547 72 41 the
593 2545 84 42 last
699 2545 160 42 edition
884 2544 47 41 of
959 2543 74 42 the
1056 2542 316 55 Encyclopcedia
1395 2542 284 42 Britannica?
1740 2543 21 40 I
1785 2543 109 41 shall

273 2618 114 42 avail
424 2614 159 43 myself
619 2615 47 41 of
698 2614 35 41 it
769 2614 46 40 in
853 2613 178 41 making
1061 2612 101 42 here
1200 2625 24 27 a
1245 2612 82 41 few
1361 2611 112 42 brief
1506 2616 122 37 notes
1664 2625 46 28 as
1747 2616 42 37 to
1823 2612 71 41 the

273 2687 304 43 development
599 2685 46 41 of
663 2689 204 50 printing.

332 2758 155 42 Before
501 2757 73 41 the
588 2754 225 43 invention
829 2753 44 42 of
890 2756 204 51 printing,
1109 2751 133 42 books
1259 2765 107 28 were
1382 2751 43 42 of
1442 2765 147 28 course
1603 2751 228 55 published
1847 2751 44 41 in

272 2832 278 49 manuscript,
566 2826 83 41 and
668 2824 57 42 all
745 2826 153 39 figures
916 2837 47 27 or
980 2822 188 54 pictures
1185 2822 45 40 in
1249 2821 116 41 them
1391 2835 107 28 were
1520 2822 147 41 drawn
1691 2822 103 41 with
1819 2822 72 40 the

269 2913 86 42 pen
387 2911 47 28 or
455 2895 176 57 painted
662 2893 106 43 with
800 2907 25 27 a
859 2892 142 42 brush.
1065 2894 20 39 "
1100 2891 54 41 In
1187 2890 74 42 the
1290 2890 239 42 thirteenth
1562 2896 179 37 century
1772 2890 118 42 there

652 2986 11 23 1
691 2985 42 35 E.
749 2985 45 36 B.
815 2982 126 48 Tylor,
961 2994 50 34 op.
1032 2980 70 47 tit.,
1120 2993 34 35 p.
1175 2983 56 33 99.

650 3045 14 23 2
690 3045 57 35 By
766 3043 35 37 J.
823 3043 46 35 H.
891 3040 164 37 Hessells
1073 3040 74 36 and
1165 3040 100 36 John
1284 3037 231 40 Southward.
