2323 3951
984 303 25 41 8

198 448 52 42 to
277 456 78 32 me
381 440 74 48 for
481 448 83 40 ten
592 456 54 33 or
673 440 170 49 eleven
881 456 144 48 years
1062 440 340 63 immediately
1427 448 124 56 past.
1626 440 149 49 From
1812 458 87 48 my

196 511 211 49 vicinity
424 517 52 41 to
502 511 117 59 him,
641 527 91 32 our
748 511 303 48 intercourse
1075 510 87 48 has
1183 511 125 47 been
1333 509 242 65 frequent,
1602 511 98 47 and
1728 510 25 47 I
1771 512 126 47 have

195 580 99 49 had
336 581 85 47 the
458 581 108 47 best
605 581 363 63 opportunities
1007 579 57 50 of
1094 580 208 65 gaining
1339 596 31 32 a
1408 580 295 49 knowledge
1735 580 58 48 of
1820 582 76 47 his

195 652 229 56 abilities,
445 650 378 64 acquirements,
840 650 311 64 disposition,
1170 651 100 47 and
1289 665 260 33 manners;
1574 651 61 47 he
1651 667 249 47 possesses

194 721 243 48 excellent
462 720 183 48 mental
669 720 229 49 abilities,
924 720 163 49 which
1112 720 63 48 he
1201 720 86 48 has
1312 720 258 63 improven
1605 721 70 64 by
1699 737 30 32 a
1763 721 136 64 good

195 796 282 43 education,
504 790 101 48 and
628 790 236 50 enriched
889 791 51 46 in
972 789 324 64 professional
1320 789 333 60 information,
1680 791 71 63 by
1774 807 124 48 very

194 861 257 47 extensive
476 860 318 49 observation
819 860 100 49 and
943 860 152 48 study
1114 859 58 49 of
1189 860 208 48 disease,
1419 876 52 32 as
1495 860 112 48 well
1631 860 51 48 in
1707 877 31 31 a
1759 860 139 65 large

190 930 235 62 practice,
452 946 54 31 as
531 930 52 47 in
607 930 85 49 the
710 930 118 49 field
853 930 223 49 afforded
1100 930 70 48 by
1184 930 79 48 his
1286 930 239 49 situation
1550 945 54 33 as
1623 946 95 33 one
1737 929 58 50 of
1811 931 86 48 the

193 999 214 49 District
435 998 266 51 Surgeons.

261 1068 26 48 I
325 1068 95 49 feel
458 1070 204 48 assured
705 1070 108 48 that
853 1068 96 50 Mr.
977 1067 137 50 Dick
1156 1069 42 48 is
1236 1074 285 59 competent
1557 1067 78 50 for
1659 1069 86 49 the
1780 1085 112 48 per-

189 1138 253 50 formance
466 1139 58 50 of
541 1156 101 47 any
665 1139 327 64 professional
1016 1139 192 48 duties:
1249 1138 25 49 I
1297 1155 81 33 am
1403 1139 190 49 certain
1616 1140 77 47 his
1719 1146 175 58 stror^

189 1209 365 49 conscientious
590 1210 267 63 principles
882 1209 102 48 will
1018 1225 124 33 urge
1179 1209 103 48 him
1307 1215 53 42 to
1384 1209 63 48 be
1481 1209 196 49 zealous
1703 1210 52 47 in
1793 1226 101 47 aay

189 1285 179 41 matter
392 1279 62 49 he
478 1279 327 49 undertakes:
848 1278 25 48 I
897 1278 149 49 know
1065 1284 108 43 that
1187 1279 76 47 his
1284 1279 297 62 disposition
1599 1279 42 49 is
1661 1279 230 56 humane,

187 1349 101 47 and
323 1348 109 49 that
467 1349 76 48 his
568 1365 229 32 manners
834 1365 83 32 are
952 1349 198 64 gentle;
1189 1348 113 48 and,
1341 1347 128 49 from
1504 1349 139 48 these
1679 1349 100 48 and
1815 1349 76 47 his

186 1418 201 63 general
421 1418 327 64 professional
782 1425 380 57 acquirements,
1203 1417 25 48 I
1264 1434 80 32 am
1378 1418 279 49 convinced
1689 1419 64 47 he
1776 1419 116 58 will,

189 1488 252 48 wherever
475 1489 194 63 placed,
696 1495 218 47 conduct
950 1487 203 49 himself
1183 1488 120 48 with
1341 1494 247 58 courtesy,
1626 1489 266 57 attention,

188 1558 229 64 activity,
444 1559 100 49 and
570 1558 194 65 ability.

1483 1645 82 51 W.
1605 1644 217 53 LYON.

261 1760 297 60 Glasgow,
586 1764 84 47 48,
700 1761 215 50 London
943 1761 177 59 Street,

469 1830 89 51 6th
585 1832 138 65 May,
756 1834 150 48 1840.

677 2172 158 50 From
863 2171 104 49 Dr.
994 2171 409 50 Macfarlane.

254 2284 25 49 I
305 2287 126 48 have
457 2286 100 50 had
582 2287 84 49 the
690 2287 228 64 pleasure
942 2288 57 49 of
1017 2289 152 48 being
1193 2289 111 48 well
1327 2286 301 52 acquainted
1651 2293 119 42 with
1792 2285 96 50 Mr.

186 2356 137 50 John
375 2356 151 59 Dick,
580 2357 241 65 Surgeon,
875 2358 213 49 London
1139 2359 180 49 Street,
1368 2358 77 47 for
1492 2357 190 48 several
1727 2373 160 48 years.

184 2426 202 64 During
410 2427 108 48 that
541 2428 136 47 time,
707 2427 24 47 I
755 2428 128 49 have
908 2429 99 48 had
1031 2445 30 32 a
1084 2429 133 63 good
1245 2428 110 48 deal
1379 2427 58 50 of
1461 2426 326 65 professional
1811 2428 76 46 in-

183 2501 251 43 tercourse
459 2497 121 47 with
605 2497 117 57 him,
750 2498 114 57 and,
892 2514 65 33 on
989 2499 190 47 several
1203 2499 277 49 occasions,
1506 2497 126 47 have
1658 2502 101 42 met
1783 2497 104 47 him

182 2565 52 47 in
271 2567 334 48 consultation
641 2583 135 48 upon
814 2583 122 48 very
969 2568 189 48 serious
1194 2569 100 47 and
1330 2568 296 48 interesting
1660 2582 137 33 cases
1835 2565 57 49 of

183 2635 207 49 disease.
464 2635 26 48 I
517 2638 230 47 consider
771 2637 104 47 him
894 2645 52 41 to
972 2639 60 47 be
1052 2654 31 32 a
1105 2638 161 48 sound
1291 2638 98 48 and
1414 2638 111 47 well
1543 2636 178 48 skilled
1745 2652 141 47 prac-

180 2705 221 58 titioner,
429 2706 331 66 exceedingly
785 2708 243 48 attentive
1052 2714 53 41 to
1131 2708 76 47 his
1243 2708 231 64 patients,
1501 2706 101 50 and
1637 2706 251 64 zealously

182 2775 218 49 devoted
425 2781 54 44 to
504 2776 75 49 his
604 2776 325 66 professional
953 2784 236 57 pursuits.

852 2907 202 51 JOHN
1092 2908 517 51 MACFARLANE,
1650 2909 71 49 M.
1750 2908 63 49 D.

255 3025 252 67 Glasgow,
537 3026 88 54 9th
654 3025 138 65 May,
827 3028 151 46 1840.

695 3368 155 50 From
877 3367 103 51 Dr.
1007 3368 351 51 Mackenzie.

248 3486 123 48 This
405 3487 41 46 is
488 3492 53 41 to
580 3483 179 50 certify
796 3490 108 43 that
946 3484 188 49 having
1171 3484 180 48 known
1406 3483 96 49 Mr.
1550 3483 136 50 John
1725 3481 150 58 Dick,

173 3555 228 65 Surgeon
428 3556 51 47 in
508 3554 251 64 Glasgow,
788 3553 74 50 for
881 3570 30 34 a
928 3554 341 50 considerable
1295 3554 210 49 number
1523 3553 58 49 of
1598 3569 157 49 years,
1779 3553 98 48 and
