1895 3217
710 313 241 34 MONKEYS.

1439 307 61 46 47

137 457 183 47 pensory
344 441 232 62 ligament^
613 438 148 47 which
789 438 39 47 is
858 455 91 31 also
973 439 112 46 used
1107 454 49 30 as
1180 454 59 31 an
1262 449 238 37 argument

131 520 102 45 that
247 525 78 40 the
342 517 182 47 natural
541 516 93 63 gait
652 516 51 46 of
711 523 127 39 these
857 516 190 46 animals
1065 516 37 46 is
1117 523 78 39 not
1211 519 287 59 quadruped;

130 596 65 47 for
207 597 79 46 the
300 595 219 46 immense
535 594 167 46 weight
720 593 50 47 of
780 594 78 46 the
870 594 117 62 jaws
1006 593 50 47 of
1064 600 79 40 the
1158 594 167 56 adults^
1344 609 158 47 placed

131 689 46 31 so
201 672 66 47 far
289 672 66 48 off
369 679 79 40 the
471 687 164 39 centre^
655 672 130 46 could
806 677 80 40 not
903 671 199 62 possibly
1115 672 55 46 be
1189 672 241 61 supported
1452 672 49 46 in

129 751 103 46 that
266 757 207 56 position,
515 749 194 46 without
741 764 121 31 some
893 748 225 62 provision
1157 748 51 47 of
1243 749 91 46 this
1373 748 126 47 kind.

131 828 266 46 Additional
414 825 308 48 confirmation
741 825 50 47 of
799 826 92 46 this
909 833 237 54 argument
1164 825 37 47 is
1215 833 79 39 the
1312 827 189 46 absence

130 904 50 47 of
185 912 78 38 the
279 903 331 47 suspensorium
625 904 130 54 oculi,
765 918 28 30 a
805 903 170 45 muscle
990 903 139 46 found
1143 903 355 56 inquadmpeds,

130 982 89 46 and
243 982 232 61 evidently
497 980 217 46 intended
735 986 47 40 to
804 980 163 46 relieve
989 986 79 40 the
1093 987 162 49 others,
1281 982 92 45 and
1395 983 54 44 be
1473 997 28 30 a

129 1065 173 55 greater
340 1064 183 56 support
556 1064 47 39 to
636 1063 79 40 the
749 1073 106 30 eyes
890 1058 135 45 when
1064 1058 243 46 continued
1340 1058 49 46 in
1420 1060 81 45 the

130 1151 135 46 prone
288 1142 206 55 position.

197 1215 146 44 These
361 1229 73 29 are
453 1219 78 38 the
547 1211 218 62 principal
778 1211 301 62 peculiarities
1095 1212 50 46 of
1154 1219 222 40 structure
1395 1230 105 30 con-

130 1290 162 46 nected
315 1290 114 45 with
451 1304 273 46 progression
755 1289 90 45 and
867 1289 227 54 attitude;
1125 1290 91 45 and
1238 1289 37 46 it
1298 1297 124 39 must
1445 1293 56 44 be

131 1373 48 38 at
202 1381 106 32 once
331 1366 246 61 perceived,
601 1371 103 39 that
727 1365 177 45 neither
924 1371 79 39 the
1027 1372 117 39 erect
1167 1381 48 30 or
1237 1368 264 60 quadruped

129 1449 195 54 posture,
340 1442 37 45 is
393 1448 77 39 the
486 1457 205 30 common
706 1442 89 45 and
810 1442 182 45 natural
1008 1457 82 31 one
1107 1442 50 46 of
1163 1449 79 39 the
1260 1444 237 46 monkeys,

131 1519 90 46 and
242 1525 102 39 that
366 1525 113 55 they
496 1518 95 46 will
609 1533 181 47 employ
805 1518 144 46 either
971 1534 49 30 as
1044 1534 200 30 occasion
1277 1520 219 46 requires,

131 1595 47 46 in
211 1596 118 46 their
364 1595 145 47 silvan
546 1611 47 31 or
629 1611 138 46 rocky
803 1596 176 46 abodes.
1048 1597 152 60 Every
1235 1603 128 39 other
1398 1605 101 53 part

131 1672 51 46 of
210 1673 78 45 the
324 1673 112 47 form
467 1673 96 45 will
600 1678 180 56 present
811 1688 120 30 some
962 1672 269 55 difference;
1267 1675 83 44 but
1385 1681 113 38 with

130 1757 77 38 the
242 1756 233 40 exception
505 1749 52 47 of
581 1757 78 39 the
694 1757 299 40 construction
1017 1749 50 47 of
1089 1751 79 45 the
1201 1751 181 61 larynx,
1408 1752 88 44 and

131 1827 215 60 principal
369 1842 155 31 organs
548 1827 239 61 employed
808 1827 48 45 in
879 1827 78 46 the
975 1825 175 64 faculty
1168 1827 51 46 of
1233 1843 174 45 speech,
1429 1844 69 29 we

132 1903 115 45 shall
268 1919 172 46 merely
463 1910 202 38 mention
688 1919 28 29 a
737 1902 88 47 few
843 1902 49 47 of
906 1910 78 39 the
998 1904 251 60 remaining
1265 1910 118 39 most
1398 1920 100 44 pro-

132 1979 176 45 minent
346 1979 299 61 peculiarities
689 1979 233 46 exhibited
964 1981 63 59 by
1062 1980 79 45 the
1182 1979 187 47 African
1409 1981 89 44 and

137 2055 175 46 Asiatic
336 2071 169 46 orangs.

201 2133 144 45 There
369 2147 117 31 were
510 2132 106 61 only
631 2130 98 47 four
749 2131 179 46 lumbar
951 2133 217 45 vertebrae
1186 2132 47 46 in
1252 2133 66 46 Dr
1338 2133 160 46 Trail’s

134 2225 147 46 orang,
306 2208 48 47 in
377 2209 92 45 this
491 2213 170 41 respect
680 2208 170 46 similar
867 2214 45 40 to
930 2209 79 45 the
1028 2208 176 47 Asiatic
1223 2210 164 61 species
1406 2210 92 46 dis-

135 2287 147 45 sected
295 2288 62 60 by
373 2287 165 45 Messrs
554 2286 143 46 Owen
712 2286 90 46 and
817 2286 175 46 Yarrel.
1030 2287 56 46 In
1103 2288 79 45 the
1199 2287 97 46 first
1311 2289 185 53 animal,

135 2363 220 55 however,
384 2369 127 39 there
540 2378 116 30 were
684 2364 197 44 thirteen
910 2364 144 44 dorsal
1087 2370 231 49 vertebrae,
1352 2365 90 45 and
1472 2381 26 29 a

137 2439 169 46 similar
333 2441 190 44 number
552 2439 50 47 of
621 2440 120 53 ribs;
770 2440 48 45 in
847 2440 79 45 the
955 2440 151 55 latter,
1132 2442 107 60 only
1262 2448 167 38 twelve
1456 2440 49 46 of

137 2516 121 45 each.
329 2517 97 44 The
453 2516 138 46 lower
619 2532 189 46 opening
834 2516 50 46 of
905 2523 79 39 the
1009 2518 142 60 pelvis
1182 2518 48 44 in
1263 2518 78 44 the
1369 2518 130 45 black

139 2607 134 46 orang
294 2592 38 46 is
355 2608 109 46 very
486 2593 150 62 large;
671 2600 78 41 the
774 2609 173 31 sacrum
971 2593 37 47 is
1033 2609 108 46 very
1166 2609 188 30 narrow.
1424 2594 74 45 No

203 2683 101 32 VOL.
329 2684 31 30 I.
1281 2685 26 31 F
