<?xml version="1.0" encoding="UTF-8"?>
<alto xmlns="http://www.loc.gov/standards/alto/ns-v2#" xmlns:xsi="http://www.w3.org/2001/XMLSchema-instance" xsi:schemaLocation="http://www.loc.gov/standards/alto/ns-v2# http://www.loc.gov/standards/alto/alto.xsd">
  <Description>
    <MeasurementUnit>pixel</MeasurementUnit>
    <sourceImageInformation>
      <fileName>b22031261_abbyy.xml</fileName>
    </sourceImageInformation>
    <OCRProcessing ID="OCR_1">
      <preProcessingStep>
        <processingDateTime>2016-02-11T05:40:32</processingDateTime>
        <processingAgency>intranda GmbH, www.intranda.com</processingAgency>
        <processingSoftware>
          <softwareCreator>intranda GmbH, Germany</softwareCreator>
          <softwareName>intranda OCR Module for TaskManager</softwareName>
          <softwareVersion>1.0r42</softwareVersion>
        </processingSoftware>
      </preProcessingStep>
      <ocrProcessingStep>
        <processingSoftware>
          <softwareCreator>ABBYY (BIT Software), Russia</softwareCreator>
          <softwareName>FineReader Engine</softwareName>
          <softwareVersion>10</softwareVersion>
        </processingSoftware>
      </ocrProcessingStep>
    </OCRProcessing>
  </Description>
  <Layout>
    <Page PHYSICAL_IMG_NR="66" ID="PAGE_66" WIDTH="1895" HEIGHT="3217">
      <TopMargin ID="TopMargin_51" HPOS="373" VPOS="313" WIDTH="789" HEIGHT="48">
        <TextBlock ID="TextBlock_1174" HPOS="373" VPOS="313" WIDTH="789" HEIGHT="48">
          <TextLine ID="TextLine_1653" HPOS="925" VPOS="315" WIDTH="237" HEIGHT="33">
            <String CONTENT="MOlsKEl'S." ID="Word_12853" HPOS="925" VPOS="315" WIDTH="237" HEIGHT="33" />
          </TextLine>
          <TextLine ID="TextLine_1652" HPOS="373" VPOS="313" WIDTH="59" HEIGHT="48">
            <String CONTENT="56" ID="Word_12852" HPOS="373" VPOS="313" WIDTH="59" HEIGHT="48" />
          </TextLine>
        </TextBlock>
      </TopMargin>
      <PrintSpace ID="PrintSpace_67" HPOS="359" VPOS="987" WIDTH="1371" HEIGHT="1654">
        <TextBlock ID="TextBlock_213" HPOS="440" VPOS="987" WIDTH="1216" HEIGHT="139">
          <TextLine ID="TextLine_1654" HPOS="440" VPOS="987" WIDTH="1216" HEIGHT="57">
            <String CONTENT="MONKEYS" ID="Word_12854" HPOS="440" VPOS="987" WIDTH="321" HEIGHT="48" />
            <SP ID="SP_11205" HPOS="762" VPOS="989" WIDTH="34" HEIGHT="0" />
            <String CONTENT="OF" ID="Word_12855" HPOS="797" VPOS="989" WIDTH="78" HEIGHT="45" />
            <SP ID="SP_11206" HPOS="876" VPOS="989" WIDTH="35" HEIGHT="0" />
            <String CONTENT="ASIA" ID="Word_12856" HPOS="912" VPOS="988" WIDTH="150" HEIGHT="47" />
            <SP ID="SP_11207" HPOS="1063" VPOS="988" WIDTH="36" HEIGHT="0" />
            <String CONTENT="AND" ID="Word_12857" HPOS="1100" VPOS="989" WIDTH="142" HEIGHT="46" />
            <SP ID="SP_11208" HPOS="1243" VPOS="989" WIDTH="34" HEIGHT="0" />
            <String CONTENT="AFRICA," ID="Word_12858" HPOS="1278" VPOS="988" WIDTH="258" HEIGHT="56" />
            <SP ID="SP_11209" HPOS="1537" VPOS="988" WIDTH="36" HEIGHT="0" />
            <String CONTENT="OR" ID="Word_12859" HPOS="1574" VPOS="988" WIDTH="82" HEIGHT="48" />
          </TextLine>
          <TextLine ID="TextLine_1655" HPOS="586" VPOS="1078" WIDTH="936" HEIGHT="48">
            <String CONTENT="THOSE" ID="Word_12860" HPOS="586" VPOS="1078" WIDTH="206" HEIGHT="45" />
            <SP ID="SP_11210" HPOS="793" VPOS="1079" WIDTH="35" HEIGHT="0" />
            <String CONTENT="OF" ID="Word_12861" HPOS="829" VPOS="1079" WIDTH="79" HEIGHT="44" />
            <SP ID="SP_11211" HPOS="909" VPOS="1079" WIDTH="36" HEIGHT="0" />
            <String CONTENT="THE" ID="Word_12862" HPOS="946" VPOS="1080" WIDTH="131" HEIGHT="44" />
            <SP ID="SP_11212" HPOS="1078" VPOS="1079" WIDTH="35" HEIGHT="0" />
            <String CONTENT="OLD" ID="Word_12863" HPOS="1114" VPOS="1079" WIDTH="124" HEIGHT="45" />
            <SP ID="SP_11213" HPOS="1239" VPOS="1080" WIDTH="33" HEIGHT="0" />
            <String CONTENT="WORLD." ID="Word_12864" HPOS="1273" VPOS="1080" WIDTH="249" HEIGHT="46" />
          </TextLine>
        </TextBlock>
        <TextBlock ID="TextBlock_214" HPOS="359" VPOS="1364" WIDTH="1371" HEIGHT="1277">
          <TextLine ID="TextLine_1656" HPOS="855" VPOS="1364" WIDTH="384" HEIGHT="39">
            <String CONTENT="THE" ID="Word_12865" HPOS="855" VPOS="1364" WIDTH="109" HEIGHT="37" />
            <SP ID="SP_11214" HPOS="965" VPOS="1364" WIDTH="38" HEIGHT="0" />
            <String CONTENT="ORANGS." ID="Word_12866" HPOS="1004" VPOS="1364" WIDTH="235" HEIGHT="39" />
          </TextLine>
          <TextLine ID="TextLine_1657" HPOS="435" VPOS="1505" WIDTH="1295" HEIGHT="62">
            <String CONTENT="The" ID="Word_12867" HPOS="435" VPOS="1506" WIDTH="105" HEIGHT="44" />
            <SP ID="SP_11215" HPOS="541" VPOS="1520" WIDTH="22" HEIGHT="0" />
            <String CONTENT="animals" ID="Word_12868" HPOS="564" VPOS="1505" WIDTH="191" HEIGHT="46" />
            <SP ID="SP_11216" HPOS="756" VPOS="1522" WIDTH="23" HEIGHT="0" />
            <String CONTENT="which" ID="Word_12869" HPOS="780" VPOS="1506" WIDTH="147" HEIGHT="45" />
            <SP ID="SP_11217" HPOS="928" VPOS="1507" WIDTH="32" HEIGHT="0" />
            <String CONTENT="have" ID="Word_12870" HPOS="961" VPOS="1507" WIDTH="115" HEIGHT="45" />
            <SP ID="SP_11218" HPOS="1077" VPOS="1523" WIDTH="29" HEIGHT="0" />
            <String CONTENT="generally" ID="Word_12871" HPOS="1107" VPOS="1508" WIDTH="227" HEIGHT="59" />
            <SP ID="SP_11219" HPOS="1335" VPOS="1508" WIDTH="21" HEIGHT="0" />
            <String CONTENT="been" ID="Word_12872" HPOS="1357" VPOS="1508" WIDTH="112" HEIGHT="44" />
            <SP ID="SP_11220" HPOS="1470" VPOS="1523" WIDTH="28" HEIGHT="0" />
            <String CONTENT="placed" ID="Word_12873" HPOS="1499" VPOS="1508" WIDTH="157" HEIGHT="59" />
            <SP ID="SP_11221" HPOS="1657" VPOS="1508" WIDTH="25" HEIGHT="0" />
            <String CONTENT="in" ID="Word_12874" HPOS="1683" VPOS="1508" WIDTH="47" HEIGHT="46" />
          </TextLine>
          <TextLine ID="TextLine_1658" HPOS="363" VPOS="1582" WIDTH="1360" HEIGHT="63">
            <String CONTENT="this" ID="Word_12875" HPOS="363" VPOS="1583" WIDTH="93" HEIGHT="44" />
            <SP ID="SP_11222" HPOS="457" VPOS="1583" WIDTH="35" HEIGHT="0" />
            <String CONTENT="division" ID="Word_12876" HPOS="493" VPOS="1582" WIDTH="190" HEIGHT="45" />
            <SP ID="SP_11223" HPOS="684" VPOS="1598" WIDTH="38" HEIGHT="0" />
            <String CONTENT="are" ID="Word_12877" HPOS="723" VPOS="1598" WIDTH="74" HEIGHT="29" />
            <SP ID="SP_11224" HPOS="798" VPOS="1589" WIDTH="42" HEIGHT="0" />
            <String CONTENT="those," ID="Word_12878" HPOS="841" VPOS="1589" WIDTH="142" HEIGHT="47" />
            <SP ID="SP_11225" HPOS="984" VPOS="1599" WIDTH="46" HEIGHT="0" />
            <String CONTENT="which" ID="Word_12879" HPOS="1031" VPOS="1583" WIDTH="148" HEIGHT="44" />
            <SP ID="SP_11226" HPOS="1180" VPOS="1583" WIDTH="38" HEIGHT="0" />
            <String CONTENT="of" ID="Word_12880" HPOS="1219" VPOS="1582" WIDTH="50" HEIGHT="46" />
            <SP ID="SP_11227" HPOS="1270" VPOS="1582" WIDTH="24" HEIGHT="0" />
            <String CONTENT="all" ID="Word_12881" HPOS="1295" VPOS="1584" WIDTH="61" HEIGHT="45" />
            <SP ID="SP_11228" HPOS="1357" VPOS="1584" WIDTH="42" HEIGHT="0" />
            <String CONTENT="creation," ID="Word_12882" HPOS="1400" VPOS="1590" WIDTH="208" HEIGHT="48" />
            <SP ID="SP_11229" HPOS="1609" VPOS="1600" WIDTH="41" HEIGHT="0" />
            <String CONTENT="ap-" ID="Word_12883" HPOS="1651" VPOS="1600" WIDTH="72" HEIGHT="45" />
          </TextLine>
          <TextLine ID="TextLine_1659" HPOS="365" VPOS="1659" WIDTH="1364" HEIGHT="62">
            <String CONTENT="proach" ID="Word_12884" HPOS="365" VPOS="1659" WIDTH="160" HEIGHT="61" />
            <SP ID="SP_11230" HPOS="526" VPOS="1659" WIDTH="17" HEIGHT="0" />
            <String CONTENT="nearest" ID="Word_12885" HPOS="544" VPOS="1665" WIDTH="175" HEIGHT="39" />
            <SP ID="SP_11231" HPOS="720" VPOS="1665" WIDTH="24" HEIGHT="0" />
            <String CONTENT="to" ID="Word_12886" HPOS="745" VPOS="1665" WIDTH="45" HEIGHT="39" />
            <SP ID="SP_11232" HPOS="791" VPOS="1674" WIDTH="21" HEIGHT="0" />
            <String CONTENT="man" ID="Word_12887" HPOS="813" VPOS="1675" WIDTH="108" HEIGHT="29" />
            <SP ID="SP_11233" HPOS="922" VPOS="1659" WIDTH="21" HEIGHT="0" />
            <String CONTENT="in" ID="Word_12888" HPOS="944" VPOS="1659" WIDTH="48" HEIGHT="45" />
            <SP ID="SP_11234" HPOS="993" VPOS="1666" WIDTH="21" HEIGHT="0" />
            <String CONTENT="their" ID="Word_12889" HPOS="1015" VPOS="1660" WIDTH="118" HEIGHT="44" />
            <SP ID="SP_11235" HPOS="1134" VPOS="1675" WIDTH="20" HEIGHT="0" />
            <String CONTENT="structure." ID="Word_12890" HPOS="1155" VPOS="1665" WIDTH="234" HEIGHT="39" />
            <SP ID="SP_11236" HPOS="1390" VPOS="1661" WIDTH="69" HEIGHT="0" />
            <String CONTENT="They" ID="Word_12891" HPOS="1460" VPOS="1661" WIDTH="130" HEIGHT="60" />
            <SP ID="SP_11237" HPOS="1591" VPOS="1661" WIDTH="23" HEIGHT="0" />
            <String CONTENT="have" ID="Word_12892" HPOS="1615" VPOS="1661" WIDTH="114" HEIGHT="44" />
          </TextLine>
          <TextLine ID="TextLine_1660" HPOS="362" VPOS="1735" WIDTH="1366" HEIGHT="62">
            <String CONTENT="generally" ID="Word_12893" HPOS="362" VPOS="1736" WIDTH="228" HEIGHT="61" />
            <SP ID="SP_11238" HPOS="591" VPOS="1737" WIDTH="32" HEIGHT="0" />
            <String CONTENT="been" ID="Word_12894" HPOS="624" VPOS="1737" WIDTH="112" HEIGHT="44" />
            <SP ID="SP_11239" HPOS="737" VPOS="1752" WIDTH="31" HEIGHT="0" />
            <String CONTENT="placed" ID="Word_12895" HPOS="769" VPOS="1751" WIDTH="156" HEIGHT="45" />
            <SP ID="SP_11240" HPOS="926" VPOS="1735" WIDTH="30" HEIGHT="0" />
            <String CONTENT="first" ID="Word_12896" HPOS="957" VPOS="1735" WIDTH="97" HEIGHT="45" />
            <SP ID="SP_11241" HPOS="1055" VPOS="1736" WIDTH="31" HEIGHT="0" />
            <String CONTENT="in" ID="Word_12897" HPOS="1087" VPOS="1736" WIDTH="48" HEIGHT="44" />
            <SP ID="SP_11242" HPOS="1136" VPOS="1751" WIDTH="32" HEIGHT="0" />
            <String CONTENT="our" ID="Word_12898" HPOS="1169" VPOS="1751" WIDTH="81" HEIGHT="30" />
            <SP ID="SP_11243" HPOS="1251" VPOS="1752" WIDTH="30" HEIGHT="0" />
            <String CONTENT="systems," ID="Word_12899" HPOS="1282" VPOS="1743" WIDTH="208" HEIGHT="53" />
            <SP ID="SP_11244" HPOS="1491" VPOS="1752" WIDTH="40" HEIGHT="0" />
            <String CONTENT="and" ID="Word_12900" HPOS="1532" VPOS="1737" WIDTH="90" HEIGHT="44" />
            <SP ID="SP_11245" HPOS="1623" VPOS="1737" WIDTH="35" HEIGHT="0" />
            <String CONTENT="we" ID="Word_12901" HPOS="1659" VPOS="1753" WIDTH="69" HEIGHT="29" />
          </TextLine>
          <TextLine ID="TextLine_1661" HPOS="363" VPOS="1812" WIDTH="1364" HEIGHT="61">
            <String CONTENT="have" ID="Word_12902" HPOS="363" VPOS="1812" WIDTH="116" HEIGHT="45" />
            <SP ID="SP_11246" HPOS="480" VPOS="1828" WIDTH="28" HEIGHT="0" />
            <String CONTENT="now" ID="Word_12903" HPOS="509" VPOS="1828" WIDTH="103" HEIGHT="30" />
            <SP ID="SP_11247" HPOS="613" VPOS="1819" WIDTH="22" HEIGHT="0" />
            <String CONTENT="to" ID="Word_12904" HPOS="636" VPOS="1819" WIDTH="44" HEIGHT="39" />
            <SP ID="SP_11248" HPOS="681" VPOS="1828" WIDTH="22" HEIGHT="0" />
            <String CONTENT="point" ID="Word_12905" HPOS="704" VPOS="1812" WIDTH="125" HEIGHT="61" />
            <SP ID="SP_11249" HPOS="830" VPOS="1818" WIDTH="33" HEIGHT="0" />
            <String CONTENT="out" ID="Word_12906" HPOS="864" VPOS="1818" WIDTH="78" HEIGHT="39" />
            <SP ID="SP_11250" HPOS="943" VPOS="1818" WIDTH="25" HEIGHT="0" />
            <String CONTENT="those" ID="Word_12907" HPOS="969" VPOS="1818" WIDTH="126" HEIGHT="39" />
            <SP ID="SP_11251" HPOS="1096" VPOS="1827" WIDTH="32" HEIGHT="0" />
            <String CONTENT="characters" ID="Word_12908" HPOS="1129" VPOS="1812" WIDTH="247" HEIGHT="45" />
            <SP ID="SP_11252" HPOS="1377" VPOS="1813" WIDTH="32" HEIGHT="0" />
            <String CONTENT="important" ID="Word_12909" HPOS="1410" VPOS="1813" WIDTH="246" HEIGHT="60" />
            <SP ID="SP_11253" HPOS="1657" VPOS="1814" WIDTH="22" HEIGHT="0" />
            <String CONTENT="in" ID="Word_12910" HPOS="1680" VPOS="1814" WIDTH="47" HEIGHT="45" />
          </TextLine>
          <TextLine ID="TextLine_1662" HPOS="364" VPOS="1888" WIDTH="1364" HEIGHT="62">
            <String CONTENT="arrangement," ID="Word_12911" HPOS="364" VPOS="1905" WIDTH="326" HEIGHT="45" />
            <SP ID="SP_11254" HPOS="691" VPOS="1905" WIDTH="23" HEIGHT="0" />
            <String CONTENT="and" ID="Word_12912" HPOS="715" VPOS="1889" WIDTH="90" HEIGHT="45" />
            <SP ID="SP_11255" HPOS="806" VPOS="1889" WIDTH="20" HEIGHT="0" />
            <String CONTENT="the" ID="Word_12913" HPOS="827" VPOS="1889" WIDTH="78" HEIGHT="44" />
            <SP ID="SP_11256" HPOS="906" VPOS="1888" WIDTH="22" HEIGHT="0" />
            <String CONTENT="distinctions" ID="Word_12914" HPOS="929" VPOS="1888" WIDTH="279" HEIGHT="45" />
            <SP ID="SP_11257" HPOS="1209" VPOS="1905" WIDTH="22" HEIGHT="0" />
            <String CONTENT="which" ID="Word_12915" HPOS="1232" VPOS="1889" WIDTH="148" HEIGHT="44" />
            <SP ID="SP_11258" HPOS="1381" VPOS="1889" WIDTH="22" HEIGHT="0" />
            <String CONTENT="will" ID="Word_12916" HPOS="1404" VPOS="1889" WIDTH="95" HEIGHT="45" />
            <SP ID="SP_11259" HPOS="1500" VPOS="1889" WIDTH="25" HEIGHT="0" />
            <String CONTENT="separate" ID="Word_12917" HPOS="1526" VPOS="1897" WIDTH="202" HEIGHT="38" />
          </TextLine>
          <TextLine ID="TextLine_1663" HPOS="363" VPOS="1965" WIDTH="1363" HEIGHT="62">
            <String CONTENT="the" ID="Word_12918" HPOS="363" VPOS="1973" WIDTH="79" HEIGHT="39" />
            <SP ID="SP_11260" HPOS="443" VPOS="1982" WIDTH="43" HEIGHT="0" />
            <String CONTENT="species." ID="Word_12919" HPOS="487" VPOS="1967" WIDTH="177" HEIGHT="45" />
            <SP ID="SP_11261" HPOS="665" VPOS="1967" WIDTH="90" HEIGHT="0" />
            <String CONTENT="They" ID="Word_12920" HPOS="756" VPOS="1967" WIDTH="131" HEIGHT="60" />
            <SP ID="SP_11262" HPOS="888" VPOS="1966" WIDTH="40" HEIGHT="0" />
            <String CONTENT="have" ID="Word_12921" HPOS="929" VPOS="1966" WIDTH="117" HEIGHT="45" />
            <SP ID="SP_11263" HPOS="1047" VPOS="1966" WIDTH="42" HEIGHT="0" />
            <String CONTENT="been" ID="Word_12922" HPOS="1090" VPOS="1966" WIDTH="112" HEIGHT="44" />
            <SP ID="SP_11264" HPOS="1203" VPOS="1966" WIDTH="43" HEIGHT="0" />
            <String CONTENT="divided" ID="Word_12923" HPOS="1247" VPOS="1966" WIDTH="181" HEIGHT="45" />
            <SP ID="SP_11265" HPOS="1429" VPOS="1965" WIDTH="37" HEIGHT="0" />
            <String CONTENT="into" ID="Word_12924" HPOS="1467" VPOS="1965" WIDTH="94" HEIGHT="47" />
            <SP ID="SP_11266" HPOS="1562" VPOS="1973" WIDTH="38" HEIGHT="0" />
            <String CONTENT="three" ID="Word_12925" HPOS="1601" VPOS="1968" WIDTH="125" HEIGHT="44" />
          </TextLine>
          <TextLine ID="TextLine_1664" HPOS="363" VPOS="2042" WIDTH="1365" HEIGHT="62">
            <String CONTENT="genera," ID="Word_12926" HPOS="363" VPOS="2058" WIDTH="176" HEIGHT="46" />
            <SP ID="SP_11267" HPOS="540" VPOS="2050" WIDTH="27" HEIGHT="0" />
            <String CONTENT="the" ID="Word_12927" HPOS="568" VPOS="2044" WIDTH="78" HEIGHT="45" />
            <SP ID="SP_11268" HPOS="647" VPOS="2043" WIDTH="31" HEIGHT="0" />
            <String CONTENT="first" ID="Word_12928" HPOS="679" VPOS="2043" WIDTH="97" HEIGHT="45" />
            <SP ID="SP_11269" HPOS="777" VPOS="2050" WIDTH="37" HEIGHT="0" />
            <String CONTENT="of" ID="Word_12929" HPOS="815" VPOS="2043" WIDTH="50" HEIGHT="46" />
            <SP ID="SP_11270" HPOS="866" VPOS="2043" WIDTH="30" HEIGHT="0" />
            <String CONTENT="which" ID="Word_12930" HPOS="897" VPOS="2042" WIDTH="147" HEIGHT="45" />
            <SP ID="SP_11271" HPOS="1045" VPOS="2042" WIDTH="36" HEIGHT="0" />
            <String CONTENT="is" ID="Word_12931" HPOS="1082" VPOS="2042" WIDTH="37" HEIGHT="45" />
            <SP ID="SP_11272" HPOS="1120" VPOS="2058" WIDTH="34" HEIGHT="0" />
            <String CONTENT="named" ID="Word_12932" HPOS="1155" VPOS="2042" WIDTH="165" HEIGHT="46" />
            <SP ID="SP_11273" HPOS="1321" VPOS="2042" WIDTH="35" HEIGHT="0" />
            <String CONTENT="Troglodytes" ID="Word_12933" HPOS="1357" VPOS="2042" WIDTH="279" HEIGHT="61" />
            <SP ID="SP_11274" HPOS="1637" VPOS="2045" WIDTH="28" HEIGHT="0" />
            <String CONTENT="by" ID="Word_12934" HPOS="1666" VPOS="2045" WIDTH="62" HEIGHT="59" />
          </TextLine>
          <TextLine ID="TextLine_1665" HPOS="365" VPOS="2118" WIDTH="1363" HEIGHT="62">
            <String CONTENT="Geoffroy" ID="Word_12935" HPOS="365" VPOS="2119" WIDTH="210" HEIGHT="61" />
            <SP ID="SP_11275" HPOS="576" VPOS="2121" WIDTH="20" HEIGHT="0" />
            <String CONTENT="Saint" ID="Word_12936" HPOS="597" VPOS="2121" WIDTH="128" HEIGHT="45" />
            <SP ID="SP_11276" HPOS="726" VPOS="2121" WIDTH="24" HEIGHT="0" />
            <String CONTENT="Hilaire," ID="Word_12937" HPOS="751" VPOS="2120" WIDTH="187" HEIGHT="52" />
            <SP ID="SP_11277" HPOS="939" VPOS="2135" WIDTH="25" HEIGHT="0" />
            <String CONTENT="and" ID="Word_12938" HPOS="965" VPOS="2120" WIDTH="89" HEIGHT="45" />
            <SP ID="SP_11278" HPOS="1055" VPOS="2120" WIDTH="12" HEIGHT="0" />
            <String CONTENT="is" ID="Word_12939" HPOS="1068" VPOS="2121" WIDTH="37" HEIGHT="43" />
            <SP ID="SP_11279" HPOS="1106" VPOS="2135" WIDTH="16" HEIGHT="0" />
            <String CONTENT="characterised" ID="Word_12940" HPOS="1123" VPOS="2118" WIDTH="320" HEIGHT="46" />
            <SP ID="SP_11280" HPOS="1444" VPOS="2119" WIDTH="20" HEIGHT="0" />
            <String CONTENT="by" ID="Word_12941" HPOS="1465" VPOS="2120" WIDTH="61" HEIGHT="59" />
            <SP ID="SP_11281" HPOS="1527" VPOS="2135" WIDTH="21" HEIGHT="0" />
            <String CONTENT="a" ID="Word_12942" HPOS="1549" VPOS="2135" WIDTH="28" HEIGHT="29" />
            <SP ID="SP_11282" HPOS="1578" VPOS="2118" WIDTH="19" HEIGHT="0" />
            <String CONTENT="facial" ID="Word_12943" HPOS="1598" VPOS="2118" WIDTH="130" HEIGHT="47" />
          </TextLine>
          <TextLine ID="TextLine_1666" HPOS="365" VPOS="2195" WIDTH="1360" HEIGHT="62">
            <String CONTENT="angle" ID="Word_12944" HPOS="365" VPOS="2197" WIDTH="127" HEIGHT="60" />
            <SP ID="SP_11283" HPOS="493" VPOS="2210" WIDTH="19" HEIGHT="0" />
            <String CONTENT="of" ID="Word_12945" HPOS="513" VPOS="2195" WIDTH="52" HEIGHT="46" />
            <SP ID="SP_11284" HPOS="566" VPOS="2195" WIDTH="25" HEIGHT="0" />
            <String CONTENT="5G^;" ID="Word_12946" HPOS="592" VPOS="2200" WIDTH="110" HEIGHT="48" />
            <SP ID="SP_11285" HPOS="703" VPOS="2197" WIDTH="33" HEIGHT="0" />
            <String CONTENT="distinct" ID="Word_12947" HPOS="737" VPOS="2196" WIDTH="183" HEIGHT="44" />
            <SP ID="SP_11286" HPOS="921" VPOS="2202" WIDTH="28" HEIGHT="0" />
            <String CONTENT="superciliary" ID="Word_12948" HPOS="950" VPOS="2196" WIDTH="288" HEIGHT="60" />
            <SP ID="SP_11287" HPOS="1239" VPOS="2211" WIDTH="20" HEIGHT="0" />
            <String CONTENT="ridges;" ID="Word_12949" HPOS="1260" VPOS="2195" WIDTH="172" HEIGHT="60" />
            <SP ID="SP_11288" HPOS="1433" VPOS="2202" WIDTH="34" HEIGHT="0" />
            <String CONTENT="the" ID="Word_12950" HPOS="1468" VPOS="2202" WIDTH="77" HEIGHT="37" />
            <SP ID="SP_11289" HPOS="1546" VPOS="2210" WIDTH="22" HEIGHT="0" />
            <String CONTENT="canine" ID="Word_12951" HPOS="1569" VPOS="2196" WIDTH="156" HEIGHT="45" />
          </TextLine>
          <TextLine ID="TextLine_1667" HPOS="364" VPOS="2271" WIDTH="1361" HEIGHT="62">
            <String CONTENT="teeth" ID="Word_12952" HPOS="364" VPOS="2273" WIDTH="125" HEIGHT="44" />
            <SP ID="SP_11290" HPOS="490" VPOS="2273" WIDTH="49" HEIGHT="0" />
            <String CONTENT="slightly" ID="Word_12953" HPOS="540" VPOS="2272" WIDTH="185" HEIGHT="61" />
            <SP ID="SP_11291" HPOS="726" VPOS="2287" WIDTH="44" HEIGHT="0" />
            <String CONTENT="elongated," ID="Word_12954" HPOS="771" VPOS="2272" WIDTH="247" HEIGHT="60" />
            <SP ID="SP_11292" HPOS="1019" VPOS="2287" WIDTH="47" HEIGHT="0" />
            <String CONTENT="and" ID="Word_12955" HPOS="1067" VPOS="2271" WIDTH="90" HEIGHT="45" />
            <SP ID="SP_11293" HPOS="1158" VPOS="2271" WIDTH="41" HEIGHT="0" />
            <String CONTENT="placed" ID="Word_12956" HPOS="1200" VPOS="2271" WIDTH="155" HEIGHT="60" />
            <SP ID="SP_11294" HPOS="1356" VPOS="2271" WIDTH="42" HEIGHT="0" />
            <String CONTENT="close" ID="Word_12957" HPOS="1399" VPOS="2271" WIDTH="113" HEIGHT="45" />
            <SP ID="SP_11295" HPOS="1513" VPOS="2277" WIDTH="43" HEIGHT="0" />
            <String CONTENT="to" ID="Word_12958" HPOS="1557" VPOS="2277" WIDTH="45" HEIGHT="39" />
            <SP ID="SP_11296" HPOS="1603" VPOS="2279" WIDTH="42" HEIGHT="0" />
            <String CONTENT="the" ID="Word_12959" HPOS="1646" VPOS="2273" WIDTH="79" HEIGHT="44" />
          </TextLine>
          <TextLine ID="TextLine_1668" HPOS="365" VPOS="2347" WIDTH="1359" HEIGHT="63">
            <String CONTENT="cutting" ID="Word_12960" HPOS="365" VPOS="2349" WIDTH="174" HEIGHT="61" />
            <SP ID="SP_11297" HPOS="540" VPOS="2355" WIDTH="19" HEIGHT="0" />
            <String CONTENT="teetli," ID="Word_12961" HPOS="560" VPOS="2355" WIDTH="140" HEIGHT="47" />
            <SP ID="SP_11298" HPOS="701" VPOS="2364" WIDTH="40" HEIGHT="0" />
            <String CONTENT="as" ID="Word_12962" HPOS="742" VPOS="2364" WIDTH="48" HEIGHT="29" />
            <SP ID="SP_11299" HPOS="791" VPOS="2348" WIDTH="34" HEIGHT="0" />
            <String CONTENT="in" ID="Word_12963" HPOS="826" VPOS="2348" WIDTH="46" HEIGHT="45" />
            <SP ID="SP_11300" HPOS="873" VPOS="2364" WIDTH="34" HEIGHT="0" />
            <String CONTENT="man;" ID="Word_12964" HPOS="908" VPOS="2363" WIDTH="140" HEIGHT="39" />
            <SP ID="SP_11301" HPOS="1049" VPOS="2354" WIDTH="51" HEIGHT="0" />
            <String CONTENT="the" ID="Word_12965" HPOS="1101" VPOS="2349" WIDTH="76" HEIGHT="44" />
            <SP ID="SP_11302" HPOS="1178" VPOS="2348" WIDTH="36" HEIGHT="0" />
            <String CONTENT="head" ID="Word_12966" HPOS="1215" VPOS="2347" WIDTH="116" HEIGHT="45" />
            <SP ID="SP_11303" HPOS="1332" VPOS="2347" WIDTH="31" HEIGHT="0" />
            <String CONTENT="rounded;" ID="Word_12967" HPOS="1364" VPOS="2348" WIDTH="228" HEIGHT="54" />
            <SP ID="SP_11304" HPOS="1593" VPOS="2355" WIDTH="52" HEIGHT="0" />
            <String CONTENT="the" ID="Word_12968" HPOS="1646" VPOS="2349" WIDTH="78" HEIGHT="44" />
          </TextLine>
          <TextLine ID="TextLine_1669" HPOS="365" VPOS="2425" WIDTH="1356" HEIGHT="61">
            <String CONTENT="muzzle" ID="Word_12969" HPOS="365" VPOS="2441" WIDTH="176" HEIGHT="30" />
            <SP ID="SP_11305" HPOS="542" VPOS="2441" WIDTH="21" HEIGHT="0" />
            <String CONTENT="short;" ID="Word_12970" HPOS="564" VPOS="2426" WIDTH="153" HEIGHT="53" />
            <SP ID="SP_11306" HPOS="718" VPOS="2442" WIDTH="35" HEIGHT="0" />
            <String CONTENT="no" ID="Word_12971" HPOS="754" VPOS="2441" WIDTH="55" HEIGHT="30" />
            <SP ID="SP_11307" HPOS="810" VPOS="2432" WIDTH="38" HEIGHT="0" />
            <String CONTENT="tail," ID="Word_12972" HPOS="849" VPOS="2426" WIDTH="96" HEIGHT="53" />
            <SP ID="SP_11308" HPOS="946" VPOS="2441" WIDTH="37" HEIGHT="0" />
            <String CONTENT="cheek" ID="Word_12973" HPOS="984" VPOS="2425" WIDTH="136" HEIGHT="45" />
            <SP ID="SP_11309" HPOS="1121" VPOS="2426" WIDTH="22" HEIGHT="0" />
            <String CONTENT="pouches," ID="Word_12974" HPOS="1144" VPOS="2440" WIDTH="205" HEIGHT="46" />
            <SP ID="SP_11310" HPOS="1350" VPOS="2440" WIDTH="35" HEIGHT="0" />
            <String CONTENT="or" ID="Word_12975" HPOS="1386" VPOS="2440" WIDTH="46" HEIGHT="30" />
            <SP ID="SP_11311" HPOS="1433" VPOS="2440" WIDTH="21" HEIGHT="0" />
            <String CONTENT="callosities;" ID="Word_12976" HPOS="1455" VPOS="2425" WIDTH="266" HEIGHT="54" />
          </TextLine>
          <TextLine ID="TextLine_1670" HPOS="366" VPOS="2501" WIDTH="1359" HEIGHT="63">
            <String CONTENT="the" ID="Word_12977" HPOS="366" VPOS="2511" WIDTH="77" HEIGHT="37" />
            <SP ID="SP_11312" HPOS="444" VPOS="2517" WIDTH="23" HEIGHT="0" />
            <String CONTENT="ears" ID="Word_12978" HPOS="468" VPOS="2519" WIDTH="94" HEIGHT="29" />
            <SP ID="SP_11313" HPOS="563" VPOS="2519" WIDTH="23" HEIGHT="0" />
            <String CONTENT="resembling" ID="Word_12979" HPOS="587" VPOS="2503" WIDTH="265" HEIGHT="61" />
            <SP ID="SP_11314" HPOS="853" VPOS="2509" WIDTH="21" HEIGHT="0" />
            <String CONTENT="those" ID="Word_12980" HPOS="875" VPOS="2509" WIDTH="125" HEIGHT="39" />
            <SP ID="SP_11315" HPOS="1001" VPOS="2518" WIDTH="22" HEIGHT="0" />
            <String CONTENT="of" ID="Word_12981" HPOS="1024" VPOS="2501" WIDTH="50" HEIGHT="47" />
            <SP ID="SP_11316" HPOS="1075" VPOS="2501" WIDTH="28" HEIGHT="0" />
            <String CONTENT="man," ID="Word_12982" HPOS="1104" VPOS="2517" WIDTH="121" HEIGHT="38" />
            <SP ID="SP_11317" HPOS="1226" VPOS="2503" WIDTH="23" HEIGHT="0" />
            <String CONTENT="but" ID="Word_12983" HPOS="1250" VPOS="2503" WIDTH="82" HEIGHT="44" />
            <SP ID="SP_11318" HPOS="1333" VPOS="2502" WIDTH="33" HEIGHT="0" />
            <String CONTENT="large" ID="Word_12984" HPOS="1367" VPOS="2502" WIDTH="119" HEIGHT="45" />
            <SP ID="SP_11319" HPOS="1487" VPOS="2517" WIDTH="23" HEIGHT="0" />
            <String CONTENT="and" ID="Word_12985" HPOS="1511" VPOS="2503" WIDTH="89" HEIGHT="44" />
            <SP ID="SP_11320" HPOS="1601" VPOS="2503" WIDTH="21" HEIGHT="0" />
            <String CONTENT="pro-" ID="Word_12986" HPOS="1623" VPOS="2518" WIDTH="102" HEIGHT="46" />
          </TextLine>
          <TextLine ID="TextLine_1671" HPOS="359" VPOS="2578" WIDTH="939" HEIGHT="63">
            <String CONTENT="jecting." ID="Word_12987" HPOS="359" VPOS="2578" WIDTH="184" HEIGHT="59" />
            <SP ID="SP_11321" HPOS="544" VPOS="2580" WIDTH="47" HEIGHT="0" />
            <String CONTENT="It" ID="Word_12988" HPOS="592" VPOS="2580" WIDTH="45" HEIGHT="45" />
            <SP ID="SP_11322" HPOS="638" VPOS="2586" WIDTH="22" HEIGHT="0" />
            <String CONTENT="contains" ID="Word_12989" HPOS="661" VPOS="2586" WIDTH="199" HEIGHT="40" />
            <SP ID="SP_11323" HPOS="861" VPOS="2595" WIDTH="23" HEIGHT="0" />
            <String CONTENT="only" ID="Word_12990" HPOS="885" VPOS="2595" WIDTH="105" HEIGHT="46" />
            <SP ID="SP_11324" HPOS="991" VPOS="2595" WIDTH="23" HEIGHT="0" />
            <String CONTENT="one" ID="Word_12991" HPOS="1015" VPOS="2594" WIDTH="81" HEIGHT="30" />
            <SP ID="SP_11325" HPOS="1097" VPOS="2594" WIDTH="23" HEIGHT="0" />
            <String CONTENT="species." ID="Word_12992" HPOS="1121" VPOS="2578" WIDTH="177" HEIGHT="46" />
          </TextLine>
        </TextBlock>
      </PrintSpace>
    </Page>
  </Layout>
</alto>
