2107 3450
1599 333 83 42 235

517 349 184 31 MliNTAL
735 346 232 35 PEKOEPTS,
987 348 53 31 OF
1073 348 170 31 WOUDS.

17 486 237 29 meanings.
317 470 64 42 At
403 469 88 43 this
514 469 119 56 early
657 473 131 52 stage,
811 483 47 27 as
883 468 113 42 Prof.
1023 468 114 42 Bain
1161 470 148 52 points
1333 465 106 52 out,1
1463 464 75 43 the
1561 463 120 44 child

18 544 90 41 will
142 550 102 35 turn
280 543 64 41 his
378 541 111 43 head
523 541 189 43 towards
746 540 68 42 his
847 540 178 42 brother
1052 553 128 28 when
1213 538 55 43 he
1291 538 127 42 hears
1443 537 74 42 the
1550 550 129 28 name

16 616 255 54 "Johnny"
318 614 308 56 pronounced;
670 614 168 42 though
884 614 35 42 it
951 613 39 43 is
1023 627 106 41 very
1164 610 273 57 improbable
1470 613 98 39 that
1601 608 76 42 the

18 688 116 43 word
166 687 256 43 "Johnny"
451 687 106 43 rises
588 701 60 27 up
677 686 46 42 in
753 686 69 42 his
852 700 197 29 memory
1081 685 127 42 when
1243 684 54 43 he
1330 694 347 42 spontaneously

14 761 123 42 looks
160 765 45 37 at
237 760 68 42 his
329 759 185 43 brother.
579 759 91 42 The
703 757 121 44 child
857 757 78 43 has
967 762 78 38 not
1078 761 76 53 yet
1186 755 208 58 acquired
1427 755 76 42 the
1537 766 142 29 motor

11 837 168 51 picture
213 832 47 42 of
288 832 74 42 the
397 831 129 43 word.
590 831 71 43 He
694 831 37 43 is
765 845 46 28 as
844 835 76 52 yet
953 836 45 36 at
1032 831 74 42 the
1151 834 122 39 stage
1319 834 45 37 at
1410 827 145 42 which
1601 825 76 43 the

10 904 232 43 education
267 904 44 42 of
334 904 74 42 the
431 903 220 43 receptive
675 908 148 38 centre
845 903 37 42 is
906 902 232 44 obviously
1162 902 140 43 ahead
1325 902 46 42 of
1401 904 100 39 that
1523 899 44 43 of
1600 898 76 43 the

8 977 258 55 productive
299 990 48 29 or
384 980 150 38 motor.
600 976 55 42 In
689 976 75 42 the
797 990 174 42 process
1004 976 45 42 of
1086 975 201 57 learning
1320 990 25 31 a
1378 973 169 57 foreign
1580 972 94 42 lan-

7 1063 151 43 guage,
190 1063 64 28 we
287 1048 61 43 all
380 1048 111 43 have
523 1048 259 43 experience
815 1048 45 43 of
891 1063 25 28 a
950 1053 121 38 stage
1101 1048 46 42 in
1173 1062 80 28 our
1275 1045 281 45 educational
1578 1059 98 42 pro-

9 1135 118 42 gress
152 1121 96 43 that
270 1121 37 42 is
331 1134 242 29 somewhat
595 1119 169 43 similar
787 1124 44 38 to
855 1120 99 43 this.
1020 1121 23 41 I
1068 1135 128 28 mean
1220 1120 74 42 the
1318 1133 120 29 stage
1461 1123 46 38 at
1530 1117 145 43 which

10 1208 63 28 we
97 1208 81 28 can
195 1193 102 43 read
320 1193 87 42 and
431 1192 274 43 understand
728 1193 76 43 the
826 1192 231 58 language,
1080 1193 83 42 but
1185 1196 162 39 cannot
1369 1195 76 53 yet
1468 1191 136 56 speak
1627 1190 46 42 it.

10 1266 91 42 The
124 1280 177 41 sensory
327 1265 333 42 word-pictures
683 1265 111 42 have
819 1264 176 44 already
1020 1265 110 43 been
1155 1264 277 56 extensively
1454 1261 222 52 acquired,

10 1339 85 41 and
120 1338 104 43 they
248 1338 110 42 have
378 1338 109 42 been
510 1337 242 43 associated
776 1337 108 42 with
908 1337 74 43 the
999 1337 121 43 ideas
1139 1338 47 42 of
1209 1337 142 42 which
1375 1337 105 55 they
1504 1351 71 27 are
1599 1335 75 42 the

7 1410 218 56 symbols;
243 1410 79 42 but
346 1409 72 43 the
442 1423 141 28 motor
605 1409 193 55 pictures
822 1409 114 42 have
960 1413 77 38 not
1060 1413 76 52 yet
1160 1410 111 41 been
1294 1408 211 43 acquired
1530 1413 42 37 to
1597 1407 77 43 the

9 1496 118 28 same
151 1487 160 38 extent.
377 1481 131 43 Until
537 1480 75 43 the
635 1486 140 37 motor
799 1481 193 55 pictures
1015 1495 72 28 are
1112 1480 91 42 also
1227 1480 113 56 fully
1366 1479 220 57 acquired,
1609 1494 65 28 we

7 1568 71 27 are
102 1560 77 34 not
201 1552 96 42 able
323 1557 42 37 to
390 1552 83 42 call
497 1566 59 41 up
587 1552 139 42 words
753 1552 167 42 readily
939 1552 49 41 in
1007 1565 78 29 our
1104 1551 146 43 minds
1270 1551 128 42 when
1417 1565 65 28 we
1502 1550 109 43 wish
1630 1554 46 38 to

7 1640 74 27 use
105 1625 120 41 them
248 1625 48 41 in
319 1624 315 43 conversation.
700 1624 198 43 Practice
921 1624 47 42 in
991 1624 216 56 speaking
1234 1624 75 42 the
1336 1624 218 56 language
1583 1622 92 43 will

5 1696 125 43 alone
149 1697 51 42 be
222 1696 97 43 able
343 1701 44 37 to
409 1696 99 56 give
531 1711 51 28 us
606 1696 87 42 this
717 1696 183 57 facility.
965 1697 92 43 The
1080 1711 180 43 sensory
1284 1697 166 42 images
1474 1711 74 28 are
1572 1695 103 43 thus

3 1771 47 41 of
69 1769 162 57 special
255 1769 270 56 importance
547 1769 47 42 in
616 1769 188 43 relation
829 1773 42 39 to
891 1769 74 43 the
984 1769 225 43 reception
1228 1769 88 43 and
1333 1769 341 57 interpretation

4 1843 46 41 of
84 1843 172 56 speech,
297 1843 73 42 the
408 1847 143 38 motor
587 1842 165 58 images
790 1842 48 44 in
876 1843 189 42 relation
1105 1849 43 36 to
1191 1844 57 42 its
1292 1848 276 52 production.
1632 1843 44 43 A

4 1915 168 55 foreign
189 1915 215 56 language
427 1915 37 42 is
488 1919 77 38 not
587 1915 217 56 perfectly
828 1915 208 43 acquired
1061 1915 118 43 until
1201 1916 108 42 both
1332 1921 89 38 sets
1442 1916 46 42 of
1506 1916 166 57 images

4 1987 112 42 have
139 1987 109 43 beeu
272 1986 197 56 securely
494 1987 251 55 imprinted.
813 1987 92 43 Our
928 1988 168 42 mental
1122 1994 200 49 percepts
1346 1989 44 42 of
1424 1989 142 43 words
1600 2003 72 28 are

6 2065 76 36 not
104 2064 165 51 perfect
293 2059 117 42 until
439 2059 105 42 both
571 2064 87 38 sets
692 2059 46 42 of
768 2060 166 42 images
969 2074 72 28 are
1075 2060 182 44 revived
1290 2061 385 52 simultaneously,

7 2132 86 41 and
117 2146 71 28 are
210 2131 187 43 blended
421 2131 198 57 together
641 2132 93 42 into
759 2147 82 28 one
864 2131 46 43 in
935 2132 75 43 the
1035 2133 345 43 consciousness.
1445 2134 117 42 How
1588 2134 87 42 this

7 2202 210 56 blending
241 2202 35 43 is
300 2202 182 43 effected
506 2203 37 42 is
566 2217 46 28 as
635 2203 191 43 difficult
854 2204 46 42 of
925 2204 284 43 explanation
1234 2219 46 28 as
1304 2205 37 42 is
1365 2205 75 43 the
1463 2205 213 56 blending

6 2273 44 41 of
84 2273 72 42 the
190 2287 177 42 sensory
400 2273 86 42 and
519 2278 141 38 motor
693 2274 164 55 images
890 2275 94 42 into
1019 2275 75 43 the
1127 2282 181 50 percept
1342 2276 46 43 of
1424 2291 55 27 an
1518 2277 155 43 object.

6 2345 90 42 But
119 2345 258 56 everything
399 2359 101 42 goes
533 2350 43 38 to
610 2345 121 43 show
765 2346 97 42 that
895 2347 46 42 in
975 2347 89 43 this
1097 2362 98 29 case
1227 2349 131 56 again
1390 2348 123 44 there
1546 2349 39 43 is
1619 2363 56 29 no

6 2417 162 55 special
212 2423 145 37 centre
398 2418 66 42 for
499 2418 73 42 the
615 2432 173 42 process
832 2419 47 42 of
920 2419 233 58 blending:
1198 2420 75 44 the
1306 2421 166 57 images
1505 2422 171 43 remain

4 2489 51 43 in
76 2490 98 53 situ,
198 2490 86 42 and
308 2504 116 29 seem
448 2494 45 39 to
517 2490 52 43 be
594 2491 133 43 taken
752 2491 261 56 cognizance
1045 2493 45 42 of
1122 2493 372 59 simultaneously
1518 2495 59 43 by
1601 2495 75 43 the

5 2561 223 55 presiding
250 2561 331 45 consciousness
604 2577 46 28 or
673 2563 295 57 intelligence,
1003 2565 75 43 the
1112 2570 155 39 nature
1301 2567 45 42 of
1379 2566 145 44 which
1558 2567 38 43 is
1630 2582 46 28 so

7 2638 121 51 great
150 2648 23 28 a
198 2638 194 52 mystery
416 2639 44 38 to
485 2649 61 29 us.

67 2705 117 43 Here
219 2706 21 42 I
274 2721 121 28 come
430 2711 44 38 to
507 2722 76 43 say
617 2722 25 29 a
673 2708 84 44 few
795 2709 140 44 words
974 2711 136 43 about
1142 2726 25 28 a
1199 2713 199 56 problem
1443 2715 234 56 regarding

9 2776 141 43 which
181 2779 132 43 much
345 2779 97 43 that
474 2780 38 43 is
545 2780 266 58 interesting
844 2782 78 43 has
957 2783 111 44 been
1103 2785 189 43 written.
1358 2786 139 44 What
1530 2787 37 43 is
1603 2787 73 43 the

9 2854 152 38 nature
186 2851 44 41 of
251 2851 74 43 the
351 2852 199 43 Internal
574 2853 170 56 Speech
770 2854 143 43 which
937 2870 64 29 we
1025 2857 176 43 employ
1234 2857 48 42 in
1317 2857 74 43 the
1425 2873 175 41 process
1633 2858 49 44 of

12 2919 204 58 thinking
234 2924 15 40 ?

70 2991 125 44 Some
218 2993 105 43 hold
348 2994 95 44 that
468 3011 62 29 we
554 2996 53 44 do
632 2998 132 43 much
787 2998 44 43 of
854 3014 79 28 our
958 3000 209 57 thinking
1197 3001 189 45 without
1418 3002 75 44 the
1525 3003 73 43 aid
1632 3004 45 42 of

13 3062 148 44 words.
226 3065 118 49 Thus
375 3067 207 44 Bastian2
604 3074 209 54 says:"
828 3071 140 44 There
993 3087 81 28 can
1099 3073 51 43 be
1184 3088 56 28 no
1264 3074 141 45 doubt
1430 3075 94 44 that
1551 3075 127 44 when

399 3167 11 23 1
438 3164 230 56 Fortnightly
687 3171 154 47 Review,
863 3172 71 37 vol.
959 3185 43 33 v.,
1027 3177 103 44 18G9,
1150 3185 36 39 p.
1208 3178 81 34 494.

399 3227 14 23 2
439 3227 107 50 Ibid.,
569 3233 104 36 1869,
693 3237 86 32 note
799 3237 38 32 to
857 3242 33 41 p.
912 3236 58 34 (52.
