2775 3976
1480 3832 29 46 6

442 382 271 49 literature
756 396 59 34 so
856 380 223 49 integral
1121 388 55 41 to
1218 380 89 49 the
1348 380 165 49 wider
1553 380 162 49 social
1758 380 105 49 and
1903 380 327 50 intellectual
2271 388 216 42 context
2527 381 59 49 of

441 464 226 49 medical
691 463 218 64 history.

511 570 91 48 An
621 567 347 50 outstanding
986 574 181 42 recent
1185 566 273 49 accession
1475 566 94 49 has
1585 566 140 49 been
1743 566 89 49 the
1849 566 262 65 purchase
2129 566 51 49 in
2202 566 129 49 1984
2347 566 59 49 of
2420 575 165 41 about

447 651 186 49 11,000
663 650 174 49 books
867 650 140 48 from
1036 649 90 49 the
1157 649 194 49 library
1380 649 59 48 of
1465 649 90 49 the
1585 649 235 49 Medical
1851 648 213 50 Society
2092 648 60 49 of
2178 648 249 49 London.
2459 649 126 49 This

443 733 305 57 collection,
783 732 198 64 largely
1011 731 133 50 built
1175 747 71 33 up
1277 731 51 48 in
1359 731 90 49 the
1481 731 104 49 late
1618 731 312 49 eighteenth
1961 731 105 48 and
2097 731 144 49 early
2271 739 314 41 nineteenth

443 815 287 50 centuries,
778 814 240 49 includes
1065 821 166 42 about
1276 813 100 49 200
1422 813 327 49 manuscript
1794 813 244 49 volumes
2085 813 182 49 dating
2312 813 140 49 from
2496 813 90 50 the

435 897 205 50 twelfth
682 904 221 42 century
947 897 265 49 onwards.
1262 899 114 48 The
1419 896 214 66 printed
1674 896 175 49 books
1891 895 52 49 in
1985 895 90 50 the
2118 895 286 49 collection
2445 895 135 49 have

442 980 203 65 greatly
667 978 386 51 strengthened
1076 978 89 50 the
1189 978 267 64 Library's
1480 977 247 50 holdings
1750 978 60 48 of
1829 977 294 59 fifteenth-,
2149 977 309 50 sixteenth-,
2483 978 105 48 and

442 1062 606 51 seventeenth-century
1070 1060 261 50 material.
1361 1061 221 48 Among
1604 1060 89 49 the
1717 1059 205 50 rarities
1945 1075 89 34 are
2061 1059 106 50 The
2189 1069 239 40 vertuose
2449 1059 140 50 boke

445 1154 67 65 of
524 1153 346 65 distyllacyon
894 1153 68 65 by
984 1153 366 65 Hieronymus
1372 1153 348 65 Brunschwig
1743 1152 277 65 (London,
2047 1155 188 58 '1427',
2259 1155 89 49 i.e.
2378 1154 211 61 1528?),

445 1237 90 50 the
563 1237 114 49 first
706 1236 205 50 edition
938 1236 60 49 of
1022 1236 309 65 MalpigrrTs
1359 1237 83 48 De
1462 1235 353 66 pulmonibus
1844 1235 292 67 (Bologna,
2169 1236 175 66 1661),
2375 1254 29 33 a
2430 1246 79 41 set
2535 1239 60 48 of

445 1320 164 65 proof
656 1319 179 50 sheets
886 1319 84 49 for
1020 1334 29 34 a
1098 1319 501 65 never-completed
1649 1319 205 49 edition
1904 1320 60 48 of
2010 1320 235 49 Michael
2296 1321 296 49 Servetus's

449 1402 388 50 Christianismi
858 1403 250 48 restitutio
1135 1400 278 65 (London,
1443 1400 175 66 1723),
1645 1402 105 49 and
1773 1402 377 50 Baskerville's
2172 1411 316 56 prospectus
2508 1403 85 49 for

446 1501 66 34 an
536 1485 220 49 English
780 1484 316 50 translation
1120 1484 60 49 of
1200 1484 312 50 Lieutaud's
1535 1484 256 50 Synopsis
1815 1486 274 48 universae
2104 1501 231 48 praxeos
2356 1487 236 48 medicae

447 1566 415 66 (Birmingham,
891 1565 173 66 1770).

438 3363 161 39 Hortus
613 3372 199 38 sanitatis,
835 3364 133 40 Ortus
984 3364 208 40 sanitatis,
1212 3365 147 39 Mainz
1376 3365 118 46 1491,
1509 3364 100 53 fols.
1629 3364 179 52 gg3r-4r.
1830 3366 68 38 An
1915 3363 113 53 early
2038 3363 171 53 printed
2223 3366 303 49 compendium
2542 3363 53 52 of

433 3417 188 52 popular
645 3418 168 40 natural
835 3419 159 40 history
1020 3419 88 40 and
1130 3419 209 40 medicine
1365 3420 94 40 with
1487 3419 199 41 woodcut
1709 3419 283 40 illustrations.
2024 3420 45 39 In
2097 3419 113 40 these
2229 3431 131 39 pages
2378 3418 118 52 from
2522 3418 65 40 the

435 3474 158 39 section
623 3486 56 27 on
708 3473 211 47 minerals,
952 3488 161 38 copper
1140 3477 32 37 is
1200 3474 231 41 illustrated
1456 3475 54 40 by
1538 3488 24 27 a
1588 3475 125 40 smith
1742 3483 42 31 at
1809 3474 64 41 his
1899 3474 116 40 anvil
2040 3474 87 40 and
2153 3474 67 40 the
2243 3475 199 51 precious
2469 3486 119 27 stone

437 3527 238 41 draconites
691 3528 53 52 by
759 3542 24 26 a
799 3529 350 52 dragon-slaying
1161 3543 135 27 scene.
1319 3531 253 39 Draconites
1590 3543 83 27 was
1685 3529 95 41 said
1794 3539 41 31 to
1850 3530 51 40 be
1908 3529 145 53 found
2066 3531 39 38 in
2122 3529 67 40 the
2203 3528 111 41 head
2326 3528 54 53 of
2385 3542 24 26 a
2423 3528 162 52 dragon

437 3596 50 27 or
502 3592 168 43 serpent
688 3584 87 39 and
792 3592 41 32 to
855 3584 50 40 be
924 3598 24 26 a
966 3585 172 52 specific
1157 3587 164 50 against
1334 3587 157 51 poison
1512 3585 38 40 if
1560 3587 27 38 it
1604 3585 131 40 could
1751 3585 52 40 be
1821 3585 210 40 extracted
2049 3584 120 40 while
2187 3584 67 40 the
2272 3584 117 40 beast
2408 3597 82 26 was
2508 3583 82 40 still

436 3640 119 38 alive.
