2113 3404
431 225 85 42 402

926 243 87 31 THE
1044 244 245 34 DISOHDEKS
1322 248 53 31 OF
1406 249 173 33 SPEECH.

431 355 234 45 continued
709 364 41 37 to
792 374 123 29 recur
951 376 130 42 every
1114 363 119 43 three
1272 366 181 43 mouths,
1492 368 53 43 he
1580 383 96 29 was,
1706 371 47 41 in
1799 372 123 50 1886,
1959 373 84 42 dis-

430 426 183 56 charged
647 429 110 43 from
795 431 72 42 the
905 433 171 42 service.
1153 434 70 42 He
1256 435 103 42 then
1394 438 168 43 became
1594 454 25 27 a
1651 441 142 50 baker,
1823 442 87 42 and
1944 456 98 28 con-

433 497 152 43 tinued
617 506 45 36 at
693 501 87 43 this
812 504 254 54 occupation
1099 505 114 41 until
1246 506 184 44 October
1463 509 123 46 1887,
1611 511 123 42 when
1763 512 54 42 he
1846 512 134 56 began
2002 517 43 38 to

432 570 132 42 suffer
596 572 108 42 from
736 575 235 41 numbness
1005 575 84 41 and
1121 576 196 56 tingling.
1380 580 135 42 These
1547 584 239 41 sensations
1813 597 108 29 were
1956 585 90 40 first

433 640 80 42 felt
534 642 46 41 in
605 643 71 41 the
700 658 136 40 upper
857 645 143 50 limbs,
1022 645 105 42 then
1159 647 45 41 in
1226 647 74 42 the
1330 648 140 53 lower,
1491 652 96 52 and,
1609 653 161 56 finally,
1792 654 88 41 also
1907 653 44 43 in
1975 654 73 42 the

433 711 185 43 muscles
653 713 46 41 of
729 713 73 42 the
837 715 134 41 trunk
1006 715 87 42 and
1127 717 45 40 of
1203 717 74 42 the
1310 718 110 42 head
1453 720 86 42 and
1571 723 119 41 neck.
1753 724 53 40 In
1841 725 124 41 1890,
1998 725 50 41 lie

434 779 137 57 began
594 786 43 38 to
661 783 130 42 suffer
811 783 111 42 from
944 784 169 43 choreic
1143 793 279 46 movements,
1443 789 93 42 first
1557 790 46 41 in
1624 791 74 41 the
1718 791 80 42 left
1819 792 115 42 hand
1965 794 83 41 and

433 852 203 49 arm,and
661 852 104 42 then
788 853 45 41 in
855 853 75 43 the
947 855 140 55 right;
1116 856 85 42 and
1219 856 72 42 the
1310 864 265 37 movements
1593 861 225 54 gradually
1835 864 212 41 extended

435 926 44 36 to
501 921 68 42 his
591 922 131 43 lower
743 923 129 42 limbs
893 925 87 41 and
1001 926 146 51 trunk,
1169 927 115 42 until
1309 927 103 56 they
1434 929 203 43 involved
1668 930 67 43 his
1759 932 135 42 whole
1927 934 120 42 body.

433 992 55 41 In
516 991 197 57 January
748 994 125 52 1892,
906 995 125 42 when
1063 996 23 42 I
1119 996 93 43 first
1243 999 228 42 examined
1503 1000 91 41 him
1626 1005 44 37 at
1701 1002 73 41 the
1808 1002 240 52 Infirmary,

434 1062 73 42 the
530 1063 153 42 chorea
707 1078 85 28 was
814 1066 281 56 exceedingly
1115 1067 96 42 well
1236 1069 184 43 marked.
1482 1070 122 42 Even
1623 1072 120 41 when
1770 1072 51 42 he
1843 1078 67 37 sat
1932 1089 114 38 upon

432 1147 25 28 a
479 1133 128 52 chair,
631 1134 58 41 all
711 1135 68 42 his
800 1135 130 43 limbs
953 1138 209 41 executed
1186 1138 71 42 the
1275 1144 113 37 most
1403 1145 226 49 grotesque
1648 1148 275 37 movements.
1986 1144 62 42 As

433 1209 44 37 to
509 1204 74 43 the
620 1206 123 42 other
774 1212 117 50 parts
924 1208 47 41 of
998 1208 66 42 his
1097 1209 126 55 body,
1254 1210 74 42 the
1360 1212 133 40 trunk
1530 1226 85 28 was
1653 1213 211 56 violently
1895 1215 154 42 arched

431 1272 251 43 backwards
716 1274 109 42 from
860 1276 102 41 time
995 1281 44 36 to
1072 1277 117 49 time,
1212 1277 73 42 the
1318 1278 109 42 head
1458 1293 86 27 was
1576 1280 156 42 turned
1763 1282 212 41 suddenly
2004 1287 43 36 to

431 1357 81 29 one
541 1344 91 42 side
665 1358 47 28 or
744 1346 72 41 the
849 1347 133 49 other,
1015 1347 86 41 and
1132 1348 73 42 the
1240 1348 184 43 features
1460 1363 110 29 were
1602 1352 270 53 perpetually
1895 1353 152 42 under-

429 1415 130 54 going
581 1416 325 55 extraordinary
930 1418 275 42 contortions.
1270 1419 53 41 In
1349 1420 197 55 walking,
1568 1421 74 42 the
1675 1422 89 41 foot
1788 1436 84 28 was
1903 1437 146 41 gener-

431 1484 88 55 ally
538 1485 124 42 lifted
686 1486 103 55 high
811 1487 45 41 in
875 1487 72 42 the
966 1488 74 50 air,
1059 1489 141 42 before
1216 1489 128 55 being
1363 1490 181 55 brought
1565 1491 124 41 down
1710 1493 102 40 with
1835 1494 213 41 emphasis

431 1569 56 27 on
522 1556 73 41 the
628 1556 107 52 heel,
769 1557 72 41 the
875 1558 110 41 knee
1027 1559 129 55 being
1198 1559 255 42 meanwhile
1486 1560 103 54 kept
1622 1560 113 42 stiff;
1782 1561 84 41 and
1899 1565 45 37 at
1977 1562 72 41 the

431 1640 116 28 same
580 1627 105 41 time
720 1628 72 41 the
826 1642 113 28 arms
973 1643 108 28 were
1112 1629 211 42 violently
1352 1630 167 41 thrown
1550 1630 140 42 about.
1753 1631 294 42 Mischievous

432 1696 106 56 boys
561 1697 46 41 of
626 1697 73 42 the
721 1702 132 38 street
875 1713 69 27 are
967 1704 73 36 apt
1073 1704 43 36 to
1148 1700 148 41 mimic
1319 1700 65 41 his
1411 1700 323 56 extraordinary
1755 1702 98 54 gait,
1878 1702 84 41 and
1995 1702 53 41 he

434 1767 92 42 told
560 1782 50 28 us
642 1768 96 41 that
769 1769 126 42 when
927 1769 104 42 they
1063 1769 53 42 do
1149 1784 45 27 so
1227 1770 52 41 he
1311 1771 36 40 is
1379 1784 45 27 so
1457 1771 129 41 much
1620 1771 196 55 annoyed
1853 1771 94 42 that
1983 1771 68 42 his

437 1838 265 42 excitement
725 1839 118 41 often
867 1839 145 56 brings
1036 1854 54 27 on
1114 1854 80 28 one
1217 1840 45 41 of
1281 1839 66 42 his
1370 1840 202 54 epileptic
1594 1841 79 42 fits.

491 1909 128 43 After
641 1910 74 42 the
737 1910 225 55 perpetual
985 1911 163 41 motion
1170 1911 43 41 of
1236 1910 73 42 the
1332 1910 93 56 day,
1447 1911 55 42 he
1525 1911 104 42 feels
1651 1911 260 56 thoroughly
1935 1926 116 27 worn

434 1986 77 36 out
544 1986 45 36 at
612 1980 148 56 night;
791 1981 80 41 but
894 1981 44 41 in
960 1981 74 42 the
1066 1981 209 55 morning,
1298 1981 109 42 after
1428 1995 24 28 a
1472 1982 109 55 good
1603 1982 157 55 night's
1791 1983 127 54 sleep,
1941 1983 53 42 he
2016 1984 36 41 is

435 2052 341 55 comparatively
801 2052 126 42 fresh.

494 2122 89 42 The
606 2122 156 55 speech
784 2122 46 42 of
850 2122 87 42 this
961 2122 166 54 patient
1149 2121 161 57 closely
1341 2122 277 42 corresponds
1649 2126 44 38 to
1726 2121 72 43 the
1827 2123 152 41 speech
2013 2124 44 40 of

436 2193 74 42 the
532 2193 115 42 little
670 2194 83 41 boy
777 2193 142 42 whose
942 2207 95 28 case
1060 2193 75 41 has
1154 2193 94 54 just
1267 2193 110 42 been
1398 2193 141 43 noted.
1604 2193 42 41 It
1676 2193 37 41 is
1745 2193 176 42 emitted
1953 2193 44 42 in
2031 2209 22 26 a

436 2269 114 37 most
567 2265 128 54 jerky
717 2264 87 42 and
824 2264 206 56 irregular
1052 2278 190 37 manner,
1265 2264 127 42 being
1424 2264 246 42 sometimes
1701 2263 179 56 delayed
1903 2265 56 54 by
1982 2264 72 42 the

435 2335 283 42 involuntary
739 2349 271 28 movements
1037 2336 46 40 of
1111 2335 74 42 the
1214 2340 168 50 tongue,
1405 2334 97 55 lips,
1524 2339 89 37 etc.,
1637 2334 84 42 and
1752 2335 303 42 sometimes

437 2405 228 56 suddenly,
707 2405 46 42 in
795 2406 74 41 the
913 2405 161 41 middle
1116 2405 44 41 of
1201 2419 24 27 a
1268 2405 314 41 wordeither
1624 2404 230 42 converted
1896 2405 91 41 into
2029 2419 25 27 a

437 2476 186 55 whisper
660 2477 57 40 by
755 2476 73 41 the
865 2475 281 55 involuntary
1183 2480 266 37 movements
1488 2475 46 41 of
1567 2475 73 41 the
1677 2474 182 42 muscles
1897 2476 46 40 of
1980 2475 72 42 the

435 2547 169 55 larynx,
646 2560 46 28 or
734 2546 188 42 arrested
968 2545 240 42 altogether
1260 2545 112 41 from
1422 2544 165 42 sudden
1639 2549 204 50 stoppage
1885 2545 46 42 of
1979 2546 72 41 the

436 2631 247 42 expiratory
724 2617 292 54 air-pressure,
1053 2629 45 28 or
1139 2615 167 42 sudden
1357 2628 253 29 occurrence
1652 2615 46 41 of
1745 2628 55 28 an
1852 2615 200 41 involun-

435 2693 99 50 tary
567 2687 267 43 inspiration.
898 2687 83 41 For
1017 2685 208 55 example,
1259 2685 47 41 in
1339 2685 153 42 telling
1526 2699 49 28 us
1610 2685 96 42 that
1727 2685 53 42 he
1813 2685 82 41 had
1917 2685 134 56 lately

437 2760 109 41 been
569 2759 132 41 taken
733 2758 144 41 before
908 2757 74 41 the
1014 2756 152 42 sheriff
1191 2769 45 29 as
1267 2770 56 27 an
1354 2755 219 56 impostor,
1595 2755 73 43 the
1702 2769 100 41 poor
1832 2769 100 28 man
1961 2756 90 41 said

437 2834 97 38 that
556 2829 53 42 he
632 2829 85 42 had
738 2828 91 43 told
853 2827 71 43 the
947 2841 151 28 sheriff
1116 2826 94 41 that
1231 2826 53 43 he
1304 2841 82 28 was
1403 2827 212 55 anything
1633 2827 77 42 but
1732 2841 54 27 an
1809 2831 20 17 "
1843 2827 175 54 impo
2032 2826 20 16 "

439 2901 137 56 (word
599 2900 189 43 arrested
811 2900 57 41 by
890 2898 167 43 sudden
1079 2897 291 55 inspiration).

499 3044 39 43 2.
583 3042 251 43 Spasmodic
877 3039 252 45 Tic.This
1167 3039 35 42 is
1240 3053 24 29 a
1300 3039 218 43 condition
1555 3037 159 44 closely
1750 3037 128 43 allied
1914 3036 44 43 in
1992 3036 55 45 its
