1895 3217
1427 264 62 47 29

678 269 239 31 JIONKEYS.

121 393 75 61 ing
228 393 201 55 thumbs^
466 409 46 30 or
537 409 222 31 members
790 396 235 59 opposable
1059 401 46 39 to
1139 395 79 46 the
1252 395 162 62 fingers
1449 397 51 45 of

120 471 109 45 both
253 471 77 45 the
354 470 89 47 fore
477 471 90 45 and
589 472 113 45 hind
723 472 149 54 limbs,
898 472 149 45 which
1071 473 181 45 enables
1285 479 128 39 them
1444 481 47 38 to

120 564 129 45 grasp
268 563 90 46 any
383 548 143 61 object
548 548 153 62 fimily
725 548 114 46 with
863 548 157 56 either,
1046 549 91 46 and
1159 550 180 45 renders
1362 550 129 46 them

123 632 156 56 expert
303 627 218 44 climbers.
592 627 98 45 The
713 633 117 39 most
855 628 151 44 casual
1036 627 174 45 stroller
1237 627 195 46 through
1463 644 28 29 a

123 718 265 46 menagerie,
430 710 124 39 must
599 705 55 44 be
698 703 314 62 immediately
1053 705 153 45 struck
1251 704 116 46 with
1411 706 81 44 the

124 781 243 60 surprising
390 779 175 63 agility,
589 787 79 39 the
695 779 217 63 powerful
934 782 123 45 leaps
1082 781 91 46 and
1196 797 181 46 swings,
1403 783 92 45 and

124 864 77 38 the
220 858 218 60 complete
455 857 170 63 gliding
639 873 115 40 ease,
774 858 116 46 with
908 859 150 45 which
1076 859 61 45 all
1155 865 128 39 these
1300 859 194 46 motions

125 950 74 29 are
216 933 248 62 performed
482 951 14 39 ;
523 936 91 45 and
631 951 58 30 an
707 937 205 45 observer
928 935 48 46 in
993 937 120 45 their
1129 936 183 46 natm'al
1329 937 164 45 abodes

126 1012 95 44 will
257 1027 105 30 soon
399 1027 143 31 arrive
583 1019 48 39 at
659 1019 79 39 the
766 1014 268 53 conclusion,
1065 1013 103 45 that
1196 1013 118 45 their
1342 1014 152 45 habits

126 1104 73 29 are
240 1089 176 62 strictly
446 1091 213 53 arboreal,
692 1090 90 45 and
820 1090 102 45 that
955 1091 119 45 their
1108 1106 214 46 economy
1351 1090 38 46 is
1423 1091 73 45 in-

126 1166 212 61 timately
364 1167 242 45 connected
628 1167 116 45 with
773 1168 80 44 the
883 1167 239 46 boundless
1154 1167 156 46 forests
1342 1166 50 47 of
1418 1168 79 45 the

127 1243 176 45 tropics.
358 1244 131 60 They
507 1259 75 30 are
605 1243 47 46 in
675 1242 89 47 fact
789 1244 167 45 seldom
981 1260 105 30 seen
1109 1250 48 40 at
1181 1260 92 45 any
1297 1244 200 45 distance

127 1319 113 47 from
265 1335 164 39 woods,
456 1321 90 44 and
568 1327 81 38 the
673 1336 165 45 species
861 1320 149 45 which
1024 1320 178 46 inhabit
1221 1336 161 46 craggy
1395 1337 104 44 pre-

128 1398 174 61 cipices,
323 1399 108 45 such
450 1413 48 30 as
515 1397 128 46 those
659 1397 47 46 in
720 1403 78 40 the
821 1397 362 62 neighbourhood
1206 1397 51 46 of
1270 1398 79 45 the
1374 1398 124 61 Cape

131 1474 47 47 of
188 1475 127 46 Good
334 1475 144 61 Hope,
495 1475 48 45 in
558 1475 218 62 Barbary,
796 1475 90 45 and
904 1481 135 40 about
1055 1474 245 56 Gibraltar,
1317 1474 181 47 deviate

129 1551 112 46 from
263 1559 79 38 the
364 1559 125 54 type,
514 1554 180 45 become
715 1567 122 31 more
868 1552 264 60 quadruped
1161 1551 49 46 in
1238 1551 119 46 their
1384 1550 112 47 form

129 1630 90 45 and
254 1638 184 46 actions,
474 1631 91 45 and
597 1631 117 46 have
747 1631 218 45 therefore
999 1630 174 45 always
1196 1630 114 45 been
1339 1644 157 46 placed

129 1707 88 45 last
248 1708 48 45 in
324 1724 79 30 our
426 1724 206 32 systems.

197 1786 137 45 Their
372 1792 101 40 true
511 1787 91 44 and
639 1785 182 46 natural
857 1786 162 44 abodes
1056 1799 74 30 are
1169 1784 79 45 the
1281 1784 216 45 trackless

131 1863 171 54 forests,
327 1864 150 44 which
501 1878 45 30 so
569 1863 145 60 richly
737 1863 145 44 clothe
905 1868 79 38 the
1007 1866 223 40 countries
1253 1860 144 44 under
1419 1860 79 44 the

132 1946 178 54 tropics,
342 1940 91 45 and
460 1939 150 45 which
639 1939 118 45 alike
787 1938 163 60 supply
973 1944 128 38 them
1125 1942 115 39 with
1262 1934 115 55 food,
1409 1936 91 45 and

133 2022 171 55 protect
326 2016 128 44 them
477 2014 113 46 from
613 2015 79 44 the
714 2015 107 44 heat
845 2013 50 46 of
919 2019 128 39 those
1075 2012 227 61 scorching
1331 2012 167 45 climes.

133 2094 177 60 During
331 2098 79 40 the
432 2091 169 47 middle
624 2091 151 61 period
799 2089 50 47 of
863 2090 79 45 the
965 2090 105 60 day,
1095 2090 127 44 these
1245 2088 156 47 forests
1425 2104 75 29 are

132 2170 125 46 filled
287 2169 113 46 with
431 2176 79 39 the
541 2169 169 46 animal
738 2168 155 54 world,
926 2173 204 55 courting
1159 2167 119 45 their
1307 2167 194 61 gi-ateful

134 2248 175 54 shades,
326 2247 133 45 silent
477 2247 90 45 and
589 2252 197 55 resting;
813 2246 91 45 and
925 2244 37 46 it
986 2244 36 46 is
1046 2245 108 61 only
1177 2244 48 45 in
1241 2259 121 31 some
1386 2244 112 60 deep

135 2326 110 60 deep
269 2325 144 61 glade,
440 2329 31 20 “
485 2322 144 47 afraid
650 2329 47 40 to
714 2323 153 61 glitter
889 2322 48 46 in
958 2329 80 39 the
1060 2321 213 46 noontide
1296 2321 201 53 beams,”

135 2409 102 38 that
255 2409 78 38 the
352 2416 190 31 screams
558 2399 49 47 of
622 2416 58 29 an
695 2400 249 45 awakened
958 2405 164 55 parrot,
1140 2413 47 31 or
1200 2398 200 61 gambols
1416 2395 50 47 of
1473 2412 28 29 a

135 2480 214 60 monkey,
366 2479 174 45 disturb
554 2485 78 38 the
656 2478 227 45 universal
907 2476 206 46 solitude.
1159 2476 57 46 So
1233 2490 120 38 soon,
1373 2475 129 45 how-

136 2572 117 38 ever,
273 2572 48 30 as
340 2571 27 30 a
386 2556 222 60 declining
625 2570 85 31 sun
730 2554 89 47 and
836 2560 78 40 the
938 2553 190 61 evening
1144 2554 178 44 breezes
1340 2551 161 45 reduce
