2107 3450
292 308 208 42 APHASIA,
534 308 103 31 ETC.,
670 307 45 31 IN
753 307 220 31 RELATION
1008 308 55 29 TO
1099 307 284 30 FUNCTIONAL
1419 307 255 30 DISORDKKS.
1731 295 85 43 385

157 418 140 42 either
317 432 25 28 a
366 417 116 43 word
505 432 47 27 or
574 432 56 27 an
659 416 155 57 object,
837 416 129 43 could
1000 415 136 43 easily
1171 416 52 41 be
1257 415 176 42 revived
1470 414 110 41 from
1617 419 198 47 without,

157 491 84 41 and
266 490 56 42 its
345 490 166 42 revival
536 489 138 43 called
701 503 56 28 up
781 489 74 41 the
878 487 341 56 corresponding
1240 486 98 42 idea
1362 500 46 27 or
1442 486 206 54 meaning
1672 486 44 40 in
1744 485 71 42 the

158 561 164 47 normal
366 577 118 40 way;
534 563 88 49 but,
661 576 46 28 as
747 569 43 34 to
832 560 138 42 visual
1010 561 176 54 images,
1225 558 304 56 immediately
1570 572 126 28 when
1743 557 72 43 the

155 634 144 55 object
335 648 49 28 or
417 635 73 42 the
524 634 117 42 word
676 647 87 28 was
799 632 259 42 withdrawn
1094 633 110 40 from
1244 631 75 42 the
1353 630 206 56 patient's
1599 629 117 56 sight
1760 628 57 44 its

157 708 138 54 image
321 706 221 42 vanished,
566 706 85 42 and
675 706 53 42 he
752 706 141 55 forgot
918 704 157 43 totally
1101 704 117 42 what
1242 704 144 55 object
1417 717 47 27 or
1499 701 118 43 word
1640 702 54 42 he
1731 701 85 42 had

157 779 106 42 been
297 778 180 55 looking
508 784 70 36 at;
612 778 86 42 and
730 792 47 29 so
810 777 92 43 also
935 791 47 29 as
1016 783 44 36 to
1094 777 344 55 sound-images,
1470 775 55 42 he
1569 774 138 43 heard
1740 774 75 42 the

156 850 118 42 word
306 850 167 56 spoken
508 856 43 36 to
585 850 92 42 him
711 850 86 42 and
834 864 264 28 understood
1137 849 47 51 it,
1217 849 81 42 but
1331 847 307 56 immediately
1676 847 141 55 forgot

154 923 47 42 it,
224 922 87 43 and
334 923 127 42 could
487 927 78 39 not
598 929 148 50 repeat
769 923 45 52 it,
838 937 110 29 even
972 923 35 42 if
1039 922 104 43 only
1167 936 25 28 a
1214 936 106 28 very
1353 935 123 28 short
1503 920 189 43 interval
1730 933 86 28 was

155 995 183 42 allowed
364 999 42 38 to
429 995 146 57 elapse
598 995 146 43 before
767 995 54 43 he
847 1010 87 28 was
957 995 136 43 asked
1116 999 46 38 to
1185 995 54 41 do
1262 1008 58 29 so.

216 1067 160 43 Shown
400 1082 25 27 a
447 1067 134 51 knife,
605 1068 54 43 he
683 1069 126 41 knew
835 1068 118 42 what
975 1068 36 42 it
1035 1082 97 38 was,
1156 1067 99 42 and,
1278 1067 34 41 if
1344 1066 55 42 he
1422 1065 128 44 could
1574 1069 79 38 not
1685 1064 131 42 recall

159 1139 71 43 the
254 1154 118 28 noun
396 1140 194 53 "knife,"
615 1140 53 43 he
691 1140 93 43 said
809 1141 35 41 it
867 1154 88 28 was
978 1139 250 44 something
1263 1140 66 40 for
1362 1139 174 54 cutting
1572 1138 132 54 with;
1738 1138 80 41 but

155 1212 37 41 if
212 1212 74 42 the
310 1212 123 42 knife
456 1227 87 27 was
568 1213 102 42 then
697 1212 152 56 placed
873 1226 158 28 among
1054 1212 124 42 other
1200 1212 178 54 objects,
1397 1211 85 41 and
1502 1210 182 43 covered
1704 1211 111 41 from

155 1284 69 42 his
246 1285 118 56 sight
387 1285 66 41 for
474 1299 25 27 a
516 1289 207 38 moment,
746 1284 54 42 he
823 1284 129 42 could
977 1289 87 37 not,
1085 1298 124 27 when
1237 1283 73 43 the
1333 1283 234 43 collection
1585 1284 44 41 of
1652 1283 167 55 objects

158 1370 85 28 was
266 1357 127 41 a<min
419 1357 258 42 uncovered,
700 1356 79 42 tell
803 1356 143 42 which
971 1356 47 41 of
1037 1356 121 42 thein
1181 1356 86 42 had
1294 1356 108 42 been
1426 1355 152 42 shown
1603 1361 44 36 to
1671 1355 105 42 him.

215 1427 44 42 It
284 1441 86 28 was
396 1427 74 42 the
492 1442 119 27 same
646 1428 106 41 with
787 1428 75 41 the
897 1427 142 42 visual
1072 1427 164 49 images
1269 1427 47 41 of
1345 1426 155 43 letters
1535 1426 87 42 and
1661 1440 153 29 words.

154 1499 174 43 Shown,
371 1500 66 41 for
478 1499 212 56 example,
727 1500 74 42 the
840 1499 131 43 letter
1005 1498 44 44 G
1087 1505 75 36 cut
1205 1504 79 37 out
1323 1499 43 41 in
1408 1499 136 42 wood,
1579 1499 56 42 he
1679 1499 138 55 easily

154 1571 251 55 recognised
430 1572 59 41 it;
522 1572 78 41 but
623 1572 37 41 if
674 1572 36 41 it
734 1586 86 28 was
845 1572 104 42 then
973 1571 185 42 covered
1183 1571 110 42 from
1321 1571 67 42 his
1407 1571 129 57 sight,
1552 1571 86 42 and
1662 1572 155 56 placed

154 1658 157 41 among
333 1644 125 42 other
482 1643 177 43 wooden
684 1644 164 43 letters,
871 1643 55 43 he
949 1643 304 57 immediately
1278 1643 142 56 forgot
1449 1643 117 42 what
1598 1643 133 43 letter
1764 1644 54 42 he

155 1716 84 41 had
262 1730 116 28 seen,
400 1716 87 42 and
510 1715 132 43 failed
668 1723 43 35 to
735 1716 103 56 pick
861 1716 36 42 it
929 1721 78 37 out
1037 1716 112 42 from
1185 1731 159 27 among
1378 1716 74 42 the
1486 1716 160 43 others,
1669 1730 150 29 unless

156 1790 51 41 he
245 1789 107 55 kept
390 1789 224 54 repeating
653 1795 44 36 to
737 1789 179 43 himself
958 1789 91 52 "G,
1087 1789 53 53 G,
1179 1789 76 43 G,"
1295 1789 87 42 and
1423 1789 103 42 thus
1566 1789 252 56 artificially

154 1860 195 42 retained
374 1860 36 42 it
432 1860 45 42 in
502 1860 68 42 his
593 1875 209 29 memory.

216 1932 102 42 And
352 1933 36 40 it
422 1946 99 39 was,
543 1932 141 55 again,
714 1932 73 43 the
819 1947 120 28 same
973 1937 105 37 with
1115 1932 74 43 the
1223 1932 332 42 sound-images
1588 1932 45 41 of
1668 1932 150 43 words.

156 2005 71 42 He
270 2004 129 43 could
442 2010 151 37 repeat
636 2020 46 27 or
725 2005 107 42 echo
875 2019 88 28 any
1010 2005 117 42 word
1171 2005 168 42 spoken
1386 2010 44 36 to
1474 2005 107 52 him,
1620 2005 81 42 but
1745 2005 75 43 the

156 2091 194 28 memory
394 2078 47 41 of
480 2078 36 41 it
558 2077 304 56 immediately
910 2077 226 42 vanished,
1180 2078 36 40 if
1257 2077 52 42 he
1355 2077 74 42 did
1477 2082 79 37 not
1599 2078 140 42 retain
1786 2078 37 42 it

156 2148 249 58 artificially
431 2149 56 57 by
511 2150 230 56 repeating
763 2150 35 42 it
821 2149 132 43 aloud
977 2164 102 28 over
1102 2149 86 43 and
1212 2164 102 28 over
1337 2150 138 55 again.

217 2223 122 41 Even
384 2237 119 28 more
546 2222 223 56 curiously
814 2236 88 28 was
946 2221 88 43 this
1078 2236 295 29 evanescence
1417 2222 45 41 of
1516 2222 307 57 word-images

156 2295 240 42 exhibited,
421 2295 127 42 when
573 2295 73 42 the
669 2295 165 55 images
858 2309 112 28 were
997 2294 182 43 revived
1212 2294 58 42 by
1296 2294 74 42 the
1406 2294 172 43 weaker
1610 2295 212 42 stimulus

159 2367 108 43 from
292 2367 168 43 within.
524 2367 64 42 As
611 2367 178 56 already
812 2367 108 51 said,
945 2366 124 43 there
1093 2381 87 28 was
1199 2382 24 27 a
1245 2367 114 56 good
1380 2367 99 42 deal
1497 2367 45 42 of
1564 2368 198 42 amnesia
1779 2370 47 40 of

157 2455 149 28 nouns.
385 2441 89 41 But
516 2440 36 42 it
595 2454 88 28 was
728 2454 55 28 an
826 2440 198 42 amnesia
1067 2439 45 43 of
1155 2454 25 28 a
1222 2439 196 57 peculiar
1461 2440 235 43 character.
1764 2441 54 42 In

156 2513 205 56 ordinary
401 2513 280 56 logamnesia,
720 2512 74 42 the
835 2512 118 42 word
996 2512 36 42 is
1076 2512 153 43 either,
1271 2513 63 41 for
1380 2512 72 43 the
1498 2513 120 51 time,
1658 2514 161 56 totally

157 2586 231 53 forgotten,
410 2600 46 27 or
479 2599 120 29 some
621 2586 48 42 of
688 2585 57 42 its
763 2584 158 43 details
939 2598 72 29 are
1029 2584 220 57 forgotten
1271 2584 301 57 (articulative
1591 2588 229 54 amnesia).

159 2658 88 42 But
270 2658 88 42 this
382 2658 183 56 patient,
588 2658 166 42 though
782 2657 161 43 unable
967 2661 45 39 at
1034 2671 108 29 once
1166 2663 44 37 to
1234 2671 130 30 name
1397 2672 56 28 an
1486 2658 147 55 object
1666 2659 154 42 shown

160 2736 42 35 to
227 2731 101 49 him,
352 2730 127 43 could
512 2730 224 57 generally
762 2730 246 43 remember
1040 2730 75 42 the
1150 2730 145 43 initial
1331 2731 133 43 letter
1495 2731 45 43 of
1573 2731 75 43 the
1681 2746 144 38 name,

159 2802 82 40 and
289 2801 115 42 work
449 2809 77 35 out
569 2802 75 42 the
688 2807 90 37 rest
820 2802 44 42 of
907 2802 36 42 it
989 2801 115 43 after
1150 2816 26 28 a
1223 2803 197 56 peculiar
1459 2803 193 42 method.
1738 2804 86 43 His

159 2873 175 42 method
361 2888 86 28 was
472 2881 43 35 to
538 2880 151 50 repeat
712 2874 75 43 the
811 2874 141 43 sound
986 2874 45 42 of
1065 2874 74 43 the
1175 2875 93 42 first
1302 2875 130 43 letter
1465 2875 144 52 aloud,
1634 2876 115 42 until
1790 2877 36 41 it

160 2947 229 55 suggested
413 2947 98 42 that
534 2947 47 41 of
601 2947 75 43 the
698 2947 175 43 second,
895 2946 109 44 then
1028 2951 44 39 to
1095 2952 152 52 repeat
1269 2948 75 42 the
1368 2948 95 42 first
1497 2954 88 36 two
1619 2949 114 41 until
1770 2949 54 43 he

160 3018 126 43 could
309 3019 83 42 add
419 3019 74 42 the
518 3019 130 43 third,
670 3019 88 43 and
781 3033 46 29 so
851 3034 54 27 on
932 3019 116 43 until
1073 3019 53 43 he
1150 3020 131 42 could
1307 3035 253 42 pronounce
1584 3020 75 43 the
1685 3021 140 43 whole

164 3089 125 44 word.
355 3091 175 43 Shown,
554 3093 65 41 for
641 3092 215 56 example,
878 3106 25 28 a
927 3092 131 53 hand,
1081 3093 86 42 and
1192 3092 134 43 asked
1352 3098 44 37 to
1423 3107 127 28 name
1574 3092 47 52 it,
1641 3093 53 42 he
1717 3094 111 51 said,

162 3162 95 52 "H,
279 3163 57 53 H,
360 3163 84 53 Ha,
472 3162 83 52 Ha,
578 3163 146 54 Hand,
743 3163 171 44 Hand."
979 3163 263 44 Sometimes
1267 3165 53 42 he
1343 3169 76 53 got
1442 3164 75 43 the
1543 3164 140 44 whole
1707 3166 117 43 word

1570 3225 25 41 3
1619 3235 26 35 c
