<?xml version="1.0" encoding="UTF-8"?>
<alto xmlns="http://www.loc.gov/standards/alto/ns-v2#" xmlns:xsi="http://www.w3.org/2001/XMLSchema-instance" xsi:schemaLocation="http://www.loc.gov/standards/alto/ns-v2# http://www.loc.gov/standards/alto/alto.xsd">
  <Description>
    <MeasurementUnit>pixel</MeasurementUnit>
    <sourceImageInformation>
      <fileName>b22031261_abbyy.xml</fileName>
    </sourceImageInformation>
    <OCRProcessing ID="OCR_1">
      <preProcessingStep>
        <processingDateTime>2016-02-11T05:40:32</processingDateTime>
        <processingAgency>intranda GmbH, www.intranda.com</processingAgency>
        <processingSoftware>
          <softwareCreator>intranda GmbH, Germany</softwareCreator>
          <softwareName>intranda OCR Module for TaskManager</softwareName>
          <softwareVersion>1.0r42</softwareVersion>
        </processingSoftware>
      </preProcessingStep>
      <ocrProcessingStep>
        <processingSoftware>
          <softwareCreator>ABBYY (BIT Software), Russia</softwareCreator>
          <softwareName>FineReader Engine</softwareName>
          <softwareVersion>10</softwareVersion>
        </processingSoftware>
      </ocrProcessingStep>
    </OCRProcessing>
  </Description>
  <Layout>
    <Page PHYSICAL_IMG_NR="41" ID="PAGE_41" WIDTH="1895" HEIGHT="3217">
      <TopMargin ID="TopMargin_26" HPOS="757" VPOS="328" WIDTH="792" HEIGHT="43">
        <TextBlock ID="TextBlock_1149" HPOS="757" VPOS="328" WIDTH="792" HEIGHT="43">
          <TextLine ID="TextLine_892" HPOS="1493" VPOS="328" WIDTH="56" HEIGHT="43">
            <String CONTENT="31" ID="Word_6599" HPOS="1493" VPOS="328" WIDTH="56" HEIGHT="43" />
          </TextLine>
          <TextLine ID="TextLine_891" HPOS="757" VPOS="332" WIDTH="238" HEIGHT="33">
            <String CONTENT="MONKEYS." ID="Word_6598" HPOS="757" VPOS="332" WIDTH="238" HEIGHT="33" />
          </TextLine>
        </TextBlock>
      </TopMargin>
      <PrintSpace ID="PrintSpace_42" HPOS="187" VPOS="456" WIDTH="1371" HEIGHT="2190">
        <TextBlock ID="TextBlock_130" HPOS="187" VPOS="456" WIDTH="1371" HEIGHT="1986">
          <TextLine ID="TextLine_893" HPOS="191" VPOS="456" WIDTH="1365" HEIGHT="67">
            <String CONTENT="habits." ID="Word_6600" HPOS="191" VPOS="458" WIDTH="163" HEIGHT="45" />
            <SP ID="SP_5710" HPOS="355" VPOS="458" WIDTH="64" HEIGHT="0" />
            <String CONTENT="Some" ID="Word_6601" HPOS="420" VPOS="458" WIDTH="132" HEIGHT="47" />
            <SP ID="SP_5711" HPOS="553" VPOS="473" WIDTH="17" HEIGHT="0" />
            <String CONTENT="of" ID="Word_6602" HPOS="571" VPOS="456" WIDTH="50" HEIGHT="48" />
            <SP ID="SP_5712" HPOS="622" VPOS="456" WIDTH="11" HEIGHT="0" />
            <String CONTENT="the" ID="Word_6603" HPOS="634" VPOS="459" WIDTH="79" HEIGHT="45" />
            <SP ID="SP_5713" HPOS="714" VPOS="459" WIDTH="20" HEIGHT="0" />
            <String CONTENT="larger" ID="Word_6604" HPOS="735" VPOS="459" WIDTH="142" HEIGHT="45" />
            <SP ID="SP_5714" HPOS="878" VPOS="475" WIDTH="22" HEIGHT="0" />
            <String CONTENT="species" ID="Word_6605" HPOS="901" VPOS="460" WIDTH="164" HEIGHT="60" />
            <SP ID="SP_5715" HPOS="1066" VPOS="475" WIDTH="21" HEIGHT="0" />
            <String CONTENT="remaining" ID="Word_6606" HPOS="1088" VPOS="459" WIDTH="252" HEIGHT="64" />
            <SP ID="SP_5716" HPOS="1341" VPOS="461" WIDTH="21" HEIGHT="0" />
            <String CONTENT="in" ID="Word_6607" HPOS="1363" VPOS="461" WIDTH="48" HEIGHT="46" />
            <SP ID="SP_5717" HPOS="1412" VPOS="478" WIDTH="22" HEIGHT="0" />
            <String CONTENT="com-" ID="Word_6608" HPOS="1435" VPOS="478" WIDTH="121" HEIGHT="30" />
          </TextLine>
          <TextLine ID="TextLine_894" HPOS="191" VPOS="535" WIDTH="1362" HEIGHT="63">
            <String CONTENT="plete" ID="Word_6609" HPOS="191" VPOS="535" WIDTH="120" HEIGHT="61" />
            <SP ID="SP_5718" HPOS="312" VPOS="535" WIDTH="21" HEIGHT="0" />
            <String CONTENT="inactivity" ID="Word_6610" HPOS="334" VPOS="535" WIDTH="240" HEIGHT="63" />
            <SP ID="SP_5719" HPOS="575" VPOS="536" WIDTH="22" HEIGHT="0" />
            <String CONTENT="during" ID="Word_6611" HPOS="598" VPOS="536" WIDTH="161" HEIGHT="61" />
            <SP ID="SP_5720" HPOS="760" VPOS="536" WIDTH="21" HEIGHT="0" />
            <String CONTENT="daylight," ID="Word_6612" HPOS="782" VPOS="536" WIDTH="221" HEIGHT="62" />
            <SP ID="SP_5721" HPOS="1004" VPOS="552" WIDTH="24" HEIGHT="0" />
            <String CONTENT="come" ID="Word_6613" HPOS="1029" VPOS="552" WIDTH="122" HEIGHT="30" />
            <SP ID="SP_5722" HPOS="1152" VPOS="536" WIDTH="26" HEIGHT="0" />
            <String CONTENT="forth" ID="Word_6614" HPOS="1179" VPOS="536" WIDTH="118" HEIGHT="47" />
            <SP ID="SP_5723" HPOS="1298" VPOS="538" WIDTH="28" HEIGHT="0" />
            <String CONTENT="at" ID="Word_6615" HPOS="1327" VPOS="543" WIDTH="48" HEIGHT="40" />
            <SP ID="SP_5724" HPOS="1376" VPOS="543" WIDTH="31" HEIGHT="0" />
            <String CONTENT="night," ID="Word_6616" HPOS="1408" VPOS="540" WIDTH="145" HEIGHT="53" />
          </TextLine>
          <TextLine ID="TextLine_895" HPOS="193" VPOS="612" WIDTH="1364" HEIGHT="63">
            <String CONTENT="and" ID="Word_6617" HPOS="193" VPOS="612" WIDTH="90" HEIGHT="45" />
            <SP ID="SP_5725" HPOS="284" VPOS="612" WIDTH="20" HEIGHT="0" />
            <String CONTENT="make" ID="Word_6618" HPOS="305" VPOS="613" WIDTH="134" HEIGHT="45" />
            <SP ID="SP_5726" HPOS="440" VPOS="619" WIDTH="20" HEIGHT="0" />
            <String CONTENT="the" ID="Word_6619" HPOS="461" VPOS="613" WIDTH="78" HEIGHT="45" />
            <SP ID="SP_5727" HPOS="540" VPOS="612" WIDTH="13" HEIGHT="0" />
            <String CONTENT="forest" ID="Word_6620" HPOS="554" VPOS="612" WIDTH="134" HEIGHT="46" />
            <SP ID="SP_5728" HPOS="689" VPOS="619" WIDTH="15" HEIGHT="0" />
            <String CONTENT="resound" ID="Word_6621" HPOS="705" VPOS="613" WIDTH="192" HEIGHT="46" />
            <SP ID="SP_5729" HPOS="898" VPOS="613" WIDTH="13" HEIGHT="0" />
            <String CONTENT="with" ID="Word_6622" HPOS="912" VPOS="613" WIDTH="114" HEIGHT="45" />
            <SP ID="SP_5730" HPOS="1027" VPOS="614" WIDTH="15" HEIGHT="0" />
            <String CONTENT="their" ID="Word_6623" HPOS="1043" VPOS="614" WIDTH="119" HEIGHT="45" />
            <SP ID="SP_5731" HPOS="1163" VPOS="629" WIDTH="14" HEIGHT="0" />
            <String CONTENT="yells" ID="Word_6624" HPOS="1178" VPOS="614" WIDTH="115" HEIGHT="61" />
            <SP ID="SP_5732" HPOS="1294" VPOS="630" WIDTH="13" HEIGHT="0" />
            <String CONTENT="and" ID="Word_6625" HPOS="1308" VPOS="615" WIDTH="90" HEIGHT="45" />
            <SP ID="SP_5733" HPOS="1399" VPOS="615" WIDTH="12" HEIGHT="0" />
            <String CONTENT="howl-" ID="Word_6626" HPOS="1412" VPOS="615" WIDTH="145" HEIGHT="45" />
          </TextLine>
          <TextLine ID="TextLine_896" HPOS="192" VPOS="688" WIDTH="1366" HEIGHT="63">
            <String CONTENT="ing." ID="Word_6627" HPOS="192" VPOS="688" WIDTH="88" HEIGHT="62" />
            <SP ID="SP_5734" HPOS="281" VPOS="690" WIDTH="59" HEIGHT="0" />
            <String CONTENT="Speaking" ID="Word_6628" HPOS="341" VPOS="690" WIDTH="225" HEIGHT="61" />
            <SP ID="SP_5735" HPOS="567" VPOS="705" WIDTH="21" HEIGHT="0" />
            <String CONTENT="of" ID="Word_6629" HPOS="589" VPOS="689" WIDTH="50" HEIGHT="47" />
            <SP ID="SP_5736" HPOS="640" VPOS="689" WIDTH="12" HEIGHT="0" />
            <String CONTENT="the" ID="Word_6630" HPOS="653" VPOS="691" WIDTH="78" HEIGHT="45" />
            <SP ID="SP_5737" HPOS="732" VPOS="691" WIDTH="21" HEIGHT="0" />
            <String CONTENT="Red" ID="Word_6631" HPOS="754" VPOS="691" WIDTH="98" HEIGHT="44" />
            <SP ID="SP_5738" HPOS="853" VPOS="690" WIDTH="17" HEIGHT="0" />
            <String CONTENT="Howler," ID="Word_6632" HPOS="871" VPOS="690" WIDTH="200" HEIGHT="55" />
            <SP ID="SP_5739" HPOS="1072" VPOS="706" WIDTH="24" HEIGHT="0" />
            <String CONTENT="an" ID="Word_6633" HPOS="1097" VPOS="706" WIDTH="59" HEIGHT="30" />
            <SP ID="SP_5740" HPOS="1157" VPOS="707" WIDTH="16" HEIGHT="0" />
            <String CONTENT="eccentric" ID="Word_6634" HPOS="1174" VPOS="698" WIDTH="213" HEIGHT="39" />
            <SP ID="SP_5741" HPOS="1388" VPOS="707" WIDTH="17" HEIGHT="0" />
            <String CONTENT="writer" ID="Word_6635" HPOS="1406" VPOS="698" WIDTH="152" HEIGHT="39" />
          </TextLine>
          <TextLine ID="TextLine_897" HPOS="193" VPOS="767" WIDTH="1364" HEIGHT="62">
            <String CONTENT="observes,—Nothing" ID="Word_6636" HPOS="193" VPOS="767" WIDTH="540" HEIGHT="62" />
            <SP ID="SP_5742" HPOS="734" VPOS="784" WIDTH="14" HEIGHT="0" />
            <String CONTENT="can" ID="Word_6637" HPOS="749" VPOS="783" WIDTH="83" HEIGHT="30" />
            <SP ID="SP_5743" HPOS="833" VPOS="783" WIDTH="16" HEIGHT="0" />
            <String CONTENT="sound" ID="Word_6638" HPOS="850" VPOS="768" WIDTH="143" HEIGHT="45" />
            <SP ID="SP_5744" HPOS="994" VPOS="768" WIDTH="14" HEIGHT="0" />
            <String CONTENT="more" ID="Word_6639" HPOS="1009" VPOS="783" WIDTH="121" HEIGHT="30" />
            <SP ID="SP_5745" HPOS="1131" VPOS="768" WIDTH="18" HEIGHT="0" />
            <String CONTENT="dreadful" ID="Word_6640" HPOS="1150" VPOS="768" WIDTH="202" HEIGHT="45" />
            <SP ID="SP_5746" HPOS="1353" VPOS="769" WIDTH="14" HEIGHT="0" />
            <String CONTENT="than" ID="Word_6641" HPOS="1368" VPOS="769" WIDTH="114" HEIGHT="45" />
            <SP ID="SP_5747" HPOS="1483" VPOS="769" WIDTH="13" HEIGHT="0" />
            <String CONTENT="its" ID="Word_6642" HPOS="1497" VPOS="769" WIDTH="60" HEIGHT="46" />
          </TextLine>
          <TextLine ID="TextLine_898" HPOS="192" VPOS="844" WIDTH="1365" HEIGHT="62">
            <String CONTENT="nocturnal" ID="Word_6643" HPOS="192" VPOS="845" WIDTH="235" HEIGHT="44" />
            <SP ID="SP_5748" HPOS="428" VPOS="844" WIDTH="27" HEIGHT="0" />
            <String CONTENT="bowlings." ID="Word_6644" HPOS="456" VPOS="844" WIDTH="234" HEIGHT="62" />
            <SP ID="SP_5749" HPOS="691" VPOS="845" WIDTH="82" HEIGHT="0" />
            <String CONTENT="While" ID="Word_6645" HPOS="774" VPOS="845" WIDTH="158" HEIGHT="46" />
            <SP ID="SP_5750" HPOS="933" VPOS="845" WIDTH="25" HEIGHT="0" />
            <String CONTENT="lying" ID="Word_6646" HPOS="959" VPOS="845" WIDTH="128" HEIGHT="61" />
            <SP ID="SP_5751" HPOS="1088" VPOS="845" WIDTH="20" HEIGHT="0" />
            <String CONTENT="in" ID="Word_6647" HPOS="1109" VPOS="845" WIDTH="48" HEIGHT="45" />
            <SP ID="SP_5752" HPOS="1158" VPOS="860" WIDTH="21" HEIGHT="0" />
            <String CONTENT="your" ID="Word_6648" HPOS="1180" VPOS="860" WIDTH="115" HEIGHT="46" />
            <SP ID="SP_5753" HPOS="1296" VPOS="845" WIDTH="19" HEIGHT="0" />
            <String CONTENT="hammock" ID="Word_6649" HPOS="1316" VPOS="845" WIDTH="241" HEIGHT="46" />
          </TextLine>
          <TextLine ID="TextLine_899" HPOS="192" VPOS="919" WIDTH="1364" HEIGHT="64">
            <String CONTENT="in" ID="Word_6650" HPOS="192" VPOS="919" WIDTH="47" HEIGHT="46" />
            <SP ID="SP_5754" HPOS="240" VPOS="927" WIDTH="17" HEIGHT="0" />
            <String CONTENT="those" ID="Word_6651" HPOS="258" VPOS="927" WIDTH="126" HEIGHT="39" />
            <SP ID="SP_5755" HPOS="385" VPOS="937" WIDTH="11" HEIGHT="0" />
            <String CONTENT="gloomy" ID="Word_6652" HPOS="397" VPOS="922" WIDTH="179" HEIGHT="61" />
            <SP ID="SP_5756" HPOS="577" VPOS="937" WIDTH="13" HEIGHT="0" />
            <String CONTENT="and" ID="Word_6653" HPOS="591" VPOS="922" WIDTH="90" HEIGHT="45" />
            <SP ID="SP_5757" HPOS="682" VPOS="921" WIDTH="12" HEIGHT="0" />
            <String CONTENT="immeasurable" ID="Word_6654" HPOS="695" VPOS="921" WIDTH="346" HEIGHT="47" />
            <SP ID="SP_5758" HPOS="1042" VPOS="937" WIDTH="16" HEIGHT="0" />
            <String CONTENT="wilds," ID="Word_6655" HPOS="1059" VPOS="922" WIDTH="146" HEIGHT="54" />
            <SP ID="SP_5759" HPOS="1206" VPOS="938" WIDTH="18" HEIGHT="0" />
            <String CONTENT="you" ID="Word_6656" HPOS="1225" VPOS="937" WIDTH="92" HEIGHT="46" />
            <SP ID="SP_5760" HPOS="1318" VPOS="922" WIDTH="14" HEIGHT="0" />
            <String CONTENT="hear" ID="Word_6657" HPOS="1333" VPOS="922" WIDTH="108" HEIGHT="45" />
            <SP ID="SP_5761" HPOS="1442" VPOS="923" WIDTH="15" HEIGHT="0" />
            <String CONTENT="him" ID="Word_6658" HPOS="1458" VPOS="923" WIDTH="98" HEIGHT="45" />
          </TextLine>
          <TextLine ID="TextLine_900" HPOS="192" VPOS="997" WIDTH="1365" HEIGHT="63">
            <String CONTENT="howling" ID="Word_6659" HPOS="192" VPOS="998" WIDTH="197" HEIGHT="61" />
            <SP ID="SP_5762" HPOS="390" VPOS="1014" WIDTH="28" HEIGHT="0" />
            <String CONTENT="at" ID="Word_6660" HPOS="419" VPOS="1006" WIDTH="47" HEIGHT="38" />
            <SP ID="SP_5763" HPOS="467" VPOS="999" WIDTH="22" HEIGHT="0" />
            <String CONTENT="intervals" ID="Word_6661" HPOS="490" VPOS="999" WIDTH="213" HEIGHT="45" />
            <SP ID="SP_5764" HPOS="704" VPOS="997" WIDTH="21" HEIGHT="0" />
            <String CONTENT="from" ID="Word_6662" HPOS="726" VPOS="997" WIDTH="114" HEIGHT="48" />
            <SP ID="SP_5765" HPOS="841" VPOS="1015" WIDTH="21" HEIGHT="0" />
            <String CONTENT="eleven" ID="Word_6663" HPOS="863" VPOS="1015" WIDTH="158" HEIGHT="30" />
            <SP ID="SP_5766" HPOS="1022" VPOS="1015" WIDTH="25" HEIGHT="0" />
            <String CONTENT="o’clock" ID="Word_6664" HPOS="1048" VPOS="1000" WIDTH="162" HEIGHT="45" />
            <SP ID="SP_5767" HPOS="1211" VPOS="1000" WIDTH="27" HEIGHT="0" />
            <String CONTENT="at" ID="Word_6665" HPOS="1239" VPOS="1005" WIDTH="47" HEIGHT="40" />
            <SP ID="SP_5768" HPOS="1287" VPOS="1005" WIDTH="32" HEIGHT="0" />
            <String CONTENT="night" ID="Word_6666" HPOS="1320" VPOS="999" WIDTH="130" HEIGHT="61" />
            <SP ID="SP_5769" HPOS="1451" VPOS="1006" WIDTH="32" HEIGHT="0" />
            <String CONTENT="till" ID="Word_6667" HPOS="1484" VPOS="1001" WIDTH="73" HEIGHT="44" />
          </TextLine>
          <TextLine ID="TextLine_901" HPOS="193" VPOS="1074" WIDTH="1364" HEIGHT="63">
            <String CONTENT="daybreak." ID="Word_6668" HPOS="193" VPOS="1074" WIDTH="242" HEIGHT="61" />
            <SP ID="SP_5770" HPOS="436" VPOS="1077" WIDTH="81" HEIGHT="0" />
            <String CONTENT="You" ID="Word_6669" HPOS="518" VPOS="1077" WIDTH="108" HEIGHT="44" />
            <SP ID="SP_5771" HPOS="627" VPOS="1092" WIDTH="31" HEIGHT="0" />
            <String CONTENT="would" ID="Word_6670" HPOS="659" VPOS="1077" WIDTH="152" HEIGHT="45" />
            <SP ID="SP_5772" HPOS="812" VPOS="1077" WIDTH="32" HEIGHT="0" />
            <String CONTENT="suppose" ID="Word_6671" HPOS="845" VPOS="1092" WIDTH="187" HEIGHT="45" />
            <SP ID="SP_5773" HPOS="1033" VPOS="1083" WIDTH="31" HEIGHT="0" />
            <String CONTENT="that" ID="Word_6672" HPOS="1065" VPOS="1082" WIDTH="102" HEIGHT="39" />
            <SP ID="SP_5774" HPOS="1168" VPOS="1076" WIDTH="32" HEIGHT="0" />
            <String CONTENT="half" ID="Word_6673" HPOS="1201" VPOS="1075" WIDTH="103" HEIGHT="47" />
            <SP ID="SP_5775" HPOS="1305" VPOS="1075" WIDTH="28" HEIGHT="0" />
            <String CONTENT="the" ID="Word_6674" HPOS="1334" VPOS="1083" WIDTH="79" HEIGHT="39" />
            <SP ID="SP_5776" HPOS="1414" VPOS="1092" WIDTH="33" HEIGHT="0" />
            <String CONTENT="wild" ID="Word_6675" HPOS="1448" VPOS="1077" WIDTH="109" HEIGHT="45" />
          </TextLine>
          <TextLine ID="TextLine_902" HPOS="193" VPOS="1151" WIDTH="1362" HEIGHT="63">
            <String CONTENT="beasts" ID="Word_6676" HPOS="193" VPOS="1152" WIDTH="148" HEIGHT="45" />
            <SP ID="SP_5777" HPOS="342" VPOS="1168" WIDTH="18" HEIGHT="0" />
            <String CONTENT="of" ID="Word_6677" HPOS="361" VPOS="1151" WIDTH="51" HEIGHT="47" />
            <SP ID="SP_5778" HPOS="413" VPOS="1151" WIDTH="10" HEIGHT="0" />
            <String CONTENT="the" ID="Word_6678" HPOS="424" VPOS="1153" WIDTH="80" HEIGHT="45" />
            <SP ID="SP_5779" HPOS="505" VPOS="1153" WIDTH="21" HEIGHT="0" />
            <String CONTENT="forest" ID="Word_6679" HPOS="527" VPOS="1153" WIDTH="133" HEIGHT="45" />
            <SP ID="SP_5780" HPOS="661" VPOS="1159" WIDTH="22" HEIGHT="0" />
            <String CONTENT="were" ID="Word_6680" HPOS="684" VPOS="1169" WIDTH="118" HEIGHT="30" />
            <SP ID="SP_5781" HPOS="803" VPOS="1169" WIDTH="22" HEIGHT="0" />
            <String CONTENT="collecting" ID="Word_6681" HPOS="826" VPOS="1153" WIDTH="232" HEIGHT="61" />
            <SP ID="SP_5782" HPOS="1059" VPOS="1152" WIDTH="15" HEIGHT="0" />
            <String CONTENT="for" ID="Word_6682" HPOS="1075" VPOS="1152" WIDTH="65" HEIGHT="47" />
            <SP ID="SP_5783" HPOS="1141" VPOS="1160" WIDTH="14" HEIGHT="0" />
            <String CONTENT="the" ID="Word_6683" HPOS="1156" VPOS="1160" WIDTH="79" HEIGHT="38" />
            <SP ID="SP_5784" HPOS="1236" VPOS="1169" WIDTH="16" HEIGHT="0" />
            <String CONTENT="work" ID="Word_6684" HPOS="1253" VPOS="1154" WIDTH="123" HEIGHT="45" />
            <SP ID="SP_5785" HPOS="1377" VPOS="1154" WIDTH="17" HEIGHT="0" />
            <String CONTENT="of" ID="Word_6685" HPOS="1395" VPOS="1153" WIDTH="50" HEIGHT="46" />
            <SP ID="SP_5786" HPOS="1446" VPOS="1153" WIDTH="12" HEIGHT="0" />
            <String CONTENT="car-" ID="Word_6686" HPOS="1459" VPOS="1169" WIDTH="96" HEIGHT="29" />
          </TextLine>
          <TextLine ID="TextLine_903" HPOS="193" VPOS="1228" WIDTH="1361" HEIGHT="63">
            <String CONTENT="nage." ID="Word_6687" HPOS="193" VPOS="1243" WIDTH="126" HEIGHT="46" />
            <SP ID="SP_5787" HPOS="320" VPOS="1230" WIDTH="35" HEIGHT="0" />
            <String CONTENT="Now" ID="Word_6688" HPOS="356" VPOS="1230" WIDTH="121" HEIGHT="44" />
            <SP ID="SP_5788" HPOS="478" VPOS="1230" WIDTH="20" HEIGHT="0" />
            <String CONTENT="it" ID="Word_6689" HPOS="499" VPOS="1230" WIDTH="37" HEIGHT="44" />
            <SP ID="SP_5789" HPOS="537" VPOS="1229" WIDTH="21" HEIGHT="0" />
            <String CONTENT="is" ID="Word_6690" HPOS="559" VPOS="1229" WIDTH="37" HEIGHT="45" />
            <SP ID="SP_5790" HPOS="597" VPOS="1236" WIDTH="22" HEIGHT="0" />
            <String CONTENT="the" ID="Word_6691" HPOS="620" VPOS="1236" WIDTH="78" HEIGHT="39" />
            <SP ID="SP_5791" HPOS="699" VPOS="1236" WIDTH="21" HEIGHT="0" />
            <String CONTENT="tremendous" ID="Word_6692" HPOS="721" VPOS="1236" WIDTH="287" HEIGHT="39" />
            <SP ID="SP_5792" HPOS="1009" VPOS="1246" WIDTH="21" HEIGHT="0" />
            <String CONTENT="roar" ID="Word_6693" HPOS="1031" VPOS="1245" WIDTH="99" HEIGHT="30" />
            <SP ID="SP_5793" HPOS="1131" VPOS="1245" WIDTH="20" HEIGHT="0" />
            <String CONTENT="of" ID="Word_6694" HPOS="1152" VPOS="1228" WIDTH="50" HEIGHT="47" />
            <SP ID="SP_5794" HPOS="1203" VPOS="1228" WIDTH="12" HEIGHT="0" />
            <String CONTENT="the" ID="Word_6695" HPOS="1216" VPOS="1230" WIDTH="79" HEIGHT="44" />
            <SP ID="SP_5795" HPOS="1296" VPOS="1229" WIDTH="15" HEIGHT="0" />
            <String CONTENT="jaguar," ID="Word_6696" HPOS="1312" VPOS="1229" WIDTH="174" HEIGHT="62" />
            <SP ID="SP_5796" HPOS="1487" VPOS="1246" WIDTH="19" HEIGHT="0" />
            <String CONTENT="as" ID="Word_6697" HPOS="1507" VPOS="1246" WIDTH="47" HEIGHT="29" />
          </TextLine>
          <TextLine ID="TextLine_904" HPOS="193" VPOS="1304" WIDTH="1361" HEIGHT="63">
            <String CONTENT="he" ID="Word_6698" HPOS="193" VPOS="1304" WIDTH="57" HEIGHT="45" />
            <SP ID="SP_5797" HPOS="251" VPOS="1320" WIDTH="22" HEIGHT="0" />
            <String CONTENT="springs" ID="Word_6699" HPOS="274" VPOS="1321" WIDTH="170" HEIGHT="46" />
            <SP ID="SP_5798" HPOS="445" VPOS="1322" WIDTH="22" HEIGHT="0" />
            <String CONTENT="on" ID="Word_6700" HPOS="468" VPOS="1322" WIDTH="56" HEIGHT="29" />
            <SP ID="SP_5799" HPOS="525" VPOS="1307" WIDTH="20" HEIGHT="0" />
            <String CONTENT="his" ID="Word_6701" HPOS="546" VPOS="1307" WIDTH="70" HEIGHT="44" />
            <SP ID="SP_5800" HPOS="617" VPOS="1323" WIDTH="21" HEIGHT="0" />
            <String CONTENT="prey;" ID="Word_6702" HPOS="639" VPOS="1323" WIDTH="143" HEIGHT="44" />
            <SP ID="SP_5801" HPOS="783" VPOS="1322" WIDTH="22" HEIGHT="0" />
            <String CONTENT="now" ID="Word_6703" HPOS="806" VPOS="1322" WIDTH="104" HEIGHT="29" />
            <SP ID="SP_5802" HPOS="911" VPOS="1306" WIDTH="21" HEIGHT="0" />
            <String CONTENT="it" ID="Word_6704" HPOS="933" VPOS="1306" WIDTH="36" HEIGHT="45" />
            <SP ID="SP_5803" HPOS="970" VPOS="1313" WIDTH="22" HEIGHT="0" />
            <String CONTENT="changes" ID="Word_6705" HPOS="993" VPOS="1306" WIDTH="189" HEIGHT="45" />
            <SP ID="SP_5804" HPOS="1183" VPOS="1312" WIDTH="26" HEIGHT="0" />
            <String CONTENT="to" ID="Word_6706" HPOS="1210" VPOS="1312" WIDTH="47" HEIGHT="39" />
            <SP ID="SP_5805" HPOS="1258" VPOS="1306" WIDTH="21" HEIGHT="0" />
            <String CONTENT="his" ID="Word_6707" HPOS="1280" VPOS="1306" WIDTH="70" HEIGHT="45" />
            <SP ID="SP_5806" HPOS="1351" VPOS="1312" WIDTH="21" HEIGHT="0" />
            <String CONTENT="terrible" ID="Word_6708" HPOS="1373" VPOS="1308" WIDTH="181" HEIGHT="45" />
          </TextLine>
          <TextLine ID="TextLine_905" HPOS="194" VPOS="1381" WIDTH="1360" HEIGHT="62">
            <String CONTENT="deep-toned" ID="Word_6709" HPOS="194" VPOS="1381" WIDTH="272" HEIGHT="46" />
            <SP ID="SP_5807" HPOS="467" VPOS="1383" WIDTH="34" HEIGHT="0" />
            <String CONTENT="growlings," ID="Word_6710" HPOS="502" VPOS="1383" WIDTH="252" HEIGHT="60" />
            <SP ID="SP_5808" HPOS="755" VPOS="1399" WIDTH="41" HEIGHT="0" />
            <String CONTENT="as" ID="Word_6711" HPOS="797" VPOS="1399" WIDTH="49" HEIGHT="29" />
            <SP ID="SP_5809" HPOS="847" VPOS="1383" WIDTH="31" HEIGHT="0" />
            <String CONTENT="he" ID="Word_6712" HPOS="879" VPOS="1383" WIDTH="57" HEIGHT="45" />
            <SP ID="SP_5810" HPOS="937" VPOS="1383" WIDTH="32" HEIGHT="0" />
            <String CONTENT="is" ID="Word_6713" HPOS="970" VPOS="1383" WIDTH="37" HEIGHT="44" />
            <SP ID="SP_5811" HPOS="1008" VPOS="1399" WIDTH="31" HEIGHT="0" />
            <String CONTENT="pressed" ID="Word_6714" HPOS="1040" VPOS="1383" WIDTH="180" HEIGHT="60" />
            <SP ID="SP_5812" HPOS="1221" VPOS="1383" WIDTH="31" HEIGHT="0" />
            <String CONTENT="on" ID="Word_6715" HPOS="1253" VPOS="1398" WIDTH="56" HEIGHT="31" />
            <SP ID="SP_5813" HPOS="1310" VPOS="1398" WIDTH="32" HEIGHT="0" />
            <String CONTENT="all" ID="Word_6716" HPOS="1343" VPOS="1384" WIDTH="62" HEIGHT="44" />
            <SP ID="SP_5814" HPOS="1406" VPOS="1384" WIDTH="31" HEIGHT="0" />
            <String CONTENT="sides" ID="Word_6717" HPOS="1438" VPOS="1384" WIDTH="116" HEIGHT="45" />
          </TextLine>
          <TextLine ID="TextLine_906" HPOS="192" VPOS="1458" WIDTH="1362" HEIGHT="63">
            <String CONTENT="by" ID="Word_6718" HPOS="192" VPOS="1459" WIDTH="61" HEIGHT="59" />
            <SP ID="SP_5815" HPOS="254" VPOS="1474" WIDTH="22" HEIGHT="0" />
            <String CONTENT="superior" ID="Word_6719" HPOS="277" VPOS="1459" WIDTH="196" HEIGHT="60" />
            <SP ID="SP_5816" HPOS="474" VPOS="1458" WIDTH="29" HEIGHT="0" />
            <String CONTENT="force;" ID="Word_6720" HPOS="504" VPOS="1458" WIDTH="143" HEIGHT="55" />
            <SP ID="SP_5817" HPOS="648" VPOS="1475" WIDTH="35" HEIGHT="0" />
            <String CONTENT="and" ID="Word_6721" HPOS="684" VPOS="1460" WIDTH="90" HEIGHT="44" />
            <SP ID="SP_5818" HPOS="775" VPOS="1460" WIDTH="31" HEIGHT="0" />
            <String CONTENT="now" ID="Word_6722" HPOS="807" VPOS="1475" WIDTH="104" HEIGHT="30" />
            <SP ID="SP_5819" HPOS="912" VPOS="1475" WIDTH="27" HEIGHT="0" />
            <String CONTENT="you" ID="Word_6723" HPOS="940" VPOS="1474" WIDTH="91" HEIGHT="46" />
            <SP ID="SP_5820" HPOS="1032" VPOS="1460" WIDTH="32" HEIGHT="0" />
            <String CONTENT="hear" ID="Word_6724" HPOS="1065" VPOS="1460" WIDTH="108" HEIGHT="44" />
            <SP ID="SP_5821" HPOS="1174" VPOS="1460" WIDTH="25" HEIGHT="0" />
            <String CONTENT="his" ID="Word_6725" HPOS="1200" VPOS="1459" WIDTH="71" HEIGHT="46" />
            <SP ID="SP_5822" HPOS="1272" VPOS="1459" WIDTH="29" HEIGHT="0" />
            <String CONTENT="last" ID="Word_6726" HPOS="1302" VPOS="1459" WIDTH="88" HEIGHT="46" />
            <SP ID="SP_5823" HPOS="1391" VPOS="1460" WIDTH="22" HEIGHT="0" />
            <String CONTENT="dying" ID="Word_6727" HPOS="1414" VPOS="1460" WIDTH="140" HEIGHT="61" />
          </TextLine>
          <TextLine ID="TextLine_907" HPOS="191" VPOS="1536" WIDTH="850" HEIGHT="46">
            <String CONTENT="moan" ID="Word_6728" HPOS="191" VPOS="1550" WIDTH="134" HEIGHT="30" />
            <SP ID="SP_5824" HPOS="326" VPOS="1537" WIDTH="21" HEIGHT="0" />
            <String CONTENT="beneath" ID="Word_6729" HPOS="348" VPOS="1536" WIDTH="194" HEIGHT="45" />
            <SP ID="SP_5825" HPOS="543" VPOS="1536" WIDTH="22" HEIGHT="0" />
            <String CONTENT="a" ID="Word_6730" HPOS="566" VPOS="1551" WIDTH="27" HEIGHT="31" />
            <SP ID="SP_5826" HPOS="594" VPOS="1551" WIDTH="20" HEIGHT="0" />
            <String CONTENT="mortal" ID="Word_6731" HPOS="615" VPOS="1536" WIDTH="163" HEIGHT="46" />
            <SP ID="SP_5827" HPOS="779" VPOS="1536" WIDTH="21" HEIGHT="0" />
            <String CONTENT="wound.”*" ID="Word_6732" HPOS="801" VPOS="1536" WIDTH="240" HEIGHT="46" />
          </TextLine>
          <TextLine ID="TextLine_908" HPOS="257" VPOS="1612" WIDTH="1294" HEIGHT="62">
            <String CONTENT="A" ID="Word_6733" HPOS="257" VPOS="1612" WIDTH="42" HEIGHT="44" />
            <SP ID="SP_5828" HPOS="300" VPOS="1612" WIDTH="25" HEIGHT="0" />
            <String CONTENT="deep" ID="Word_6734" HPOS="326" VPOS="1612" WIDTH="109" HEIGHT="61" />
            <SP ID="SP_5829" HPOS="436" VPOS="1628" WIDTH="22" HEIGHT="0" />
            <String CONTENT="and" ID="Word_6735" HPOS="459" VPOS="1613" WIDTH="90" HEIGHT="45" />
            <SP ID="SP_5830" HPOS="550" VPOS="1613" WIDTH="22" HEIGHT="0" />
            <String CONTENT="dark" ID="Word_6736" HPOS="573" VPOS="1613" WIDTH="110" HEIGHT="45" />
            <SP ID="SP_5831" HPOS="684" VPOS="1614" WIDTH="22" HEIGHT="0" />
            <String CONTENT="evergreen," ID="Word_6737" HPOS="707" VPOS="1628" WIDTH="251" HEIGHT="46" />
            <SP ID="SP_5832" HPOS="959" VPOS="1628" WIDTH="35" HEIGHT="0" />
            <String CONTENT="or" ID="Word_6738" HPOS="995" VPOS="1628" WIDTH="47" HEIGHT="31" />
            <SP ID="SP_5833" HPOS="1043" VPOS="1618" WIDTH="25" HEIGHT="0" />
            <String CONTENT="the" ID="Word_6739" HPOS="1069" VPOS="1612" WIDTH="79" HEIGHT="46" />
            <SP ID="SP_5834" HPOS="1149" VPOS="1612" WIDTH="27" HEIGHT="0" />
            <String CONTENT="hollow" ID="Word_6740" HPOS="1177" VPOS="1612" WIDTH="165" HEIGHT="46" />
            <SP ID="SP_5835" HPOS="1343" VPOS="1628" WIDTH="21" HEIGHT="0" />
            <String CONTENT="of" ID="Word_6741" HPOS="1365" VPOS="1612" WIDTH="50" HEIGHT="47" />
            <SP ID="SP_5836" HPOS="1416" VPOS="1612" WIDTH="14" HEIGHT="0" />
            <String CONTENT="some" ID="Word_6742" HPOS="1431" VPOS="1629" WIDTH="120" HEIGHT="30" />
          </TextLine>
          <TextLine ID="TextLine_909" HPOS="191" VPOS="1687" WIDTH="1360" HEIGHT="63">
            <String CONTENT="decaying" ID="Word_6743" HPOS="191" VPOS="1687" WIDTH="217" HEIGHT="63" />
            <SP ID="SP_5837" HPOS="409" VPOS="1695" WIDTH="35" HEIGHT="0" />
            <String CONTENT="tree," ID="Word_6744" HPOS="445" VPOS="1695" WIDTH="108" HEIGHT="49" />
            <SP ID="SP_5838" HPOS="554" VPOS="1691" WIDTH="34" HEIGHT="0" />
            <String CONTENT="like" ID="Word_6745" HPOS="589" VPOS="1691" WIDTH="91" HEIGHT="44" />
            <SP ID="SP_5839" HPOS="681" VPOS="1696" WIDTH="41" HEIGHT="0" />
            <String CONTENT="the" ID="Word_6746" HPOS="723" VPOS="1696" WIDTH="79" HEIGHT="39" />
            <SP ID="SP_5840" HPOS="803" VPOS="1706" WIDTH="111" HEIGHT="0" />
            <String CONTENT="shrouded" ID="Word_6747" HPOS="915" VPOS="1690" WIDTH="222" HEIGHT="45" />
            <SP ID="SP_5841" HPOS="1138" VPOS="1690" WIDTH="31" HEIGHT="0" />
            <String CONTENT="owls,”" ID="Word_6748" HPOS="1170" VPOS="1689" WIDTH="154" HEIGHT="46" />
            <SP ID="SP_5842" HPOS="1325" VPOS="1690" WIDTH="34" HEIGHT="0" />
            <String CONTENT="are" ID="Word_6749" HPOS="1360" VPOS="1705" WIDTH="74" HEIGHT="30" />
            <SP ID="SP_5843" HPOS="1435" VPOS="1697" WIDTH="36" HEIGHT="0" />
            <String CONTENT="the" ID="Word_6750" HPOS="1472" VPOS="1690" WIDTH="79" HEIGHT="46" />
          </TextLine>
          <TextLine ID="TextLine_910" HPOS="190" VPOS="1765" WIDTH="1358" HEIGHT="63">
            <String CONTENT="abodes" ID="Word_6751" HPOS="190" VPOS="1765" WIDTH="162" HEIGHT="46" />
            <SP ID="SP_5844" HPOS="353" VPOS="1766" WIDTH="33" HEIGHT="0" />
            <String CONTENT="duiing" ID="Word_6752" HPOS="387" VPOS="1766" WIDTH="160" HEIGHT="62" />
            <SP ID="SP_5845" HPOS="548" VPOS="1773" WIDTH="29" HEIGHT="0" />
            <String CONTENT="the" ID="Word_6753" HPOS="578" VPOS="1767" WIDTH="79" HEIGHT="45" />
            <SP ID="SP_5846" HPOS="658" VPOS="1767" WIDTH="32" HEIGHT="0" />
            <String CONTENT="day" ID="Word_6754" HPOS="691" VPOS="1767" WIDTH="91" HEIGHT="61" />
            <SP ID="SP_5847" HPOS="783" VPOS="1783" WIDTH="22" HEIGHT="0" />
            <String CONTENT="of" ID="Word_6755" HPOS="806" VPOS="1766" WIDTH="50" HEIGHT="47" />
            <SP ID="SP_5848" HPOS="857" VPOS="1766" WIDTH="29" HEIGHT="0" />
            <String CONTENT="other" ID="Word_6756" HPOS="887" VPOS="1773" WIDTH="127" HEIGHT="39" />
            <SP ID="SP_5849" HPOS="1015" VPOS="1783" WIDTH="31" HEIGHT="0" />
            <String CONTENT="small" ID="Word_6757" HPOS="1047" VPOS="1767" WIDTH="131" HEIGHT="45" />
            <SP ID="SP_5850" HPOS="1179" VPOS="1767" WIDTH="31" HEIGHT="0" />
            <String CONTENT="species;" ID="Word_6758" HPOS="1211" VPOS="1782" WIDTH="195" HEIGHT="46" />
            <SP ID="SP_5851" HPOS="1407" VPOS="1783" WIDTH="36" HEIGHT="0" />
            <String CONTENT="and," ID="Word_6759" HPOS="1444" VPOS="1769" WIDTH="104" HEIGHT="52" />
          </TextLine>
          <TextLine ID="TextLine_911" HPOS="190" VPOS="1842" WIDTH="1360" HEIGHT="62">
            <String CONTENT="when" ID="Word_6760" HPOS="190" VPOS="1856" WIDTH="134" HEIGHT="30" />
            <SP ID="SP_5852" HPOS="325" VPOS="1857" WIDTH="19" HEIGHT="0" />
            <String CONTENT="removed" ID="Word_6761" HPOS="345" VPOS="1844" WIDTH="211" HEIGHT="44" />
            <SP ID="SP_5853" HPOS="557" VPOS="1842" WIDTH="19" HEIGHT="0" />
            <String CONTENT="from" ID="Word_6762" HPOS="577" VPOS="1842" WIDTH="113" HEIGHT="47" />
            <SP ID="SP_5854" HPOS="691" VPOS="1850" WIDTH="21" HEIGHT="0" />
            <String CONTENT="their" ID="Word_6763" HPOS="713" VPOS="1844" WIDTH="119" HEIGHT="45" />
            <SP ID="SP_5855" HPOS="833" VPOS="1844" WIDTH="15" HEIGHT="0" />
            <String CONTENT="dormitory," ID="Word_6764" HPOS="849" VPOS="1844" WIDTH="260" HEIGHT="60" />
            <SP ID="SP_5856" HPOS="1110" VPOS="1859" WIDTH="18" HEIGHT="0" />
            <String CONTENT="a" ID="Word_6765" HPOS="1129" VPOS="1859" WIDTH="28" HEIGHT="30" />
            <SP ID="SP_5857" HPOS="1158" VPOS="1843" WIDTH="16" HEIGHT="0" />
            <String CONTENT="dreamy" ID="Word_6766" HPOS="1175" VPOS="1843" WIDTH="186" HEIGHT="61" />
            <SP ID="SP_5858" HPOS="1362" VPOS="1859" WIDTH="15" HEIGHT="0" />
            <String CONTENT="motion" ID="Word_6767" HPOS="1378" VPOS="1844" WIDTH="172" HEIGHT="45" />
          </TextLine>
          <TextLine ID="TextLine_912" HPOS="189" VPOS="1917" WIDTH="1361" HEIGHT="64">
            <String CONTENT="and" ID="Word_6768" HPOS="189" VPOS="1918" WIDTH="90" HEIGHT="45" />
            <SP ID="SP_5859" HPOS="280" VPOS="1918" WIDTH="20" HEIGHT="0" />
            <String CONTENT="piteous" ID="Word_6769" HPOS="301" VPOS="1917" WIDTH="174" HEIGHT="62" />
            <SP ID="SP_5860" HPOS="476" VPOS="1935" WIDTH="22" HEIGHT="0" />
            <String CONTENT="wailing," ID="Word_6770" HPOS="499" VPOS="1919" WIDTH="196" HEIGHT="62" />
            <SP ID="SP_5861" HPOS="696" VPOS="1936" WIDTH="23" HEIGHT="0" />
            <String CONTENT="are" ID="Word_6771" HPOS="720" VPOS="1936" WIDTH="75" HEIGHT="29" />
            <SP ID="SP_5862" HPOS="796" VPOS="1926" WIDTH="20" HEIGHT="0" />
            <String CONTENT="the" ID="Word_6772" HPOS="817" VPOS="1926" WIDTH="78" HEIGHT="39" />
            <SP ID="SP_5863" HPOS="896" VPOS="1935" WIDTH="28" HEIGHT="0" />
            <String CONTENT="only" ID="Word_6773" HPOS="925" VPOS="1920" WIDTH="107" HEIGHT="61" />
            <SP ID="SP_5864" HPOS="1033" VPOS="1935" WIDTH="16" HEIGHT="0" />
            <String CONTENT="exertions" ID="Word_6774" HPOS="1050" VPOS="1926" WIDTH="222" HEIGHT="39" />
            <SP ID="SP_5865" HPOS="1273" VPOS="1936" WIDTH="22" HEIGHT="0" />
            <String CONTENT="which" ID="Word_6775" HPOS="1296" VPOS="1921" WIDTH="147" HEIGHT="43" />
            <SP ID="SP_5866" HPOS="1444" VPOS="1921" WIDTH="22" HEIGHT="0" />
            <String CONTENT="an-" ID="Word_6776" HPOS="1467" VPOS="1936" WIDTH="83" HEIGHT="29" />
          </TextLine>
          <TextLine ID="TextLine_913" HPOS="188" VPOS="1997" WIDTH="1362" HEIGHT="52">
            <String CONTENT="nounce" ID="Word_6777" HPOS="188" VPOS="2009" WIDTH="174" HEIGHT="30" />
            <SP ID="SP_5867" HPOS="363" VPOS="2001" WIDTH="37" HEIGHT="0" />
            <String CONTENT="that" ID="Word_6778" HPOS="401" VPOS="2001" WIDTH="104" HEIGHT="39" />
            <SP ID="SP_5868" HPOS="506" VPOS="2002" WIDTH="38" HEIGHT="0" />
            <String CONTENT="their" ID="Word_6779" HPOS="545" VPOS="1997" WIDTH="119" HEIGHT="43" />
            <SP ID="SP_5869" HPOS="665" VPOS="2012" WIDTH="29" HEIGHT="0" />
            <String CONTENT="rest" ID="Word_6780" HPOS="695" VPOS="2002" WIDTH="91" HEIGHT="39" />
            <SP ID="SP_5870" HPOS="787" VPOS="1997" WIDTH="31" HEIGHT="0" />
            <String CONTENT="has" ID="Word_6781" HPOS="819" VPOS="1997" WIDTH="82" HEIGHT="44" />
            <SP ID="SP_5871" HPOS="902" VPOS="1998" WIDTH="32" HEIGHT="0" />
            <String CONTENT="been" ID="Word_6782" HPOS="935" VPOS="1998" WIDTH="113" HEIGHT="43" />
            <SP ID="SP_5872" HPOS="1049" VPOS="1997" WIDTH="33" HEIGHT="0" />
            <String CONTENT="disturbed," ID="Word_6783" HPOS="1083" VPOS="1997" WIDTH="243" HEIGHT="52" />
            <SP ID="SP_5873" HPOS="1327" VPOS="2012" WIDTH="25" HEIGHT="0" />
            <String CONTENT="or" ID="Word_6784" HPOS="1353" VPOS="2012" WIDTH="47" HEIGHT="29" />
            <SP ID="SP_5874" HPOS="1401" VPOS="2004" WIDTH="29" HEIGHT="0" />
            <String CONTENT="their" ID="Word_6785" HPOS="1431" VPOS="1997" WIDTH="119" HEIGHT="45" />
          </TextLine>
          <TextLine ID="TextLine_914" HPOS="189" VPOS="2068" WIDTH="1359" HEIGHT="65">
            <String CONTENT="feelings" ID="Word_6786" HPOS="189" VPOS="2068" WIDTH="184" HEIGHT="63" />
            <SP ID="SP_5875" HPOS="374" VPOS="2070" WIDTH="21" HEIGHT="0" />
            <String CONTENT="incommoded." ID="Word_6787" HPOS="396" VPOS="2070" WIDTH="323" HEIGHT="47" />
            <SP ID="SP_5876" HPOS="720" VPOS="2073" WIDTH="67" HEIGHT="0" />
            <String CONTENT="During" ID="Word_6788" HPOS="788" VPOS="2073" WIDTH="175" HEIGHT="60" />
            <SP ID="SP_5877" HPOS="964" VPOS="2078" WIDTH="19" HEIGHT="0" />
            <String CONTENT="the" ID="Word_6789" HPOS="984" VPOS="2078" WIDTH="79" HEIGHT="39" />
            <SP ID="SP_5878" HPOS="1064" VPOS="2088" WIDTH="22" HEIGHT="0" />
            <String CONTENT="night," ID="Word_6790" HPOS="1087" VPOS="2072" WIDTH="143" HEIGHT="61" />
            <SP ID="SP_5879" HPOS="1231" VPOS="2088" WIDTH="31" HEIGHT="0" />
            <String CONTENT="on" ID="Word_6791" HPOS="1263" VPOS="2088" WIDTH="55" HEIGHT="30" />
            <SP ID="SP_5880" HPOS="1319" VPOS="2080" WIDTH="21" HEIGHT="0" />
            <String CONTENT="the" ID="Word_6792" HPOS="1341" VPOS="2080" WIDTH="79" HEIGHT="38" />
            <SP ID="SP_5881" HPOS="1421" VPOS="2088" WIDTH="21" HEIGHT="0" />
            <String CONTENT="con-" ID="Word_6793" HPOS="1443" VPOS="2089" WIDTH="105" HEIGHT="31" />
          </TextLine>
          <TextLine ID="TextLine_915" HPOS="188" VPOS="2149" WIDTH="660" HEIGHT="61">
            <String CONTENT="trary," ID="Word_6794" HPOS="188" VPOS="2153" WIDTH="140" HEIGHT="55" />
            <SP ID="SP_5882" HPOS="329" VPOS="2154" WIDTH="23" HEIGHT="0" />
            <String CONTENT="they" ID="Word_6795" HPOS="353" VPOS="2154" WIDTH="113" HEIGHT="55" />
            <SP ID="SP_5883" HPOS="467" VPOS="2164" WIDTH="21" HEIGHT="0" />
            <String CONTENT="are" ID="Word_6796" HPOS="489" VPOS="2164" WIDTH="73" HEIGHT="30" />
            <SP ID="SP_5884" HPOS="563" VPOS="2164" WIDTH="21" HEIGHT="0" />
            <String CONTENT="all" ID="Word_6797" HPOS="585" VPOS="2149" WIDTH="62" HEIGHT="45" />
            <SP ID="SP_5885" HPOS="648" VPOS="2150" WIDTH="21" HEIGHT="0" />
            <String CONTENT="energy." ID="Word_6798" HPOS="670" VPOS="2164" WIDTH="178" HEIGHT="46" />
          </TextLine>
          <TextLine ID="TextLine_916" HPOS="254" VPOS="2224" WIDTH="1295" HEIGHT="64">
            <String CONTENT="The" ID="Word_6799" HPOS="254" VPOS="2225" WIDTH="96" HEIGHT="45" />
            <SP ID="SP_5886" HPOS="351" VPOS="2224" WIDTH="13" HEIGHT="0" />
            <String CONTENT="food" ID="Word_6800" HPOS="365" VPOS="2224" WIDTH="99" HEIGHT="47" />
            <SP ID="SP_5887" HPOS="465" VPOS="2226" WIDTH="13" HEIGHT="0" />
            <String CONTENT="of" ID="Word_6801" HPOS="479" VPOS="2225" WIDTH="50" HEIGHT="46" />
            <SP ID="SP_5888" HPOS="530" VPOS="2225" WIDTH="6" HEIGHT="0" />
            <String CONTENT="this" ID="Word_6802" HPOS="537" VPOS="2225" WIDTH="91" HEIGHT="46" />
            <SP ID="SP_5889" HPOS="629" VPOS="2225" WIDTH="16" HEIGHT="0" />
            <String CONTENT="family" ID="Word_6803" HPOS="646" VPOS="2225" WIDTH="159" HEIGHT="63" />
            <SP ID="SP_5890" HPOS="806" VPOS="2241" WIDTH="15" HEIGHT="0" />
            <String CONTENT="may" ID="Word_6804" HPOS="822" VPOS="2241" WIDTH="109" HEIGHT="46" />
            <SP ID="SP_5891" HPOS="932" VPOS="2227" WIDTH="16" HEIGHT="0" />
            <String CONTENT="be" ID="Word_6805" HPOS="949" VPOS="2227" WIDTH="53" HEIGHT="43" />
            <SP ID="SP_5892" HPOS="1003" VPOS="2241" WIDTH="16" HEIGHT="0" />
            <String CONTENT="called" ID="Word_6806" HPOS="1020" VPOS="2226" WIDTH="141" HEIGHT="45" />
            <SP ID="SP_5893" HPOS="1162" VPOS="2226" WIDTH="13" HEIGHT="0" />
            <String CONTENT="almost" ID="Word_6807" HPOS="1176" VPOS="2226" WIDTH="162" HEIGHT="46" />
            <SP ID="SP_5894" HPOS="1339" VPOS="2233" WIDTH="17" HEIGHT="0" />
            <String CONTENT="entirely" ID="Word_6808" HPOS="1357" VPOS="2228" WIDTH="192" HEIGHT="60" />
          </TextLine>
          <TextLine ID="TextLine_917" HPOS="188" VPOS="2302" WIDTH="1357" HEIGHT="60">
            <String CONTENT="vegetable." ID="Word_6809" HPOS="188" VPOS="2303" WIDTH="243" HEIGHT="59" />
            <SP ID="SP_5895" HPOS="432" VPOS="2304" WIDTH="45" HEIGHT="0" />
            <String CONTENT="The" ID="Word_6810" HPOS="478" VPOS="2304" WIDTH="96" HEIGHT="44" />
            <SP ID="SP_5896" HPOS="575" VPOS="2319" WIDTH="22" HEIGHT="0" />
            <String CONTENT="accounts" ID="Word_6811" HPOS="598" VPOS="2319" WIDTH="207" HEIGHT="30" />
            <SP ID="SP_5897" HPOS="806" VPOS="2319" WIDTH="22" HEIGHT="0" />
            <String CONTENT="of" ID="Word_6812" HPOS="829" VPOS="2302" WIDTH="50" HEIGHT="47" />
            <SP ID="SP_5898" HPOS="880" VPOS="2302" WIDTH="11" HEIGHT="0" />
            <String CONTENT="their" ID="Word_6813" HPOS="892" VPOS="2303" WIDTH="119" HEIGHT="45" />
            <SP ID="SP_5899" HPOS="1012" VPOS="2303" WIDTH="18" HEIGHT="0" />
            <String CONTENT="love" ID="Word_6814" HPOS="1031" VPOS="2303" WIDTH="100" HEIGHT="45" />
            <SP ID="SP_5900" HPOS="1132" VPOS="2302" WIDTH="21" HEIGHT="0" />
            <String CONTENT="for" ID="Word_6815" HPOS="1154" VPOS="2302" WIDTH="65" HEIGHT="46" />
            <SP ID="SP_5901" HPOS="1220" VPOS="2318" WIDTH="19" HEIGHT="0" />
            <String CONTENT="animal" ID="Word_6816" HPOS="1240" VPOS="2303" WIDTH="169" HEIGHT="46" />
            <SP ID="SP_5902" HPOS="1410" VPOS="2303" WIDTH="21" HEIGHT="0" />
            <String CONTENT="food," ID="Word_6817" HPOS="1432" VPOS="2303" WIDTH="113" HEIGHT="55" />
          </TextLine>
          <TextLine ID="TextLine_918" HPOS="187" VPOS="2378" WIDTH="1359" HEIGHT="64">
            <String CONTENT="and" ID="Word_6818" HPOS="187" VPOS="2378" WIDTH="90" HEIGHT="45" />
            <SP ID="SP_5903" HPOS="278" VPOS="2378" WIDTH="31" HEIGHT="0" />
            <String CONTENT="relish" ID="Word_6819" HPOS="310" VPOS="2379" WIDTH="136" HEIGHT="45" />
            <SP ID="SP_5904" HPOS="447" VPOS="2379" WIDTH="32" HEIGHT="0" />
            <String CONTENT="for" ID="Word_6820" HPOS="480" VPOS="2379" WIDTH="65" HEIGHT="46" />
            <SP ID="SP_5905" HPOS="546" VPOS="2387" WIDTH="29" HEIGHT="0" />
            <String CONTENT="that" ID="Word_6821" HPOS="576" VPOS="2380" WIDTH="102" HEIGHT="46" />
            <SP ID="SP_5906" HPOS="679" VPOS="2386" WIDTH="32" HEIGHT="0" />
            <String CONTENT="of" ID="Word_6822" HPOS="712" VPOS="2379" WIDTH="51" HEIGHT="47" />
            <SP ID="SP_5907" HPOS="764" VPOS="2379" WIDTH="27" HEIGHT="0" />
            <String CONTENT="human" ID="Word_6823" HPOS="792" VPOS="2380" WIDTH="173" HEIGHT="46" />
            <SP ID="SP_5908" HPOS="966" VPOS="2381" WIDTH="26" HEIGHT="0" />
            <String CONTENT="beings," ID="Word_6824" HPOS="993" VPOS="2381" WIDTH="168" HEIGHT="61" />
            <SP ID="SP_5909" HPOS="1162" VPOS="2396" WIDTH="35" HEIGHT="0" />
            <String CONTENT="as" ID="Word_6825" HPOS="1198" VPOS="2396" WIDTH="48" HEIGHT="30" />
            <SP ID="SP_5910" HPOS="1247" VPOS="2396" WIDTH="31" HEIGHT="0" />
            <String CONTENT="related" ID="Word_6826" HPOS="1279" VPOS="2381" WIDTH="171" HEIGHT="45" />
            <SP ID="SP_5911" HPOS="1451" VPOS="2381" WIDTH="32" HEIGHT="0" />
            <String CONTENT="by" ID="Word_6827" HPOS="1484" VPOS="2382" WIDTH="62" HEIGHT="60" />
          </TextLine>
        </TextBlock>
        <TextBlock ID="TextBlock_131" HPOS="419" VPOS="2531" WIDTH="931" HEIGHT="115">
          <TextLine ID="TextLine_919" HPOS="419" VPOS="2531" WIDTH="853" HEIGHT="51">
            <String CONTENT="•" ID="Word_6828" HPOS="419" VPOS="2532" WIDTH="21" HEIGHT="21" />
            <SP ID="SP_5912" HPOS="441" VPOS="2531" WIDTH="22" HEIGHT="0" />
            <String CONTENT="Waterton's" ID="Word_6829" HPOS="464" VPOS="2531" WIDTH="227" HEIGHT="39" />
            <SP ID="SP_5913" HPOS="692" VPOS="2532" WIDTH="17" HEIGHT="0" />
            <String CONTENT="Wanderings," ID="Word_6830" HPOS="710" VPOS="2532" WIDTH="259" HEIGHT="50" />
            <SP ID="SP_5914" HPOS="970" VPOS="2535" WIDTH="20" HEIGHT="0" />
            <String CONTENT="8vo" ID="Word_6831" HPOS="991" VPOS="2535" WIDTH="69" HEIGHT="36" />
            <SP ID="SP_5915" HPOS="1061" VPOS="2547" WIDTH="17" HEIGHT="0" />
            <String CONTENT="edit." ID="Word_6832" HPOS="1079" VPOS="2535" WIDTH="84" HEIGHT="36" />
            <SP ID="SP_5916" HPOS="1164" VPOS="2535" WIDTH="21" HEIGHT="0" />
            <String CONTENT="305." ID="Word_6833" HPOS="1186" VPOS="2535" WIDTH="86" HEIGHT="37" />
          </TextLine>
          <TextLine ID="TextLine_920" HPOS="1322" VPOS="2615" WIDTH="28" HEIGHT="31">
            <String CONTENT="D" ID="Word_6834" HPOS="1322" VPOS="2615" WIDTH="28" HEIGHT="31" />
          </TextLine>
        </TextBlock>
      </PrintSpace>
    </Page>
  </Layout>
</alto>
