2125 3524
369 268 52 40 12

851 288 86 31 THE
969 289 242 34 DISORDERS
1244 293 52 30 OF
1327 293 173 32 SPEECH.

368 400 160 54 tongue
569 402 37 43 is
642 409 77 38 not
757 407 178 43 effected
974 409 57 55 by
1064 410 72 43 the
1177 411 162 43 middle
1382 413 42 41 of
1455 413 73 42 the
1559 414 77 55 tip,
1670 415 89 41 but,
1791 415 45 41 in
1868 420 113 38 most

367 467 279 59 individuals,
664 475 58 56 by
744 476 73 43 the
841 479 64 54 tip
928 484 44 36 at
994 479 74 43 the
1090 480 117 55 right
1227 482 91 41 side
1335 483 44 40 of
1401 482 72 42 the
1489 483 162 43 middle
1671 484 98 42 line.
1831 485 45 42 Is
1898 485 86 43 this

367 551 57 30 an
456 541 240 47 indication
732 547 93 43 that
857 549 73 43 the
965 551 155 54 speech
1154 552 190 55 energies
1376 566 70 28 are
1479 558 76 36 not
1588 553 256 43 distributed
1878 560 102 36 with

367 609 196 45 absolute
597 616 194 56 equality
829 623 43 36 to
907 619 74 42 the
1014 625 86 37 two
1134 621 113 42 sides
1281 622 44 40 of
1360 621 73 42 the
1467 626 170 51 tongue,
1671 623 79 42 but
1781 628 96 37 that
1909 624 74 42 the

367 685 159 51 tongue
558 684 47 41 in
640 687 154 54 speech
829 689 36 41 is
896 694 44 37 to
973 703 116 29 some
1121 696 150 37 extent
1302 694 21 18 "
1341 692 307 55 right-handed
1664 692 19 16 "
1700 694 15 40 ?
1776 693 44 42 It
1842 693 140 42 would

369 748 52 43 be
454 751 257 59 interesting
743 761 44 37 to
822 758 89 42 find
945 765 88 46 out,
1055 760 56 55 by
1134 761 165 42 further
1332 762 284 42 observation,
1650 762 33 40 if
1715 761 268 42 left-handed

367 821 155 53 people
546 823 90 41 trill
662 825 102 41 with
787 826 73 43 the
882 827 81 42 left
984 829 90 42 side
1097 830 46 41 of
1161 830 73 42 the
1256 831 256 54 tongue-tip.

427 891 126 42 From
592 894 74 42 the
699 896 134 42 above
865 898 277 55 description,
1165 900 35 41 it
1226 901 36 41 is
1294 914 101 28 seen
1427 901 95 41 that
1554 914 127 28 seven
1705 900 278 42 consonantal

369 963 160 41 sounds
552 977 70 29 are
644 967 177 53 capable
843 968 45 40 of
903 968 129 55 being
1053 969 215 54 produced
1291 975 44 37 at
1357 971 99 41 this,
1478 971 74 41 the
1572 975 113 37 most
1720 969 263 43 remarkable

367 1031 47 41 of
433 1032 74 42 the
529 1037 341 53 stop-positions.

427 1102 43 42 C.
504 1103 180 57 Taking,
725 1106 143 56 lastly,
910 1108 74 42 the
1021 1109 131 42 Third
1194 1124 47 27 or
1282 1110 214 42 Posterior
1537 1111 447 54 Stop-position—the

367 1171 217 45 Posterior
598 1175 492 56 Linguo-Palatal,—we
1106 1179 89 42 find
1219 1179 106 53 that,
1346 1180 89 42 like
1458 1181 73 41 the
1553 1181 92 41 first
1665 1195 45 27 or
1732 1181 196 41 anterior,
1951 1182 35 39 it

364 1242 210 55 produces
605 1247 215 56 normally
852 1248 103 56 only
986 1250 83 41 five
1102 1255 267 37 consonants.
1431 1251 83 41 We
1553 1251 101 52 find,
1688 1251 174 42 further,
1888 1251 94 41 that

366 1312 146 42 whilst
528 1315 212 55 complete
757 1321 206 52 stoppage
979 1319 37 42 is
1033 1319 179 43 effected
1231 1320 56 55 by
1309 1320 73 42 the
1415 1321 264 41 co-aptation
1704 1320 43 41 of
1778 1320 73 41 the
1874 1320 107 41 back

365 1383 48 41 of
441 1383 74 44 the
548 1390 158 52 tongue
729 1388 107 42 with
869 1389 73 42 the
965 1390 155 55 palate,
1144 1405 23 27 a
1200 1391 291 42 considerable
1513 1390 183 43 latitude
1729 1391 37 41 is
1789 1390 194 56 allowed,

364 1453 47 41 in
458 1455 88 42 this
592 1457 200 55 position,
830 1473 45 28 as
917 1464 44 37 to
1003 1460 73 42 the
1119 1466 124 37 exact
1284 1466 97 36 spot
1422 1475 54 27 on
1519 1461 73 42 the
1634 1460 141 56 palate
1817 1473 166 41 against

365 1524 143 42 which
539 1526 74 43 the
644 1532 160 52 tongue
835 1543 99 41 may
967 1530 52 42 be
1052 1531 185 54 pressed,
1269 1545 46 27 or
1346 1531 183 41 towards
1562 1531 139 40 which
1737 1531 36 40 it
1808 1544 100 40 may
1932 1530 53 42 be

364 1596 338 53 approximated.
785 1599 102 42 This
935 1599 185 43 latitude
1171 1601 180 54 permits
1399 1601 44 41 of
1484 1615 55 27 an
1580 1601 134 42 easier
1756 1600 228 41 transition

365 1664 110 41 from
527 1666 74 43 the
643 1673 239 38 consonant
934 1674 44 37 to
1032 1671 74 41 the
1158 1671 254 41 succeeding
1462 1671 147 41 vowel.
1701 1670 177 54 Taking,
1920 1670 64 41 for

365 1737 210 54 example,
609 1738 74 43 the
725 1741 138 42 words
904 1739 104 55 key
1049 1741 85 42 and
1175 1739 127 44 coal,
1339 1742 35 41 it
1415 1742 89 40 will
1536 1742 51 41 be
1629 1741 135 42 found
1805 1741 96 41 that
1939 1741 46 41 in

363 1804 105 56 key
509 1808 73 42 the
622 1807 37 43 k
708 1811 138 42 sound
886 1813 37 41 is
966 1812 179 42 effected
1187 1813 57 55 by
1284 1813 75 42 the
1405 1826 170 28 contact
1620 1813 47 41 of
1707 1812 74 42 the
1827 1816 157 38 tongue

366 1878 104 41 with
505 1878 75 43 the
614 1880 107 42 hard
755 1882 142 54 palate
932 1887 148 51 pretty
1101 1882 66 41 far
1198 1883 208 42 forward;
1437 1882 189 43 whereas
1658 1883 46 41 in
1735 1880 115 44 coal
1880 1882 36 42 it
1945 1882 38 42 is

365 1948 180 43 effected
586 1951 58 55 by
686 1951 74 43 the
804 1959 171 36 contact
1020 1953 44 42 of
1109 1953 74 42 the
1236 1958 159 37 tongue
1440 1952 105 42 with
1591 1953 73 42 the
1712 1958 85 37 soft
1841 1957 142 51 palate

364 2024 146 49 pretty
544 2020 64 41 far
649 2021 119 43 back.
853 2023 54 43 So
942 2023 89 43 also
1066 2023 107 41 with
1215 2024 73 41 the
1325 2024 242 41 fricatives:
1617 2021 37 44 h
1697 2024 46 41 in
1783 2021 118 44 here
1947 2023 36 42 is

363 2089 219 55 produced
618 2092 168 43 further
822 2094 184 41 forward
1049 2094 107 41 than
1192 2094 36 41 it
1245 2094 36 41 is
1315 2094 46 41 in
1394 2091 164 45 home.
1640 2094 88 42 The
1765 2095 82 41 five
1883 2109 98 27 con-

367 2164 178 38 sonants
567 2160 145 43 which
734 2162 87 43 this
843 2169 190 49 position
1065 2163 37 42 is
1134 2163 176 42 capable
1343 2165 45 40 of
1416 2163 237 55 producing
1686 2164 207 53 are—(1),
1913 2163 73 43 the

366 2229 206 43 voiceless
607 2232 221 55 explosive
862 2232 50 52 k,
952 2234 334 54 corresponding
1319 2234 47 41 in
1399 2235 57 40 its
1492 2233 125 42 mode
1650 2234 44 42 of
1728 2239 255 50 production

366 2304 44 38 to
431 2310 35 42 p
489 2302 84 42 and
596 2300 49 51 t;
679 2302 75 55 (2),
779 2303 72 43 the
872 2303 152 43 voiced
1046 2303 220 55 explosive
1281 2313 46 43 g,
1353 2317 44 28 as
1420 2304 45 40 in
1487 2313 123 43 gum
1628 2314 10 40 ;
1673 2304 75 54 (3),
1769 2304 73 42 the
1864 2305 120 41 nasal

365 2377 204 36 resonant
601 2381 97 43 ng;
732 2373 76 55 (4),
830 2373 74 42 the
937 2373 150 42 voiced
1123 2373 196 42 fricative
1351 2374 142 41 initial
1524 2384 47 42 y,
1595 2388 45 27 as
1672 2374 46 40 in
1748 2384 118 42 yes;
1899 2375 82 40 and

371 2441 77 55 (5),
469 2443 73 41 the
560 2443 207 42 voiceless
788 2443 197 42 fricative
1002 2441 36 42 h
1059 2457 45 28 or
1126 2441 75 43 ch.

427 2513 135 42 Much
587 2513 240 42 discussion
849 2513 77 42 has
949 2514 129 42 taken
1101 2514 120 55 place
1244 2527 45 28 as
1311 2518 44 36 to
1387 2513 75 42 the
1493 2514 207 41 situation
1735 2514 140 42 where
1908 2514 72 42 the

367 2582 207 43 voiceless
590 2582 196 43 fricative
799 2580 36 43 h
850 2583 90 55 (the
955 2583 199 55 aspirate)
1171 2583 35 42 is
1220 2582 225 56 produced.
1482 2582 123 42 Some
1617 2582 102 42 hold
1731 2583 94 41 that
1838 2583 34 41 it
1886 2597 98 41 may

370 2654 53 41 be
437 2654 217 55 produced
669 2653 230 55 anywhere
921 2653 46 41 in
989 2653 74 43 the
1085 2657 144 39 cavity
1247 2653 43 41 of
1312 2652 74 43 the
1407 2652 164 51 mouth,
1589 2653 58 55 by
1664 2652 73 43 the
1753 2653 171 42 friction
1941 2653 43 41 of

369 2724 74 42 the
461 2725 63 41 air
540 2725 169 42 against
727 2725 71 42 the
816 2725 122 42 walls
956 2725 43 41 of
1016 2725 72 41 the
1106 2724 88 43 oral
1212 2724 154 55 cavity.
1430 2724 250 42 Kussmaul,
1699 2738 54 28 on
1772 2725 73 41 the
1862 2724 122 42 other

371 2795 128 42 hand,
522 2799 156 38 asserts
697 2795 95 42 that
813 2795 36 41 it
869 2795 37 41 is
923 2795 99 41 well
1043 2795 160 41 known
1221 2798 95 38 that
1337 2794 73 42 the
1427 2794 186 55 aspirate
1634 2795 36 41 is
1692 2794 211 56 produced
1925 2794 57 54 by

371 2866 74 42 the
467 2865 103 42 rush
592 2866 44 41 of
657 2866 64 41 air
742 2865 184 42 through
950 2864 72 43 the
1040 2864 160 56 widely
1217 2879 110 41 open
1344 2864 157 55 glottis.
1565 2865 106 41 Like
1692 2878 115 28 some
1829 2864 155 50 others,

372 2937 22 41 I
417 2940 183 38 venture
623 2940 43 38 to
689 2935 171 43 dispute
882 2934 104 42 both
1009 2935 45 41 of
1073 2934 121 43 these
1215 2934 298 56 propositions,
1536 2935 84 41 and
1653 2934 102 42 hold
1785 2934 94 41 that
1911 2933 72 42 the

371 3011 188 39 aspirate
580 3006 37 43 is
640 3006 73 42 the
734 3005 206 43 voiceless
962 3005 197 42 fricative
1182 3005 43 41 of
1256 3005 73 42 the
1361 3004 209 55 posterior
1600 3004 316 56 stop-position,
1938 3017 46 28 as

367 3092 135 30 above
539 3076 153 44 stated.
758 3076 22 42 I
817 3089 89 29 also
945 3074 102 43 hold
1084 3074 96 43 that
1212 3075 73 42 the
1320 3079 85 38 soft
1440 3071 78 46 ch,
1543 3088 45 29 as
1614 3075 44 41 in
1691 3074 72 42 the
1795 3073 186 42 German
