2125 3524
331 237 54 40 62

814 254 86 31 THE
932 256 243 33 DISORDERS
1208 260 53 30 OF
1292 260 174 31 SPEECH.

329 366 203 56 training,
556 368 73 43 the
663 370 219 58 Intensity
912 387 48 28 or
991 375 149 43 Power
1171 377 44 41 of
1246 377 73 42 the
1341 378 120 42 voice
1493 391 97 41 may
1622 378 53 42 be
1706 378 237 56 increased;

328 436 74 43 the
423 452 161 43 energy
606 441 47 41 of
672 441 73 43 the
769 444 184 43 muscles
976 446 47 41 of
1041 446 73 42 the
1137 447 118 42 chest
1280 450 85 39 and
1395 448 155 55 larynx
1572 448 128 54 being
1726 449 216 45 increased

329 507 57 55 by
409 508 119 56 daily
558 511 85 42 and
675 514 251 52 systematic
960 516 199 42 exercise.
1222 518 53 40 In
1310 518 87 41 like
1429 532 190 36 manner,
1651 519 187 55 training
1867 534 76 29 can

330 576 192 44 increase
557 578 72 43 the
667 580 254 57 Flexibility
958 583 86 42 and
1081 584 73 42 the
1191 584 207 42 Compass
1429 586 46 40 of
1503 585 72 42 the
1608 586 128 41 voice.
1803 587 140 43 Above

329 646 71 51 all,
423 649 189 56 training
633 664 79 28 can
734 653 314 42 communicate
1077 658 44 37 to
1143 655 73 42 the
1240 656 118 41 voice
1381 669 25 27 a
1427 655 209 55 precision
1659 656 46 41 in
1727 657 217 56 attacking

328 718 182 42 musical
542 726 123 36 notes
688 721 96 42 that
815 722 36 41 is
884 722 163 42 seldom
1080 738 47 28 or
1161 739 129 27 never
1322 730 88 37 met
1442 725 105 41 with
1586 726 42 40 in
1667 725 73 43 the
1777 726 168 45 singing

328 788 47 41 of
408 803 54 27 an
501 790 232 42 untrained
769 792 223 42 musician.
1056 793 53 41 In
1141 794 74 42 the
1252 795 165 42 trained
1457 796 153 54 singer,
1647 795 73 42 the
1756 804 188 34 moment

327 858 74 42 the
434 859 64 41 air
529 860 149 53 begins
710 865 45 37 to
787 867 70 36 act
887 876 117 40 upon
1037 863 72 41 the
1143 864 119 41 vocal
1295 865 121 42 cords
1448 865 73 42 the
1558 870 101 37 note
1695 865 36 42 is
1767 873 176 36 emitted

327 929 45 40 in
415 929 211 54 perfectly
664 936 164 36 correct
862 935 118 39 tune,
1012 933 86 41 and
1134 935 257 49 sometimes,
1423 935 125 42 when
1586 935 222 43 desirable,
1843 943 101 35 with

327 1013 25 27 a
383 999 168 41 sudden
583 1001 220 54 explosive
836 1002 137 50 effect,
1006 1003 142 41 which
1179 1003 77 43 has
1287 1005 107 41 been
1433 1006 136 42 called
1602 1006 72 42 the
1705 1007 166 42 "shock
1903 1009 42 41 of

328 1069 73 41 the
433 1069 183 54 glottis,"
655 1085 47 27 or
733 1071 159 55 "Coup
925 1072 52 42 de
1009 1072 184 43 Glotte."
1254 1074 102 41 This
1387 1075 169 41 "shock
1588 1077 46 39 of
1668 1076 71 42 the
1770 1090 173 41 glottis"

326 1139 38 41 is
386 1152 25 28 a
432 1139 169 54 subject
623 1141 133 41 about
773 1141 141 42 which
938 1143 127 40 much
1089 1142 76 42 has
1187 1143 108 41 been
1318 1144 172 42 written
1513 1145 56 54 by
1588 1145 181 50 Mandl,1
1792 1146 153 50 Lunn,2

327 1210 384 43 Lennox-Browne
753 1212 85 41 and
884 1212 214 51 Behnke,3
1140 1213 84 41 and
1276 1213 143 42 others
1473 1215 93 41 who
1617 1215 109 41 have
1775 1221 170 37 written

328 1294 116 40 upon
468 1281 411 55 voice-production.
944 1283 89 42 The
1065 1298 181 27 manner
1268 1284 46 40 in
1337 1284 140 42 which
1501 1285 187 55 training
1710 1286 234 42 communi-

328 1353 117 39 cates
469 1351 87 41 this
578 1352 215 55 precision
815 1356 45 38 to
882 1353 75 42 the
979 1353 123 42 vocal
1125 1368 152 41 organs
1299 1355 37 40 is
1357 1368 24 27 a
1403 1354 167 56 subject
1593 1355 164 41 worthy
1780 1356 46 40 of
1843 1369 102 41 very

327 1421 165 42 careful
527 1422 331 52 consideration,
881 1423 209 42 although
1120 1424 44 41 in
1199 1424 86 42 this
1315 1425 174 41 treatise
1517 1425 102 41 only
1651 1439 24 27 a
1707 1426 80 40 few
1811 1425 133 42 words

328 1507 79 26 can
430 1492 52 42 be
500 1492 93 42 said
611 1493 134 41 about
761 1494 45 41 it.
869 1493 83 42 We
975 1499 118 37 must
1115 1495 239 41 remember
1376 1495 94 41 that
1491 1496 171 54 singing
1680 1496 46 40 is,
1749 1504 109 32 after
1879 1496 67 51 all,

328 1563 75 42 the
426 1563 135 42 result
583 1564 43 41 of
658 1564 218 41 muscular
898 1565 156 41 action,
1077 1565 163 41 carried
1262 1580 55 26 on
1340 1566 45 40 in
1418 1566 230 41 obedience
1678 1578 42 29 to
1742 1565 204 42 impulses

329 1634 260 55 proceeding
620 1635 110 40 from
763 1635 160 41 certain
958 1635 187 42 cerebral
1177 1649 131 28 nerve
1340 1641 175 37 centres.
1577 1636 44 41 It
1647 1650 136 27 seems
1815 1641 42 36 to
1881 1650 64 27 me

328 1705 98 41 that
457 1718 117 28 more
606 1704 215 42 attention
853 1705 153 55 might,
1029 1705 105 41 with
1156 1706 250 55 advantnge,
1427 1707 53 41 be
1511 1706 100 55 paid
1643 1710 44 37 to
1710 1706 72 41 the
1805 1706 138 41 action

328 1781 47 41 of
414 1780 121 42 these
578 1785 176 37 centres.
816 1780 183 42 Writers
1041 1795 118 41 upon
1196 1781 73 42 the
1306 1782 120 41 voice
1466 1782 113 54 fully
1615 1782 217 41 recognise
1873 1782 71 40 the

328 1851 214 41 influence
565 1851 43 41 of
630 1851 192 41 training
852 1851 47 41 in
932 1852 330 54 strengthening
1283 1851 74 42 the
1379 1852 196 41 muscles,
1598 1851 85 41 and
1704 1852 45 40 in
1771 1852 174 54 making

328 1922 120 42 them
471 1927 174 49 prompt
661 1925 44 38 to
723 1922 108 41 obey
849 1922 237 41 influences
1103 1921 256 55 proceeding
1381 1922 108 41 from
1513 1922 74 41 the
1608 1935 128 28 nerve
1759 1926 186 47 centres;

327 1993 79 41 but
438 1992 185 55 perhaps
656 1991 105 43 they
793 1992 53 42 do
878 1996 78 38 not
987 1991 263 55 sufficiently
1281 1992 218 41 recognise
1530 1992 95 41 that
1656 1992 57 41 its
1735 1991 209 42 influence

376 2097 12 23 1
416 2096 161 47 Hygiene
594 2096 40 35 de
652 2096 36 36 la
714 2095 97 46 Voix,
829 2107 68 35 par
913 2095 36 35 le
967 2095 54 35 Dr
1039 2095 40 35 L.
1101 2095 142 45 Mandl,
1265 2098 101 33 1876.

372 2156 15 23 2
412 2155 80 36 The
512 2155 214 46 Philosophy
752 2156 44 45 of
825 2155 108 44 Voice,
950 2154 51 36 by
1021 2155 152 35 Charles
1199 2155 123 44 Lunn,
1344 2155 100 35 1874.
1498 2154 108 36 After
1630 2154 64 36 the
1718 2155 225 47 publication

329 2216 39 37 of
382 2228 65 35 my
465 2227 113 36 paper
595 2215 41 34 in
657 2215 103 35 1866,
778 2215 60 35 Mr
856 2214 112 36 Lunn
981 2226 74 24 was
1073 2226 69 24 one
1160 2213 40 36 of
1214 2213 63 36 the
1294 2214 80 35 first
1391 2218 38 31 to
1446 2214 184 47 recognise
1648 2214 81 35 that
1745 2214 63 35 the
1824 2225 119 24 valve-

327 2276 142 36 actions
486 2274 191 36 described
695 2274 40 34 in
754 2274 31 35 it
801 2286 60 23 are
879 2274 204 46 important
1100 2273 188 35 functions
1305 2273 40 35 of
1366 2273 63 36 the
1447 2273 158 47 Larynx.
1656 2273 289 46 Unfortunately

327 2337 59 35 his
404 2327 271 43 consideration
705 2333 40 35 of
771 2332 65 36 the
862 2333 142 35 subject
1033 2332 61 35 led
1120 2332 80 35 him
1227 2336 38 31 to
1296 2332 111 35 think
1432 2332 81 35 that
1541 2332 64 35 the
1629 2332 90 35 false
1745 2333 101 35 cords
1875 2332 70 35 and

329 2392 198 38 ventricles
550 2392 40 35 of
611 2391 194 47 Morgagni
831 2403 60 23 are
917 2391 201 35 concerned
1143 2391 41 35 in
1209 2390 63 36 the
1288 2390 219 47 production
1525 2390 40 35 of
1578 2390 63 36 the
1660 2391 20 18 "
1692 2390 123 36 Shock
1833 2390 39 35 of
1886 2390 60 35 the

329 2451 170 38 Glottis."
539 2451 92 35 This
649 2451 19 35 I
686 2450 111 35 think
811 2450 32 35 is
861 2462 21 23 a
894 2450 169 35 mistake.
1104 2450 18 34 I
1142 2449 141 36 believe
1301 2449 81 35 that
1400 2449 62 35 the
1481 2449 205 36 Ventricles
1704 2449 39 36 of
1758 2449 187 47 Morgagni

327 2514 95 35 have
440 2511 100 36 little
559 2522 40 23 or
615 2509 160 36 nothing
792 2513 38 31 to
846 2509 47 35 do
911 2508 93 36 with
1023 2508 63 36 the
1103 2508 168 36 function
1290 2508 39 36 of
1343 2509 110 35 voice.
1504 2509 145 46 During
1666 2508 202 48 phonation
1885 2508 60 36 the

327 2573 92 35 false
437 2570 104 37 cords
557 2581 61 24 are
635 2568 138 47 widely
786 2567 201 48 separated,
1006 2567 74 36 and
1098 2567 64 36 the
1180 2567 209 36 Ventricles
1407 2567 40 36 of
1461 2568 193 47 Morgagni
1670 2580 70 24 are,
1761 2568 18 35 I
1796 2567 149 45 believe,

329 2631 185 38 collapsed
543 2628 74 36 and
648 2632 137 43 empty.
840 2627 18 35 I
889 2627 127 43 admit,
1036 2626 180 36 however,
1234 2626 82 36 that
1345 2627 31 35 it
1405 2628 30 34 is
1453 2627 157 35 difficult
1627 2639 39 23 or
1683 2627 210 35 impossible
1910 2631 34 29 to

327 2702 114 38 prove
459 2693 82 32 that
555 2688 63 35 the
631 2687 199 36 ventricles
844 2698 60 24 are
918 2685 196 37 collapsed.
1165 2685 80 36 The
1264 2688 20 17 "
1297 2686 125 35 Shock
1439 2686 40 36 of
1493 2686 62 36 the
1573 2686 166 36 Glottis,"
1760 2686 17 36 I
1796 2686 150 43 believe,

328 2762 96 26 owes
441 2750 49 35 its
507 2759 134 25 almost
658 2758 187 24 explosive
864 2745 184 36 character
1065 2749 37 31 to
1117 2745 63 35 the
1198 2745 96 35 force
1310 2745 74 36 and
1401 2745 180 47 precision
1595 2745 109 47 given
1721 2745 49 47 by
1788 2744 158 45 training

328 2816 38 31 to
385 2810 63 36 the
465 2807 159 37 muscles
641 2807 83 35 that
741 2818 60 23 are
815 2805 117 36 called
950 2805 79 35 into
1047 2804 98 48 play.
1198 2804 79 35 The
1291 2808 86 31 note
1394 2805 31 35 is
1443 2804 126 36 struck
1585 2808 39 32 at
1641 2816 99 24 once,
1758 2804 39 35 in
1811 2805 135 46 perfect

326 2876 102 31 tune,
443 2867 75 37 and
534 2867 31 35 it
583 2878 85 24 may
682 2865 45 35 be
745 2865 126 35 struck
884 2863 89 37 with
994 2868 101 43 great
1108 2875 137 36 power:
1267 2866 19 17 "
1299 2863 69 45 as,"
1382 2875 81 24 says
1478 2863 54 35 Dr
1549 2863 156 36 Hullah,
1726 2863 90 35 "the
1829 2860 116 38 sound

326 2930 41 36 of
381 2929 63 36 the
463 2927 118 36 violin
598 2924 149 37 reaches
765 2924 63 36 the
846 2936 60 24 ear
923 2923 63 36 the
1002 2923 142 35 instant
1157 2922 62 35 the
1238 2921 81 37 bow
1334 2921 39 36 of
1388 2922 62 35 the
1467 2922 132 36 skilful
1617 2922 166 36 violinist
1800 2921 146 36 touches

325 2989 65 37 the
407 2987 129 47 string,
556 2998 40 23 so
621 2984 134 36 should
774 2983 82 36 that
874 2983 39 36 of
929 2982 63 36 the
1011 2982 101 36 voice
1129 2985 39 33 at
1198 2981 62 36 the
1289 2981 143 36 instant
1461 2986 318 43 expirationthe
1804 2980 142 45 bowing

327 3050 39 36 of
381 3048 63 37 the
462 3043 380 40 violinistbegins."
1221 3041 13 23 3
1268 3040 110 46 Voice,
1396 3040 103 48 Song,
1517 3041 73 36 and
1607 3041 136 47 Speech.
1798 3042 97 35 1883.
