1895 3217
1447 287 61 49 93

373 295 90 30 THE
488 296 89 30 RED
600 295 64 33 OR
679 292 186 35 ASIATIC
889 295 389 33 ORANG-OUTANG.

146 421 172 45 hibited
361 420 48 46 in
458 426 79 40 the
581 435 136 39 room,
771 420 149 45 which
961 420 177 46 excited
1188 426 80 40 the
1318 427 194 54 greatest

145 498 149 45 horror
327 497 133 45 when
487 498 140 44 taken
653 496 113 46 from
796 498 119 44 their
944 512 220 46 covering,
1197 496 91 45 and
1312 511 27 30 a
1362 498 150 44 watch

146 589 94 29 was
269 573 274 61 incessantly
566 574 109 44 kept
698 589 61 45 up
782 573 120 45 until
924 579 113 55 they
1060 588 117 30 were
1201 588 131 46 again
1356 588 157 45 placed

148 650 141 45 under
304 649 225 46 restraint.
588 650 110 45 This
717 665 93 30 was
833 650 92 45 also
947 650 236 45 remarked
1205 649 50 46 of
1269 656 79 38 the
1372 648 141 61 speci-

146 742 106 29 men
288 728 189 44 brought
515 732 47 40 to
601 726 79 45 the
720 727 210 59 Empress
968 726 257 46 Josephine.
1296 726 57 45 In
1397 725 118 45 their

149 810 154 38 native
326 802 131 46 wilds
479 809 112 54 they
614 817 74 30 are
710 802 118 45 their
849 809 118 39 most
990 802 215 46 insidious
1229 818 178 45 enemy.

217 880 111 44 This
351 879 169 45 animal
534 895 93 29 was
649 878 216 62 perfectly
883 885 341 55 good-natured,
1241 879 90 45 and
1350 894 167 30 scarce-

149 956 51 61 ly
224 971 103 30 ever
349 955 181 45 showed
564 971 91 45 any
678 954 262 47 inclination
963 961 47 40 to
1033 971 146 46 anger.
1247 956 155 46 When
1438 961 79 39 not

152 1032 244 53 exhibited,
405 1032 57 44 he
477 1047 93 30 was
586 1032 191 45 allowed
789 1038 47 40 to
851 1048 52 45 go
922 1034 136 44 about
1073 1032 78 45 the
1165 1032 153 54 house,
1329 1032 89 45 and
1426 1047 93 30 was

153 1109 228 61 generally
402 1114 48 40 to
472 1109 56 45 be
550 1107 140 47 found
712 1109 186 61 playing
915 1109 114 45 with
1052 1115 79 39 the
1159 1109 199 45 children
1382 1107 49 47 of
1440 1108 80 45 the

158 1201 157 45 person
338 1184 116 46 with
477 1184 150 46 whom
651 1185 75 45 Mr
749 1185 116 45 Cops
900 1185 172 61 lodged,
1098 1185 89 45 and
1209 1191 111 55 they
1344 1185 178 45 seemed

157 1262 232 60 mutually
418 1260 181 61 pleased
636 1260 113 45 with
790 1262 107 43 each
937 1262 138 44 other.
1159 1262 57 44 In
1254 1276 146 30 colour
1433 1262 90 44 and

158 1338 290 60 proportions,
473 1337 57 45 he
554 1337 77 45 did
652 1343 79 39 not
755 1336 128 46 differ
904 1335 112 48 from
1043 1344 127 39 those
1193 1353 69 29 we
1285 1338 115 45 have
1423 1353 100 45 pre-

158 1413 178 62 viously
358 1413 190 45 noticed.

228 1567 97 44 The
363 1572 111 39 next
510 1565 112 46 form
657 1572 47 40 to
744 1566 149 46 which
933 1581 80 31 our
1056 1565 224 47 attention
1325 1566 38 46 is
1407 1573 117 39 most

164 1643 231 60 naturally
418 1643 210 54 directed,
654 1658 47 30 as
725 1649 203 55 entering
949 1649 79 39 the
1051 1658 136 45 group
1211 1642 51 47 of
1286 1659 178 45 orangs,
1489 1643 38 45 is

160 1720 80 45 the
279 1719 199 46 Gibbons
509 1735 47 30 or
587 1719 283 46 long-armed
900 1735 119 45 apes,
1056 1718 190 63 forming
1279 1726 78 39 the
1387 1735 140 46 genus

164 1795 270 46 Hylobates*
470 1794 50 47 of
542 1796 163 45 Illiger.
787 1796 131 60 They
951 1811 109 45 may
1082 1796 55 45 be
1170 1796 227 60 generally
1421 1796 107 45 cha-

163 1871 238 46 racterised
422 1873 63 59 by
506 1871 168 61 having
687 1878 79 39 the
782 1887 121 30 same
927 1871 237 55 dentition,
1188 1872 172 60 though
1384 1887 144 30 some-

161 2555 123 38 Prod.
308 2552 62 42 67.
