1933 3302
163 185 51 39 70

448 186 214 40 Essigsäure,
686 186 189 42 Salzsäure,
900 187 267 41 Salpetersäure,
1191 189 173 42 Alkalien,
1388 190 104 33 Salze.

162 292 293 47 Limonensaft,
494 307 77 24 von
611 294 85 38 dem
729 295 60 38 die
822 295 205 39 Gebrüder
1058 295 204 40 Wenzel
1298 299 222 46 berichten,
1559 303 213 37 verdankte

163 347 108 38 seine
311 347 220 37 eventuelle
571 348 202 51 Wirkung
812 350 102 37 wohl
952 350 68 36 der
1064 349 311 41 Citronensäure.
1443 352 198 40 Demme
1681 356 92 37 fand

164 400 303 39 Citronensäure
498 402 79 37 und
607 403 99 37 auch
735 403 253 51 Essigsäure,
1021 403 142 38 ebenso
1193 403 208 41 Holzessig
1430 406 40 37 in
1500 412 274 33 anfänglichen

162 454 172 39 Formen
364 454 58 38 oft
450 455 115 38 rasch
595 457 198 37 wirksam.

295 508 285 50 Essigsäure
611 511 134 36 wurde
766 523 76 24 von
865 509 265 51 Thompson
1158 512 40 37 in
1219 511 117 39 Form
1358 526 76 24 von
1454 511 321 53 Ueberschlägen

162 562 74 38 mit
280 562 248 52 Weinessig,
578 564 93 37 oder
720 566 71 34 mit
841 562 225 52 Weinessig
1113 566 80 36 und
1240 566 251 38 Branntwein
1540 568 234 37 empfohlen.

163 615 237 39 Werneck
430 618 174 37 verband
634 619 72 35 mit
732 616 181 50 Charpie,
945 617 147 38 welche
1122 619 72 38 mit
1213 619 225 51 Weinessig
1467 622 188 49 getränkt
1684 635 90 24 war.

295 669 316 40 Verdünnte
651 670 292 38 Salzsäure
986 672 133 38 wurde
1160 673 127 38 neben
1329 674 68 38 der
1433 673 232 39 Essigsäure
1702 688 75 24 von

165 724 268 51 Thompson
465 727 198 49 gerühmt.
706 724 114 38 Auch
850 723 193 40 Gerson
1072 726 109 50 giebt
1211 741 60 33 an,
1304 728 87 38 dass
1422 728 55 37 sie
1509 728 59 38 die
1599 728 178 38 Fäulniss

162 779 80 38 und
274 779 68 38 das
372 779 226 38 Absterben
627 778 263 45 beschränke;
929 779 97 38 doch
1065 781 132 37 wurde
1229 781 61 38 die
1319 781 158 38 Wunde
1507 782 162 38 trocken
1700 783 78 37 imd

164 833 63 38 die
258 833 271 38 eliminirende
559 833 196 50 Eiterung
784 832 119 38 nahm
933 833 60 37 ab.
1053 833 233 39 Werneck
1322 835 77 50 gab
1435 835 68 38 der
1532 841 246 33 verdünnten

164 885 207 40 Salzsäure
404 888 74 37 den
507 887 161 39 Vorzug
698 900 70 25 vor
799 885 214 39 Schwefel-
1044 888 79 37 und
1154 887 306 51 Salpetersäure.

298 941 367 39 Salpetersäure
706 941 46 37 in
796 941 291 38 verdünnter
1125 941 136 39 Form
1298 943 53 37 ist
1380 943 62 37 ein
1471 942 89 38 sehr
1588 943 191 39 beliebtes

164 995 134 38 Mittel
326 1009 195 37 gewesen.
573 994 64 38 Sie
668 995 134 38 wurde
834 1008 76 24 von
939 994 197 39 Hennen
1164 996 80 38 und
1273 996 40 37 in
1334 995 48 39 A.
1405 995 209 51 Cooper's
1643 997 134 38 Klinik

164 1050 40 38 in
237 1048 140 51 Guy's
409 1049 186 50 Hospital
635 1062 132 38 gegen
808 1049 75 37 den
913 1049 311 50 Hospitalbrand
1254 1049 218 50 gebraucht
1500 1051 78 37 und
1608 1065 103 24 zwar
1739 1052 40 37 in

163 1104 189 38 letzterer
382 1104 53 37 im
455 1103 249 38 Verhältniss
735 1116 76 25 von
843 1104 19 36 1
887 1117 47 23 zu
965 1104 50 37 50
1038 1103 164 38 Theilen
1230 1103 172 39 Wasser.
1462 1104 111 38 Auch
1604 1104 173 39 Gerson

165 1159 156 37 wandte
351 1159 40 37 in
413 1157 176 39 Celorico
609 1158 80 37 und
710 1157 161 38 Brüssel
898 1157 70 38 auf
985 1158 270 49 Empfehlung
1278 1158 66 37 des
1367 1157 225 51 englischen
1613 1158 166 38 Armee-

166 1225 127 25 arztes
315 1212 270 38 Widmoore
617 1217 218 33 verdünnte
858 1210 294 51 Salpetersäure
1183 1226 61 23 an.
1284 1212 55 37 Er
1368 1211 153 38 machte
1541 1211 238 51 Umschläge

164 1269 73 36 mit
266 1266 327 39 Verdünnungen
624 1279 75 25 von
733 1266 18 37 1
786 1279 45 24 zu
865 1266 50 37 30
945 1266 60 37 bis
1037 1267 19 36 1
1090 1280 48 23 zu
1168 1266 63 37 25.
1290 1266 74 37 Die
1408 1279 75 24 von
1524 1266 67 37 der
1622 1265 160 51 Lösung

165 1321 195 38 triefende
398 1321 167 38 Charpie
609 1320 134 37 wurde
789 1320 69 37 auf
900 1320 60 37 die
993 1320 185 37 Wunden
1219 1319 238 50 aufgepackt
1499 1320 77 36 und
1621 1319 161 39 dreimal

165 1375 148 51 täglich
353 1389 78 24 neu
467 1374 230 39 befeuchtet
734 1387 101 37 resp.
878 1374 249 50 gewechselt.
1187 1373 238 50 Hohlgänge
1465 1373 160 37 wurden
1662 1377 119 35 öfters

166 1444 64 24 am
262 1430 110 38 Tage
404 1430 73 37 mit
507 1430 69 37 der
607 1428 122 39 Säure
767 1428 41 38 in
850 1428 67 38 der
957 1441 224 37 genannten
1211 1427 270 50 Verdünnung
1510 1430 270 35 ausgespritzt.

166 1484 117 39 Auch
314 1484 270 38 Thomson
615 1482 301 51 (Washington)
958 1482 242 51 gebrauchte
1242 1486 216 33 verdünnte
1489 1480 293 39 Salpetersäure

166 1539 74 38 mit
267 1539 181 38 raschem
478 1538 154 51 Erfolg.

858 1671 243 40 Alkalien

168 1782 157 38 wandte
357 1795 90 24 man
476 1794 74 24 nur
580 1794 57 24 als
667 1778 231 40 Aetzmittel
935 1792 68 24 an,
1043 1778 64 37 bei
1146 1777 125 38 denen
1312 1790 70 24 wir
1420 1776 84 38 ihre
1535 1775 250 50 Application

168 1835 245 40 besprechen
446 1848 169 25 werden.

301 1889 191 39 Rothes
538 1887 480 47 Quecksilberoxyd
1061 1886 134 37 wurde
1237 1898 75 25 von
1342 1883 193 39 Fodere
1577 1883 56 38 als
1671 1886 113 48 gutes

168 1945 134 39 Mittel
332 1959 47 23 zu
400 1944 162 38 Anfang
583 1944 68 37 der
671 1941 264 50 Behandlung
966 1939 235 39 empfohlen.
1251 1938 162 38 Heine
1444 1937 108 38 stellt
1582 1937 60 38 die
1672 1937 112 37 rothe

170 2013 95 26 oder
307 1999 115 51 gelbe
465 1997 326 39 Präcipitatsalbe
835 1998 71 35 mit
946 1994 202 50 Unguent.
1191 1993 166 45 basilic,
1407 1991 376 49 Kampherspiritus,

171 2053 261 40 Terpentinöl
452 2055 72 36 etc.
546 2053 41 37 in
608 2065 85 25 eine
715 2050 123 39 Reihe
868 2050 78 37 und
977 2049 69 37 sah
1074 2048 40 38 in
1145 2047 157 50 einigen
1323 2045 136 39 Fällen
1489 2045 294 49 befriedigende

172 2108 222 39 Resultate.

304 2162 293 39 Schwarzes
628 2156 479 49 Quecksilberoxyd
1146 2157 178 36 erwähnt
1356 2153 203 44 Tribes;
1602 2153 42 37 in
1674 2152 113 50 Lyon

172 2218 135 38 wurde
346 2230 76 25 von
452 2216 212 39 Christöt
692 2214 117 50 Aqua
843 2224 245 38 phagadaen.
1119 2208 155 40 freilich
1318 2207 101 39 ohne
1454 2207 142 50 Erfolg
1633 2207 39 37 in
1701 2206 85 38 An-

172 2285 200 37 wendung
402 2272 205 50 gebracht.

910 2400 167 40 Salze.

307 2514 299 38 Dussaussoy
638 2511 183 37 bediente
851 2508 83 39 sich
965 2520 106 25 einer
1101 2505 161 39 Lösung
1292 2517 76 25 von
1399 2499 310 48 Quecksilber
1745 2512 44 23 in

175 2569 365 40 Salpetersäure
562 2567 39 37 in
618 2565 151 38 Fällen,
793 2577 58 25 wo
873 2574 285 26 naheliegende
1180 2559 155 38 Sehnen
1356 2557 79 37 und
1452 2555 231 50 Ligamente
1705 2565 84 25 eine

177 2623 231 52 energische
439 2621 264 39 Einwirkung
735 2619 66 37 des
833 2616 233 39 Glüheisens
1096 2612 225 40 unmöglich
1360 2611 181 37 machten
1581 2606 78 51 (die
1690 2605 99 39 Con-

177 2691 221 27 centration
427 2676 111 51 giebt
568 2688 41 24 er
640 2675 107 36 nicht
777 2671 78 39 an).
914 2669 114 39 Auch
1064 2682 75 24 von
1175 2666 146 39 Rollo
1356 2664 79 37 und
1470 2660 319 40 Cruikshanks

177 2746 135 26 wurde
344 2729 384 47 Quecksilbernitrat
756 2727 41 37 in
827 2727 150 37 dünner
1008 2723 161 49 Lösung
1200 2720 230 51 gebraucht.

310 2786 363 50 Hydrargyrum
715 2783 223 36 nitricum
983 2789 305 27 oxydulatum
1330 2771 55 38 als
1427 2771 147 50 Liquor
1614 2767 174 39 Bellostn

177 2842 100 38 wird
309 2854 102 25 etwa
440 2839 40 38 in
511 2836 175 53 gleicher
716 2835 112 37 Linie
860 2837 241 45 aufgeführt.

312 2894 251 40 Sublimat
591 2892 154 37 wandte
778 2888 193 38 Gerson
1001 2886 40 37 in
1063 2885 160 37 Lösung
1244 2894 75 25 von
1341 2879 90 47 0,12
1454 2892 46 24 zu
1522 2877 51 39 30
1594 2889 67 31 an;
1693 2876 96 36 doch

179 2950 134 38 wurde
346 2949 60 38 die
438 2947 159 38 Wunde
627 2944 228 44 trockener,
894 2953 271 25 missfarbiger
1205 2935 78 38 und
1321 2933 117 39 nahm
1476 2945 49 25 an
1556 2929 142 39 Grösse
1728 2941 58 24 zu.

180 3003 235 39 Werneck
446 3002 177 38 verwirft
653 2998 124 39 dieses
808 2995 132 39 Mittel
970 2992 202 40 ebenfalls.
1214 2989 194 50 Dagegen
1437 2985 123 51 preist
1591 2997 33 23 v.
1647 2981 144 39 Pitha
