2113 3404
429 232 86 40 414

929 247 87 33 THE
1049 250 240 33 DISOUDEKS
1321 253 53 31 OP
1405 254 172 32 SPEECH.

430 363 173 53 capsule
643 362 140 47 which
820 366 76 43 has
935 368 105 42 been
1082 369 132 42 found
1254 376 42 37 to
1335 372 51 42 be
1419 374 226 54 composed
1677 375 46 41 of
1752 380 138 36 motor
1922 376 123 42 fibres

429 431 232 59 belonging
683 439 43 38 to
749 436 73 43 the
843 438 172 54 general
1041 445 136 36 motor
1201 445 117 39 tract.
1381 442 101 42 This
1513 444 167 54 portion
1713 444 35 42 is
1780 443 73 43 the
1884 445 161 42 middle

431 502 126 44 third.
623 506 43 41 It
689 507 148 55 begins
859 522 24 27 a
904 508 114 42 little
1044 509 42 41 in
1124 510 113 42 front
1266 512 44 40 of
1342 512 72 42 the
1446 513 122 53 knee,
1588 514 86 42 and
1705 515 180 42 extends
1917 516 128 42 back-

431 574 149 51 wards,
617 590 46 28 so
705 591 45 28 as
792 581 44 38 to
874 578 174 42 include
1087 580 72 41 the
1197 581 110 42 knee
1343 582 84 41 and
1468 597 115 28 more
1620 584 104 41 than
1763 584 91 42 half
1891 586 45 41 of
1974 585 72 43 the

430 646 208 53 posterior
673 647 107 42 limb
818 649 48 40 of
899 648 73 42 the
1009 650 185 53 capsule.
1257 651 88 42 The
1382 654 239 55 remaining
1656 655 192 54 portions
1888 656 45 41 of
1973 656 72 42 the

430 716 430 57 capsule—roughly,
885 718 72 42 the
990 720 190 41 anterior
1212 721 82 41 and
1329 722 74 42 the
1434 724 209 53 posterior
1674 724 266 43 thirds—are
1972 731 75 36 not

431 792 139 37 motor
591 788 45 41 in
660 788 207 42 function.
931 789 89 42 The
1043 791 188 41 anterior
1254 791 115 41 third
1391 792 37 41 is
1450 792 174 42 derived
1658 794 103 41 from
1797 795 72 42 the
1901 800 142 37 cortex

428 858 44 42 of
511 858 71 42 the
623 859 245 54 prefrontal
909 860 313 51 convolutions,
1260 861 84 41 and
1376 861 56 42 its
1466 862 216 43 functions
1713 878 71 28 are
1817 865 227 45 unknown.

428 929 90 41 The
555 929 209 54 posterior
807 929 117 41 third
966 929 37 42 is
1046 931 227 53 composed
1314 932 46 40 of
1398 945 173 43 sensory
1612 933 124 43 fibres
1773 935 137 41 which
1950 949 96 41 pass

428 998 200 54 upwards
650 998 44 41 in
720 997 72 43 the
815 998 186 55 capsule,
1023 1003 44 37 to
1089 999 82 42 end
1197 1000 244 43 ultimately
1468 1002 44 40 in
1548 1003 70 41 the
1649 1017 129 41 gyrus
1812 1004 233 42 fomicatus

427 1068 86 42 and
536 1068 123 42 other
679 1068 177 42 cortical
879 1083 118 27 areas
1021 1069 63 41 for
1106 1071 229 41 sensation.

487 1139 153 41 Before
662 1138 175 56 leaving
860 1139 86 42 this
969 1139 204 55 diagram,
1195 1140 61 42 let
1279 1155 49 27 us
1350 1145 100 37 note
1473 1141 44 41 in
1541 1141 35 41 it
1597 1142 73 42 the
1693 1142 182 54 position
1900 1144 46 40 of
1975 1143 71 42 the

430 1223 139 28 motor
607 1209 128 41 fibres
770 1210 63 40 for
871 1209 72 42 the
980 1213 172 51 tongue,
1189 1210 164 51 mouth,
1389 1211 227 43 etc.,—the
1654 1211 86 42 oral
1778 1212 268 42 articulative

429 1279 276 42 mechanism.
771 1280 42 41 It
838 1279 88 41 will
950 1280 50 41 be
1023 1280 210 42 observed
1256 1281 96 41 that
1374 1280 100 43 they
1499 1281 56 42 lie
1578 1282 63 40 far
1664 1282 204 41 forwards
1898 1283 41 40 in
1973 1283 72 41 the

427 1357 141 35 motor
590 1350 187 42 division
801 1350 46 41 of
867 1350 72 42 the
962 1350 186 55 capsule,
1166 1355 43 36 at
1227 1351 84 41 and
1328 1351 131 42 about
1476 1353 55 41 its
1549 1352 118 42 knee.
1731 1353 88 42 The
1841 1357 202 37 situation

431 1424 62 39 for
518 1422 71 42 the
613 1423 126 40 fibres
761 1421 44 41 of
828 1421 72 42 the
927 1421 118 42 vocal
1070 1421 264 43 mechanism
1355 1422 35 42 is
1410 1427 75 37 not
1501 1423 148 41 shown
1669 1425 41 39 in
1731 1423 86 42 this
1835 1424 185 54 diagram
2039 1439 10 36 ;

428 1493 79 41 but
530 1493 22 41 I
576 1507 97 40 may
696 1506 75 41 say
798 1492 104 51 that,
926 1492 228 41 according
1178 1496 42 37 to
1247 1492 69 41 the
1339 1493 156 41 results
1527 1494 43 40 of
1600 1507 25 27 a
1657 1498 145 36 recent
1833 1493 212 41 elaborate

425 1561 311 55 investigation
759 1561 56 55 by
840 1561 156 42 Semon
1020 1561 85 41 and
1132 1561 217 56 Horsley,1
1383 1562 70 41 the
1486 1563 126 41 fibres
1645 1563 64 40 for
1738 1563 232 41 adduction
2004 1564 46 39 of

428 1632 74 42 the
527 1632 119 42 vocal
669 1632 121 42 cords
812 1646 71 27 are
904 1632 189 42 situated
1117 1635 21 17 "
1155 1632 43 40 in
1223 1632 156 42 almost
1401 1633 170 55 exactly
1603 1633 73 41 the
1708 1633 160 41 middle
1900 1634 46 40 of
1974 1633 72 42 the

427 1704 211 55 posterior
659 1703 107 41 limb
789 1703 44 41 of
856 1703 73 41 the
951 1702 209 55 capsule."

488 1775 64 41 As
576 1789 62 27 we
661 1778 115 37 trace
801 1773 71 42 the
894 1773 174 55 general
1093 1777 137 37 motor
1253 1777 110 37 tract
1384 1773 195 42 onwards
1602 1777 43 38 to
1667 1773 73 42 the
1763 1787 95 28 crus
1875 1774 172 50 cerebri,

431 1861 62 27 we
519 1860 96 27 may
639 1844 168 43 remark
831 1844 108 41 that,
962 1844 45 41 in
1030 1843 174 55 passing
1227 1843 277 50 downwards,
1529 1843 152 41 within
1705 1844 71 41 the
1800 1843 182 55 capsule,
2005 1848 42 37 to

427 1918 73 40 the
526 1917 97 41 base
646 1916 42 41 of
713 1915 71 41 the
807 1915 136 41 brain,
966 1915 72 40 the
1065 1914 123 41 fibres
1212 1927 97 41 pass
1337 1928 54 27 on
1424 1913 194 56 directly,
1651 1913 183 42 without
1865 1914 182 54 forming

428 2000 264 29 connexions
716 1985 103 41 witli
846 1985 73 41 the
942 1984 104 42 cells
1069 1984 44 40 in
1137 1984 74 41 the
1235 1998 153 41 corpus
1411 1984 198 41 striatum
1629 1999 46 26 or
1692 1985 113 54 optic
1824 1984 222 41 thalamus.

429 2059 44 41 It
496 2072 86 28 was
605 2058 64 41 for
691 2071 24 27 a
736 2056 103 41 long
871 2055 106 42 time
1011 2054 214 56 supposed
1261 2054 94 42 that
1386 2055 73 41 the
1492 2068 152 28 corpus
1676 2055 198 41 striatum
1910 2068 84 28 was
2024 2068 25 27 a

427 2134 120 51 great
569 2142 137 28 motor
727 2127 216 56 ganglion,
966 2125 247 42 interposed
1238 2125 44 40 in
1305 2125 73 42 the
1402 2139 148 28 course
1582 2126 43 40 of
1658 2125 71 41 the
1761 2130 137 36 motor
1930 2128 119 47 tract,

428 2201 86 42 and
536 2200 145 41 acting
713 2212 45 27 as
789 2212 25 27 a
847 2201 145 38 centre
1026 2198 65 40 for
1124 2196 294 42 coordination
1437 2212 9 36 ;
1478 2196 79 41 but
1589 2195 87 42 this
1707 2195 77 42 has
1816 2209 92 27 now
1943 2195 104 41 been

429 2270 243 57 disproved,
694 2269 85 41 and
801 2268 58 41 all
884 2267 106 41 that,
1025 2272 43 36 at
1101 2271 185 50 present,
1320 2281 62 26 we
1415 2280 79 27 can
1526 2280 75 28 say
1634 2279 131 28 about
1795 2265 72 41 the
1899 2279 150 41 corpus

429 2342 201 44 striatum
668 2340 48 41 is,
750 2338 93 42 that
876 2338 55 41 its
964 2337 199 41 function
1196 2336 36 42 is
1265 2350 45 27 as
1343 2341 74 49 yet
1448 2336 230 41 unknown.
1743 2336 43 40 It
1816 2335 35 41 is
1883 2349 24 27 a
1938 2340 111 36 terra

431 2412 225 55 incognita,
679 2415 203 36 awaiting
906 2408 142 41 future
1072 2413 278 48 exploration.

491 2483 45 41 If
564 2496 63 28 we
659 2495 93 27 now
787 2493 98 41 pass
918 2484 43 36 to
995 2478 72 41 the
1099 2491 96 28 crus
1228 2477 171 42 cerebri,
1424 2491 60 27 we
1517 2476 87 41 find
1637 2476 94 41 that
1765 2476 71 41 the
1868 2476 180 42 General

430 2554 147 41 Motor
597 2553 127 40 Tract
744 2563 199 29 occupies
975 2548 74 42 the
1082 2547 160 41 middle
1266 2547 113 41 third
1403 2547 45 41 of
1478 2547 71 41 the
1572 2546 287 50 crusta,—the
1891 2550 97 51 part
2008 2545 44 42 of

431 2625 73 42 the
537 2636 96 29 crus
665 2625 94 37 that
790 2620 37 40 is
862 2618 151 42 visible
1046 2621 43 38 to
1122 2631 49 27 us
1207 2617 121 41 when
1355 2632 59 26 we
1448 2622 97 35 turn
1579 2631 99 27 over
1711 2617 71 41 the
1814 2617 120 41 brain
1967 2616 83 41 and

430 2708 157 31 expose
609 2694 56 40 its
697 2691 100 42 base
821 2694 42 37 to
889 2703 118 27 view.
1070 2687 88 41 The
1190 2687 204 41 relations
1427 2688 46 40 of
1501 2687 87 41 this
1619 2693 139 35 motor
1788 2691 97 50 part
1904 2687 44 41 of
1979 2686 73 42 the

428 2772 145 38 crusta
604 2778 70 27 are
706 2776 145 27 shown
889 2761 42 38 in
967 2759 71 41 the
1062 2758 217 53 following
1301 2757 186 56 diagram
1515 2757 104 55 (Fig.
1646 2756 84 55 17),
1754 2758 40 39 in
1822 2757 132 40 which
1981 2757 69 40 the

430 2835 171 60 general
628 2847 135 28 motor
786 2835 108 38 tract
916 2830 46 41 of
992 2829 71 42 the
1085 2828 80 42 left
1186 2828 90 41 side
1308 2828 35 41 is
1375 2828 148 41 shown
1550 2828 55 55 by
1629 2827 104 42 dark
1756 2827 189 55 shading.
2009 2827 43 40 It

433 2912 36 40 is
491 2908 87 43 this
601 2909 96 53 part
722 2901 136 42 which
879 2901 194 41 becomes
1095 2899 251 54 degenerate
1368 2898 84 42 and
1473 2898 156 42 wasted
1650 2897 122 42 when
1791 2896 72 42 the
1883 2895 168 56 general

436 2993 137 30 motor
596 2979 110 40 tract
727 2973 78 42 has
827 2972 107 41 been
957 2974 74 38 cut
1052 2983 139 28 across
1214 2969 53 55 by
1293 2969 134 41 lesion
1450 2968 149 56 higher
1621 2982 57 41 up
1701 2968 43 41 in
1768 2966 72 43 the
1862 2966 130 42 brain.

761 3057 9 26 >
800 3057 98 36 Phil.
922 3056 124 35 Trans,
1066 3055 41 46 of
1119 3055 53 35 the
1191 3054 43 36 K.
1253 3054 142 47 Society,
1415 3055 52 44 B.,
1488 3056 102 43 1890,
1608 3066 35 35 p.
1664 3053 76 36 187.
