2107 3450
804 290 164 30 VISUAL
1002 290 208 31 APHASIA.

1756 279 86 42 345

179 410 138 55 night,
352 411 161 42 having
545 410 224 43 delusions
802 410 135 42 about
971 411 131 55 being
1135 425 124 27 away
1299 411 109 41 from
1444 410 140 50 home,
1618 415 92 38 etc.,
1750 410 88 42 and

178 482 132 56 being
353 483 128 42 much
526 483 201 42 troubled
775 489 102 35 with
925 481 250 59 nightmare
1218 483 44 41 in
1308 482 68 42 his
1421 482 133 55 sleep.
1654 482 90 42 But
1783 481 54 42 he

176 554 227 56 gradually
429 554 237 58 improved,
691 555 85 41 and
814 555 54 54 by
893 553 133 46 about
1060 554 71 43 the
1167 554 85 42 end
1276 553 44 44 of
1355 554 251 42 November
1633 568 84 27 was
1741 553 97 42 able

180 632 43 36 to
245 626 59 42 sit
327 641 58 27 up
407 640 25 28 a
455 626 117 43 little
594 626 135 56 daily.

239 698 66 42 On
331 698 74 43 the
429 699 77 42 4th
535 698 45 43 of
614 698 254 43 December,
891 697 87 43 and
1003 698 160 57 during
1186 698 263 56 succeeding
1472 698 121 57 days,
1618 698 21 42 I
1663 697 127 43 made
1814 712 24 27 a

179 776 144 49 pretty
348 771 81 41 full
455 777 100 37 note
583 772 46 41 of
659 771 67 42 his
760 771 238 52 condition,
1023 771 133 42 doing
1188 772 34 41 it
1256 771 118 42 little
1409 772 57 54 by
1501 770 129 43 little,
1654 785 46 28 so
1724 785 46 28 as
1793 775 45 37 to

179 842 126 42 avoid
330 843 218 50 fatiguing
572 844 101 42 him.

239 915 21 41 I
287 916 132 42 found
446 916 95 43 that
565 916 73 43 the
663 921 141 38 motor
832 916 225 44 weakness
1080 931 53 29 on
1171 917 74 43 the
1280 917 118 42 right
1431 917 93 42 side
1556 916 85 42 had
1678 914 160 45 dimin-

179 987 122 42 ished
348 988 193 57 notably,
581 988 73 43 the
698 996 125 35 outer
865 989 128 42 circle
1038 990 47 41 of
1137 990 73 42 the
1260 990 336 56 dynamometer
1639 989 199 56 showing

181 1060 102 41 with
336 1060 73 42 the
464 1061 116 55 right
625 1062 114 41 hand
785 1077 25 26 a
856 1076 128 39 grasp
1029 1063 43 40 of
1127 1061 68 46 70,
1241 1077 45 27 as
1331 1062 230 42 compared
1621 1061 105 42 with
1781 1062 55 41 90

177 1133 238 55 registered
440 1134 55 56 by
534 1134 73 42 the
639 1148 128 42 grasp
801 1134 47 43 of
879 1134 75 42 the
988 1135 82 42 left
1102 1135 128 41 hand.
1295 1135 91 41 The
1424 1134 225 42 weakness
1683 1134 45 41 in
1763 1133 76 43 the

178 1205 117 56 right
318 1205 68 55 leg
411 1206 83 42 had
518 1206 90 43 also
632 1207 281 53 diminished,
933 1221 46 29 so
1004 1208 96 42 that
1124 1208 74 42 the
1222 1207 184 56 patient,
1428 1207 124 41 when
1579 1211 78 37 out
1674 1207 44 41 of
1741 1206 97 51 bed,

179 1291 86 28 was
301 1278 107 52 able,
443 1279 166 55 though
644 1280 125 42 lame,
806 1285 43 36 to
886 1280 114 41 walk
1033 1295 25 26 a
1096 1281 78 41 few
1209 1284 119 38 steps
1365 1278 189 42 without
1586 1282 252 38 assistance.

178 1349 91 42 The
311 1350 262 43 anaesthesia
615 1351 45 42 of
700 1351 76 42 the
820 1351 118 57 right
979 1352 94 42 side
1111 1351 87 42 had
1240 1365 162 28 almost
1440 1349 265 56 completely
1751 1349 88 43 dis-

178 1423 228 54 appeared.
473 1424 53 41 In
552 1424 73 42 the
649 1438 103 35 arm,
787 1424 212 42 however,
1034 1423 122 42 there
1195 1437 86 28 was
1315 1422 92 43 still
1442 1436 183 28 marked
1659 1421 181 42 impair-

176 1500 124 36 ment
325 1495 48 41 of
401 1495 74 42 the
511 1495 219 42 muscular
751 1509 151 29 sense;
933 1509 48 29 so
1015 1495 98 42 that
1146 1496 128 41 when
1309 1494 67 43 his
1409 1508 103 28 eyes
1548 1507 112 28 were
1694 1506 147 28 closed

177 1565 53 42 he
254 1565 82 42 had
360 1571 121 51 great
504 1566 219 42 difficulty
752 1567 44 41 in
830 1567 185 56 guiding
1050 1567 71 42 the
1161 1570 273 38 movements
1469 1566 47 41 of
1547 1565 74 42 the
1655 1564 187 44 affected

175 1637 117 56 right
314 1651 103 38 arm,
443 1638 126 42 when
595 1639 51 42 he
670 1653 89 28 was
782 1638 136 43 asked
948 1643 44 37 to
1026 1638 146 43 touch,
1203 1638 106 42 with
1345 1638 75 42 the
1454 1637 120 56 right
1609 1637 129 42 hand,
1767 1636 75 43 the

175 1708 81 42 left
298 1709 118 42 hand
459 1724 46 27 or
548 1710 74 42 the
667 1725 114 28 nose.
867 1710 91 43 The
1001 1710 120 57 right
1166 1710 322 54 homonymous
1538 1709 306 56 hemianopsia

177 1781 238 43 continued
438 1787 44 37 to
507 1783 51 42 be
583 1797 44 28 as
651 1783 217 56 complete
892 1783 84 42 and
1005 1782 161 58 typical
1194 1797 45 28 as
1265 1783 156 41 before.

248 1853 182 43 Written
453 1854 364 43 Speech.—There
838 1870 86 27 was
947 1855 107 42 total
1078 1855 412 42 Word-Blindness.
1556 1854 92 43 The
1670 1855 174 56 patient

180 1941 85 27 was
291 1931 75 38 not
388 1927 103 55 only
519 1927 279 43 word-blind,
831 1928 80 42 but
944 1927 92 43 also
1065 1928 292 43 letter-blind.
1422 1928 146 42 "When
1605 1927 77 43 the
1715 1941 129 28 name

177 1999 177 56 Dugald
378 2014 88 28 was
490 2000 153 56 placed
669 2001 147 42 before
839 2001 91 42 him
956 2001 45 41 in
1025 2001 119 56 large
1166 2006 136 51 print,
1321 2000 54 42 he
1400 2000 131 43 could
1555 2006 78 37 not
1657 2000 129 43 make
1809 2001 37 42 it

177 2075 88 47 out,
291 2071 89 50 but,
403 2085 46 28 as
474 2071 36 42 is
529 2072 224 42 curiously
776 2073 73 41 the
870 2072 93 42 rule
983 2073 45 40 in
1050 2073 106 41 such
1178 2086 134 28 cases,
1329 2071 55 42 he
1404 2071 72 42 did
1498 2075 77 38 not
1592 2070 189 43 hesitate
1802 2075 44 38 to

179 2157 126 28 name
329 2143 103 42 each
458 2143 44 42 of
525 2143 74 44 the
622 2143 165 52 letters,
811 2144 167 56 though
1005 2158 217 28 mistaken
1249 2143 44 42 in
1329 2157 131 29 every
1495 2157 108 28 case.
1669 2143 106 43 This
1807 2142 39 44 is

180 2215 118 42 what
320 2215 54 43 he
398 2216 126 43 made
547 2216 47 43 of
613 2216 177 43 Dugald
810 2234 7 25 :

845 2288 333 58 Dugald

843 2360 47 45 K
921 2375 27 29 a
978 2375 32 29 n
1041 2360 19 44 i
1091 2374 25 29 o
1153 2360 15 43 i

178 2432 69 43 He
272 2447 87 28 was
383 2433 177 57 equally
584 2438 46 38 at
663 2433 114 42 fault
812 2433 105 43 with
957 2432 234 52 numerals,
1227 2433 181 42 naming
1445 2432 117 43 them
1599 2446 46 28 as
1679 2431 166 51 letters,

180 2505 161 43 thus—

847 2579 23 42 1
907 2580 25 41 2
966 2579 27 42 3
1026 2578 29 42 4
1088 2577 27 44 5
1149 2577 27 44 6

851 2651 15 42 i
909 2666 22 28 r
967 2666 23 28 e
1030 2651 13 42 i
1088 2666 29 27 u
1150 2665 23 28 e

179 2722 53 42 In
272 2722 87 43 like
397 2737 183 29 manner
619 2723 55 44 he
714 2728 243 39 translated
1002 2723 75 44 the
1118 2723 228 58 following
1388 2722 220 58 algebraic
1650 2724 197 43 symbols

181 2795 163 43 thus—

879 2956 30 28 n
1000 2957 23 28 e
1117 2956 26 29 a

182 3012 69 43 He
275 3012 141 53 could,
440 3013 216 51 however,
680 3013 216 56 interpret
919 3013 75 44 the
1020 3015 206 42 meaning
1249 3014 45 42 of
1321 3014 193 56 pictures
1547 3028 47 29 or
1627 3014 220 55 drawings

181 3090 122 50 quite
328 3083 150 57 easily.
543 3084 21 42 I
591 3083 124 43 made
738 3084 91 42 him
856 3098 24 28 a
902 3084 154 43 sketch
1082 3084 44 42 of
1148 3099 25 27 a
1197 3083 137 43 man's
1356 3084 107 43 face,
1486 3083 85 43 and
1595 3084 135 42 asked
1755 3084 92 42 him

183 3161 117 38 what
321 3156 34 43 it
381 3170 97 30 was.
545 3156 69 43 He
640 3156 127 42 could
794 3161 76 38 not
894 3156 130 43 recall
1050 3156 74 43 the
1150 3156 116 42 word
1291 3160 20 17 "
1330 3155 127 43 face,"
1481 3155 81 43 but
1585 3155 91 42 said
1699 3155 96 42 that
1814 3156 35 41 it

1587 3216 24 42 2
1636 3226 31 31 X
