2113 3404
370 176 53 40 96

852 191 87 29 Till-;
972 191 240 32 DISOHDKKS
1244 193 52 30 OF
1328 187 173 38 SPEECH.

428 345 46 42 B.
513 346 243 43 GliSTURKS.

431 436 72 55 (a.)
539 437 208 55 Negation
783 439 89 41 and
902 439 442 55 Affirmation.—One
1376 439 43 41 of
1451 438 73 42 the
1555 443 190 49 gestures
1778 441 137 42 which
1944 444 34 44 is

370 513 172 36 soonest
562 508 202 54 acquired
786 509 57 41 by
862 509 193 41 children
1074 509 35 41 is
1128 509 72 41 the
1219 509 173 53 moving
1414 508 46 41 of
1478 508 74 42 the
1574 508 107 42 head
1705 510 106 41 from
1831 511 88 42 side
1937 519 39 37 to

371 577 91 42 side
476 591 46 28 as
537 592 52 27 an
607 577 234 41 indication
856 578 46 40 of
914 578 210 54 negation.
1158 577 178 42 Darwin
1351 577 150 41 thinks
1518 577 93 41 that
1625 578 86 42 this
1728 589 252 45 movement,

370 662 46 28 as
451 648 95 42 well
579 661 45 28 as
658 647 72 42 the
767 647 254 42 companion
1054 652 248 37 movement
1332 647 44 41 of
1399 647 188 55 nodding
1617 649 65 40 for
1714 649 264 53 affirmation,

370 733 99 27 may
491 718 109 41 have
633 717 237 42 originated
900 718 47 40 in
976 717 240 42 connexion
1251 717 104 41 with
1387 717 74 41 the
1494 717 170 42 feeding
1699 719 43 40 of
1777 719 201 45 children.

368 789 145 40 When
551 788 73 41 the
661 787 117 42 child
814 787 37 41 is
889 787 166 54 willing
1089 792 43 36 to
1154 787 100 41 take
1290 786 57 42 its
1384 787 110 41 food,
1527 787 34 41 it
1598 788 133 41 bends
1768 789 73 41 the
1873 789 105 45 head

370 857 194 49 forward,
588 857 89 41 but,
699 857 35 40 if
764 855 240 56 unwilling,
1026 856 36 40 it
1093 861 123 37 turns
1249 856 73 42 the
1354 856 109 42 head
1494 861 44 37 to
1569 871 80 28 one
1671 857 99 43 side.
1835 858 52 42 In
1909 861 69 42 the

369 928 129 41 latter
533 941 107 27 case,
662 927 34 40 if
729 926 72 42 the
832 925 97 42 food
963 925 52 42 be
1047 926 173 53 pressed
1252 940 116 40 upon
1399 927 46 50 it,
1467 927 35 41 it
1533 941 98 41 may
1653 933 101 36 turn
1786 929 56 42 its
1873 929 106 44 head

369 997 257 43 alternately
648 1000 44 37 to
728 996 73 42 the
832 1009 81 28 one
945 995 91 42 side
1067 995 84 41 and
1184 1002 44 35 to
1261 996 73 41 the
1366 996 130 42 other.
1559 997 136 51 Later,
1718 998 71 42 the
1811 999 114 42 child
1947 1001 34 42 is

369 1067 135 43 easily
525 1066 167 42 trained
716 1070 43 37 to
777 1065 170 55 employ
966 1065 122 42 these
1110 1070 268 38 movements
1401 1080 45 28 as
1463 1066 258 43 indications
1738 1069 43 40 of
1802 1069 177 42 affirma-

368 1139 92 41 tion
484 1152 46 27 or
552 1137 211 55 negation.
827 1136 161 54 Preyer
1010 1140 134 37 states
1165 1135 96 42 that
1284 1136 65 42 his
1371 1136 118 42 child
1511 1137 94 41 first
1625 1137 134 41 shook
1781 1138 74 42 the
1876 1138 104 44 head

370 1210 108 40 from
518 1208 91 41 side
647 1213 43 35 to
727 1206 90 42 side
855 1206 125 42 when
1028 1220 85 40 any
1143 1220 80 27 one
1256 1207 92 41 said
1379 1207 117 49 "No,
1517 1207 89 50 no,"
1640 1212 42 36 to
1714 1208 88 40 him
1836 1210 43 40 in
1913 1211 67 40 the

368 1278 241 42 thirteenth
632 1277 164 41 month,
817 1277 79 41 but
917 1276 94 42 that
1028 1276 55 42 he
1104 1276 75 41 did
1201 1281 76 37 not
1297 1276 119 42 learn
1439 1276 73 42 the
1536 1277 253 43 affirmative
1812 1278 82 41 nod
1917 1279 66 42 till

373 1350 72 41 the
467 1348 199 42 fifteenth
690 1347 162 42 month.

429 1420 71 54 (b.)
525 1419 203 41 Pointing
748 1426 101 33 with
871 1418 63 41 the
956 1417 138 41 Hand
1114 1431 46 27 or
1180 1417 330 54 Finger.—This
1528 1418 35 41 is
1580 1431 25 28 a
1626 1432 104 41 very
1749 1418 231 42 important

370 1503 183 42 gesture,
574 1487 129 41 much
737 1487 105 42 used
874 1487 57 54 by
952 1501 145 40 young
1128 1487 205 42 children.
1409 1488 158 41 Preyer
1598 1494 131 35 states
1762 1487 94 43 that
1886 1489 35 40 it
1951 1490 33 41 is

370 1573 173 40 already
566 1557 227 55 employed
816 1557 104 41 with
943 1558 163 53 perfect
1127 1562 260 37 correctness
1406 1558 142 40 before
1571 1558 73 41 the
1666 1559 93 40 first
1779 1563 202 38 attempts

371 1635 45 35 at
437 1627 245 44 expression
705 1627 44 40 in
771 1626 153 42 words.
986 1626 72 42 He
1079 1627 131 41 refers
1229 1632 42 36 to
1293 1640 25 27 a
1338 1626 114 41 little
1473 1627 81 54 girl
1572 1627 43 40 of
1637 1627 148 42 eleven
1803 1629 180 49 months,

369 1699 110 41 who,
517 1702 74 37 not
625 1702 76 50 yet
738 1696 95 42 able
864 1700 44 38 to
943 1696 133 55 speak
1107 1700 45 37 at
1188 1696 70 50 all,
1290 1696 217 42 answered
1539 1697 104 41 such
1676 1699 220 53 questions
1938 1714 43 27 as

372 1769 195 41 "Where
604 1769 37 40 is
678 1766 185 56 Papa?"
900 1767 196 42 "Where
1137 1768 36 41 is
1214 1767 229 55 Nanny?"
1478 1767 220 56 correctly,
1740 1769 183 41 without
1961 1783 22 27 a

372 1840 137 55 single
548 1843 194 45 mistake,
780 1838 57 55 by
873 1843 267 37 movements
1181 1838 44 41 of
1265 1838 74 42 the
1381 1853 111 39 eyes,
1534 1839 84 41 and
1659 1840 57 54 by
1751 1840 233 55 indicating

371 1910 210 42 direction
618 1916 106 34 with
759 1908 73 42 the
864 1909 144 53 finger.
1070 1908 70 41 He
1177 1913 132 37 states
1343 1908 92 42 that
1466 1909 109 41 later
1606 1909 87 41 this
1723 1909 196 55 pointing
1949 1912 33 40 is

370 1981 105 42 used
497 1994 46 28 as
575 1994 54 27 an
662 1978 247 43 expression
940 1978 47 41 of
1014 1992 25 27 a
1070 1978 117 41 wish.
1252 1979 93 41 One
1381 1979 43 40 of
1455 1979 211 41 Darwin's
1698 1980 205 50 children,
1925 1981 59 40 for

372 2050 210 55 example,
603 2054 45 37 at
669 2049 73 42 the
767 2048 239 42 thirteenth
1029 2048 165 50 month,
1216 2048 153 54 picked
1394 2062 57 41 up
1473 2063 24 27 a
1519 2049 117 54 piece
1668 2050 42 40 of
1741 2064 130 39 paper
1902 2050 80 40 and

370 2135 106 41 gave
509 2120 36 41 it
567 2125 43 36 to
642 2119 67 41 his
742 2119 151 50 father,
921 2119 199 54 pointing
1155 2122 44 38 to
1232 2119 73 41 the
1333 2119 86 51 fire,
1451 2119 178 41 because
1659 2118 54 43 he
1749 2119 161 42 wished
1941 2126 40 35 to

371 2192 108 40 have
502 2190 73 41 the
598 2189 195 55 pleasure
813 2189 47 41 of
878 2189 146 41 seeing
1044 2188 35 41 it
1102 2189 120 41 burn.

430 2261 139 40 Many
591 2259 121 42 other
747 2271 193 43 gestures
972 2258 139 54 might
1132 2258 52 41 be
1206 2258 233 42 described,
1462 2258 103 42 such
1588 2272 45 28 as
1656 2259 73 41 the
1751 2260 231 53 stretching

372 2335 77 38 out
470 2330 43 41 of
535 2330 74 41 the
631 2329 139 41 hands
802 2328 85 41 and
909 2341 203 41 grasping
1135 2328 106 40 with
1264 2328 72 41 the
1359 2330 153 53 fingers
1544 2329 122 42 when
1689 2330 239 40 something
1948 2330 33 40 is

375 2399 195 43 wanted;
611 2399 105 41 such
754 2404 268 36 movements
1071 2398 129 55 being
1240 2398 235 55 developed
1510 2399 107 42 from
1660 2414 24 27 a
1724 2414 104 40 very
1870 2413 111 40 early

373 2469 158 57 period.
594 2469 242 55 Shrugging
868 2468 46 41 of
941 2468 74 41 the
1047 2467 235 50 shoulders,
1304 2482 46 28 as
1371 2468 234 43 indicative
1626 2470 46 40 of
1690 2469 292 48 helplessness,

372 2543 36 40 is
462 2539 249 55 frequently
753 2537 246 55 developed,
1041 2538 57 54 by
1140 2537 265 42 inheritance
1456 2553 46 26 or
1552 2539 229 51 imitation,
1822 2541 45 40 in
1913 2540 68 41 the

373 2610 196 43 children
601 2610 47 41 of
675 2607 168 44 French
865 2607 84 42 and
973 2606 187 42 German
1196 2611 200 50 parents;
1431 2608 80 41 but
1542 2608 36 42 is
1608 2622 92 28 rare
1732 2609 44 41 in
1807 2609 173 42 English

372 2681 205 42 children.

427 2750 257 43 Sometimes
698 2749 74 41 the
787 2748 149 42 child's
951 2746 180 42 Actions
1146 2760 69 28 are
1230 2746 80 41 full
1326 2747 45 41 of
1382 2748 383 53 expression,—for
1778 2749 203 48 example,

371 2821 123 41 those
531 2822 46 40 of
611 2818 192 43 Preyer's
841 2817 116 42 child
990 2817 44 41 of
1071 2820 272 51 twenty-two
1375 2817 173 42 months
1579 2819 122 41 when
1739 2819 53 42 he
1823 2819 155 42 wished

368 2895 45 37 to
436 2891 59 42 sit
515 2896 46 37 at
582 2890 73 42 the
678 2888 126 43 table.
867 2887 107 42 "No
996 2900 80 29 one
1093 2886 206 55 listening
1321 2891 43 36 to
1387 2886 66 43 his
1475 2893 208 51 entreaty,
1699 2888 53 43 he
1773 2904 98 40 goes
1893 2890 86 41 into

367 2958 74 44 the
483 2975 149 29 corner
668 2960 44 42 of
748 2959 72 42 the
854 2971 130 37 room,
1006 2957 102 42 tries
1145 2956 103 42 with
1273 2970 24 27 a
1328 2961 119 51 great
1477 2957 124 42 effort
1633 2963 43 37 to
1699 2965 71 49 get
1800 2973 25 28 a
1846 2959 133 54 heavy
