1933 3302
404 143 196 42 Beziehung
624 144 58 31 des
707 145 303 41 Hospitalbrandes
1034 158 59 20 zur
1116 149 365 33 Racliendiphtheritis.

149 143 77 38 100

147 249 137 39 rallele
325 249 194 38 zwischen
564 249 489 55 Schleimhantdiphtherie
1093 256 77 37 und
1205 256 305 51 Hospitalbrand
1552 274 185 39 gezogen.

148 303 121 39 Nicht
298 303 84 38 blos
414 304 67 36 das
512 304 189 39 klinische
722 305 229 41 Verhalten,
981 308 211 38 besonders
1224 311 66 37 der
1319 311 187 49 pulpösen
1531 313 111 39 Form
1673 317 66 38 des

147 357 575 50 Hospitalbrandgeschwüres,
755 362 167 37 sondern
943 361 98 37 auch
1071 363 67 37 das
1159 362 180 40 Resultat
1362 366 67 36 der
1450 367 288 50 pathologisch-

148 411 291 38 anatomischen
485 411 309 54 Untersuchung
842 418 174 35 mussten
1059 416 51 37 im
1156 418 162 50 vorigen
1357 418 217 40 Jahrzehnt
1616 422 125 39 dieser

146 464 233 50 Hypothese
411 465 113 39 einen
555 467 250 39 erheblichen
836 467 107 39 Grad
971 482 76 25 von
1078 469 424 41 Wahrscheinlichkeit
1531 475 209 39 verleihen.

148 518 51 38 So
229 518 121 39 sehen
380 519 71 38 wir
489 520 100 38 denn
626 521 116 46 auch,
783 522 88 37 dass
909 523 39 37 in
984 524 113 48 jener
1127 523 86 39 Zeit
1251 525 59 38 die
1352 527 136 37 besten
1527 527 213 41 klinischen

148 573 78 37 und
267 573 603 49 pathologisch-anatomischen
909 577 269 47 Autoritäten,
1219 592 34 24 v.
1293 579 166 48 Pitha,
1502 580 238 50 Virchow,

149 627 284 48 Trousseau,
465 628 193 48 Robert,
690 629 188 38 Demme
909 644 36 24 u.
968 630 48 38 A.
1045 631 64 37 für
1135 631 60 39 die
1216 631 188 40 Identität
1432 634 132 38 beider
1585 635 156 39 Krank-

146 681 135 38 heiten
312 682 205 38 eintraten.
569 682 73 38 Die
672 683 39 37 in
742 686 199 36 weiterem
962 683 169 39 Verlauf
1156 687 280 49 gesammelten
1467 687 276 41 Erfahrungen

145 735 99 38 über
275 736 105 38 diese
410 737 142 37 beiden
582 736 291 48 Krankheiten,
914 739 237 37 namentlich
1186 740 60 38 die
1282 755 62 23 am
1373 741 274 39 Krankenbett
1677 744 66 38 der

148 789 265 51 Diphtheritis
452 804 270 37 gewonnenen
750 791 238 39 Kenntnisse
1026 793 239 50 bestätigten
1296 795 92 38 aber
1422 796 59 38 die
1512 795 127 40 Lehre
1669 811 73 25 von

149 844 69 38 der
253 843 191 39 Identität
482 845 127 37 dieser
639 845 224 38 Krankheit
901 847 71 37 mit
1008 847 86 37 dem
1125 846 307 51 Hospitalbrand
1472 852 272 50 ebensowenig

149 898 57 38 als
238 899 61 38 die
331 899 68 38 der
428 897 190 39 Identität
647 899 72 37 mit
749 900 88 37 dem
858 900 195 50 Erysipel,
1086 901 87 37 dem
1195 901 175 50 Typhus,
1402 903 87 37 dem
1509 903 233 40 Puerperal-

147 953 141 47 fieber,
332 953 68 37 der
436 952 165 38 Cholera
643 956 71 35 etc.
773 953 204 39 Nachdem
1018 954 118 38 schon
1172 954 139 39 Zeiss
1352 957 78 37 und
1470 959 273 38 verschiedene

149 1007 145 38 andere
315 1007 180 38 Autoren
525 1008 61 37 die
612 1007 327 39 ünthunlichkeit
960 1008 264 50 Diphtheritis
1253 1010 78 37 und
1354 1009 305 51 Hospitalbrand
1688 1013 56 38 als

148 1061 234 51 ätiologisch
428 1061 194 39 identisch
670 1062 240 38 bezeichnen
962 1076 47 24 zu
1057 1062 160 39 wollen,
1269 1064 137 37 betont
1456 1064 151 42 hatten,
1652 1067 93 37 wies

147 1115 149 38 Roser
327 1116 105 37 diese
454 1115 167 38 Ansicht
649 1116 72 38 mit
741 1129 157 38 grosser
918 1117 347 38 Entschiedenheit
1290 1118 145 37 zurück
1456 1119 76 37 und
1558 1133 101 24 zwar
1680 1122 69 36 auf

149 1169 137 39 Grund
318 1169 383 51 durchschlagender
731 1170 213 40 klinischer
975 1171 409 38 Verschiedenheiten.
1434 1170 86 39 Ihm
1550 1173 195 39 schlössen

149 1224 83 38 sich
260 1224 248 38 Billroth,
542 1224 181 38 Tribes
753 1239 37 23 u.
821 1224 48 38 A.
902 1239 59 24 an.
1020 1225 190 38 Dennoch
1239 1228 129 35 traten
1398 1226 142 37 andere
1571 1227 173 38 Autoren

150 1292 147 25 wieder
335 1278 64 38 für
438 1279 60 37 die
528 1277 193 40 Identität
751 1279 79 38 ein,
872 1293 37 24 u.
940 1279 49 38 A.
1021 1279 347 47 Winiwarter,
1409 1280 210 38 besonders
1653 1281 93 38 aber

149 1332 162 39 Heine.
358 1333 62 38 Da
449 1333 149 38 Heine
630 1334 68 37 der
727 1333 118 38 letzte
868 1332 282 39 Schriftsteller
1170 1333 62 38 ist,
1264 1333 166 38 welcher
1452 1334 73 37 den
1544 1333 200 39 Hospital-

149 1388 125 37 brand
305 1388 40 36 in
376 1387 107 38 einer
514 1388 242 37 besonderen
777 1387 284 51 Monographie
1092 1387 70 38 auf
1188 1386 135 39 Grund
1352 1387 89 38 sehr
1471 1389 275 45 umfassender,

149 1442 268 38 literarischer
440 1441 163 39 Studien
633 1443 79 37 und
743 1442 105 38 eines
878 1455 161 38 grossen
1063 1442 165 49 eigenen
1248 1441 500 39 Beobachtungsmaterials

150 1496 223 39 bearbeitet
395 1496 81 38 hat,
508 1510 42 24 so
570 1497 51 37 ist
642 1497 85 37 eine
748 1497 214 37 besondere
984 1495 384 51 Berücksichtigung
1389 1495 125 38 seiner
1534 1495 214 39 Ansichten

152 1553 183 49 geboten.
386 1551 54 38 Es
461 1565 107 24 muss
588 1551 41 37 in
648 1550 68 38 He
725 1551 109 38 ine's
854 1550 285 51 Monographie
1161 1550 60 37 die
1243 1550 184 49 Energie,
1456 1551 40 48 ja
1515 1549 61 38 ich
1597 1553 151 35 möchte

152 1620 122 24 sagen
315 1605 62 38 die
408 1605 279 38 Leidenschaft
724 1605 204 38 auffallen,
967 1607 72 35 mit
1083 1603 168 39 welcher
1290 1617 40 24 er
1368 1604 61 37 die
1459 1602 188 39 Identität
1682 1605 67 37 der

151 1661 143 37 beiden
316 1660 273 38 Krankheiten
611 1660 174 38 verficht,
818 1660 78 37 und
927 1659 60 38 die
1009 1658 283 50 Missachtung,
1324 1657 145 38 welche
1491 1671 41 24 er
1552 1657 62 38 für
1643 1658 104 38 seine

154 1714 160 39 Gegner
345 1729 49 23 an
425 1715 75 37 den
531 1714 87 51 Tag
646 1714 96 38 legt.
791 1714 54 37 Es
874 1713 162 38 handelt
1065 1726 80 24 sich
1177 1712 63 38 bei
1267 1712 79 37 ihm
1378 1711 186 38 zunächst
1594 1725 64 23 um
1689 1712 60 37 die

152 1769 282 50 Bekämpfung
465 1769 68 38 der
564 1769 82 38 drei
673 1768 166 38 Punkte,
872 1767 70 39 auf
969 1780 144 24 welche
1146 1766 145 38 Roser
1322 1766 59 37 die
1402 1765 349 38 Verschiedenheit

154 1825 69 37 der
255 1824 139 37 beiden
427 1823 273 38 Krankheiten
730 1825 222 48 gegründet
980 1821 81 38 hat.
1119 1821 118 38 Diese
1268 1820 84 37 sind
1382 1819 203 50 folgende:

289 1879 33 36 1.
367 1878 81 37 Der
477 1877 309 39 Hüspitalbrand
816 1877 50 37 ist
895 1875 135 38 früher
1060 1875 90 38 sehr
1178 1874 136 38 häufig
1343 1874 77 37 und
1450 1887 87 23 zum
1569 1872 115 38 Theil
1712 1873 40 37 in

155 1934 69 37 der
253 1932 293 38 furchtbarsten
577 1932 268 49 Verbreitung
884 1943 267 37 aufgetreten,
1192 1928 98 38 ohne
1322 1928 86 37 dass
1446 1941 87 23 man
1574 1926 178 51 zugleich

155 1987 266 51 Diphtheritis
452 1986 175 52 gesehen
655 1986 120 37 hätte.

286 2043 37 36 2.
355 2041 74 38 Die
461 2040 410 39 Rachendiphtheritis
901 2039 51 37 ist
979 2039 40 37 in
1049 2039 75 37 den
1152 2037 145 37 letzten
1328 2036 49 37 20
1398 2035 148 39 Jahren
1575 2035 39 36 in
1645 2034 106 37 einer

156 2110 164 37 grossen
341 2095 155 39 Anzahl
516 2109 76 25 von
612 2094 233 38 Epidemien
864 2092 235 39 beobachtet
1120 2091 169 38 worden,
1321 2089 98 38 ohne
1442 2089 86 37 dass
1548 2087 203 51 Hospital-

154 2151 128 39 brand
312 2150 114 38 dabei
456 2149 173 52 gesehen
659 2162 117 24 wäre.

287 2206 36 37 3.
368 2205 74 38 Die
482 2202 351 40 diphtheritischen
870 2200 185 39 Wunden
1094 2200 155 37 können
1288 2195 319 52 diphtheritische
1646 2195 107 38 Läh-

156 2273 174 25 mungen
371 2259 100 38 nach
509 2258 82 39 sich
629 2257 155 39 ziehen,
827 2255 188 38 während
1050 2254 65 38 bei
1156 2254 86 37 dem
1280 2251 306 50 Hospitalbrand
1624 2262 130 25 solche

157 2315 152 38 Folgen
337 2314 110 38 nicht
476 2325 311 26 vorgekommen
816 2324 97 24 sind.

288 2369 161 38 Heine
481 2370 113 36 sucht
623 2366 188 38 zunächst
840 2379 68 24 aus
940 2364 67 38 der
1038 2365 106 35 alten
1174 2361 198 38 Literatur
1403 2357 230 40 Nachweise
1662 2357 92 37 her-

156 2437 91 25 vor,
293 2423 147 38 welche
483 2423 68 37 das
592 2420 276 52 gleichzeitige
908 2418 268 38 Vorkommen
1216 2429 76 24 von
1331 2411 306 52 Hospitalbrand
1678 2411 75 37 und

157 2477 385 39 Rachendiphtherie
578 2476 197 38 beweisen
806 2473 135 39 sollen.
1001 2471 50 39 So
1081 2471 109 38 führt
1220 2483 40 24 er
1291 2469 59 37 die
1382 2471 125 34 citirte
1538 2465 119 38 Stelle
1688 2478 68 24 aus

158 2532 282 39 Paracelsus
470 2545 61 23 an,
563 2530 98 38 nach
693 2542 168 25 welcher
883 2528 84 37 eine
989 2526 157 38 Bräune
1177 2537 114 25 unter
1322 2522 60 38 die
1406 2520 248 51 Kriegsleute
1686 2531 69 38 ge-

159 2589 185 37 kommen
374 2586 67 38 sei,
473 2598 147 25 welche
652 2584 99 38 auch
782 2583 61 37 die
866 2581 183 38 Wunden
1081 2579 173 38 befallen
1278 2577 113 37 habe.
1442 2575 53 37 Er
1527 2573 129 38 beruft
1676 2585 80 25 sich

158 2641 133 39 ferner
322 2641 71 38 auf
421 2640 60 38 die
512 2639 102 39 oben
644 2639 227 37 erwähnten
894 2635 107 39 Fälle
1033 2647 76 26 von
1132 2632 194 44 Gerson,
1358 2644 34 24 v.
1416 2627 154 47 Pitha,
1602 2627 69 37 auf
1697 2626 60 38 die

160 2696 185 39 Berichte
376 2709 76 24 von
483 2693 143 39 Fock,
658 2693 87 37 dass
777 2691 104 37 185G
912 2690 126 37 neben
1069 2684 307 42 Hospitalbrand
1407 2682 98 38 auch
1525 2680 232 51 Diphtherie

160 2752 41 38 in
221 2751 136 39 Berlin
387 2750 232 50 geherrscht
638 2746 114 38 habe,
784 2745 70 38 auf
872 2744 61 38 die
954 2741 306 40 Mittheilungen
1281 2751 67 25 aus
1372 2737 86 38 dem
1482 2734 276 49 Orientkriege

162 2805 203 39 einerseits
396 2818 74 24 von
501 2803 198 48 Marmy,
732 2799 210 39 Lallour
972 2810 72 25 etc.
1076 2797 96 37 über
1204 2794 59 38 die
1284 2791 266 50 Verbreitung
1581 2790 65 37 des
1675 2787 82 38 Ho-

163 2859 288 39 spitalbrandes
482 2858 77 37 und
591 2854 260 40 andererseits
882 2865 75 25 von
987 2850 175 39 Haspel
1191 2848 96 38 über
1317 2846 60 37 die
1398 2844 265 47 Verbreitung
1692 2841 67 37 der

163 2914 160 50 Angina
354 2911 288 40 diphtheritica.
702 2909 148 38 Ferner
885 2905 133 39 beruft
1055 2904 81 38 sich
1165 2901 156 39 Heine
1361 2899 70 38 auf
1455 2898 49 38 H.
1537 2895 223 39 Fischers

164 2967 304 51 Beobachtung,
511 2967 86 37 dass
636 2965 54 37 im
725 2962 159 39 Anfang
924 2961 66 37 der
1025 2956 222 52 Epidemie,
1286 2953 145 39 welche
1465 2953 182 37 letzterer
1690 2949 69 37 be-
