1895 3217
1517 278 88 41 125

663 285 91 32 THE
779 286 152 32 NEGRO
955 285 217 33 MONKEY.

237 425 79 37 the
355 431 138 38 same,
531 414 90 46 and
660 414 79 46 the
777 412 113 47 form
927 413 90 46 and
1055 418 277 57 proportions
1368 428 75 31 are
1486 429 124 32 more

236 495 153 45 robust
413 493 114 45 than
549 492 47 46 in
619 499 128 39 those
766 507 69 30 we
857 491 118 46 have
1004 489 263 48 mentioned
1289 489 67 48 for
1377 505 82 32 our
1480 497 127 56 type.

236 571 134 46 From
393 577 79 39 the
496 576 126 40 want
645 568 50 48 of
717 585 28 30 a
765 568 141 47 figure
930 567 51 48 of
1002 569 92 45 this
1126 567 174 47 curious
1329 567 187 56 animal^
1542 570 68 44 Dr

236 647 263 47 Horsfield’s
525 647 179 46 minute
739 646 268 47 description
1037 661 111 46 may
1170 651 80 41 not
1279 647 56 45 be
1365 653 244 55 unaccept-

236 727 114 45 able.

357 804 97 45 The
477 802 204 62 covering
703 801 51 47 of
771 802 79 45 the
874 801 150 47 Negro
1047 801 214 62 monkey,
1278 800 48 48 in
1349 801 130 46 adult
1503 802 108 45 sub-

228 881 130 62 jects,
373 881 38 45 is
427 881 227 61 intensely
670 880 129 46 black
817 895 56 30 on
888 894 136 47 every
1047 895 116 45 part,
1174 885 157 40 except
1350 879 77 45 the
1444 880 164 52 breast,

233 966 79 38 the
330 960 236 53 abdomen,
582 959 80 44 the
685 958 129 45 inner
837 957 93 46 side
954 956 50 47 of
1018 964 79 38 the
1116 957 293 55 extremities,
1425 957 91 45 and
1533 956 78 49 the

232 1043 98 39 root
352 1035 51 48 of
416 1036 79 46 the
517 1036 114 54 tail;
666 1042 128 39 these
823 1042 124 55 parts
976 1050 73 30 are
1072 1050 125 47 gray.
1266 1034 73 47 On
1361 1041 78 39 the
1463 1041 149 39 ctown

235 1113 50 47 of
303 1113 79 46 the
414 1114 134 54 head,
582 1114 81 46 the
688 1113 133 46 black
851 1114 122 44 hairs
1000 1128 75 30 are
1099 1112 189 62 slightly
1313 1112 157 62 tipped
1493 1119 116 38 with

235 1207 140 45 gray;
412 1192 91 45 and
525 1207 48 30 as
596 1207 81 30 age
699 1191 236 54 advances,
960 1196 79 39 the
1067 1206 111 46 gray
1199 1189 176 62 portion
1406 1191 203 45 becomes

235 1284 123 30 more
397 1275 247 47 extensive,
686 1268 92 45 and
812 1283 93 30 also
941 1267 147 46 shows
1122 1266 129 47 itself
1275 1283 56 30 on
1365 1273 79 39 the
1466 1282 142 46 upper

236 1352 124 53 parts
384 1344 50 47 of
447 1346 79 44 the
549 1346 134 60 body,
708 1346 83 45 but
821 1351 79 39 the
929 1344 280 46 extremities
1234 1344 258 61 exteriorly,
1518 1345 91 45 and

236 1428 80 39 the
337 1422 98 56 tail,
453 1438 112 30 even
587 1422 48 45 in
657 1429 79 38 the
755 1422 141 46 oldest
920 1423 210 60 subjects,
1154 1427 147 40 retain
1318 1422 119 45 their
1454 1423 155 45 black-

236 1514 116 31 ness.
437 1500 98 45 The
561 1499 123 46 hairs
713 1514 75 30 are
817 1499 290 61 remarkably
1129 1499 119 62 long,
1274 1499 204 55 delicate,
1504 1507 102 46 soft,

237 1576 91 46 and
343 1575 133 62 silky.
543 1576 73 47 On
632 1583 79 39 the
730 1576 116 47 sides
861 1575 50 47 of
926 1577 79 45 the
1026 1577 133 54 head,
1178 1583 113 55 they
1310 1592 74 31 are
1402 1577 206 46 disposed

236 1654 262 45 backwards
517 1653 114 46 with
649 1669 27 31 a
694 1654 135 45 slight
852 1654 265 46 inclination
1135 1660 221 48 outward,
1382 1656 91 44 and
1494 1656 116 61 they

238 1731 270 61 completely
526 1732 177 45 conceal
719 1738 79 39 the
816 1746 110 31 ears.
997 1732 132 62 They
1145 1731 87 47 rise
1250 1731 115 46 with
1380 1748 27 29 a
1421 1733 189 61 gradual

238 1808 120 46 slope
387 1823 57 31 on
471 1809 79 45 the
578 1808 222 56 forehead,
830 1810 84 46 but
944 1824 56 31 on
1030 1814 81 43 the
1140 1825 150 30 crown
1319 1809 51 46 of
1390 1811 79 44 the
1491 1811 119 45 head

236 1892 112 54 they
367 1901 74 30 are
465 1886 223 61 suddenly
707 1886 228 55 deflected,
956 1902 46 31 so
1026 1902 49 31 as
1096 1893 47 40 to
1166 1885 112 48 form
1302 1902 28 30 a
1352 1887 255 46 dependent

239 1968 129 39 crest.
435 1962 74 46 On
546 1963 80 46 the
662 1965 129 52 back,
832 1964 92 45 and
957 1979 57 30 on
1049 1970 80 40 the
1167 1963 292 56 extremities,
1495 1965 113 61 they

239 2038 59 46 lie
335 2040 175 44 smooth
547 2040 92 45 and
677 2040 129 46 close.
875 2041 131 61 They
1044 2056 76 30 are
1157 2047 175 55 greatly
1373 2049 235 39 elongated

238 2131 57 30 on
318 2122 80 39 the
420 2115 116 47 sides
560 2116 50 47 of
623 2118 78 45 the
723 2118 135 61 body,
882 2118 208 46 between
1112 2124 79 40 the
1215 2118 245 56 shoulders,
1487 2135 46 31 so
1557 2135 49 30 as

236 2200 46 39 to
321 2193 121 62 hang
477 2194 134 47 down
649 2201 47 40 to
736 2211 27 30 a
805 2195 300 46 considerable
1147 2196 156 62 length
1347 2197 134 45 when
1527 2197 79 46 the

237 2269 170 47 animal
429 2271 143 46 walks
595 2287 56 31 on
674 2273 62 45 all
757 2271 133 48 fours.
974 2272 73 47 On
1068 2273 79 46 the
1169 2275 150 45 breast
1341 2273 260 56 anteriorly,

235 2348 93 45 and
350 2363 56 30 on
435 2355 79 40 the
548 2350 234 55 abdomen,
807 2356 113 56 they
943 2365 74 31 are
1048 2350 136 55 short,
1209 2351 93 54 lax,
1335 2352 92 46 and
1460 2367 142 46 strag-

235 2424 135 62 gling.

366 2503 54 45 In
445 2502 58 47 its
526 2519 151 47 young
701 2520 117 31 state
845 2503 38 47 it
913 2505 196 46 exhibits
1132 2521 26 30 a
1180 2513 124 55 great
1335 2513 195 40 contrast
1553 2514 47 39 to

237 2577 101 49 that
357 2579 47 47 in
433 2587 79 40 the
535 2581 143 47 adult.
746 2582 321 63 Immediately
1090 2581 114 50 after
1231 2583 137 56 birth,
1398 2599 80 32 our
1500 2584 100 48 ani-
