1895 3217
412 291 90 31 THE
528 289 216 32 MANDIUL
769 289 57 32 OR
851 288 217 32 RIB-KOSE
1094 285 193 31 BABOON.
1439 277 92 51 159

170 413 102 44 wise
312 412 248 62 disgusting
600 426 286 46 appearance.
975 411 44 45 A
1057 412 352 60 representation
1448 413 83 45 has

169 490 105 44 been
297 501 131 48 given
453 487 49 46 of
516 488 91 44 this
631 487 171 46 animal
888 488 90 44 and
1011 487 37 46 it
1070 503 109 46 may
1204 490 53 43 be
1280 490 250 53 remarked,

167 566 97 44 that
287 565 36 45 it
345 565 37 45 is
406 565 106 60 only
531 565 47 45 in
602 571 77 39 the
703 565 149 45 adults
872 565 148 45 where
1039 565 77 45 the
1134 565 236 61 brilliancy
1389 564 50 47 of
1453 566 80 45 the

163 642 223 61 colouring
409 642 37 44 is
478 642 227 44 observed.
775 641 53 45 In
856 648 79 38 the
963 657 165 45 young,
1154 642 78 44 the
1260 642 99 45 hair
1382 642 36 45 is
1442 643 50 44 of
1507 659 27 29 a

163 719 192 44 uniform
375 725 330 54 tawny-green,
723 734 123 45 paler
868 719 282 44 underneath
1175 719 89 45 and
1288 719 143 45 inside
1454 720 80 45 the

163 796 106 60 legs,
296 796 88 44 and
408 810 230 46 assuming
662 811 27 29 a
711 796 237 60 yellowish
982 802 122 39 tinge
1137 810 56 30 on
1227 802 77 39 the
1338 797 193 53 cheeks;

164 879 78 38 the
285 872 145 45 ridges
474 887 121 30 upon
634 878 79 39 the
756 888 179 29 muzzle
980 887 254 30 commence
1279 879 46 38 to
1371 888 165 45 appear

166 949 49 45 of
240 965 27 29 a
301 949 111 45 livid
443 950 118 52 blue,
596 949 90 44 and
713 949 79 44 the
828 948 148 46 bright
1011 950 77 44 red
1119 948 50 46 of
1196 957 76 37 the
1305 965 106 30 nose
1445 951 90 45 and

165 1027 83 44 lips
272 1026 37 45 is
333 1026 50 45 of
408 1042 27 29 a
468 1026 95 45 dull
586 1026 112 46 flesh
722 1026 160 45 colour.
953 1026 98 45 The
1074 1025 183 46 females
1281 1042 73 29 are
1378 1027 86 45 less
1488 1027 47 45 in

167 1119 103 38 size,
296 1104 90 44 and
408 1110 78 38 the
510 1103 223 61 colouring
756 1102 50 46 of
828 1109 79 39 the
938 1104 149 44 naked
1117 1110 122 54 parts
1270 1103 37 45 is
1330 1119 137 30 never
1490 1120 45 30 so

167 1181 138 44 vivid.

294 1258 170 60 Happy
497 1257 177 60 Jerry,”
707 1264 78 38 the
821 1272 211 46 property
1062 1256 51 46 of
1145 1258 76 45 Mr
1256 1258 144 53 Cross,
1442 1259 91 45 and

168 1351 44 29 so
242 1335 101 60 long
377 1342 78 37 the
493 1334 254 60 prominent
781 1340 241 39 attraction
1055 1340 46 39 to
1134 1335 167 45 Exeter
1335 1335 199 54 Change,

169 1427 92 29 ■was
280 1427 27 29 a
323 1411 286 45 ribbed-nose
624 1411 185 45 baboon.
846 1411 75 45 He
935 1410 38 45 is
988 1410 226 46 described
1231 1418 46 38 to
1292 1412 116 44 have
1423 1413 113 44 been

178 1489 129 49 iocile
322 1494 45 39 to
381 1488 70 44 his
459 1488 197 60 keepers,
666 1488 83 45 but
765 1487 140 62 easily
914 1489 291 44 exasperated
1219 1489 61 59 by
1290 1494 243 47 strangers;

170 1581 103 37 and,
299 1580 163 45 among
492 1571 127 38 other
648 1565 434 60 accomplishments,
1107 1565 91 44 had
1233 1567 109 43 been
1372 1566 165 45 taught

169 1649 46 38 to
240 1643 130 44 drink
393 1640 119 61 sling
534 1641 90 45 and
648 1642 153 44 smoke
825 1641 178 45 tobacco.
1071 1642 56 44 In
1150 1642 79 45 the
1257 1641 97 46 first
1377 1642 57 45 he
1459 1643 78 44 de-

169 1719 171 61 lighted
356 1735 14 36 ;
401 1719 84 43 but
516 1718 22 44 I
569 1724 151 38 rather
742 1718 133 44 think
898 1718 79 45 the
999 1718 137 45 latter
1158 1734 94 29 was
1275 1724 79 39 not
1378 1719 108 45 such
1511 1735 27 29 a

170 1795 235 53 favourite,
431 1794 90 45 and
544 1810 27 29 a
593 1795 124 44 bribe
741 1794 51 45 of
815 1810 75 45 gin
914 1795 90 44 and
1028 1810 141 29 water
1192 1811 94 29 was
1309 1797 229 60 generally

172 1871 220 62 promised
414 1870 145 46 before
587 1870 59 45 its
674 1870 318 61 performance.
1060 1871 87 45 His
1179 1887 103 29 cage
1316 1887 94 30 was
1442 1871 96 46 fur-

172 1948 160 44 nished
355 1946 114 45 with
493 1962 27 29 a
543 1947 131 44 small
696 1948 83 44 but
804 1953 149 54 strong
975 1947 258 53 arm-chair,
1258 1947 95 46 into
1373 1948 163 54 which,

175 2025 133 43 when
333 2023 195 53 ordered,
552 2023 58 44 he
634 2023 150 44 would
815 2029 100 39 seat
939 2023 188 45 himself
1153 2024 113 44 with
1289 2031 124 54 great
1436 2040 102 46 gra-

174 2101 116 60 vity,
323 2100 90 44 and
443 2106 138 38 await
611 2098 172 46 further
813 2100 159 44 orders.
1048 2099 80 46 All
1155 2100 70 45 his
1254 2116 284 31 manceuvres

175 2193 117 29 were
320 2175 248 62 performed
592 2175 114 45 with
738 2182 125 54 great
898 2192 210 29 slowness
1143 2178 90 44 and
1267 2193 269 30 composure.

177 2253 87 45 His
293 2254 162 44 keeper
487 2252 170 61 having
688 2252 172 61 lighted
893 2259 78 39 the
1004 2269 117 44 pipe,
1153 2254 237 60 presented
1416 2253 37 47 it
1492 2261 46 40 to

175 2330 129 53 him;
340 2329 56 44 he
429 2329 229 60 inspected
688 2329 37 45 it
753 2329 241 61 minutely,
1032 2330 255 45 sometimes
1317 2329 161 62 feeling
1501 2330 36 46 it

180 2406 111 45 with
319 2406 71 44 his
422 2405 154 61 finger,
613 2421 48 29 as
695 2404 41 46 if
760 2412 46 38 to
840 2407 134 43 know
1008 2405 41 45 if
1074 2406 185 61 lighted,
1292 2405 146 47 before
1465 2406 73 45 in-

359 2570 112 38 Fiom
490 2578 61 30 the
571 2571 96 50 plate
685 2572 39 36 in
745 2570 162 39 Cuvier's
927 2570 209 51 Menagerie
1158 2573 47 34 du
1226 2571 195 38 Museum.

1315 2643 31 31 U
