<?xml version="1.0" encoding="UTF-8"?>
<alto xmlns="http://www.loc.gov/standards/alto/ns-v2#" xmlns:xsi="http://www.w3.org/2001/XMLSchema-instance" xsi:schemaLocation="http://www.loc.gov/standards/alto/ns-v2# http://www.loc.gov/standards/alto/alto.xsd">
  <Description>
    <MeasurementUnit>pixel</MeasurementUnit>
    <sourceImageInformation>
      <fileName>b21273911_abbyy.xml</fileName>
    </sourceImageInformation>
    <OCRProcessing ID="OCR_1">
      <preProcessingStep>
        <processingDateTime>2014-10-24T02:15:27</processingDateTime>
        <processingAgency>intranda GmbH, www.intranda.com</processingAgency>
        <processingSoftware>
          <softwareCreator>intranda GmbH, Germany</softwareCreator>
          <softwareName>intranda OCR Module for TaskManager</softwareName>
          <softwareVersion>1.0r42</softwareVersion>
        </processingSoftware>
      </preProcessingStep>
      <ocrProcessingStep>
        <processingSoftware>
          <softwareCreator>ABBYY (BIT Software), Russia</softwareCreator>
          <softwareName>FineReader Engine</softwareName>
          <softwareVersion>10</softwareVersion>
        </processingSoftware>
      </ocrProcessingStep>
    </OCRProcessing>
  </Description>
  <Layout>
    <Page PHYSICAL_IMG_NR="171" ID="PAGE_171" WIDTH="2107" HEIGHT="3450">
      <TopMargin ID="TopMargin_1" HPOS="247" VPOS="290" WIDTH="1475" HEIGHT="48">
        <TextBlock ID="TextBlock_550" HPOS="247" VPOS="290" WIDTH="1475" HEIGHT="48">
          <TextLine ID="TextLine_6238" HPOS="247" VPOS="290" WIDTH="1475" HEIGHT="48">
            <String ID="Word_62924" HPOS="247" VPOS="302" WIDTH="88" HEIGHT="36" CONTENT="THE" />
            <SP ID="SP_56691" HPOS="335" VPOS="301" WIDTH="34" HEIGHT="0" />
            <String ID="Word_62925" HPOS="369" VPOS="301" WIDTH="325" HEIGHT="36" CONTENT="DEVELOPMENT" />
            <SP ID="SP_56692" HPOS="694" VPOS="301" WIDTH="32" HEIGHT="0" />
            <String ID="Word_62926" HPOS="726" VPOS="302" WIDTH="54" HEIGHT="33" CONTENT="OF" />
            <SP ID="SP_56693" HPOS="780" VPOS="300" WIDTH="34" HEIGHT="0" />
            <String ID="Word_62927" HPOS="814" VPOS="300" WIDTH="168" HEIGHT="32" CONTENT="SPEECH" />
            <SP ID="SP_56694" HPOS="982" VPOS="300" WIDTH="33" HEIGHT="0" />
            <String ID="Word_62928" HPOS="1015" VPOS="301" WIDTH="48" HEIGHT="31" CONTENT="IN" />
            <SP ID="SP_56695" HPOS="1063" VPOS="301" WIDTH="33" HEIGHT="0" />
            <String ID="Word_62929" HPOS="1096" VPOS="301" WIDTH="89" HEIGHT="32" CONTENT="THE" />
            <SP ID="SP_56696" HPOS="1185" VPOS="301" WIDTH="33" HEIGHT="0" />
            <String ID="Word_62930" HPOS="1218" VPOS="302" WIDTH="164" HEIGHT="31" CONTENT="HUMAN" />
            <SP ID="SP_56697" HPOS="1382" VPOS="302" WIDTH="34" HEIGHT="0" />
            <String ID="Word_62931" HPOS="1416" VPOS="302" WIDTH="126" HEIGHT="32" CONTENT="RACE." />
            <SP ID="SP_56698" HPOS="1542" VPOS="290" WIDTH="97" HEIGHT="0" />
            <String ID="Word_62932" HPOS="1639" VPOS="290" WIDTH="83" HEIGHT="44" CONTENT="155" />
          </TextLine>
        </TextBlock>
      </TopMargin>
      <PrintSpace ID="PrintSpace_172" HPOS="5" VPOS="280" WIDTH="1723" HEIGHT="2946">
        <TextBlock ID="TextBlock_549" HPOS="5" VPOS="280" WIDTH="1723" HEIGHT="2946">
          <TextLine ID="TextLine_6239" HPOS="67" VPOS="422" WIDTH="1655" HEIGHT="57">
            <String ID="Word_62933" HPOS="67" VPOS="431" WIDTH="47" HEIGHT="38" CONTENT="at" />
            <SP ID="SP_56699" HPOS="114" VPOS="431" WIDTH="21" HEIGHT="0" />
            <String ID="Word_62934" HPOS="135" VPOS="441" WIDTH="119" HEIGHT="29" CONTENT="once," />
            <SP ID="SP_56700" HPOS="254" VPOS="427" WIDTH="17" HEIGHT="0" />
            <String ID="Word_62935" HPOS="271" VPOS="427" WIDTH="74" HEIGHT="42" CONTENT="the" />
            <SP ID="SP_56701" HPOS="345" VPOS="427" WIDTH="22" HEIGHT="0" />
            <String ID="Word_62936" HPOS="367" VPOS="438" WIDTH="273" HEIGHT="30" CONTENT="movements" />
            <SP ID="SP_56702" HPOS="640" VPOS="423" WIDTH="19" HEIGHT="0" />
            <String ID="Word_62937" HPOS="659" VPOS="423" WIDTH="44" HEIGHT="43" CONTENT="of" />
            <SP ID="SP_56703" HPOS="703" VPOS="423" WIDTH="23" HEIGHT="0" />
            <String ID="Word_62938" HPOS="726" VPOS="423" WIDTH="74" HEIGHT="43" CONTENT="the" />
            <SP ID="SP_56704" HPOS="800" VPOS="422" WIDTH="18" HEIGHT="0" />
            <String ID="Word_62939" HPOS="818" VPOS="422" WIDTH="165" HEIGHT="44" CONTENT="animal" />
            <SP ID="SP_56705" HPOS="983" VPOS="422" WIDTH="20" HEIGHT="0" />
            <String ID="Word_62940" HPOS="1003" VPOS="422" WIDTH="108" HEIGHT="43" CONTENT="with" />
            <SP ID="SP_56706" HPOS="1111" VPOS="422" WIDTH="23" HEIGHT="0" />
            <String ID="Word_62941" HPOS="1134" VPOS="422" WIDTH="68" HEIGHT="43" CONTENT="his" />
            <SP ID="SP_56707" HPOS="1202" VPOS="422" WIDTH="23" HEIGHT="0" />
            <String ID="Word_62942" HPOS="1225" VPOS="422" WIDTH="125" HEIGHT="53" CONTENT="head," />
            <SP ID="SP_56708" HPOS="1350" VPOS="422" WIDTH="24" HEIGHT="0" />
            <String ID="Word_62943" HPOS="1374" VPOS="422" WIDTH="87" HEIGHT="43" CONTENT="and" />
            <SP ID="SP_56709" HPOS="1461" VPOS="422" WIDTH="24" HEIGHT="0" />
            <String ID="Word_62944" HPOS="1485" VPOS="422" WIDTH="237" HEIGHT="57" CONTENT="bellowing" />
          </TextLine>
          <TextLine ID="TextLine_6240" HPOS="65" VPOS="494" WIDTH="1656" HEIGHT="58">
            <String ID="Word_62945" HPOS="65" VPOS="499" WIDTH="107" HEIGHT="42" CONTENT="with" />
            <SP ID="SP_56710" HPOS="172" VPOS="499" WIDTH="24" HEIGHT="0" />
            <String ID="Word_62946" HPOS="196" VPOS="499" WIDTH="68" HEIGHT="42" CONTENT="his" />
            <SP ID="SP_56711" HPOS="264" VPOS="496" WIDTH="23" HEIGHT="0" />
            <String ID="Word_62947" HPOS="287" VPOS="496" WIDTH="158" HEIGHT="45" CONTENT="voice.&quot;" />
            <SP ID="SP_56712" HPOS="445" VPOS="496" WIDTH="63" HEIGHT="0" />
            <String ID="Word_62948" HPOS="508" VPOS="496" WIDTH="232" HEIGHT="43" CONTENT="Referring" />
            <SP ID="SP_56713" HPOS="740" VPOS="496" WIDTH="32" HEIGHT="0" />
            <String ID="Word_62949" HPOS="772" VPOS="499" WIDTH="44" HEIGHT="39" CONTENT="to" />
            <SP ID="SP_56714" HPOS="816" VPOS="495" WIDTH="33" HEIGHT="0" />
            <String ID="Word_62950" HPOS="849" VPOS="495" WIDTH="76" HEIGHT="43" CONTENT="the" />
            <SP ID="SP_56715" HPOS="925" VPOS="494" WIDTH="27" HEIGHT="0" />
            <String ID="Word_62951" HPOS="952" VPOS="494" WIDTH="72" HEIGHT="43" CONTENT="old" />
            <SP ID="SP_56716" HPOS="1024" VPOS="494" WIDTH="25" HEIGHT="0" />
            <String ID="Word_62952" HPOS="1049" VPOS="498" WIDTH="120" HEIGHT="40" CONTENT="story" />
            <SP ID="SP_56717" HPOS="1169" VPOS="494" WIDTH="24" HEIGHT="0" />
            <String ID="Word_62953" HPOS="1193" VPOS="494" WIDTH="47" HEIGHT="43" CONTENT="of" />
            <SP ID="SP_56718" HPOS="1240" VPOS="494" WIDTH="19" HEIGHT="0" />
            <String ID="Word_62954" HPOS="1259" VPOS="494" WIDTH="76" HEIGHT="43" CONTENT="the" />
            <SP ID="SP_56719" HPOS="1335" VPOS="494" WIDTH="23" HEIGHT="0" />
            <String ID="Word_62955" HPOS="1358" VPOS="494" WIDTH="293" HEIGHT="56" CONTENT="Englishman" />
            <SP ID="SP_56720" HPOS="1651" VPOS="494" WIDTH="21" HEIGHT="0" />
            <String ID="Word_62956" HPOS="1672" VPOS="495" WIDTH="49" HEIGHT="42" CONTENT="in" />
          </TextLine>
          <TextLine ID="TextLine_6241" HPOS="64" VPOS="565" WIDTH="1656" HEIGHT="59">
            <String ID="Word_62957" HPOS="64" VPOS="570" WIDTH="152" HEIGHT="52" CONTENT="China," />
            <SP ID="SP_56721" HPOS="216" VPOS="570" WIDTH="25" HEIGHT="0" />
            <String ID="Word_62958" HPOS="241" VPOS="583" WIDTH="106" HEIGHT="37" CONTENT="who," />
            <SP ID="SP_56722" HPOS="347" VPOS="568" WIDTH="25" HEIGHT="0" />
            <String ID="Word_62959" HPOS="372" VPOS="568" WIDTH="127" HEIGHT="44" CONTENT="when" />
            <SP ID="SP_56723" HPOS="499" VPOS="568" WIDTH="33" HEIGHT="0" />
            <String ID="Word_62960" HPOS="532" VPOS="571" WIDTH="46" HEIGHT="39" CONTENT="at" />
            <SP ID="SP_56724" HPOS="578" VPOS="568" WIDTH="32" HEIGHT="0" />
            <String ID="Word_62961" HPOS="610" VPOS="568" WIDTH="168" HEIGHT="51" CONTENT="dinner," />
            <SP ID="SP_56725" HPOS="778" VPOS="568" WIDTH="22" HEIGHT="0" />
            <String ID="Word_62962" HPOS="800" VPOS="581" WIDTH="116" HEIGHT="43" CONTENT="grew" />
            <SP ID="SP_56726" HPOS="916" VPOS="566" WIDTH="33" HEIGHT="0" />
            <String ID="Word_62963" HPOS="949" VPOS="566" WIDTH="246" HEIGHT="43" CONTENT="suspicions" />
            <SP ID="SP_56727" HPOS="1195" VPOS="566" WIDTH="31" HEIGHT="0" />
            <String ID="Word_62964" HPOS="1226" VPOS="566" WIDTH="136" HEIGHT="42" CONTENT="about" />
            <SP ID="SP_56728" HPOS="1362" VPOS="566" WIDTH="23" HEIGHT="0" />
            <String ID="Word_62965" HPOS="1385" VPOS="580" WIDTH="25" HEIGHT="28" CONTENT="a" />
            <SP ID="SP_56729" HPOS="1410" VPOS="565" WIDTH="22" HEIGHT="0" />
            <String ID="Word_62966" HPOS="1432" VPOS="565" WIDTH="99" HEIGHT="43" CONTENT="dish" />
            <SP ID="SP_56730" HPOS="1531" VPOS="565" WIDTH="33" HEIGHT="0" />
            <String ID="Word_62967" HPOS="1564" VPOS="566" WIDTH="156" HEIGHT="56" CONTENT="placed" />
          </TextLine>
          <TextLine ID="TextLine_6242" HPOS="62" VPOS="638" WIDTH="1658" HEIGHT="57">
            <String ID="Word_62968" HPOS="62" VPOS="641" WIDTH="147" HEIGHT="43" CONTENT="before" />
            <SP ID="SP_56731" HPOS="209" VPOS="641" WIDTH="23" HEIGHT="0" />
            <String ID="Word_62969" HPOS="232" VPOS="641" WIDTH="103" HEIGHT="42" CONTENT="him," />
            <SP ID="SP_56732" HPOS="335" VPOS="640" WIDTH="23" HEIGHT="0" />
            <String ID="Word_62970" HPOS="358" VPOS="640" WIDTH="54" HEIGHT="42" CONTENT="he" />
            <SP ID="SP_56733" HPOS="412" VPOS="640" WIDTH="33" HEIGHT="0" />
            <String ID="Word_62971" HPOS="445" VPOS="653" WIDTH="142" HEIGHT="29" CONTENT="shows" />
            <SP ID="SP_56734" HPOS="587" VPOS="639" WIDTH="34" HEIGHT="0" />
            <String ID="Word_62972" HPOS="621" VPOS="639" WIDTH="98" HEIGHT="43" CONTENT="how" />
            <SP ID="SP_56735" HPOS="719" VPOS="639" WIDTH="21" HEIGHT="0" />
            <String ID="Word_62973" HPOS="740" VPOS="639" WIDTH="226" HEIGHT="43" CONTENT="naturally" />
            <SP ID="SP_56736" HPOS="966" VPOS="639" WIDTH="21" HEIGHT="0" />
            <String ID="Word_62974" HPOS="987" VPOS="639" WIDTH="75" HEIGHT="42" CONTENT="the" />
            <SP ID="SP_56737" HPOS="1062" VPOS="638" WIDTH="28" HEIGHT="0" />
            <String ID="Word_62975" HPOS="1090" VPOS="638" WIDTH="216" HEIGHT="57" CONTENT="language" />
            <SP ID="SP_56738" HPOS="1306" VPOS="638" WIDTH="22" HEIGHT="0" />
            <String ID="Word_62976" HPOS="1328" VPOS="638" WIDTH="45" HEIGHT="42" CONTENT="of" />
            <SP ID="SP_56739" HPOS="1373" VPOS="638" WIDTH="22" HEIGHT="0" />
            <String ID="Word_62977" HPOS="1395" VPOS="638" WIDTH="325" HEIGHT="55" CONTENT="onomatopoeia" />
          </TextLine>
          <TextLine ID="TextLine_6243" HPOS="198" VPOS="709" WIDTH="1521" HEIGHT="52">
            <String ID="Word_62978" HPOS="198" VPOS="712" WIDTH="92" HEIGHT="43" CONTENT="^ted" />
            <SP ID="SP_56740" HPOS="290" VPOS="711" WIDTH="32" HEIGHT="0" />
            <String ID="Word_62979" HPOS="322" VPOS="711" WIDTH="125" HEIGHT="43" CONTENT="itself" />
            <SP ID="SP_56741" HPOS="447" VPOS="711" WIDTH="27" HEIGHT="0" />
            <String ID="Word_62980" HPOS="474" VPOS="712" WIDTH="47" HEIGHT="42" CONTENT="in" />
            <SP ID="SP_56742" HPOS="521" VPOS="711" WIDTH="33" HEIGHT="0" />
            <String ID="Word_62981" HPOS="554" VPOS="711" WIDTH="98" HEIGHT="43" CONTENT="that" />
            <SP ID="SP_56743" HPOS="652" VPOS="711" WIDTH="32" HEIGHT="0" />
            <String ID="Word_62982" HPOS="684" VPOS="725" WIDTH="107" HEIGHT="29" CONTENT="case." />
            <SP ID="SP_56744" HPOS="791" VPOS="711" WIDTH="64" HEIGHT="0" />
            <String ID="Word_62983" HPOS="855" VPOS="711" WIDTH="228" HEIGHT="42" CONTENT="Thinking" />
            <SP ID="SP_56745" HPOS="1083" VPOS="710" WIDTH="32" HEIGHT="0" />
            <String ID="Word_62984" HPOS="1115" VPOS="710" WIDTH="99" HEIGHT="43" CONTENT="that" />
            <SP ID="SP_56746" HPOS="1214" VPOS="710" WIDTH="31" HEIGHT="0" />
            <String ID="Word_62985" HPOS="1245" VPOS="710" WIDTH="76" HEIGHT="43" CONTENT="the" />
            <SP ID="SP_56747" HPOS="1321" VPOS="709" WIDTH="33" HEIGHT="0" />
            <String ID="Word_62986" HPOS="1354" VPOS="709" WIDTH="100" HEIGHT="44" CONTENT="dish" />
            <SP ID="SP_56748" HPOS="1454" VPOS="709" WIDTH="32" HEIGHT="0" />
            <String ID="Word_62987" HPOS="1486" VPOS="709" WIDTH="144" HEIGHT="52" CONTENT="might" />
            <SP ID="SP_56749" HPOS="1630" VPOS="709" WIDTH="35" HEIGHT="0" />
            <String ID="Word_62988" HPOS="1665" VPOS="710" WIDTH="54" HEIGHT="43" CONTENT="be" />
          </TextLine>
          <TextLine ID="TextLine_6244" HPOS="60" VPOS="782" WIDTH="1658" HEIGHT="58">
            <String ID="Word_62989" HPOS="60" VPOS="784" WIDTH="129" HEIGHT="43" CONTENT="duck," />
            <SP ID="SP_56750" HPOS="189" VPOS="784" WIDTH="21" HEIGHT="0" />
            <String ID="Word_62990" HPOS="210" VPOS="784" WIDTH="75" HEIGHT="43" CONTENT="the" />
            <SP ID="SP_56751" HPOS="285" VPOS="784" WIDTH="32" HEIGHT="0" />
            <String ID="Word_62991" HPOS="317" VPOS="784" WIDTH="294" HEIGHT="56" CONTENT="Englishman" />
            <SP ID="SP_56752" HPOS="611" VPOS="784" WIDTH="24" HEIGHT="0" />
            <String ID="Word_62992" HPOS="635" VPOS="784" WIDTH="96" HEIGHT="43" CONTENT="said" />
            <SP ID="SP_56753" HPOS="731" VPOS="783" WIDTH="24" HEIGHT="0" />
            <String ID="Word_62993" HPOS="755" VPOS="783" WIDTH="107" HEIGHT="43" CONTENT="with" />
            <SP ID="SP_56754" HPOS="862" VPOS="783" WIDTH="24" HEIGHT="0" />
            <String ID="Word_62994" HPOS="886" VPOS="797" WIDTH="56" HEIGHT="29" CONTENT="an" />
            <SP ID="SP_56755" HPOS="942" VPOS="783" WIDTH="32" HEIGHT="0" />
            <String ID="Word_62995" HPOS="974" VPOS="783" WIDTH="316" HEIGHT="57" CONTENT="interrogative" />
            <SP ID="SP_56756" HPOS="1290" VPOS="783" WIDTH="34" HEIGHT="0" />
            <String ID="Word_62996" HPOS="1324" VPOS="786" WIDTH="166" HEIGHT="40" CONTENT="accent," />
            <SP ID="SP_56757" HPOS="1490" VPOS="786" WIDTH="22" HEIGHT="0" />
            <String ID="Word_62997" HPOS="1512" VPOS="787" WIDTH="22" HEIGHT="17" CONTENT="&quot;" />
            <SP ID="SP_56758" HPOS="1534" VPOS="782" WIDTH="17" HEIGHT="0" />
            <String ID="Word_62998" HPOS="1551" VPOS="782" WIDTH="167" HEIGHT="53" CONTENT="Quack," />
          </TextLine>
          <TextLine ID="TextLine_6245" HPOS="58" VPOS="855" WIDTH="1659" HEIGHT="58">
            <String ID="Word_62999" HPOS="58" VPOS="856" WIDTH="214" HEIGHT="57" CONTENT="quack?&quot;" />
            <SP ID="SP_56759" HPOS="272" VPOS="856" WIDTH="77" HEIGHT="0" />
            <String ID="Word_63000" HPOS="349" VPOS="856" WIDTH="72" HEIGHT="43" CONTENT="He" />
            <SP ID="SP_56760" HPOS="421" VPOS="856" WIDTH="42" HEIGHT="0" />
            <String ID="Word_63001" HPOS="463" VPOS="856" WIDTH="200" HEIGHT="43" CONTENT="received" />
            <SP ID="SP_56761" HPOS="663" VPOS="856" WIDTH="43" HEIGHT="0" />
            <String ID="Word_63002" HPOS="706" VPOS="856" WIDTH="76" HEIGHT="43" CONTENT="the" />
            <SP ID="SP_56762" HPOS="782" VPOS="856" WIDTH="43" HEIGHT="0" />
            <String ID="Word_63003" HPOS="825" VPOS="856" WIDTH="115" HEIGHT="43" CONTENT="clear" />
            <SP ID="SP_56763" HPOS="940" VPOS="856" WIDTH="42" HEIGHT="0" />
            <String ID="Word_63004" HPOS="982" VPOS="856" WIDTH="88" HEIGHT="43" CONTENT="and" />
            <SP ID="SP_56764" HPOS="1070" VPOS="855" WIDTH="43" HEIGHT="0" />
            <String ID="Word_63005" HPOS="1113" VPOS="855" WIDTH="378" HEIGHT="57" CONTENT="straightforward" />
            <SP ID="SP_56765" HPOS="1491" VPOS="855" WIDTH="42" HEIGHT="0" />
            <String ID="Word_63006" HPOS="1533" VPOS="869" WIDTH="184" HEIGHT="39" CONTENT="answer," />
          </TextLine>
          <TextLine ID="TextLine_6246" HPOS="6" VPOS="900" WIDTH="383" HEIGHT="72">
            <String ID="Word_63007" HPOS="6" VPOS="900" WIDTH="14" HEIGHT="69" CONTENT="I" />
            <SP ID="SP_56766" HPOS="20" VPOS="900" WIDTH="36" HEIGHT="0" />
            <String ID="Word_63008" HPOS="56" VPOS="930" WIDTH="20" HEIGHT="24" CONTENT="«" />
            <SP ID="SP_56767" HPOS="76" VPOS="927" WIDTH="16" HEIGHT="0" />
            <String ID="Word_63009" HPOS="92" VPOS="927" WIDTH="297" HEIGHT="45" CONTENT="Bow-wow.&quot;1" />
          </TextLine>
          <TextLine ID="TextLine_6247" HPOS="117" VPOS="1000" WIDTH="1599" HEIGHT="58">
            <String ID="Word_63010" HPOS="117" VPOS="1002" WIDTH="36" HEIGHT="41" CONTENT="2." />
            <SP ID="SP_56768" HPOS="153" VPOS="1001" WIDTH="33" HEIGHT="0" />
            <String ID="Word_63011" HPOS="186" VPOS="1001" WIDTH="64" HEIGHT="43" CONTENT="As" />
            <SP ID="SP_56769" HPOS="250" VPOS="1001" WIDTH="23" HEIGHT="0" />
            <String ID="Word_63012" HPOS="273" VPOS="1006" WIDTH="44" HEIGHT="38" CONTENT="to" />
            <SP ID="SP_56770" HPOS="317" VPOS="1001" WIDTH="19" HEIGHT="0" />
            <String ID="Word_63013" HPOS="336" VPOS="1001" WIDTH="74" HEIGHT="43" CONTENT="the" />
            <SP ID="SP_56771" HPOS="410" VPOS="1001" WIDTH="18" HEIGHT="0" />
            <String ID="Word_63014" HPOS="428" VPOS="1001" WIDTH="302" HEIGHT="57" CONTENT="employment" />
            <SP ID="SP_56772" HPOS="730" VPOS="1001" WIDTH="18" HEIGHT="0" />
            <String ID="Word_63015" HPOS="748" VPOS="1001" WIDTH="44" HEIGHT="43" CONTENT="of" />
            <SP ID="SP_56773" HPOS="792" VPOS="1000" WIDTH="18" HEIGHT="0" />
            <String ID="Word_63016" HPOS="810" VPOS="1000" WIDTH="214" HEIGHT="46" CONTENT="Gestures" />
            <SP ID="SP_56774" HPOS="1024" VPOS="1000" WIDTH="23" HEIGHT="0" />
            <String ID="Word_63017" HPOS="1047" VPOS="1001" WIDTH="59" HEIGHT="57" CONTENT="by" />
            <SP ID="SP_56775" HPOS="1106" VPOS="1001" WIDTH="18" HEIGHT="0" />
            <String ID="Word_63018" HPOS="1124" VPOS="1015" WIDTH="193" HEIGHT="43" CONTENT="savages," />
            <SP ID="SP_56776" HPOS="1317" VPOS="1000" WIDTH="20" HEIGHT="0" />
            <String ID="Word_63019" HPOS="1337" VPOS="1000" WIDTH="188" HEIGHT="44" CONTENT="Captain" />
            <SP ID="SP_56777" HPOS="1525" VPOS="1000" WIDTH="18" HEIGHT="0" />
            <String ID="Word_63020" HPOS="1543" VPOS="1001" WIDTH="173" HEIGHT="42" CONTENT="Burton" />
          </TextLine>
          <TextLine ID="TextLine_6248" HPOS="54" VPOS="1074" WIDTH="1660" HEIGHT="57">
            <String ID="Word_63021" HPOS="54" VPOS="1087" WIDTH="114" HEIGHT="43" CONTENT="says," />
            <SP ID="SP_56778" HPOS="168" VPOS="1074" WIDTH="19" HEIGHT="0" />
            <String ID="Word_63022" HPOS="187" VPOS="1074" WIDTH="231" HEIGHT="57" CONTENT="regarding" />
            <SP ID="SP_56779" HPOS="418" VPOS="1074" WIDTH="21" HEIGHT="0" />
            <String ID="Word_63023" HPOS="439" VPOS="1089" WIDTH="25" HEIGHT="28" CONTENT="a" />
            <SP ID="SP_56780" HPOS="464" VPOS="1075" WIDTH="22" HEIGHT="0" />
            <String ID="Word_63024" HPOS="486" VPOS="1075" WIDTH="113" HEIGHT="43" CONTENT="tribe" />
            <SP ID="SP_56781" HPOS="599" VPOS="1075" WIDTH="23" HEIGHT="0" />
            <String ID="Word_63025" HPOS="622" VPOS="1075" WIDTH="44" HEIGHT="43" CONTENT="of" />
            <SP ID="SP_56782" HPOS="666" VPOS="1075" WIDTH="22" HEIGHT="0" />
            <String ID="Word_63026" HPOS="688" VPOS="1075" WIDTH="147" HEIGHT="43" CONTENT="North" />
            <SP ID="SP_56783" HPOS="835" VPOS="1074" WIDTH="23" HEIGHT="0" />
            <String ID="Word_63027" HPOS="858" VPOS="1074" WIDTH="238" HEIGHT="43" CONTENT="American" />
            <SP ID="SP_56784" HPOS="1096" VPOS="1074" WIDTH="20" HEIGHT="0" />
            <String ID="Word_63028" HPOS="1116" VPOS="1074" WIDTH="197" HEIGHT="43" CONTENT="Indians." />
            <SP ID="SP_56785" HPOS="1313" VPOS="1074" WIDTH="24" HEIGHT="0" />
            <String ID="Word_63029" HPOS="1337" VPOS="1078" WIDTH="21" HEIGHT="17" CONTENT="&quot;" />
            <SP ID="SP_56786" HPOS="1358" VPOS="1074" WIDTH="19" HEIGHT="0" />
            <String ID="Word_63030" HPOS="1377" VPOS="1074" WIDTH="140" HEIGHT="43" CONTENT="Those" />
            <SP ID="SP_56787" HPOS="1517" VPOS="1074" WIDTH="24" HEIGHT="0" />
            <String ID="Word_63031" HPOS="1541" VPOS="1074" WIDTH="173" HEIGHT="43" CONTENT="natives" />
          </TextLine>
          <TextLine ID="TextLine_6249" HPOS="53" VPOS="1145" WIDTH="1661" HEIGHT="59">
            <String ID="Word_63032" HPOS="53" VPOS="1145" WIDTH="113" HEIGHT="53" CONTENT="who," />
            <SP ID="SP_56788" HPOS="166" VPOS="1145" WIDTH="36" HEIGHT="0" />
            <String ID="Word_63033" HPOS="202" VPOS="1146" WIDTH="90" HEIGHT="44" CONTENT="like" />
            <SP ID="SP_56789" HPOS="292" VPOS="1146" WIDTH="38" HEIGHT="0" />
            <String ID="Word_63034" HPOS="330" VPOS="1147" WIDTH="75" HEIGHT="43" CONTENT="the" />
            <SP ID="SP_56790" HPOS="405" VPOS="1147" WIDTH="33" HEIGHT="0" />
            <String ID="Word_63035" HPOS="438" VPOS="1147" WIDTH="243" HEIGHT="57" CONTENT="Arapahos," />
            <SP ID="SP_56791" HPOS="681" VPOS="1147" WIDTH="33" HEIGHT="0" />
            <String ID="Word_63036" HPOS="714" VPOS="1161" WIDTH="171" HEIGHT="43" CONTENT="possess" />
            <SP ID="SP_56792" HPOS="885" VPOS="1161" WIDTH="32" HEIGHT="0" />
            <String ID="Word_63037" HPOS="917" VPOS="1161" WIDTH="26" HEIGHT="29" CONTENT="a" />
            <SP ID="SP_56793" HPOS="943" VPOS="1161" WIDTH="28" HEIGHT="0" />
            <String ID="Word_63038" HPOS="971" VPOS="1161" WIDTH="108" HEIGHT="42" CONTENT="very" />
            <SP ID="SP_56794" HPOS="1079" VPOS="1152" WIDTH="33" HEIGHT="0" />
            <String ID="Word_63039" HPOS="1112" VPOS="1152" WIDTH="155" HEIGHT="51" CONTENT="scanty" />
            <SP ID="SP_56795" HPOS="1267" VPOS="1147" WIDTH="34" HEIGHT="0" />
            <String ID="Word_63040" HPOS="1301" VPOS="1147" WIDTH="280" HEIGHT="56" CONTENT="vocabulary," />
            <SP ID="SP_56796" HPOS="1581" VPOS="1147" WIDTH="35" HEIGHT="0" />
            <String ID="Word_63041" HPOS="1616" VPOS="1161" WIDTH="98" HEIGHT="42" CONTENT="pro-" />
          </TextLine>
          <TextLine ID="TextLine_6250" HPOS="51" VPOS="1219" WIDTH="1662" HEIGHT="57">
            <String ID="Word_63042" HPOS="51" VPOS="1219" WIDTH="203" HEIGHT="43" CONTENT="nounced" />
            <SP ID="SP_56797" HPOS="254" VPOS="1219" WIDTH="32" HEIGHT="0" />
            <String ID="Word_63043" HPOS="286" VPOS="1219" WIDTH="47" HEIGHT="42" CONTENT="in" />
            <SP ID="SP_56798" HPOS="333" VPOS="1219" WIDTH="33" HEIGHT="0" />
            <String ID="Word_63044" HPOS="366" VPOS="1234" WIDTH="24" HEIGHT="27" CONTENT="a" />
            <SP ID="SP_56799" HPOS="390" VPOS="1219" WIDTH="31" HEIGHT="0" />
            <String ID="Word_63045" HPOS="421" VPOS="1219" WIDTH="476" HEIGHT="57" CONTENT="quasi-unintelligible" />
            <SP ID="SP_56800" HPOS="897" VPOS="1219" WIDTH="34" HEIGHT="0" />
            <String ID="Word_63046" HPOS="931" VPOS="1234" WIDTH="111" HEIGHT="42" CONTENT="way," />
            <SP ID="SP_56801" HPOS="1042" VPOS="1234" WIDTH="23" HEIGHT="0" />
            <String ID="Word_63047" HPOS="1065" VPOS="1234" WIDTH="81" HEIGHT="28" CONTENT="can" />
            <SP ID="SP_56802" HPOS="1146" VPOS="1219" WIDTH="37" HEIGHT="0" />
            <String ID="Word_63048" HPOS="1183" VPOS="1219" WIDTH="158" HEIGHT="43" CONTENT="hardly" />
            <SP ID="SP_56803" HPOS="1341" VPOS="1219" WIDTH="23" HEIGHT="0" />
            <String ID="Word_63049" HPOS="1364" VPOS="1233" WIDTH="207" HEIGHT="29" CONTENT="converse" />
            <SP ID="SP_56804" HPOS="1571" VPOS="1219" WIDTH="32" HEIGHT="0" />
            <String ID="Word_63050" HPOS="1603" VPOS="1224" WIDTH="110" HEIGHT="37" CONTENT="with" />
          </TextLine>
          <TextLine ID="TextLine_6251" HPOS="51" VPOS="1291" WIDTH="1662" HEIGHT="51">
            <String ID="Word_63051" HPOS="51" VPOS="1305" WIDTH="83" HEIGHT="28" CONTENT="one" />
            <SP ID="SP_56805" HPOS="134" VPOS="1291" WIDTH="23" HEIGHT="0" />
            <String ID="Word_63052" HPOS="157" VPOS="1291" WIDTH="185" HEIGHT="43" CONTENT="another" />
            <SP ID="SP_56806" HPOS="342" VPOS="1291" WIDTH="21" HEIGHT="0" />
            <String ID="Word_63053" HPOS="363" VPOS="1292" WIDTH="47" HEIGHT="42" CONTENT="in" />
            <SP ID="SP_56807" HPOS="410" VPOS="1292" WIDTH="33" HEIGHT="0" />
            <String ID="Word_63054" HPOS="443" VPOS="1292" WIDTH="74" HEIGHT="43" CONTENT="the" />
            <SP ID="SP_56808" HPOS="517" VPOS="1292" WIDTH="33" HEIGHT="0" />
            <String ID="Word_63055" HPOS="550" VPOS="1292" WIDTH="119" HEIGHT="43" CONTENT="dark." />
            <SP ID="SP_56809" HPOS="669" VPOS="1292" WIDTH="21" HEIGHT="0" />
            <String ID="Word_63056" HPOS="734" VPOS="1292" WIDTH="60" HEIGHT="43" CONTENT="To" />
            <SP ID="SP_56810" HPOS="794" VPOS="1292" WIDTH="34" HEIGHT="0" />
            <String ID="Word_63057" HPOS="828" VPOS="1292" WIDTH="129" HEIGHT="42" CONTENT="make" />
            <SP ID="SP_56811" HPOS="957" VPOS="1292" WIDTH="33" HEIGHT="0" />
            <String ID="Word_63058" HPOS="990" VPOS="1306" WIDTH="25" HEIGHT="28" CONTENT="a" />
            <SP ID="SP_56812" HPOS="1015" VPOS="1296" WIDTH="31" HEIGHT="0" />
            <String ID="Word_63059" HPOS="1046" VPOS="1296" WIDTH="200" HEIGHT="38" CONTENT="stranger" />
            <SP ID="SP_56813" HPOS="1246" VPOS="1291" WIDTH="36" HEIGHT="0" />
            <String ID="Word_63060" HPOS="1282" VPOS="1291" WIDTH="273" HEIGHT="43" CONTENT="understand" />
            <SP ID="SP_56814" HPOS="1555" VPOS="1291" WIDTH="36" HEIGHT="0" />
            <String ID="Word_63061" HPOS="1591" VPOS="1291" WIDTH="122" HEIGHT="43" CONTENT="them" />
          </TextLine>
          <TextLine ID="TextLine_6252" HPOS="19" VPOS="1355" WIDTH="1695" HEIGHT="71">
            <String ID="Word_63062" HPOS="19" VPOS="1355" WIDTH="10" HEIGHT="71" CONTENT="j" />
            <SP ID="SP_56815" HPOS="29" VPOS="1355" WIDTH="24" HEIGHT="0" />
            <String ID="Word_63063" HPOS="53" VPOS="1362" WIDTH="105" HEIGHT="44" CONTENT="they" />
            <SP ID="SP_56816" HPOS="158" VPOS="1362" WIDTH="38" HEIGHT="0" />
            <String ID="Word_63064" HPOS="196" VPOS="1369" WIDTH="120" HEIGHT="37" CONTENT="must" />
            <SP ID="SP_56817" HPOS="316" VPOS="1364" WIDTH="36" HEIGHT="0" />
            <String ID="Word_63065" HPOS="352" VPOS="1364" WIDTH="164" HEIGHT="56" CONTENT="always" />
            <SP ID="SP_56818" HPOS="516" VPOS="1364" WIDTH="37" HEIGHT="0" />
            <String ID="Word_63066" HPOS="553" VPOS="1365" WIDTH="145" HEIGHT="42" CONTENT="repair" />
            <SP ID="SP_56819" HPOS="698" VPOS="1365" WIDTH="31" HEIGHT="0" />
            <String ID="Word_63067" HPOS="729" VPOS="1368" WIDTH="45" HEIGHT="39" CONTENT="to" />
            <SP ID="SP_56820" HPOS="774" VPOS="1364" WIDTH="34" HEIGHT="0" />
            <String ID="Word_63068" HPOS="808" VPOS="1364" WIDTH="73" HEIGHT="43" CONTENT="the" />
            <SP ID="SP_56821" HPOS="881" VPOS="1364" WIDTH="36" HEIGHT="0" />
            <String ID="Word_63069" HPOS="917" VPOS="1364" WIDTH="226" HEIGHT="42" CONTENT="camp-fire" />
            <SP ID="SP_56822" HPOS="1143" VPOS="1364" WIDTH="44" HEIGHT="0" />
            <String ID="Word_63070" HPOS="1187" VPOS="1364" WIDTH="67" HEIGHT="42" CONTENT="for" />
            <SP ID="SP_56823" HPOS="1254" VPOS="1363" WIDTH="26" HEIGHT="0" />
            <String ID="Word_63071" HPOS="1280" VPOS="1363" WIDTH="275" HEIGHT="57" CONTENT="jioiv-ivoiv&quot;.2" />
            <SP ID="SP_56824" HPOS="1555" VPOS="1363" WIDTH="82" HEIGHT="0" />
            <String ID="Word_63072" HPOS="1637" VPOS="1364" WIDTH="77" HEIGHT="42" CONTENT="Mr" />
          </TextLine>
          <TextLine ID="TextLine_6253" HPOS="51" VPOS="1435" WIDTH="1663" HEIGHT="57">
            <String ID="Word_63073" HPOS="51" VPOS="1436" WIDTH="167" HEIGHT="51" CONTENT="Farrar," />
            <SP ID="SP_56825" HPOS="218" VPOS="1436" WIDTH="23" HEIGHT="0" />
            <String ID="Word_63074" HPOS="241" VPOS="1441" WIDTH="46" HEIGHT="37" CONTENT="at" />
            <SP ID="SP_56826" HPOS="287" VPOS="1441" WIDTH="20" HEIGHT="0" />
            <String ID="Word_63075" HPOS="307" VPOS="1450" WIDTH="40" HEIGHT="42" CONTENT="p." />
            <SP ID="SP_56827" HPOS="347" VPOS="1437" WIDTH="26" HEIGHT="0" />
            <String ID="Word_63076" HPOS="373" VPOS="1437" WIDTH="67" HEIGHT="49" CONTENT="39," />
            <SP ID="SP_56828" HPOS="440" VPOS="1436" WIDTH="23" HEIGHT="0" />
            <String ID="Word_63077" HPOS="463" VPOS="1436" WIDTH="170" HEIGHT="43" CONTENT="alludes" />
            <SP ID="SP_56829" HPOS="633" VPOS="1436" WIDTH="22" HEIGHT="0" />
            <String ID="Word_63078" HPOS="655" VPOS="1440" WIDTH="45" HEIGHT="38" CONTENT="to" />
            <SP ID="SP_56830" HPOS="700" VPOS="1436" WIDTH="23" HEIGHT="0" />
            <String ID="Word_63079" HPOS="723" VPOS="1436" WIDTH="75" HEIGHT="43" CONTENT="the" />
            <SP ID="SP_56831" HPOS="798" VPOS="1435" WIDTH="23" HEIGHT="0" />
            <String ID="Word_63080" HPOS="821" VPOS="1435" WIDTH="129" HEIGHT="43" CONTENT="Paris" />
            <SP ID="SP_56832" HPOS="950" VPOS="1435" WIDTH="23" HEIGHT="0" />
            <String ID="Word_63081" HPOS="973" VPOS="1436" WIDTH="47" HEIGHT="42" CONTENT="of" />
            <SP ID="SP_56833" HPOS="1020" VPOS="1435" WIDTH="20" HEIGHT="0" />
            <String ID="Word_63082" HPOS="1040" VPOS="1435" WIDTH="159" HEIGHT="43" CONTENT="Brazil," />
            <SP ID="SP_56834" HPOS="1199" VPOS="1435" WIDTH="18" HEIGHT="0" />
            <String ID="Word_63083" HPOS="1217" VPOS="1435" WIDTH="98" HEIGHT="43" CONTENT="who" />
            <SP ID="SP_56835" HPOS="1315" VPOS="1435" WIDTH="24" HEIGHT="0" />
            <String ID="Word_63084" HPOS="1339" VPOS="1435" WIDTH="111" HEIGHT="43" CONTENT="have" />
            <SP ID="SP_56836" HPOS="1450" VPOS="1435" WIDTH="24" HEIGHT="0" />
            <String ID="Word_63085" HPOS="1474" VPOS="1439" WIDTH="44" HEIGHT="39" CONTENT="to" />
            <SP ID="SP_56837" HPOS="1518" VPOS="1435" WIDTH="19" HEIGHT="0" />
            <String ID="Word_63086" HPOS="1537" VPOS="1435" WIDTH="81" HEIGHT="44" CONTENT="eke" />
            <SP ID="SP_56838" HPOS="1618" VPOS="1435" WIDTH="19" HEIGHT="0" />
            <String ID="Word_63087" HPOS="1637" VPOS="1441" WIDTH="77" HEIGHT="37" CONTENT="out" />
          </TextLine>
          <TextLine ID="TextLine_6254" HPOS="50" VPOS="1507" WIDTH="1664" HEIGHT="58">
            <String ID="Word_63088" HPOS="50" VPOS="1507" WIDTH="116" HEIGHT="43" CONTENT="their" />
            <SP ID="SP_56839" HPOS="166" VPOS="1507" WIDTH="37" HEIGHT="0" />
            <String ID="Word_63089" HPOS="203" VPOS="1515" WIDTH="154" HEIGHT="49" CONTENT="scanty" />
            <SP ID="SP_56840" HPOS="357" VPOS="1508" WIDTH="23" HEIGHT="0" />
            <String ID="Word_63090" HPOS="380" VPOS="1508" WIDTH="214" HEIGHT="56" CONTENT="language" />
            <SP ID="SP_56841" HPOS="594" VPOS="1508" WIDTH="33" HEIGHT="0" />
            <String ID="Word_63091" HPOS="627" VPOS="1508" WIDTH="59" HEIGHT="42" CONTENT="by" />
            <SP ID="SP_56842" HPOS="686" VPOS="1508" WIDTH="22" HEIGHT="0" />
            <String ID="Word_63092" HPOS="708" VPOS="1522" WIDTH="25" HEIGHT="28" CONTENT="a" />
            <SP ID="SP_56843" HPOS="733" VPOS="1508" WIDTH="35" HEIGHT="0" />
            <String ID="Word_63093" HPOS="768" VPOS="1508" WIDTH="118" HEIGHT="42" CONTENT="large" />
            <SP ID="SP_56844" HPOS="886" VPOS="1508" WIDTH="38" HEIGHT="0" />
            <String ID="Word_63094" HPOS="924" VPOS="1522" WIDTH="78" HEIGHT="28" CONTENT="use" />
            <SP ID="SP_56845" HPOS="1002" VPOS="1508" WIDTH="38" HEIGHT="0" />
            <String ID="Word_63095" HPOS="1040" VPOS="1508" WIDTH="45" HEIGHT="42" CONTENT="of" />
            <SP ID="SP_56846" HPOS="1085" VPOS="1508" WIDTH="31" HEIGHT="0" />
            <String ID="Word_63096" HPOS="1116" VPOS="1508" WIDTH="146" HEIGHT="56" CONTENT="signs;" />
            <SP ID="SP_56847" HPOS="1262" VPOS="1512" WIDTH="31" HEIGHT="0" />
            <String ID="Word_63097" HPOS="1293" VPOS="1512" WIDTH="45" HEIGHT="38" CONTENT="to" />
            <SP ID="SP_56848" HPOS="1338" VPOS="1507" WIDTH="36" HEIGHT="0" />
            <String ID="Word_63098" HPOS="1374" VPOS="1507" WIDTH="72" HEIGHT="43" CONTENT="the" />
            <SP ID="SP_56849" HPOS="1446" VPOS="1507" WIDTH="33" HEIGHT="0" />
            <String ID="Word_63099" HPOS="1479" VPOS="1508" WIDTH="235" HEIGHT="43" CONTENT="Fuegians," />
          </TextLine>
          <TextLine ID="TextLine_6255" HPOS="15" VPOS="1569" WIDTH="1698" HEIGHT="68">
            <String ID="Word_63100" HPOS="15" VPOS="1569" WIDTH="11" HEIGHT="52" CONTENT="I" />
            <SP ID="SP_56850" HPOS="26" VPOS="1569" WIDTH="24" HEIGHT="0" />
            <String ID="Word_63101" HPOS="50" VPOS="1579" WIDTH="146" HEIGHT="43" CONTENT="whose" />
            <SP ID="SP_56851" HPOS="196" VPOS="1579" WIDTH="22" HEIGHT="0" />
            <String ID="Word_63102" HPOS="218" VPOS="1579" WIDTH="213" HEIGHT="57" CONTENT="language" />
            <SP ID="SP_56852" HPOS="431" VPOS="1579" WIDTH="23" HEIGHT="0" />
            <String ID="Word_63103" HPOS="454" VPOS="1580" WIDTH="78" HEIGHT="43" CONTENT="has" />
            <SP ID="SP_56853" HPOS="532" VPOS="1580" WIDTH="22" HEIGHT="0" />
            <String ID="Word_63104" HPOS="554" VPOS="1580" WIDTH="111" HEIGHT="43" CONTENT="been" />
            <SP ID="SP_56854" HPOS="665" VPOS="1579" WIDTH="39" HEIGHT="0" />
            <String ID="Word_63105" HPOS="704" VPOS="1579" WIDTH="223" HEIGHT="44" CONTENT="described" />
            <SP ID="SP_56855" HPOS="927" VPOS="1579" WIDTH="37" HEIGHT="0" />
            <String ID="Word_63106" HPOS="964" VPOS="1594" WIDTH="46" HEIGHT="28" CONTENT="as" />
            <SP ID="SP_56856" HPOS="1010" VPOS="1593" WIDTH="33" HEIGHT="0" />
            <String ID="Word_63107" HPOS="1043" VPOS="1593" WIDTH="56" HEIGHT="29" CONTENT="an" />
            <SP ID="SP_56857" HPOS="1099" VPOS="1579" WIDTH="32" HEIGHT="0" />
            <String ID="Word_63108" HPOS="1131" VPOS="1579" WIDTH="284" HEIGHT="43" CONTENT="inarticulate" />
            <SP ID="SP_56858" HPOS="1415" VPOS="1579" WIDTH="33" HEIGHT="0" />
            <String ID="Word_63109" HPOS="1448" VPOS="1580" WIDTH="265" HEIGHT="53" CONTENT="chuckling;" />
          </TextLine>
          <TextLine ID="TextLine_6256" HPOS="49" VPOS="1651" WIDTH="1664" HEIGHT="57">
            <String ID="Word_63110" HPOS="49" VPOS="1657" WIDTH="43" HEIGHT="36" CONTENT="to" />
            <SP ID="SP_56859" HPOS="92" VPOS="1651" WIDTH="23" HEIGHT="0" />
            <String ID="Word_63111" HPOS="115" VPOS="1651" WIDTH="75" HEIGHT="43" CONTENT="the" />
            <SP ID="SP_56860" HPOS="190" VPOS="1651" WIDTH="22" HEIGHT="0" />
            <String ID="Word_63112" HPOS="212" VPOS="1652" WIDTH="135" HEIGHT="42" CONTENT="forest" />
            <SP ID="SP_56861" HPOS="347" VPOS="1652" WIDTH="22" HEIGHT="0" />
            <String ID="Word_63113" HPOS="369" VPOS="1652" WIDTH="133" HEIGHT="42" CONTENT="tribes" />
            <SP ID="SP_56862" HPOS="502" VPOS="1652" WIDTH="39" HEIGHT="0" />
            <String ID="Word_63114" HPOS="541" VPOS="1652" WIDTH="47" HEIGHT="42" CONTENT="of" />
            <SP ID="SP_56863" HPOS="588" VPOS="1652" WIDTH="28" HEIGHT="0" />
            <String ID="Word_63115" HPOS="616" VPOS="1652" WIDTH="213" HEIGHT="42" CONTENT="Malacca," />
            <SP ID="SP_56864" HPOS="829" VPOS="1652" WIDTH="21" HEIGHT="0" />
            <String ID="Word_63116" HPOS="850" VPOS="1652" WIDTH="99" HEIGHT="42" CONTENT="who" />
            <SP ID="SP_56865" HPOS="949" VPOS="1652" WIDTH="32" HEIGHT="0" />
            <String ID="Word_63117" HPOS="981" VPOS="1652" WIDTH="88" HEIGHT="56" CONTENT="lisp" />
            <SP ID="SP_56866" HPOS="1069" VPOS="1651" WIDTH="34" HEIGHT="0" />
            <String ID="Word_63118" HPOS="1103" VPOS="1651" WIDTH="115" HEIGHT="44" CONTENT="their" />
            <SP ID="SP_56867" HPOS="1218" VPOS="1651" WIDTH="33" HEIGHT="0" />
            <String ID="Word_63119" HPOS="1251" VPOS="1652" WIDTH="142" HEIGHT="43" CONTENT="words" />
            <SP ID="SP_56868" HPOS="1393" VPOS="1652" WIDTH="34" HEIGHT="0" />
            <String ID="Word_63120" HPOS="1427" VPOS="1652" WIDTH="109" HEIGHT="43" CONTENT="with" />
            <SP ID="SP_56869" HPOS="1536" VPOS="1652" WIDTH="33" HEIGHT="0" />
            <String ID="Word_63121" HPOS="1569" VPOS="1652" WIDTH="144" HEIGHT="43" CONTENT="sound" />
          </TextLine>
          <TextLine ID="TextLine_6257" HPOS="47" VPOS="1723" WIDTH="1664" HEIGHT="59">
            <String ID="Word_63122" HPOS="47" VPOS="1723" WIDTH="90" HEIGHT="44" CONTENT="like" />
            <SP ID="SP_56870" HPOS="137" VPOS="1723" WIDTH="31" HEIGHT="0" />
            <String ID="Word_63123" HPOS="168" VPOS="1723" WIDTH="76" HEIGHT="44" CONTENT="the" />
            <SP ID="SP_56871" HPOS="244" VPOS="1723" WIDTH="32" HEIGHT="0" />
            <String ID="Word_63124" HPOS="276" VPOS="1724" WIDTH="121" HEIGHT="43" CONTENT="noise" />
            <SP ID="SP_56872" HPOS="397" VPOS="1724" WIDTH="33" HEIGHT="0" />
            <String ID="Word_63125" HPOS="430" VPOS="1725" WIDTH="45" HEIGHT="42" CONTENT="of" />
            <SP ID="SP_56873" HPOS="475" VPOS="1724" WIDTH="31" HEIGHT="0" />
            <String ID="Word_63126" HPOS="506" VPOS="1724" WIDTH="119" HEIGHT="43" CONTENT="birds" />
            <SP ID="SP_56874" HPOS="625" VPOS="1724" WIDTH="20" HEIGHT="0" />
            <String ID="Word_63127" HPOS="645" VPOS="1739" WIDTH="9" HEIGHT="39" CONTENT=";" />
            <SP ID="SP_56875" HPOS="654" VPOS="1724" WIDTH="32" HEIGHT="0" />
            <String ID="Word_63128" HPOS="686" VPOS="1724" WIDTH="88" HEIGHT="43" CONTENT="and" />
            <SP ID="SP_56876" HPOS="774" VPOS="1724" WIDTH="36" HEIGHT="0" />
            <String ID="Word_63129" HPOS="810" VPOS="1729" WIDTH="44" HEIGHT="38" CONTENT="to" />
            <SP ID="SP_56877" HPOS="854" VPOS="1724" WIDTH="34" HEIGHT="0" />
            <String ID="Word_63130" HPOS="888" VPOS="1724" WIDTH="76" HEIGHT="43" CONTENT="the" />
            <SP ID="SP_56878" HPOS="964" VPOS="1724" WIDTH="34" HEIGHT="0" />
            <String ID="Word_63131" HPOS="998" VPOS="1724" WIDTH="103" HEIGHT="42" CONTENT="wild" />
            <SP ID="SP_56879" HPOS="1101" VPOS="1724" WIDTH="23" HEIGHT="0" />
            <String ID="Word_63132" HPOS="1124" VPOS="1724" WIDTH="179" HEIGHT="43" CONTENT="Veddas" />
            <SP ID="SP_56880" HPOS="1303" VPOS="1724" WIDTH="23" HEIGHT="0" />
            <String ID="Word_63133" HPOS="1326" VPOS="1725" WIDTH="45" HEIGHT="42" CONTENT="of" />
            <SP ID="SP_56881" HPOS="1371" VPOS="1725" WIDTH="36" HEIGHT="0" />
            <String ID="Word_63134" HPOS="1407" VPOS="1725" WIDTH="181" HEIGHT="57" CONTENT="Ceylon," />
            <SP ID="SP_56882" HPOS="1588" VPOS="1725" WIDTH="24" HEIGHT="0" />
            <String ID="Word_63135" HPOS="1612" VPOS="1725" WIDTH="99" HEIGHT="43" CONTENT="who" />
          </TextLine>
          <TextLine ID="TextLine_6258" HPOS="6" VPOS="1791" WIDTH="1247" HEIGHT="56">
            <String ID="Word_63136" HPOS="6" VPOS="1791" WIDTH="17" HEIGHT="48" CONTENT="li" />
            <SP ID="SP_56883" HPOS="23" VPOS="1791" WIDTH="22" HEIGHT="0" />
            <String ID="Word_63137" HPOS="45" VPOS="1796" WIDTH="111" HEIGHT="44" CONTENT="have" />
            <SP ID="SP_56884" HPOS="156" VPOS="1796" WIDTH="23" HEIGHT="0" />
            <String ID="Word_63138" HPOS="179" VPOS="1797" WIDTH="218" HEIGHT="50" CONTENT="gutturals" />
            <SP ID="SP_56885" HPOS="397" VPOS="1797" WIDTH="23" HEIGHT="0" />
            <String ID="Word_63139" HPOS="420" VPOS="1797" WIDTH="88" HEIGHT="44" CONTENT="and" />
            <SP ID="SP_56886" HPOS="508" VPOS="1797" WIDTH="21" HEIGHT="0" />
            <String ID="Word_63140" HPOS="529" VPOS="1811" WIDTH="212" HEIGHT="36" CONTENT="grimaces" />
            <SP ID="SP_56887" HPOS="741" VPOS="1796" WIDTH="23" HEIGHT="0" />
            <String ID="Word_63141" HPOS="764" VPOS="1796" WIDTH="173" HEIGHT="44" CONTENT="instead" />
            <SP ID="SP_56888" HPOS="937" VPOS="1796" WIDTH="24" HEIGHT="0" />
            <String ID="Word_63142" HPOS="961" VPOS="1797" WIDTH="46" HEIGHT="42" CONTENT="of" />
            <SP ID="SP_56889" HPOS="1007" VPOS="1797" WIDTH="19" HEIGHT="0" />
            <String ID="Word_63143" HPOS="1026" VPOS="1797" WIDTH="227" HEIGHT="43" CONTENT="language." />
          </TextLine>
          <TextLine ID="TextLine_6259" HPOS="107" VPOS="1869" WIDTH="1606" HEIGHT="59">
            <String ID="Word_63144" HPOS="107" VPOS="1870" WIDTH="37" HEIGHT="42" CONTENT="3." />
            <SP ID="SP_56890" HPOS="144" VPOS="1870" WIDTH="33" HEIGHT="0" />
            <String ID="Word_63145" HPOS="177" VPOS="1870" WIDTH="92" HEIGHT="43" CONTENT="The" />
            <SP ID="SP_56891" HPOS="269" VPOS="1870" WIDTH="18" HEIGHT="0" />
            <String ID="Word_63146" HPOS="287" VPOS="1870" WIDTH="186" HEIGHT="43" CONTENT="Gesture" />
            <SP ID="SP_56892" HPOS="473" VPOS="1870" WIDTH="17" HEIGHT="0" />
            <String ID="Word_63147" HPOS="490" VPOS="1870" WIDTH="234" HEIGHT="56" CONTENT="Language" />
            <SP ID="SP_56893" HPOS="724" VPOS="1869" WIDTH="18" HEIGHT="0" />
            <String ID="Word_63148" HPOS="742" VPOS="1869" WIDTH="44" HEIGHT="43" CONTENT="of" />
            <SP ID="SP_56894" HPOS="786" VPOS="1869" WIDTH="17" HEIGHT="0" />
            <String ID="Word_63149" HPOS="803" VPOS="1869" WIDTH="268" HEIGHT="44" CONTENT="deaf-mutes" />
            <SP ID="SP_56895" HPOS="1071" VPOS="1869" WIDTH="19" HEIGHT="0" />
            <String ID="Word_63150" HPOS="1090" VPOS="1870" WIDTH="37" HEIGHT="44" CONTENT="is" />
            <SP ID="SP_56896" HPOS="1127" VPOS="1870" WIDTH="22" HEIGHT="0" />
            <String ID="Word_63151" HPOS="1149" VPOS="1885" WIDTH="46" HEIGHT="28" CONTENT="so" />
            <SP ID="SP_56897" HPOS="1195" VPOS="1870" WIDTH="20" HEIGHT="0" />
            <String ID="Word_63152" HPOS="1215" VPOS="1870" WIDTH="162" HEIGHT="58" CONTENT="closely" />
            <SP ID="SP_56898" HPOS="1377" VPOS="1870" WIDTH="20" HEIGHT="0" />
            <String ID="Word_63153" HPOS="1397" VPOS="1871" WIDTH="134" HEIGHT="44" CONTENT="allied" />
            <SP ID="SP_56899" HPOS="1531" VPOS="1871" WIDTH="18" HEIGHT="0" />
            <String ID="Word_63154" HPOS="1549" VPOS="1876" WIDTH="44" HEIGHT="39" CONTENT="to" />
            <SP ID="SP_56900" HPOS="1593" VPOS="1872" WIDTH="20" HEIGHT="0" />
            <String ID="Word_63155" HPOS="1613" VPOS="1872" WIDTH="100" HEIGHT="43" CONTENT="that" />
          </TextLine>
          <TextLine ID="TextLine_6260" HPOS="11" VPOS="1929" WIDTH="1699" HEIGHT="73">
            <String ID="Word_63156" HPOS="11" VPOS="1929" WIDTH="11" HEIGHT="55" CONTENT="I" />
            <SP ID="SP_56901" HPOS="22" VPOS="1929" WIDTH="22" HEIGHT="0" />
            <String ID="Word_63157" HPOS="44" VPOS="1941" WIDTH="234" HEIGHT="58" CONTENT="employed" />
            <SP ID="SP_56902" HPOS="278" VPOS="1941" WIDTH="36" HEIGHT="0" />
            <String ID="Word_63158" HPOS="314" VPOS="1943" WIDTH="59" HEIGHT="56" CONTENT="by" />
            <SP ID="SP_56903" HPOS="373" VPOS="1942" WIDTH="22" HEIGHT="0" />
            <String ID="Word_63159" HPOS="395" VPOS="1942" WIDTH="268" HEIGHT="43" CONTENT="uncivilized" />
            <SP ID="SP_56904" HPOS="663" VPOS="1942" WIDTH="34" HEIGHT="0" />
            <String ID="Word_63160" HPOS="697" VPOS="1957" WIDTH="131" HEIGHT="35" CONTENT="races," />
            <SP ID="SP_56905" HPOS="828" VPOS="1942" WIDTH="35" HEIGHT="0" />
            <String ID="Word_63161" HPOS="863" VPOS="1942" WIDTH="98" HEIGHT="43" CONTENT="that" />
            <SP ID="SP_56906" HPOS="961" VPOS="1942" WIDTH="35" HEIGHT="0" />
            <String ID="Word_63162" HPOS="996" VPOS="1943" WIDTH="268" HEIGHT="43" CONTENT="deaf-mutes" />
            <SP ID="SP_56907" HPOS="1264" VPOS="1943" WIDTH="36" HEIGHT="0" />
            <String ID="Word_63163" HPOS="1300" VPOS="1944" WIDTH="87" HEIGHT="42" CONTENT="and" />
            <SP ID="SP_56908" HPOS="1387" VPOS="1944" WIDTH="33" HEIGHT="0" />
            <String ID="Word_63164" HPOS="1420" VPOS="1959" WIDTH="182" HEIGHT="43" CONTENT="savages" />
            <SP ID="SP_56909" HPOS="1602" VPOS="1958" WIDTH="36" HEIGHT="0" />
            <String ID="Word_63165" HPOS="1638" VPOS="1960" WIDTH="72" HEIGHT="28" CONTENT="are" />
          </TextLine>
          <TextLine ID="TextLine_6261" HPOS="10" VPOS="2001" WIDTH="1700" HEIGHT="77">
            <String ID="Word_63166" HPOS="10" VPOS="2001" WIDTH="12" HEIGHT="77" CONTENT="j" />
            <SP ID="SP_56910" HPOS="22" VPOS="2001" WIDTH="21" HEIGHT="0" />
            <String ID="Word_63167" HPOS="43" VPOS="2013" WIDTH="140" HEIGHT="57" CONTENT="easily" />
            <SP ID="SP_56911" HPOS="183" VPOS="2013" WIDTH="22" HEIGHT="0" />
            <String ID="Word_63168" HPOS="205" VPOS="2014" WIDTH="97" HEIGHT="43" CONTENT="able" />
            <SP ID="SP_56912" HPOS="302" VPOS="2014" WIDTH="22" HEIGHT="0" />
            <String ID="Word_63169" HPOS="324" VPOS="2019" WIDTH="45" HEIGHT="38" CONTENT="to" />
            <SP ID="SP_56913" HPOS="369" VPOS="2019" WIDTH="23" HEIGHT="0" />
            <String ID="Word_63170" HPOS="392" VPOS="2029" WIDTH="207" HEIGHT="29" CONTENT="converse" />
            <SP ID="SP_56914" HPOS="599" VPOS="2014" WIDTH="23" HEIGHT="0" />
            <String ID="Word_63171" HPOS="622" VPOS="2014" WIDTH="107" HEIGHT="43" CONTENT="with" />
            <SP ID="SP_56915" HPOS="729" VPOS="2014" WIDTH="24" HEIGHT="0" />
            <String ID="Word_63172" HPOS="753" VPOS="2014" WIDTH="107" HEIGHT="44" CONTENT="each" />
            <SP ID="SP_56916" HPOS="860" VPOS="2014" WIDTH="23" HEIGHT="0" />
            <String ID="Word_63173" HPOS="883" VPOS="2015" WIDTH="126" HEIGHT="43" CONTENT="other" />
            <SP ID="SP_56917" HPOS="1009" VPOS="2015" WIDTH="22" HEIGHT="0" />
            <String ID="Word_63174" HPOS="1031" VPOS="2015" WIDTH="58" HEIGHT="57" CONTENT="by" />
            <SP ID="SP_56918" HPOS="1089" VPOS="2015" WIDTH="23" HEIGHT="0" />
            <String ID="Word_63175" HPOS="1112" VPOS="2030" WIDTH="153" HEIGHT="29" CONTENT="means" />
            <SP ID="SP_56919" HPOS="1265" VPOS="2018" WIDTH="36" HEIGHT="0" />
            <String ID="Word_63176" HPOS="1301" VPOS="2018" WIDTH="44" HEIGHT="41" CONTENT="of" />
            <SP ID="SP_56920" HPOS="1345" VPOS="2018" WIDTH="31" HEIGHT="0" />
            <String ID="Word_63177" HPOS="1376" VPOS="2021" WIDTH="211" HEIGHT="52" CONTENT="gestures." />
            <SP ID="SP_56921" HPOS="1587" VPOS="2018" WIDTH="66" HEIGHT="0" />
            <String ID="Word_63178" HPOS="1653" VPOS="2018" WIDTH="57" HEIGHT="42" CONTENT="In" />
          </TextLine>
          <TextLine ID="TextLine_6262" HPOS="42" VPOS="2086" WIDTH="1669" HEIGHT="58">
            <String ID="Word_63179" HPOS="42" VPOS="2086" WIDTH="271" HEIGHT="44" CONTENT="illustration" />
            <SP ID="SP_56922" HPOS="313" VPOS="2086" WIDTH="36" HEIGHT="0" />
            <String ID="Word_63180" HPOS="349" VPOS="2087" WIDTH="45" HEIGHT="42" CONTENT="of" />
            <SP ID="SP_56923" HPOS="394" VPOS="2087" WIDTH="30" HEIGHT="0" />
            <String ID="Word_63181" HPOS="424" VPOS="2087" WIDTH="89" HEIGHT="43" CONTENT="this" />
            <SP ID="SP_56924" HPOS="513" VPOS="2087" WIDTH="32" HEIGHT="0" />
            <String ID="Word_63182" HPOS="545" VPOS="2087" WIDTH="138" HEIGHT="56" CONTENT="point," />
            <SP ID="SP_56925" HPOS="683" VPOS="2087" WIDTH="25" HEIGHT="0" />
            <String ID="Word_63183" HPOS="708" VPOS="2087" WIDTH="73" HEIGHT="42" CONTENT="Mr" />
            <SP ID="SP_56926" HPOS="781" VPOS="2087" WIDTH="32" HEIGHT="0" />
            <String ID="Word_63184" HPOS="813" VPOS="2087" WIDTH="47" HEIGHT="43" CONTENT="E." />
            <SP ID="SP_56927" HPOS="860" VPOS="2087" WIDTH="35" HEIGHT="0" />
            <String ID="Word_63185" HPOS="895" VPOS="2087" WIDTH="48" HEIGHT="42" CONTENT="B." />
            <SP ID="SP_56928" HPOS="943" VPOS="2087" WIDTH="34" HEIGHT="0" />
            <String ID="Word_63186" HPOS="977" VPOS="2087" WIDTH="165" HEIGHT="57" CONTENT="Tylor3" />
            <SP ID="SP_56929" HPOS="1142" VPOS="2087" WIDTH="31" HEIGHT="0" />
            <String ID="Word_63187" HPOS="1173" VPOS="2089" WIDTH="405" HEIGHT="51" CONTENT="remarks,—&quot;The" />
            <SP ID="SP_56930" HPOS="1578" VPOS="2090" WIDTH="34" HEIGHT="0" />
            <String ID="Word_63188" HPOS="1612" VPOS="2090" WIDTH="99" HEIGHT="43" CONTENT="best" />
          </TextLine>
          <TextLine ID="TextLine_6263" HPOS="42" VPOS="2158" WIDTH="1666" HEIGHT="59">
            <String ID="Word_63189" HPOS="42" VPOS="2158" WIDTH="210" HEIGHT="44" CONTENT="evidence" />
            <SP ID="SP_56931" HPOS="252" VPOS="2158" WIDTH="24" HEIGHT="0" />
            <String ID="Word_63190" HPOS="276" VPOS="2158" WIDTH="45" HEIGHT="43" CONTENT="of" />
            <SP ID="SP_56932" HPOS="321" VPOS="2158" WIDTH="22" HEIGHT="0" />
            <String ID="Word_63191" HPOS="343" VPOS="2159" WIDTH="75" HEIGHT="42" CONTENT="the" />
            <SP ID="SP_56933" HPOS="418" VPOS="2159" WIDTH="24" HEIGHT="0" />
            <String ID="Word_63192" HPOS="442" VPOS="2159" WIDTH="129" HEIGHT="57" CONTENT="unity" />
            <SP ID="SP_56934" HPOS="571" VPOS="2159" WIDTH="23" HEIGHT="0" />
            <String ID="Word_63193" HPOS="594" VPOS="2159" WIDTH="47" HEIGHT="43" CONTENT="of" />
            <SP ID="SP_56935" HPOS="641" VPOS="2159" WIDTH="18" HEIGHT="0" />
            <String ID="Word_63194" HPOS="659" VPOS="2159" WIDTH="75" HEIGHT="43" CONTENT="the" />
            <SP ID="SP_56936" HPOS="734" VPOS="2159" WIDTH="31" HEIGHT="0" />
            <String ID="Word_63195" HPOS="765" VPOS="2164" WIDTH="175" HEIGHT="52" CONTENT="gesture" />
            <SP ID="SP_56937" HPOS="940" VPOS="2158" WIDTH="21" HEIGHT="0" />
            <String ID="Word_63196" HPOS="961" VPOS="2158" WIDTH="216" HEIGHT="59" CONTENT="language" />
            <SP ID="SP_56938" HPOS="1177" VPOS="2158" WIDTH="23" HEIGHT="0" />
            <String ID="Word_63197" HPOS="1200" VPOS="2161" WIDTH="37" HEIGHT="42" CONTENT="is" />
            <SP ID="SP_56939" HPOS="1237" VPOS="2160" WIDTH="23" HEIGHT="0" />
            <String ID="Word_63198" HPOS="1260" VPOS="2160" WIDTH="76" HEIGHT="44" CONTENT="the" />
            <SP ID="SP_56940" HPOS="1336" VPOS="2160" WIDTH="30" HEIGHT="0" />
            <String ID="Word_63199" HPOS="1366" VPOS="2176" WIDTH="98" HEIGHT="29" CONTENT="ease" />
            <SP ID="SP_56941" HPOS="1464" VPOS="2162" WIDTH="33" HEIGHT="0" />
            <String ID="Word_63200" HPOS="1497" VPOS="2162" WIDTH="88" HEIGHT="43" CONTENT="and" />
            <SP ID="SP_56942" HPOS="1585" VPOS="2162" WIDTH="33" HEIGHT="0" />
            <String ID="Word_63201" HPOS="1618" VPOS="2177" WIDTH="90" HEIGHT="29" CONTENT="cer-" />
          </TextLine>
          <TextLine ID="TextLine_6264" HPOS="43" VPOS="2231" WIDTH="1664" HEIGHT="59">
            <String ID="Word_63202" HPOS="43" VPOS="2231" WIDTH="148" HEIGHT="56" CONTENT="tainty" />
            <SP ID="SP_56943" HPOS="191" VPOS="2231" WIDTH="22" HEIGHT="0" />
            <String ID="Word_63203" HPOS="213" VPOS="2231" WIDTH="108" HEIGHT="41" CONTENT="with" />
            <SP ID="SP_56944" HPOS="321" VPOS="2231" WIDTH="25" HEIGHT="0" />
            <String ID="Word_63204" HPOS="346" VPOS="2231" WIDTH="142" HEIGHT="43" CONTENT="which" />
            <SP ID="SP_56945" HPOS="488" VPOS="2231" WIDTH="36" HEIGHT="0" />
            <String ID="Word_63205" HPOS="524" VPOS="2246" WIDTH="87" HEIGHT="42" CONTENT="any" />
            <SP ID="SP_56946" HPOS="611" VPOS="2246" WIDTH="22" HEIGHT="0" />
            <String ID="Word_63206" HPOS="633" VPOS="2246" WIDTH="169" HEIGHT="42" CONTENT="savage," />
            <SP ID="SP_56947" HPOS="802" VPOS="2232" WIDTH="36" HEIGHT="0" />
            <String ID="Word_63207" HPOS="838" VPOS="2232" WIDTH="109" HEIGHT="43" CONTENT="from" />
            <SP ID="SP_56948" HPOS="947" VPOS="2232" WIDTH="35" HEIGHT="0" />
            <String ID="Word_63208" HPOS="982" VPOS="2247" WIDTH="88" HEIGHT="42" CONTENT="any" />
            <SP ID="SP_56949" HPOS="1070" VPOS="2237" WIDTH="22" HEIGHT="0" />
            <String ID="Word_63209" HPOS="1092" VPOS="2237" WIDTH="201" HEIGHT="53" CONTENT="country," />
            <SP ID="SP_56950" HPOS="1293" VPOS="2237" WIDTH="24" HEIGHT="0" />
            <String ID="Word_63210" HPOS="1317" VPOS="2249" WIDTH="82" HEIGHT="28" CONTENT="can" />
            <SP ID="SP_56951" HPOS="1399" VPOS="2235" WIDTH="33" HEIGHT="0" />
            <String ID="Word_63211" HPOS="1432" VPOS="2240" WIDTH="275" HEIGHT="39" CONTENT="understand" />
          </TextLine>
          <TextLine ID="TextLine_6265" HPOS="40" VPOS="2303" WIDTH="1668" HEIGHT="48">
            <String ID="Word_63212" HPOS="40" VPOS="2303" WIDTH="88" HEIGHT="43" CONTENT="and" />
            <SP ID="SP_56952" HPOS="128" VPOS="2303" WIDTH="24" HEIGHT="0" />
            <String ID="Word_63213" HPOS="152" VPOS="2303" WIDTH="53" HEIGHT="43" CONTENT="be" />
            <SP ID="SP_56953" HPOS="205" VPOS="2303" WIDTH="23" HEIGHT="0" />
            <String ID="Word_63214" HPOS="228" VPOS="2303" WIDTH="264" HEIGHT="44" CONTENT="understood" />
            <SP ID="SP_56954" HPOS="492" VPOS="2303" WIDTH="19" HEIGHT="0" />
            <String ID="Word_63215" HPOS="511" VPOS="2304" WIDTH="47" HEIGHT="42" CONTENT="in" />
            <SP ID="SP_56955" HPOS="558" VPOS="2304" WIDTH="22" HEIGHT="0" />
            <String ID="Word_63216" HPOS="580" VPOS="2319" WIDTH="25" HEIGHT="28" CONTENT="a" />
            <SP ID="SP_56956" HPOS="605" VPOS="2303" WIDTH="22" HEIGHT="0" />
            <String ID="Word_63217" HPOS="627" VPOS="2303" WIDTH="371" HEIGHT="44" CONTENT="deaf-and-dumb" />
            <SP ID="SP_56957" HPOS="998" VPOS="2303" WIDTH="24" HEIGHT="0" />
            <String ID="Word_63218" HPOS="1022" VPOS="2305" WIDTH="159" HEIGHT="43" CONTENT="school." />
            <SP ID="SP_56958" HPOS="1181" VPOS="2305" WIDTH="54" HEIGHT="0" />
            <String ID="Word_63219" HPOS="1235" VPOS="2306" WIDTH="44" HEIGHT="43" CONTENT="A" />
            <SP ID="SP_56959" HPOS="1279" VPOS="2306" WIDTH="18" HEIGHT="0" />
            <String ID="Word_63220" HPOS="1297" VPOS="2307" WIDTH="151" HEIGHT="43" CONTENT="native" />
            <SP ID="SP_56960" HPOS="1448" VPOS="2307" WIDTH="15" HEIGHT="0" />
            <String ID="Word_63221" HPOS="1463" VPOS="2308" WIDTH="48" HEIGHT="42" CONTENT="of" />
            <SP ID="SP_56961" HPOS="1511" VPOS="2308" WIDTH="17" HEIGHT="0" />
            <String ID="Word_63222" HPOS="1528" VPOS="2308" WIDTH="180" HEIGHT="43" CONTENT="Hawaii" />
          </TextLine>
          <TextLine ID="TextLine_6266" HPOS="38" VPOS="2375" WIDTH="1667" HEIGHT="60">
            <String ID="Word_63223" HPOS="38" VPOS="2376" WIDTH="37" HEIGHT="42" CONTENT="is" />
            <SP ID="SP_56962" HPOS="75" VPOS="2375" WIDTH="25" HEIGHT="0" />
            <String ID="Word_63224" HPOS="100" VPOS="2375" WIDTH="133" HEIGHT="43" CONTENT="taken" />
            <SP ID="SP_56963" HPOS="233" VPOS="2375" WIDTH="25" HEIGHT="0" />
            <String ID="Word_63225" HPOS="258" VPOS="2380" WIDTH="43" HEIGHT="38" CONTENT="to" />
            <SP ID="SP_56964" HPOS="301" VPOS="2380" WIDTH="23" HEIGHT="0" />
            <String ID="Word_63226" HPOS="324" VPOS="2390" WIDTH="56" HEIGHT="29" CONTENT="an" />
            <SP ID="SP_56965" HPOS="380" VPOS="2376" WIDTH="22" HEIGHT="0" />
            <String ID="Word_63227" HPOS="402" VPOS="2376" WIDTH="235" HEIGHT="44" CONTENT="American" />
            <SP ID="SP_56966" HPOS="637" VPOS="2376" WIDTH="23" HEIGHT="0" />
            <String ID="Word_63228" HPOS="660" VPOS="2376" WIDTH="268" HEIGHT="44" CONTENT="institution," />
            <SP ID="SP_56967" HPOS="928" VPOS="2376" WIDTH="24" HEIGHT="0" />
            <String ID="Word_63229" HPOS="952" VPOS="2377" WIDTH="88" HEIGHT="43" CONTENT="and" />
            <SP ID="SP_56968" HPOS="1040" VPOS="2377" WIDTH="22" HEIGHT="0" />
            <String ID="Word_63230" HPOS="1062" VPOS="2378" WIDTH="153" HEIGHT="57" CONTENT="begins" />
            <SP ID="SP_56969" HPOS="1215" VPOS="2378" WIDTH="24" HEIGHT="0" />
            <String ID="Word_63231" HPOS="1239" VPOS="2383" WIDTH="44" HEIGHT="38" CONTENT="to" />
            <SP ID="SP_56970" HPOS="1283" VPOS="2379" WIDTH="25" HEIGHT="0" />
            <String ID="Word_63232" HPOS="1308" VPOS="2379" WIDTH="95" HEIGHT="43" CONTENT="talk" />
            <SP ID="SP_56971" HPOS="1403" VPOS="2379" WIDTH="33" HEIGHT="0" />
            <String ID="Word_63233" HPOS="1436" VPOS="2384" WIDTH="47" HEIGHT="39" CONTENT="at" />
            <SP ID="SP_56972" HPOS="1483" VPOS="2384" WIDTH="32" HEIGHT="0" />
            <String ID="Word_63234" HPOS="1515" VPOS="2395" WIDTH="107" HEIGHT="30" CONTENT="once" />
            <SP ID="SP_56973" HPOS="1622" VPOS="2381" WIDTH="36" HEIGHT="0" />
            <String ID="Word_63235" HPOS="1658" VPOS="2381" WIDTH="47" HEIGHT="44" CONTENT="in" />
          </TextLine>
          <TextLine ID="TextLine_6267" HPOS="39" VPOS="2447" WIDTH="1665" HEIGHT="63">
            <String ID="Word_63236" HPOS="39" VPOS="2448" WIDTH="121" HEIGHT="56" CONTENT="signs" />
            <SP ID="SP_56974" HPOS="160" VPOS="2448" WIDTH="43" HEIGHT="0" />
            <String ID="Word_63237" HPOS="203" VPOS="2452" WIDTH="44" HEIGHT="38" CONTENT="to" />
            <SP ID="SP_56975" HPOS="247" VPOS="2447" WIDTH="43" HEIGHT="0" />
            <String ID="Word_63238" HPOS="290" VPOS="2447" WIDTH="73" HEIGHT="44" CONTENT="the" />
            <SP ID="SP_56976" HPOS="363" VPOS="2447" WIDTH="43" HEIGHT="0" />
            <String ID="Word_63239" HPOS="406" VPOS="2448" WIDTH="212" HEIGHT="45" CONTENT="children," />
            <SP ID="SP_56977" HPOS="618" VPOS="2448" WIDTH="43" HEIGHT="0" />
            <String ID="Word_63240" HPOS="661" VPOS="2449" WIDTH="87" HEIGHT="43" CONTENT="and" />
            <SP ID="SP_56978" HPOS="748" VPOS="2449" WIDTH="36" HEIGHT="0" />
            <String ID="Word_63241" HPOS="784" VPOS="2455" WIDTH="44" HEIGHT="38" CONTENT="to" />
            <SP ID="SP_56979" HPOS="828" VPOS="2450" WIDTH="43" HEIGHT="0" />
            <String ID="Word_63242" HPOS="871" VPOS="2450" WIDTH="79" HEIGHT="44" CONTENT="tell" />
            <SP ID="SP_56980" HPOS="950" VPOS="2450" WIDTH="44" HEIGHT="0" />
            <String ID="Word_63243" HPOS="994" VPOS="2451" WIDTH="135" HEIGHT="43" CONTENT="about" />
            <SP ID="SP_56981" HPOS="1129" VPOS="2451" WIDTH="42" HEIGHT="0" />
            <String ID="Word_63244" HPOS="1171" VPOS="2451" WIDTH="69" HEIGHT="43" CONTENT="his" />
            <SP ID="SP_56982" HPOS="1240" VPOS="2451" WIDTH="43" HEIGHT="0" />
            <String ID="Word_63245" HPOS="1283" VPOS="2466" WIDTH="168" HEIGHT="44" CONTENT="voyage" />
            <SP ID="SP_56983" HPOS="1451" VPOS="2454" WIDTH="44" HEIGHT="0" />
            <String ID="Word_63246" HPOS="1495" VPOS="2454" WIDTH="87" HEIGHT="43" CONTENT="and" />
            <SP ID="SP_56984" HPOS="1582" VPOS="2454" WIDTH="47" HEIGHT="0" />
            <String ID="Word_63247" HPOS="1629" VPOS="2455" WIDTH="75" HEIGHT="44" CONTENT="the" />
          </TextLine>
          <TextLine ID="TextLine_6268" HPOS="37" VPOS="2520" WIDTH="1672" HEIGHT="57">
            <String ID="Word_63248" HPOS="37" VPOS="2525" WIDTH="188" HEIGHT="52" CONTENT="country" />
            <SP ID="SP_56985" HPOS="225" VPOS="2520" WIDTH="23" HEIGHT="0" />
            <String ID="Word_63249" HPOS="248" VPOS="2520" WIDTH="53" HEIGHT="43" CONTENT="he" />
            <SP ID="SP_56986" HPOS="301" VPOS="2520" WIDTH="24" HEIGHT="0" />
            <String ID="Word_63250" HPOS="325" VPOS="2535" WIDTH="120" HEIGHT="31" CONTENT="came" />
            <SP ID="SP_56987" HPOS="445" VPOS="2522" WIDTH="22" HEIGHT="0" />
            <String ID="Word_63251" HPOS="467" VPOS="2522" WIDTH="122" HEIGHT="43" CONTENT="from." />
            <SP ID="SP_56988" HPOS="589" VPOS="2522" WIDTH="64" HEIGHT="0" />
            <String ID="Word_63252" HPOS="653" VPOS="2522" WIDTH="43" HEIGHT="43" CONTENT="A" />
            <SP ID="SP_56989" HPOS="696" VPOS="2522" WIDTH="24" HEIGHT="0" />
            <String ID="Word_63253" HPOS="720" VPOS="2522" WIDTH="201" HEIGHT="44" CONTENT="Chinese," />
            <SP ID="SP_56990" HPOS="921" VPOS="2522" WIDTH="22" HEIGHT="0" />
            <String ID="Word_63254" HPOS="943" VPOS="2523" WIDTH="99" HEIGHT="43" CONTENT="who" />
            <SP ID="SP_56991" HPOS="1042" VPOS="2523" WIDTH="23" HEIGHT="0" />
            <String ID="Word_63255" HPOS="1065" VPOS="2523" WIDTH="78" HEIGHT="44" CONTENT="has" />
            <SP ID="SP_56992" HPOS="1143" VPOS="2523" WIDTH="24" HEIGHT="0" />
            <String ID="Word_63256" HPOS="1167" VPOS="2524" WIDTH="137" HEIGHT="44" CONTENT="fallen" />
            <SP ID="SP_56993" HPOS="1304" VPOS="2524" WIDTH="24" HEIGHT="0" />
            <String ID="Word_63257" HPOS="1328" VPOS="2525" WIDTH="95" HEIGHT="43" CONTENT="into" />
            <SP ID="SP_56994" HPOS="1423" VPOS="2525" WIDTH="34" HEIGHT="0" />
            <String ID="Word_63258" HPOS="1457" VPOS="2541" WIDTH="25" HEIGHT="28" CONTENT="a" />
            <SP ID="SP_56995" HPOS="1482" VPOS="2531" WIDTH="32" HEIGHT="0" />
            <String ID="Word_63259" HPOS="1514" VPOS="2531" WIDTH="114" HEIGHT="39" CONTENT="state" />
            <SP ID="SP_56996" HPOS="1628" VPOS="2529" WIDTH="33" HEIGHT="0" />
            <String ID="Word_63260" HPOS="1661" VPOS="2529" WIDTH="48" HEIGHT="42" CONTENT="of" />
          </TextLine>
          <TextLine ID="TextLine_6269" HPOS="37" VPOS="2592" WIDTH="1667" HEIGHT="65">
            <String ID="Word_63261" HPOS="37" VPOS="2592" WIDTH="279" HEIGHT="58" CONTENT="melancholy" />
            <SP ID="SP_56997" HPOS="316" VPOS="2592" WIDTH="24" HEIGHT="0" />
            <String ID="Word_63262" HPOS="340" VPOS="2594" WIDTH="111" HEIGHT="43" CONTENT="from" />
            <SP ID="SP_56998" HPOS="451" VPOS="2594" WIDTH="32" HEIGHT="0" />
            <String ID="Word_63263" HPOS="483" VPOS="2594" WIDTH="104" HEIGHT="57" CONTENT="long" />
            <SP ID="SP_56999" HPOS="587" VPOS="2594" WIDTH="31" HEIGHT="0" />
            <String ID="Word_63264" HPOS="618" VPOS="2600" WIDTH="121" HEIGHT="38" CONTENT="want" />
            <SP ID="SP_57000" HPOS="739" VPOS="2596" WIDTH="33" HEIGHT="0" />
            <String ID="Word_63265" HPOS="772" VPOS="2596" WIDTH="48" HEIGHT="42" CONTENT="of" />
            <SP ID="SP_57001" HPOS="820" VPOS="2596" WIDTH="28" HEIGHT="0" />
            <String ID="Word_63266" HPOS="848" VPOS="2596" WIDTH="178" HEIGHT="57" CONTENT="society," />
            <SP ID="SP_57002" HPOS="1026" VPOS="2596" WIDTH="24" HEIGHT="0" />
            <String ID="Word_63267" HPOS="1050" VPOS="2596" WIDTH="38" HEIGHT="44" CONTENT="is" />
            <SP ID="SP_57003" HPOS="1088" VPOS="2596" WIDTH="32" HEIGHT="0" />
            <String ID="Word_63268" HPOS="1120" VPOS="2597" WIDTH="125" HEIGHT="56" CONTENT="quite" />
            <SP ID="SP_57004" HPOS="1245" VPOS="2597" WIDTH="32" HEIGHT="0" />
            <String ID="Word_63269" HPOS="1277" VPOS="2598" WIDTH="181" HEIGHT="44" CONTENT="revived" />
            <SP ID="SP_57005" HPOS="1458" VPOS="2598" WIDTH="30" HEIGHT="0" />
            <String ID="Word_63270" HPOS="1488" VPOS="2599" WIDTH="60" HEIGHT="57" CONTENT="by" />
            <SP ID="SP_57006" HPOS="1548" VPOS="2599" WIDTH="23" HEIGHT="0" />
            <String ID="Word_63271" HPOS="1571" VPOS="2600" WIDTH="133" HEIGHT="57" CONTENT="being" />
          </TextLine>
          <TextLine ID="TextLine_6270" HPOS="36" VPOS="2664" WIDTH="1667" HEIGHT="63">
            <String ID="Word_63272" HPOS="36" VPOS="2664" WIDTH="135" HEIGHT="42" CONTENT="taken" />
            <SP ID="SP_57007" HPOS="171" VPOS="2664" WIDTH="32" HEIGHT="0" />
            <String ID="Word_63273" HPOS="203" VPOS="2671" WIDTH="45" HEIGHT="35" CONTENT="to" />
            <SP ID="SP_57008" HPOS="248" VPOS="2665" WIDTH="32" HEIGHT="0" />
            <String ID="Word_63274" HPOS="280" VPOS="2665" WIDTH="74" HEIGHT="43" CONTENT="the" />
            <SP ID="SP_57009" HPOS="354" VPOS="2665" WIDTH="33" HEIGHT="0" />
            <String ID="Word_63275" HPOS="387" VPOS="2680" WIDTH="118" HEIGHT="29" CONTENT="same" />
            <SP ID="SP_57010" HPOS="505" VPOS="2666" WIDTH="33" HEIGHT="0" />
            <String ID="Word_63276" HPOS="538" VPOS="2666" WIDTH="138" HEIGHT="57" CONTENT="place," />
            <SP ID="SP_57011" HPOS="676" VPOS="2666" WIDTH="25" HEIGHT="0" />
            <String ID="Word_63277" HPOS="701" VPOS="2667" WIDTH="145" HEIGHT="43" CONTENT="where" />
            <SP ID="SP_57012" HPOS="846" VPOS="2667" WIDTH="39" HEIGHT="0" />
            <String ID="Word_63278" HPOS="885" VPOS="2667" WIDTH="53" HEIGHT="43" CONTENT="he" />
            <SP ID="SP_57013" HPOS="938" VPOS="2667" WIDTH="39" HEIGHT="0" />
            <String ID="Word_63279" HPOS="977" VPOS="2682" WIDTH="78" HEIGHT="29" CONTENT="can" />
            <SP ID="SP_57014" HPOS="1055" VPOS="2668" WIDTH="43" HEIGHT="0" />
            <String ID="Word_63280" HPOS="1098" VPOS="2668" WIDTH="93" HEIGHT="43" CONTENT="talk" />
            <SP ID="SP_57015" HPOS="1191" VPOS="2668" WIDTH="38" HEIGHT="0" />
            <String ID="Word_63281" HPOS="1229" VPOS="2669" WIDTH="48" HEIGHT="42" CONTENT="in" />
            <SP ID="SP_57016" HPOS="1277" VPOS="2669" WIDTH="38" HEIGHT="0" />
            <String ID="Word_63282" HPOS="1315" VPOS="2676" WIDTH="200" HEIGHT="51" CONTENT="gestures" />
            <SP ID="SP_57017" HPOS="1515" VPOS="2676" WIDTH="36" HEIGHT="0" />
            <String ID="Word_63283" HPOS="1551" VPOS="2676" WIDTH="44" HEIGHT="39" CONTENT="to" />
            <SP ID="SP_57018" HPOS="1595" VPOS="2673" WIDTH="40" HEIGHT="0" />
            <String ID="Word_63284" HPOS="1635" VPOS="2673" WIDTH="68" HEIGHT="43" CONTENT="his" />
          </TextLine>
          <TextLine ID="TextLine_6271" HPOS="35" VPOS="2736" WIDTH="1668" HEIGHT="60">
            <String ID="Word_63285" HPOS="35" VPOS="2736" WIDTH="161" HEIGHT="43" CONTENT="heart's" />
            <SP ID="SP_57019" HPOS="196" VPOS="2736" WIDTH="23" HEIGHT="0" />
            <String ID="Word_63286" HPOS="219" VPOS="2742" WIDTH="189" HEIGHT="39" CONTENT="content." />
            <SP ID="SP_57020" HPOS="408" VPOS="2739" WIDTH="63" HEIGHT="0" />
            <String ID="Word_63287" HPOS="471" VPOS="2739" WIDTH="43" HEIGHT="42" CONTENT="A" />
            <SP ID="SP_57021" HPOS="514" VPOS="2739" WIDTH="22" HEIGHT="0" />
            <String ID="Word_63288" HPOS="536" VPOS="2739" WIDTH="100" HEIGHT="43" CONTENT="deaf" />
            <SP ID="SP_57022" HPOS="636" VPOS="2739" WIDTH="22" HEIGHT="0" />
            <String ID="Word_63289" HPOS="658" VPOS="2739" WIDTH="87" HEIGHT="43" CONTENT="and" />
            <SP ID="SP_57023" HPOS="745" VPOS="2739" WIDTH="23" HEIGHT="0" />
            <String ID="Word_63290" HPOS="768" VPOS="2739" WIDTH="137" HEIGHT="44" CONTENT="dumb" />
            <SP ID="SP_57024" HPOS="905" VPOS="2739" WIDTH="33" HEIGHT="0" />
            <String ID="Word_63291" HPOS="938" VPOS="2740" WIDTH="86" HEIGHT="52" CONTENT="lad," />
            <SP ID="SP_57025" HPOS="1024" VPOS="2740" WIDTH="23" HEIGHT="0" />
            <String ID="Word_63292" HPOS="1047" VPOS="2741" WIDTH="160" HEIGHT="44" CONTENT="named" />
            <SP ID="SP_57026" HPOS="1207" VPOS="2741" WIDTH="26" HEIGHT="0" />
            <String ID="Word_63293" HPOS="1233" VPOS="2742" WIDTH="181" HEIGHT="54" CONTENT="Collins," />
            <SP ID="SP_57027" HPOS="1414" VPOS="2742" WIDTH="22" HEIGHT="0" />
            <String ID="Word_63294" HPOS="1436" VPOS="2745" WIDTH="38" HEIGHT="43" CONTENT="is" />
            <SP ID="SP_57028" HPOS="1474" VPOS="2745" WIDTH="23" HEIGHT="0" />
            <String ID="Word_63295" HPOS="1497" VPOS="2745" WIDTH="136" HEIGHT="44" CONTENT="taken" />
            <SP ID="SP_57029" HPOS="1633" VPOS="2745" WIDTH="24" HEIGHT="0" />
            <String ID="Word_63296" HPOS="1657" VPOS="2750" WIDTH="46" HEIGHT="39" CONTENT="to" />
          </TextLine>
          <TextLine ID="TextLine_6272" HPOS="34" VPOS="2810" WIDTH="1669" HEIGHT="61">
            <String ID="Word_63297" HPOS="34" VPOS="2823" WIDTH="72" HEIGHT="29" CONTENT="see" />
            <SP ID="SP_57030" HPOS="106" VPOS="2823" WIDTH="23" HEIGHT="0" />
            <String ID="Word_63298" HPOS="129" VPOS="2823" WIDTH="118" HEIGHT="29" CONTENT="some" />
            <SP ID="SP_57031" HPOS="247" VPOS="2810" WIDTH="24" HEIGHT="0" />
            <String ID="Word_63299" HPOS="271" VPOS="2810" WIDTH="278" HEIGHT="57" CONTENT="Laplanders," />
            <SP ID="SP_57032" HPOS="549" VPOS="2810" WIDTH="24" HEIGHT="0" />
            <String ID="Word_63300" HPOS="573" VPOS="2812" WIDTH="97" HEIGHT="44" CONTENT="who" />
            <SP ID="SP_57033" HPOS="670" VPOS="2812" WIDTH="23" HEIGHT="0" />
            <String ID="Word_63301" HPOS="693" VPOS="2827" WIDTH="115" HEIGHT="29" CONTENT="were" />
            <SP ID="SP_57034" HPOS="808" VPOS="2813" WIDTH="33" HEIGHT="0" />
            <String ID="Word_63302" HPOS="841" VPOS="2813" WIDTH="168" HEIGHT="44" CONTENT="carried" />
            <SP ID="SP_57035" HPOS="1009" VPOS="2813" WIDTH="32" HEIGHT="0" />
            <String ID="Word_63303" HPOS="1041" VPOS="2814" WIDTH="135" HEIGHT="43" CONTENT="about" />
            <SP ID="SP_57036" HPOS="1176" VPOS="2814" WIDTH="27" HEIGHT="0" />
            <String ID="Word_63304" HPOS="1203" VPOS="2818" WIDTH="45" HEIGHT="40" CONTENT="to" />
            <SP ID="SP_57037" HPOS="1248" VPOS="2815" WIDTH="23" HEIGHT="0" />
            <String ID="Word_63305" HPOS="1271" VPOS="2815" WIDTH="53" HEIGHT="44" CONTENT="be" />
            <SP ID="SP_57038" HPOS="1324" VPOS="2815" WIDTH="24" HEIGHT="0" />
            <String ID="Word_63306" HPOS="1348" VPOS="2817" WIDTH="242" HEIGHT="54" CONTENT="exhibited," />
            <SP ID="SP_57039" HPOS="1590" VPOS="2817" WIDTH="25" HEIGHT="0" />
            <String ID="Word_63307" HPOS="1615" VPOS="2819" WIDTH="88" HEIGHT="43" CONTENT="and" />
          </TextLine>
          <TextLine ID="TextLine_6273" HPOS="34" VPOS="2881" WIDTH="1670" HEIGHT="63">
            <String ID="Word_63308" HPOS="34" VPOS="2886" WIDTH="148" HEIGHT="38" CONTENT="writes" />
            <SP ID="SP_57040" HPOS="182" VPOS="2881" WIDTH="24" HEIGHT="0" />
            <String ID="Word_63309" HPOS="206" VPOS="2881" WIDTH="103" HEIGHT="44" CONTENT="thus" />
            <SP ID="SP_57041" HPOS="309" VPOS="2881" WIDTH="23" HEIGHT="0" />
            <String ID="Word_63310" HPOS="332" VPOS="2887" WIDTH="44" HEIGHT="39" CONTENT="to" />
            <SP ID="SP_57042" HPOS="376" VPOS="2883" WIDTH="24" HEIGHT="0" />
            <String ID="Word_63311" HPOS="400" VPOS="2883" WIDTH="68" HEIGHT="44" CONTENT="his" />
            <SP ID="SP_57043" HPOS="468" VPOS="2883" WIDTH="23" HEIGHT="0" />
            <String ID="Word_63312" HPOS="491" VPOS="2884" WIDTH="318" HEIGHT="58" CONTENT="fellow-pupils" />
            <SP ID="SP_57044" HPOS="809" VPOS="2884" WIDTH="35" HEIGHT="0" />
            <String ID="Word_63313" HPOS="844" VPOS="2886" WIDTH="134" HEIGHT="43" CONTENT="about" />
            <SP ID="SP_57045" HPOS="978" VPOS="2886" WIDTH="32" HEIGHT="0" />
            <String ID="Word_63314" HPOS="1010" VPOS="2886" WIDTH="76" HEIGHT="44" CONTENT="the" />
            <SP ID="SP_57046" HPOS="1086" VPOS="2886" WIDTH="34" HEIGHT="0" />
            <String ID="Word_63315" HPOS="1120" VPOS="2887" WIDTH="200" HEIGHT="57" CONTENT="Lapland" />
            <SP ID="SP_57047" HPOS="1320" VPOS="2887" WIDTH="24" HEIGHT="0" />
            <String ID="Word_63316" HPOS="1344" VPOS="2903" WIDTH="169" HEIGHT="30" CONTENT="woman" />
            <SP ID="SP_57048" HPOS="1513" VPOS="2901" WIDTH="21" HEIGHT="0" />
            <String ID="Word_63317" HPOS="1534" VPOS="2897" WIDTH="80" HEIGHT="37" CONTENT=":—'" />
            <SP ID="SP_57049" HPOS="1614" VPOS="2890" WIDTH="17" HEIGHT="0" />
            <String ID="Word_63318" HPOS="1631" VPOS="2890" WIDTH="73" HEIGHT="44" CONTENT="Mr" />
          </TextLine>
          <TextLine ID="TextLine_6274" HPOS="33" VPOS="2953" WIDTH="1669" HEIGHT="66">
            <String ID="Word_63319" HPOS="33" VPOS="2953" WIDTH="169" HEIGHT="57" CONTENT="Joseph" />
            <SP ID="SP_57050" HPOS="202" VPOS="2953" WIDTH="39" HEIGHT="0" />
            <String ID="Word_63320" HPOS="241" VPOS="2954" WIDTH="286" HEIGHT="60" CONTENT="Humphreys" />
            <SP ID="SP_57051" HPOS="527" VPOS="2954" WIDTH="37" HEIGHT="0" />
            <String ID="Word_63321" HPOS="564" VPOS="2957" WIDTH="94" HEIGHT="43" CONTENT="told" />
            <SP ID="SP_57052" HPOS="658" VPOS="2957" WIDTH="39" HEIGHT="0" />
            <String ID="Word_63322" HPOS="697" VPOS="2973" WIDTH="70" HEIGHT="28" CONTENT="me" />
            <SP ID="SP_57053" HPOS="767" VPOS="2963" WIDTH="33" HEIGHT="0" />
            <String ID="Word_63323" HPOS="800" VPOS="2963" WIDTH="45" HEIGHT="38" CONTENT="to" />
            <SP ID="SP_57054" HPOS="845" VPOS="2958" WIDTH="33" HEIGHT="0" />
            <String ID="Word_63324" HPOS="878" VPOS="2958" WIDTH="137" HEIGHT="44" CONTENT="speak" />
            <SP ID="SP_57055" HPOS="1015" VPOS="2958" WIDTH="32" HEIGHT="0" />
            <String ID="Word_63325" HPOS="1047" VPOS="2963" WIDTH="45" HEIGHT="39" CONTENT="to" />
            <SP ID="SP_57056" HPOS="1092" VPOS="2959" WIDTH="32" HEIGHT="0" />
            <String ID="Word_63326" HPOS="1124" VPOS="2959" WIDTH="80" HEIGHT="44" CONTENT="her" />
            <SP ID="SP_57057" HPOS="1204" VPOS="2959" WIDTH="36" HEIGHT="0" />
            <String ID="Word_63327" HPOS="1240" VPOS="2961" WIDTH="61" HEIGHT="57" CONTENT="by" />
            <SP ID="SP_57058" HPOS="1301" VPOS="2961" WIDTH="32" HEIGHT="0" />
            <String ID="Word_63328" HPOS="1333" VPOS="2962" WIDTH="134" HEIGHT="57" CONTENT="signs," />
            <SP ID="SP_57059" HPOS="1467" VPOS="2962" WIDTH="32" HEIGHT="0" />
            <String ID="Word_63329" HPOS="1499" VPOS="2964" WIDTH="88" HEIGHT="43" CONTENT="and" />
            <SP ID="SP_57060" HPOS="1587" VPOS="2964" WIDTH="36" HEIGHT="0" />
            <String ID="Word_63330" HPOS="1623" VPOS="2964" WIDTH="79" HEIGHT="44" CONTENT="she" />
          </TextLine>
          <TextLine ID="TextLine_6275" HPOS="81" VPOS="3048" WIDTH="1620" HEIGHT="58">
            <String ID="Word_63331" HPOS="81" VPOS="3049" WIDTH="12" HEIGHT="23" CONTENT="1" />
            <SP ID="SP_57061" HPOS="93" VPOS="3048" WIDTH="27" HEIGHT="0" />
            <String ID="Word_63332" HPOS="120" VPOS="3048" WIDTH="82" HEIGHT="37" CONTENT="The" />
            <SP ID="SP_57062" HPOS="202" VPOS="3048" WIDTH="18" HEIGHT="0" />
            <String ID="Word_63333" HPOS="220" VPOS="3048" WIDTH="118" HEIGHT="38" CONTENT="above" />
            <SP ID="SP_57063" HPOS="338" VPOS="3048" WIDTH="17" HEIGHT="0" />
            <String ID="Word_63334" HPOS="355" VPOS="3050" WIDTH="31" HEIGHT="37" CONTENT="is" />
            <SP ID="SP_57064" HPOS="386" VPOS="3050" WIDTH="18" HEIGHT="0" />
            <String ID="Word_63335" HPOS="404" VPOS="3051" WIDTH="99" HEIGHT="37" CONTENT="Prof." />
            <SP ID="SP_57065" HPOS="503" VPOS="3051" WIDTH="23" HEIGHT="0" />
            <String ID="Word_63336" HPOS="526" VPOS="3052" WIDTH="89" HEIGHT="37" CONTENT="Max" />
            <SP ID="SP_57066" HPOS="615" VPOS="3052" WIDTH="16" HEIGHT="0" />
            <String ID="Word_63337" HPOS="631" VPOS="3052" WIDTH="172" HEIGHT="37" CONTENT="Mailer's" />
            <SP ID="SP_57067" HPOS="803" VPOS="3052" WIDTH="15" HEIGHT="0" />
            <String ID="Word_63338" HPOS="818" VPOS="3053" WIDTH="150" HEIGHT="37" CONTENT="version" />
            <SP ID="SP_57068" HPOS="968" VPOS="3053" WIDTH="20" HEIGHT="0" />
            <String ID="Word_63339" HPOS="988" VPOS="3053" WIDTH="40" HEIGHT="37" CONTENT="of" />
            <SP ID="SP_57069" HPOS="1028" VPOS="3053" WIDTH="15" HEIGHT="0" />
            <String ID="Word_63340" HPOS="1043" VPOS="3053" WIDTH="65" HEIGHT="38" CONTENT="the" />
            <SP ID="SP_57070" HPOS="1108" VPOS="3053" WIDTH="19" HEIGHT="0" />
            <String ID="Word_63341" HPOS="1127" VPOS="3059" WIDTH="115" HEIGHT="45" CONTENT="story," />
            <SP ID="SP_57071" HPOS="1242" VPOS="3059" WIDTH="19" HEIGHT="0" />
            <String ID="Word_63342" HPOS="1261" VPOS="3060" WIDTH="69" HEIGHT="33" CONTENT="not" />
            <SP ID="SP_57072" HPOS="1330" VPOS="3057" WIDTH="20" HEIGHT="0" />
            <String ID="Word_63343" HPOS="1350" VPOS="3057" WIDTH="61" HEIGHT="37" CONTENT="Mr" />
            <SP ID="SP_57073" HPOS="1411" VPOS="3057" WIDTH="18" HEIGHT="0" />
            <String ID="Word_63344" HPOS="1429" VPOS="3057" WIDTH="272" HEIGHT="39" CONTENT="Wedgwood's." />
          </TextLine>
          <TextLine ID="TextLine_6276" HPOS="78" VPOS="3110" WIDTH="1237" HEIGHT="56">
            <String ID="Word_63345" HPOS="78" VPOS="3110" WIDTH="15" HEIGHT="24" CONTENT="2" />
            <SP ID="SP_57074" HPOS="93" VPOS="3110" WIDTH="19" HEIGHT="0" />
            <String ID="Word_63346" HPOS="112" VPOS="3110" WIDTH="149" HEIGHT="46" CONTENT="Quoted" />
            <SP ID="SP_57075" HPOS="261" VPOS="3110" WIDTH="17" HEIGHT="0" />
            <String ID="Word_63347" HPOS="278" VPOS="3110" WIDTH="51" HEIGHT="49" CONTENT="by" />
            <SP ID="SP_57076" HPOS="329" VPOS="3110" WIDTH="18" HEIGHT="0" />
            <String ID="Word_63348" HPOS="347" VPOS="3111" WIDTH="41" HEIGHT="38" CONTENT="E." />
            <SP ID="SP_57077" HPOS="388" VPOS="3111" WIDTH="22" HEIGHT="0" />
            <String ID="Word_63349" HPOS="410" VPOS="3112" WIDTH="41" HEIGHT="38" CONTENT="B." />
            <SP ID="SP_57078" HPOS="451" VPOS="3112" WIDTH="21" HEIGHT="0" />
            <String ID="Word_63350" HPOS="472" VPOS="3112" WIDTH="128" HEIGHT="50" CONTENT="Tylor," />
            <SP ID="SP_57079" HPOS="600" VPOS="3112" WIDTH="19" HEIGHT="0" />
            <String ID="Word_63351" HPOS="619" VPOS="3114" WIDTH="119" HEIGHT="48" CONTENT="Early" />
            <SP ID="SP_57080" HPOS="738" VPOS="3114" WIDTH="18" HEIGHT="0" />
            <String ID="Word_63352" HPOS="756" VPOS="3114" WIDTH="153" HEIGHT="48" CONTENT="History" />
            <SP ID="SP_57081" HPOS="909" VPOS="3114" WIDTH="17" HEIGHT="0" />
            <String ID="Word_63353" HPOS="926" VPOS="3114" WIDTH="42" HEIGHT="48" CONTENT="of" />
            <SP ID="SP_57082" HPOS="968" VPOS="3114" WIDTH="12" HEIGHT="0" />
            <String ID="Word_63354" HPOS="980" VPOS="3115" WIDTH="199" HEIGHT="49" CONTENT="Mankind," />
            <SP ID="SP_57083" HPOS="1179" VPOS="3115" WIDTH="20" HEIGHT="0" />
            <String ID="Word_63355" HPOS="1199" VPOS="3129" WIDTH="35" HEIGHT="37" CONTENT="p." />
            <SP ID="SP_57084" HPOS="1234" VPOS="3117" WIDTH="23" HEIGHT="0" />
            <String ID="Word_63356" HPOS="1257" VPOS="3117" WIDTH="58" HEIGHT="39" CONTENT="77." />
          </TextLine>
          <TextLine ID="TextLine_6277" HPOS="79" VPOS="3168" WIDTH="273" HEIGHT="51">
            <String ID="Word_63357" HPOS="79" VPOS="3169" WIDTH="14" HEIGHT="22" CONTENT="3" />
            <SP ID="SP_57085" HPOS="93" VPOS="3168" WIDTH="19" HEIGHT="0" />
            <String ID="Word_63358" HPOS="112" VPOS="3168" WIDTH="109" HEIGHT="50" CONTENT="Ibid.," />
            <SP ID="SP_57086" HPOS="221" VPOS="3168" WIDTH="20" HEIGHT="0" />
            <String ID="Word_63359" HPOS="241" VPOS="3183" WIDTH="32" HEIGHT="36" CONTENT="p." />
            <SP ID="SP_57087" HPOS="273" VPOS="3175" WIDTH="23" HEIGHT="0" />
            <String ID="Word_63360" HPOS="296" VPOS="3175" WIDTH="56" HEIGHT="33" CONTENT="54." />
          </TextLine>
        </TextBlock>
      </PrintSpace>
    </Page>
  </Layout>
</alto>
