1899 3166
655 808 451 68 Vorwort.

216 1056 74 50 Als
317 1065 61 38 ich
410 1065 59 38 die
498 1064 266 38 Bearbeitung
794 1063 65 38 des
889 1061 352 39 Hospitalbrandes
1270 1059 63 39 für
1364 1060 61 38 die
1452 1072 224 34 „Deutsche

89 1119 222 51 Chirurgie*
337 1118 225 38 übernahm,
592 1117 99 38 habe
720 1117 63 37 ich
810 1117 75 37 mir
916 1116 59 37 die
997 1114 310 39 Misslichkeiten
1337 1115 78 37 und
1437 1112 238 52 Schwierig-

89 1174 129 36 keiten
249 1174 121 37 dieses
390 1171 314 40 Unternehmens
734 1184 107 24 nicht
861 1169 190 39 verhehlt.
1092 1168 112 39 Nach
1226 1169 85 37 dem
1336 1168 146 51 Kriege
1507 1166 166 51 1870/71

89 1227 66 37 hat
184 1227 59 37 die
272 1226 219 38 Krankheit
518 1225 98 38 noch
647 1224 140 39 einmal
817 1237 83 25 eine
930 1223 199 39 ziemliche
1149 1222 267 50 Verbreitung
1445 1235 229 37 gewonnen,

90 1280 99 37 dann
218 1281 91 37 aber
343 1281 51 37 ist
428 1280 54 37 sie
519 1279 124 38 selten
680 1279 78 37 und
795 1281 167 35 seltener
993 1277 206 50 gew^orden
1231 1276 77 38 und
1338 1276 58 37 bis
1427 1275 70 39 auf
1522 1276 153 38 wenige

89 1334 244 48 sporadische
363 1333 107 38 Fälle
501 1333 73 37 seit
604 1333 48 37 10
673 1332 147 38 Jahren
848 1345 41 24 so
919 1333 71 48 gut
1018 1344 71 24 wie
1120 1330 317 38 verschwunden.
1477 1328 66 39 Ich
1574 1329 101 39 habe

88 1388 72 35 mir
183 1387 58 37 die
262 1387 126 50 Frage
409 1386 215 50 vorgelegt,
656 1386 48 37 ob
735 1386 103 37 diese
860 1384 220 38 Krankheit
1109 1383 197 39 vielleicht
1336 1384 61 37 ein
1427 1383 63 37 für
1520 1383 157 38 allemal

88 1439 198 38 erloschen
314 1440 67 38 sei,
413 1440 134 37 soweit
577 1441 244 47 wenigstens,
853 1439 85 37 dass
967 1437 60 38 ihr
1053 1438 84 37 eine
1158 1437 248 38 wesentliche
1427 1436 111 39 Rolle
1567 1450 110 25 nicht

86 1493 109 37 mehr
223 1506 230 24 zukommen
482 1493 139 37 werde.
660 1492 54 38 Es
735 1505 103 24 wäre
855 1494 41 48 ja
917 1492 96 37 doch
1035 1491 186 38 denkbar,
1252 1491 87 38 dass
1361 1491 60 37 die
1443 1490 235 39 allgemeine

86 1546 247 38 Einführung
353 1547 67 37 der
435 1546 230 49 Antisepsis,
689 1546 58 37 die
769 1546 210 37 modernen
995 1544 385 39 Errungenschaften
1403 1545 67 37 der
1490 1544 184 50 Hygiene

86 1600 60 36 ihr
183 1600 62 37 für
281 1601 135 36 immer
456 1600 73 37 den
557 1599 134 38 Boden
730 1612 190 25 entzogen
956 1599 148 37 hätten.
1163 1599 174 37 Alsdann
1376 1599 132 37 würde
1546 1599 132 38 meine

88 1653 137 37 Arbeit
252 1667 73 24 nur
354 1654 83 37 eine
464 1653 228 38 historische
714 1652 133 38 Lücke
869 1653 205 37 ausfüllen,
1104 1653 62 37 für
1188 1653 59 37 die
1269 1652 136 38 Praxis
1432 1653 93 37 aber
1554 1653 122 38 kaum

88 1720 73 24 von
189 1706 149 51 Belang
367 1707 91 38 sein.
501 1706 131 38 Allein
659 1706 223 38 mehrfache
913 1706 333 51 Ueberlegungen
1277 1709 172 35 mussten
1478 1707 73 37 mir
1581 1707 95 38 bald

88 1760 59 37 die
168 1760 214 38 Annahme,
413 1761 85 37 dass
519 1761 59 37 die
600 1760 221 38 Krankheit
850 1760 174 38 definitiv
1054 1760 307 38 verschwunden
1390 1760 67 38 sei,
1488 1760 186 38 unwahr-

87 1813 207 38 scheinlich
324 1814 222 37 erscheinen
574 1813 138 38 lassen.
770 1813 126 38 Schon
933 1814 39 37 in
1014 1814 184 37 früheren
1230 1814 135 37 Zeiten
1394 1814 50 37 ist
1480 1814 54 38 sie
1574 1814 101 38 nach

88 1867 71 36 den
198 1866 204 38 Berichten
449 1867 61 37 für
549 1867 219 37 bestimmte
807 1867 201 50 Regionen
1045 1867 69 37 auf
1150 1868 65 45 10,
1253 1869 41 48 ja
1334 1868 50 37 20
1424 1867 119 39 Jahre
1582 1882 92 24 ver-

87 1920 230 37 schwunden
346 1933 198 37 gewesen,
585 1934 64 24 um
682 1921 118 45 dann,
844 1921 114 37 meist
995 1935 48 23 zu
1074 1921 292 50 Kriegszeiten,
1411 1922 144 37 wieder
1585 1922 87 37 auf-

87 1975 185 35 zutreten.
329 1974 111 37 Auch
469 1974 104 37 kann
602 1987 89 24 man
721 1987 21 24 a
771 1974 119 49 priori
919 1975 108 37 nicht
1063 1975 242 49 behaupten,
1345 1975 86 37 dass
1470 1975 60 38 die
1569 1976 105 37 anti-

88 2026 188 48 septische
296 2026 103 38 Aera
421 2028 85 37 dem
526 2027 305 49 Hospitalbrand
863 2028 72 37 den
957 2028 134 38 Boden
1120 2028 178 50 gänzlich
1329 2031 189 47 entzogen
1548 2029 126 45 habe;

88 2080 141 48 gerade
267 2080 59 37 die
354 2081 299 49 granulirenden
684 2080 202 47 Wunden,
926 2081 148 38 Fisteln
1111 2083 77 36 und
1229 2081 255 47 Geschwüre,
1524 2083 149 38 welche

87 2131 158 51 längere
275 2132 85 38 Zeit
395 2134 164 46 dauern,
597 2134 204 48 geniessen
840 2135 72 37 den
951 2137 301 47 antiseptischen
1282 2134 142 39 Schutz
1454 2136 115 37 meist
1597 2150 75 24 nur

89 2184 87 38 sehr
212 2185 319 40 stiefmütterlich.
588 2187 147 38 Ferner
771 2188 69 37 hat
876 2201 75 24 von
984 2188 112 49 jeher
1134 2189 66 37 der
1229 2189 125 50 Krieg
1389 2189 67 38 das
1486 2189 184 38 Wieder-

89 2237 231 39 auftauchen
357 2240 66 37 der
452 2240 222 37 Krankheit
709 2241 178 49 bedingt,
929 2242 77 37 und
1044 2241 62 38 ich
1147 2242 152 38 möchte
1337 2242 98 38 auch
1464 2243 63 37 für
1558 2243 112 38 einen

89 2290 205 50 folgenden
323 2292 123 50 Krieg
474 2293 60 37 ihr
563 2293 389 39 Wiedererscheinen
990 2295 190 38 durchaus
1217 2295 107 38 nicht
1352 2296 64 37 für
1445 2297 225 50 unmöglich

90 2344 190 37 erachten.
338 2345 99 38 Dass
466 2346 39 37 in
535 2346 66 37 der
630 2345 120 51 Folge
779 2347 52 37 im
862 2347 213 50 Kriegsfall
1113 2349 59 37 die
1209 2349 274 50 antiseptische
1515 2350 158 38 Wund-

89 2396 245 52 behandlung
362 2399 38 36 in
431 2399 66 37 der
528 2398 384 51 durchgreifendsten
941 2401 132 38 Weise
1110 2402 96 38 wird
1244 2403 226 50 angestrebt
1499 2404 175 46 werden^

88 2450 49 37 ist
166 2450 280 46 selbstredend;
478 2452 86 38 dass
594 2465 40 24 es
663 2453 92 37 aber
782 2453 62 37 bei
876 2454 71 37 den
968 2455 135 37 besten
1124 2455 167 39 Mitteln,
1322 2457 62 37 bei
1417 2457 84 37 dem
1533 2457 136 38 besten

89 2502 145 38 Willen
253 2504 50 36 im
321 2504 143 51 Kriege
485 2505 56 37 oft
560 2518 97 38 ganz
680 2506 220 50 unmöglich
920 2509 155 37 werden
1097 2509 115 46 kann,
1236 2510 168 37 dieselbe
1425 2509 90 38 früh
1536 2524 134 37 genug

89 2556 319 48 durchzuführen,
438 2559 96 37 wird
563 2558 216 50 gleichfalls
801 2560 235 39 Jedermann
1058 2563 186 49 zugeben.
1285 2563 130 37 Wenn
1444 2563 63 37 ich
1527 2564 80 37 also
1628 2565 40 36 in

87 2610 146 36 meiner
261 2609 261 52 Bearbeitung
551 2611 65 38 des
646 2612 347 49 Hospitalbrandes
1023 2615 243 39 keineswegs
1295 2630 73 23 nur
1399 2617 60 37 die
1482 2616 185 39 Aufgabe

90 2662 102 37 einer
211 2662 252 39 historischen
484 2665 177 38 Relation
683 2665 181 47 erblicke,
894 2669 165 37 sondern
1091 2672 190 35 erwarten
1312 2683 116 24 muss,
1460 2670 86 37 dass
1569 2671 99 37 doch

89 2715 138 37 einmal
248 2715 181 50 Collegen
449 2717 100 38 Rath
569 2719 77 37 und
667 2718 107 38 Hilfe
796 2719 138 40 daraus
961 2735 46 24 zu
1035 2721 116 39 holen
1180 2723 215 38 versuchen
1425 2723 167 47 werden,
1624 2737 56 26 so-

88 2766 93 38 lässt
210 2769 95 37 mich
329 2769 100 37 diese
449 2769 327 51 Verantwortung
797 2773 157 48 doppelt
975 2775 58 37 die
1056 2774 346 52 Schwierigkeiten
1434 2777 232 38 empfinden,

91 2820 141 39 welche
261 2822 37 36 in
325 2822 164 49 jetziger
510 2823 83 38 Zeit
613 2825 104 37 einer
738 2825 139 38 Arbeit
898 2827 91 37 über
1011 2829 71 36 den
1105 2828 302 50 Hospitalbrand
1431 2830 243 41 erwachsen..
