2107 3450
379 337 166 32 SPEECH

1150 333 92 32 ETC.

1552 324 85 42 255

580 334 230 33 MEMORIES
844 334 57 31 Oil
935 334 180 40 IMAGES,

41 461 53 42 In
142 459 125 46 1877,
306 455 241 48 Kuasmatil
587 455 234 57 published
865 454 69 44 his
975 459 124 51 great
1143 454 85 41 and
1274 456 362 41 comprehensive

1 532 155 42 reatise
174 545 56 28 on
248 531 74 42 the
343 534 22 18 "
381 529 316 42 Disturbances
716 527 46 42 of
776 525 228 57 Speech."1
1068 524 71 43 He
1158 524 189 57 adopted
1367 525 74 43 the
1459 526 178 43 conclu-

2 604 95 42 ions
120 603 44 42 of
180 602 238 43 Wernicke
436 615 46 28 as
501 605 43 38 to
565 600 186 54 Sensory
770 597 210 57 Aphasia,
999 596 86 43 and
1104 596 252 43 illustrated
1376 597 74 43 the
1469 599 173 43 subject

1 690 37 41 >y
77 675 185 56 quoting
298 673 173 43 records
510 672 47 42 of
591 669 241 44 additional
867 683 129 29 cases.
1064 667 71 43 He
1170 668 91 43 also
1301 669 339 43 distinguished,

1 762 98 28 uore
122 746 213 57 precisely
359 745 108 42 than
500 743 237 43 Wernicke
760 742 87 42 had
871 742 125 51 done,
1019 741 75 43 the
1117 745 86 39 two
1228 742 134 42 forms
1393 742 45 42 of
1460 756 181 43 sensory

1 819 182 56 .phasia;
229 817 233 42 inventing
496 815 76 43 the
604 820 112 37 term
752 818 21 17 "
788 813 399 44 Word-Blindness
1204 812 20 17 "
1249 813 66 42 for
1350 814 72 43 the
1447 815 114 42 form
1596 817 46 42 in

0 891 123 42 vhich
144 890 72 42 the
236 895 181 51 patient,
435 888 166 43 though
622 893 79 37 not
718 887 137 43 blind,
873 887 37 43 is
934 886 161 43 unable
1119 890 45 40 to
1186 886 104 44 read
1313 887 157 43 visible
1489 889 155 53 words,

1 962 65 45 Bid
92 963 72 42 the
189 967 109 37 term
322 959 450 44 "Word-Deafness"
795 960 65 42 for
884 959 73 43 the
982 959 113 42 form
1118 959 45 41 in
1193 959 142 42 which
1360 959 74 43 the
1456 961 186 55 patient,

1 1035 146 42 hough
171 1040 77 37 not
280 1034 109 43 deaf,
413 1048 80 28 can
528 1047 54 28 no
617 1033 148 55 longer
798 1031 272 44 understand
1097 1031 139 43 words
1260 1031 98 44 that
1381 1046 72 30 are
1475 1033 169 44 spoken

1 1122 28 28 ,o
52 1107 103 43 him.

44 1179 120 42 Thus
197 1179 98 42 four
327 1178 193 56 primary
544 1192 48 28 or
624 1177 268 43 elementary
918 1177 133 42 forms
1086 1176 44 42 of
1163 1177 179 55 aphasia
1376 1191 122 30 came
1526 1183 43 38 to
1592 1178 54 44 be

1 1251 206 57 generally
228 1251 403 42 recognised—two
655 1258 141 33 motor
820 1249 147 43 forms,
985 1249 87 42 and
1091 1254 86 37 two
1202 1263 182 43 sensory
1402 1251 179 52 ;—each
1604 1252 48 42 of

5 1325 55 41 he
101 1325 95 41 four
226 1324 132 44 being
391 1323 84 41 due
510 1327 43 37 to
588 1320 293 44 disablement
914 1321 43 42 of
990 1336 24 27 a
1047 1321 241 56 particular
1318 1326 149 38 centre
1490 1323 47 41 in
1571 1323 77 43 the

1 1402 245 37 sortex,—a
290 1394 294 44 disablement
627 1393 231 43 involving
899 1408 57 27 an
1002 1393 294 52 obliteration,
1340 1394 217 56 complete
1603 1410 47 27 or

1 1469 155 42 )artial,
180 1470 44 41 of
247 1469 74 42 the
353 1472 116 38 store
493 1467 46 41 of
571 1465 226 44 memories
821 1479 47 28 or
894 1466 164 55 images
1083 1466 98 42 that
1203 1465 113 44 have
1339 1466 113 43 been
1474 1468 175 42 therein

1 1541 139 42 itored.
195 1541 92 42 The
309 1544 86 38 two
421 1539 148 42 Motor
591 1538 134 42 forms
749 1538 214 56 are—(1),
986 1535 224 59 Aphemia
1228 1538 170 56 (Motor
1418 1538 233 53 Aphasia),

6 1612 198 56 mplying
240 1612 72 42 the
348 1610 281 43 obliteration
664 1610 46 41 of
742 1609 72 42 the
847 1614 142 37 motor
1012 1610 232 42 memories
1278 1611 44 41 of
1353 1611 91 42 oral
1466 1612 186 54 speech;

1 1685 70 42 ind
96 1685 78 55 (2),
196 1683 237 57 Agraphia,
451 1682 220 56 implying
693 1681 75 43 the
786 1681 282 43 obliteration
1087 1682 44 42 of
1154 1682 73 43 the
1254 1688 141 37 motor
1416 1685 234 43 memories

1 1757 28 41 >f
53 1763 174 35 written
250 1755 170 43 speech.
485 1754 91 42 The
610 1759 86 37 two
721 1753 188 57 Sensory
935 1754 204 43 varieties
1173 1769 71 28 are
1267 1755 383 45 Word-Deafness

1 1829 71 42 md
110 1827 407 44 Word-Blindness,
557 1826 145 42 which
744 1825 142 56 imply
929 1826 76 43 the
1048 1827 283 43 obliteration
1376 1828 44 43 of
1468 1843 181 43 sensory

1 1901 408 56 ipeech-memories,
444 1899 203 56 auditory
680 1899 87 42 and
802 1899 142 42 visual
978 1900 301 57 respectively.
1345 1902 92 42 The
1470 1904 182 42 cortical

1 1979 158 36 ;entres
182 1972 208 43 involved
422 1972 47 41 in
502 1970 60 44 all
594 1971 99 42 four
716 1971 205 43 varieties
944 1986 71 28 are
1049 1972 192 43 situated
1265 1973 46 42 in
1336 1974 74 42 the
1435 1980 150 38 cortex
1607 1978 48 41 of

1 2044 93 56 mly
117 2059 93 28 one,
229 2044 88 43 and
349 2044 76 42 the
447 2058 131 38 same,
595 2043 279 57 hemisphere
898 2044 47 42 of
966 2044 73 43 the
1064 2045 135 42 brain.
1265 2046 139 43 What
1427 2048 223 43 modiflca-

1 2116 83 43 ;ion
126 2117 44 41 of
207 2116 88 43 this
334 2116 319 43 classification,
691 2115 87 42 and
818 2116 118 42 what
974 2116 220 44 additions
1235 2123 43 37 to
1311 2119 47 51 it,
1393 2119 111 44 have
1543 2122 108 43 been

1 2189 221 56 suggested
260 2189 57 55 by
356 2192 149 39 recent
543 2188 314 52 observations,
896 2203 64 28 we
999 2189 115 43 shall
1147 2189 112 44 have
1293 2195 44 38 to
1372 2193 199 43 consider
1604 2195 45 42 in

1 2262 135 42 "uture
159 2274 166 43 papers.

1 2399 77 43 The
111 2399 167 43 Nature
299 2399 51 56 of
375 2400 64 41 the
471 2398 168 44 Sounds
671 2400 92 42 that
796 2401 219 42 constitute
1048 2401 185 56 Speech;
1265 2404 93 42 and
1389 2405 66 43 the
1489 2405 165 45 Grades

240 2471 50 57 of
319 2470 310 44 Coordination
662 2473 213 55 employed
906 2473 51 43 in
989 2474 112 43 their
1125 2480 271 51 production.

48 2592 55 42 In
149 2591 74 44 the
267 2593 95 42 first
405 2592 182 57 chapter
625 2593 44 42 of
717 2593 88 44 this
850 2594 113 43 book
1010 2595 22 43 I
1083 2596 114 43 tried
1242 2602 44 38 to
1330 2598 233 57 illustrate,
1607 2603 46 42 in

1 2679 15 28 x
67 2664 158 57 simple
279 2679 108 43 way,
440 2665 75 43 the
569 2667 241 55 composite
865 2673 157 38 nature
1076 2669 48 42 of
1178 2671 363 56 speech-sounds,
1596 2676 57 56 by

1 2736 190 57 likening
234 2737 74 42 the
349 2743 85 36 two
477 2737 297 45 mechanisms
818 2740 98 42 that
959 2741 193 55 produce
1196 2743 123 43 them
1364 2750 44 37 to
1448 2746 75 44 the
1568 2752 86 39 two

1 2809 131 41 bands
176 2809 43 42 of
272 2824 24 27 a
338 2810 222 43 violinist:
615 2811 74 43 the
733 2812 140 43 Vocal
915 2813 281 44 Mechanism
1246 2816 132 58 being
1422 2822 234 41 compared

0 2884 39 37 to
71 2880 74 42 the
178 2880 248 54 bow-hand,
458 2883 86 42 and
584 2883 75 44 the
698 2883 105 44 Oral
836 2885 300 45 Articulative
1175 2888 278 46 Mechanism
1496 2897 45 39 to
1581 2895 74 43 the

1 2952 284 56 3tring-hand.
348 2954 113 43 That
499 2957 286 55 comparison,
816 2957 211 55 however,
1060 2974 100 43 may
1195 2976 97 28 now
1326 2963 53 44 be
1414 2964 243 58 discarded,

1 3023 127 52 since,
145 3023 65 44 for
232 3039 78 29 our
343 3032 176 50 present
552 3043 224 41 purposes,
800 3030 36 43 it
871 3028 90 47 will
993 3032 54 43 be
1072 3047 119 30 more
1223 3037 270 44 convenient
1516 3039 68 44 for
1606 3056 52 29 us

1 3099 41 38 to
65 3095 100 43 look
188 3101 45 37 at
256 3096 73 44 the
351 3099 157 55 speech
533 3101 292 44 mechanisms
849 3118 47 28 as
921 3104 105 57 they
1050 3119 72 30 are
1144 3107 195 56 actually
1364 3114 292 43 constructed.

225 3203 9 22 1
264 3203 216 38 Ziemssen's
501 3207 91 47 Cyd.
612 3209 41 45 of
670 3209 121 36 Pract,
816 3209 107 47 Med.,
943 3211 125 37 Amer.
1091 3212 155 47 edition,
1266 3214 72 36 vol.
1361 3216 75 36 xiv.
