2113 3404
324 148 81 41 106

821 164 86 30 THE
941 165 240 34 DISOKDEUS
1214 168 52 31 OF
1298 169 175 30 SPEECH.

329 277 203 57 drinking
574 279 59 52 it;
673 282 84 42 and
799 283 46 42 in
879 284 74 42 the
988 299 117 29 same
1143 286 131 50 week,
1310 287 175 41 looking
1527 291 44 36 at
1608 286 73 42 the
1722 291 129 49 stove,
1885 290 51 44 he

332 349 213 56 suddenly
567 351 92 42 said
691 352 105 42 with
828 353 189 43 decision
1048 353 136 45 heiss
1218 357 74 53 (30
1329 356 139 41 weeks
1502 356 246 54 previously
1775 356 53 43 he
1858 358 79 44 had

334 420 261 54 reproduced
656 421 136 44 heiss
853 424 58 55 by
978 425 223 42 Echolalia
1253 425 184 41 without
1493 426 337 55 understanding
1878 428 60 44 it).

337 493 8 18 '
361 490 197 43 Wasser'
596 492 35 42 is
662 507 96 27 now
791 495 274 53 pronounced
1088 509 44 28 as
1163 493 205 55 Watja;
1391 495 84 41 and
1498 494 143 43 Mimi
1672 510 145 28 means
1839 498 99 42 milk

337 560 85 42 and
445 560 98 42 food
565 561 45 41 in
641 563 185 54 general.
889 563 85 42 His
1006 569 309 49 grandparents
1339 564 52 42 he
1412 564 242 56 designates
1680 579 44 27 as
1747 564 194 43 E-papa

338 631 85 41 and
456 630 250 44 E-mama.
770 632 41 42 A
832 638 119 50 great
981 647 133 42 many
1136 634 137 42 words
1303 647 79 28 can
1414 648 95 28 now
1532 635 50 42 be
1614 634 191 43 imitated
1831 649 110 29 more

339 715 44 27 or
412 701 83 42 less
517 707 232 50 correctly;
772 707 8 16 '
796 702 112 43 Ohr'
927 703 127 55 being
1069 705 128 53 given
1215 718 45 27 as
1283 702 119 44 Oa,'
1420 704 143 42 Haus'
1587 719 44 28 as
1654 704 289 50 Hausesess,

338 773 8 20 1
363 770 155 42 Hand'
535 784 45 27 as
598 770 194 49 Hann,'
806 773 179 41 Finger'
1003 787 45 28 as
1071 772 168 53 Finge,
1264 777 8 17 '
1288 773 133 41 Karl'
1445 788 45 28 as
1512 774 183 42 Kara,'
1714 775 169 40 Butter'
1901 789 41 31 as

340 840 180 43 Buoto.
576 838 237 55 (Echolalia
834 842 38 41 is
894 843 130 41 about
1046 843 87 41 this
1155 843 105 42 time
1283 844 128 41 noted
1433 858 44 28 as
1500 845 126 55 being
1657 858 102 40 very
1781 846 162 54 active.)

339 911 347 55 Spontaneously
700 912 73 41 the
791 911 115 42 child
924 925 98 29 says
1038 911 82 42 Ab
1142 912 110 54 (off),
1270 913 120 42 when
1409 914 53 41 he
1477 919 135 36 wants
1630 927 25 28 a
1673 927 271 29 neck-ribbon

338 981 212 42 loosened.
610 982 86 41 Tor
725 984 22 19 "
762 981 147 42 Guten
940 982 183 41 Morgen
1137 981 22 17 "
1183 982 53 42 he
1253 996 97 42 says
1373 982 216 54 Moigen,
1610 983 85 41 and
1718 984 62 40 for
1801 986 20 18 "
1836 983 108 43 Gute

338 1051 180 41 Nacht"
541 1051 53 42 he
616 1065 98 28 says
736 1049 93 44 Na.
893 1051 54 41 In
970 1052 73 42 the
1067 1053 284 54 twenty-fifth
1373 1053 162 49 month,
1553 1067 191 40 progress
1767 1053 34 41 is
1825 1054 120 40 noted

339 1134 45 28 as
406 1121 337 55 extraordinary.
806 1120 43 43 It
881 1121 37 42 is
940 1122 206 42 observed
1168 1122 96 41 that
1294 1123 73 40 the
1398 1122 159 41 vowels
1578 1124 97 53 give
1699 1123 70 41 the
1792 1123 81 40 boy
1897 1137 49 26 no

338 1191 228 56 difficulty,
600 1191 106 42 with
742 1191 73 42 the
861 1193 227 41 exception
1125 1193 46 41 of
1200 1204 35 29 u
1255 1191 110 55 (oo)
1409 1192 84 42 and
1513 1191 18 43 i
1569 1192 111 54 (ee),
1720 1193 137 40 which
1899 1192 47 44 he

338 1262 101 42 does
461 1267 77 37 not
558 1267 74 50 yet
663 1262 187 55 produce
881 1263 220 54 perfectly.
1163 1263 174 41 Among
1367 1263 73 41 the
1463 1267 268 37 consonants,
1753 1261 90 43 sch
1865 1263 80 53 (sh)

338 1332 37 42 is
397 1332 92 42 still
521 1332 204 42 omitted;
757 1346 45 28 as
834 1332 90 42 also
955 1346 70 29 are
1058 1348 129 26 many
1210 1333 155 41 double
1398 1332 426 43 consonant-sounds,
1847 1333 99 41 such

338 1417 45 27 as
420 1406 101 42 cht.
585 1403 70 41 He
687 1417 95 27 now
814 1403 118 54 gives
964 1403 46 41 in
1043 1403 67 42 his
1142 1418 95 26 own
1270 1403 169 41 fashion
1473 1403 72 42 the
1578 1417 145 27 names
1750 1403 42 40 of
1826 1416 121 41 many

341 1473 145 41 things
519 1472 124 42 when
678 1472 101 42 they
808 1486 69 28 are
909 1473 176 54 pointed
1117 1477 57 47 to,
1194 1473 163 54 saying,
1381 1473 63 41 for
1475 1473 208 54 example,
1706 1471 150 42 Nana
1888 1472 60 41 for

338 1542 344 54 'Nase'(nose);
717 1541 75 43 Ba
819 1543 275 41 for'Baoke'
1120 1543 194 56 (cheek);
1345 1541 140 43 Tenn
1507 1543 64 41 for
1598 1541 171 43 'Kinn'
1799 1541 150 54 (chin);

338 1614 119 41 Anil
475 1614 61 40 for
554 1617 9 17 '
578 1612 154 42 Hand.'
781 1613 54 41 In
852 1613 73 41 the
944 1614 303 53 twenty-sixth
1266 1611 162 51 month,
1445 1612 92 44 sch
1554 1613 89 54 (sh)
1661 1626 95 27 now
1773 1626 172 40 appears

337 1685 66 41 for
420 1684 73 41 the
514 1684 94 41 first
626 1683 115 41 time,
759 1683 45 41 in
823 1683 73 41 the
913 1683 117 41 word
1048 1682 320 44 Handschuh
1391 1683 171 55 (glove),
1579 1683 78 41 but
1673 1686 77 37 not
1770 1682 45 40 in
1832 1681 115 42 other

338 1755 150 41 words.
550 1754 70 40 He
644 1767 94 27 now
759 1754 66 40 for
846 1753 73 41 the
941 1754 92 40 first
1054 1753 105 41 time
1192 1753 148 54 begins
1375 1758 43 37 to
1439 1767 75 28 use
1536 1766 137 28 verbs,
1693 1752 79 41 but
1793 1751 154 55 always

337 1827 47 40 in
416 1826 74 41 the
522 1824 227 50 infinitive,
772 1839 56 26 as,
858 1823 177 42 Mama
1064 1822 134 43 auch
1227 1824 231 42 tommen
1490 1824 166 55 (Mama
1687 1837 117 28 come
1835 1823 110 52 too);

339 1897 84 40 and
454 1895 55 41 he
543 1895 145 41 makes
719 1909 94 26 new
846 1894 237 41 infinitives
1112 1900 75 35 out
1219 1895 47 40 of
1294 1909 150 36 nouns,
1466 1894 162 55 saying,
1650 1894 66 41 for
1746 1892 201 49 example,

337 1976 203 32 messen
562 1965 108 41 from
703 1969 7 17 '
725 1963 190 44 Messer'
944 1965 168 55 (knife),
1135 1964 125 42 when
1291 1964 52 41 he
1367 1964 153 42 wishes
1544 1970 42 35 to
1608 1964 108 41 have
1747 1977 54 27 an
1827 1976 118 40 apple

338 2035 140 54 pared.
542 2035 69 41 He
643 2049 96 27 now
771 2035 46 41 in
838 2035 68 41 his
935 2048 96 28 own
1055 2048 93 40 way
1171 2048 219 28 expresses
1422 2035 66 41 his
1513 2034 178 54 feelings
1714 2035 55 40 by
1793 2046 155 36 words;

339 2105 255 56 exhibiting,
617 2106 64 40 for
712 2105 208 54 example,
942 2104 128 42 much
1093 2105 232 54 sympathy
1348 2105 124 41 when
1504 2104 109 42 dolls
1635 2119 69 27 are
1733 2104 125 41 being
1879 2110 68 34 cut

340 2180 76 37 out
437 2176 46 41 of
502 2189 141 41 paper,
666 2176 128 41 being
825 2175 137 42 afraid
985 2174 95 42 that
1101 2174 74 42 the
1196 2175 110 41 head
1329 2173 171 55 (Topf)
1525 2189 98 27 may
1647 2175 50 41 be
1720 2175 130 41 taken
1871 2174 78 49 off;

339 2245 86 42 and
457 2245 149 55 crying
630 2246 177 41 "arme
829 2244 164 43 Holz"
1017 2245 123 53 (poor
1161 2245 153 55 wood),
1337 2245 124 42 when
1496 2259 24 27 a
1548 2245 111 41 stick
1691 2245 46 41 of
1766 2244 116 41 wood
1911 2243 35 42 is

339 2316 168 40 thrown
530 2316 93 40 into
645 2314 73 41 the
741 2319 133 36 stove.
939 2314 53 40 In
1010 2315 73 41 the
1107 2315 336 54 twenty-eighth
1467 2314 161 42 month,
1646 2315 165 41 besides
1831 2314 116 41 other

340 2386 258 40 indications
641 2385 43 41 of
736 2388 118 51 great
894 2398 205 40 progress,
1137 2385 53 41 he
1232 2385 98 41 asks
1372 2385 67 41 his
1476 2386 93 40 first
1609 2385 210 55 question,
1860 2385 84 46 viz.,

340 2456 194 42 "Where
556 2456 36 41 is
614 2454 205 42 Mima?"
882 2455 43 41 It
945 2455 37 41 is
1014 2455 129 41 noted
1166 2455 106 41 that,
1294 2456 44 40 in
1371 2455 67 42 his
1470 2456 285 41 articulation,
1778 2455 52 41 he
1861 2454 85 42 still

339 2527 151 41 misses
510 2537 25 31 s
556 2526 84 41 and
663 2526 92 44 sch
776 2525 256 42 frequently.
1095 2525 53 41 In
1165 2525 72 42 the
1259 2527 313 54 twenty-ninth
1597 2525 162 42 month,
1780 2525 53 41 he
1854 2537 91 29 uses

338 2598 73 41 the
436 2597 91 41 first
549 2595 197 56 personal
775 2609 194 40 pronoun
991 2595 66 41 for
1078 2595 73 42 the
1173 2596 93 40 first
1288 2596 118 55 time,
1430 2596 152 55 saying
1603 2600 20 18 "
1640 2597 116 41 Bitte
1776 2596 72 55 gib
1869 2607 75 29 mil'

339 2667 148 42 Brod"
525 2666 161 56 (please
722 2666 98 54 give
860 2679 69 28 me
969 2665 160 55 bread).
1213 2665 69 42 He
1333 2665 85 42 had
1458 2666 203 54 formerly
1702 2663 243 58 designated

335 2736 178 43 himself
533 2737 59 41 by
610 2736 68 42 his
698 2735 217 43 Christian
938 2749 134 28 name,
1095 2734 122 42 Axel.
1282 2735 53 41 In
1358 2735 72 42 the
1453 2736 313 55 thirty-second
1789 2733 153 49 month,

334 2807 54 41 he
409 2819 98 29 uses
530 2805 86 42 this
639 2819 192 41 pronoun
849 2805 45 40 in
912 2804 73 42 the
1002 2803 265 42 nominative
1285 2817 105 38 case,
1413 2805 164 54 saying,
1601 2804 123 42 "Ich
1743 2804 199 42 kornme

332 2874 165 56 gleich
512 2875 21 17 "
560 2876 39 53 (I
623 2890 70 27 am
715 2875 170 54 coming
916 2873 324 56 immediately).
1305 2874 52 41 In
1391 2874 73 42 the
1486 2873 276 43 thirty-third
1789 2870 142 44 month

332 2946 53 42 he
409 2946 75 42 has
507 2944 248 57 progressed
777 2958 45 28 so
847 2945 62 41 far
930 2957 45 28 as
998 2947 43 38 to
1064 2957 75 28 use
1161 2947 222 39 sentences
1406 2943 46 43 of
1480 2957 116 29 some
1622 2943 175 56 length;
1834 2941 107 45 thus,
