1478 2662
78 102 51 37 22

522 103 63 39 Dr
605 102 277 39 Abercrombie
905 116 49 25 on
969 104 60 39 the

69 222 41 24 as
129 214 66 32 tho
213 208 224 40 circulation
456 209 70 38 has
545 209 204 39 recovered
768 210 47 38 its
834 210 138 39 former
999 224 147 25 vigour.
1204 209 65 40 On
1287 211 74 39 this
1380 227 62 26 ac-

69 269 132 40 count,
221 263 40 37 in
281 277 111 38 every
411 262 281 39 inflammation
719 263 45 38 of
789 278 23 24 a
839 265 89 37 vital
945 278 137 38 organ,
1107 266 30 35 it
1155 264 45 45 is,
1221 264 20 37 I
1261 265 123 48 think,
1402 266 45 39 of

66 316 176 39 essential
260 317 254 51 importance,
535 325 84 29 that
637 316 65 39 the
729 316 82 40 first
828 318 177 51 bleeding
1032 318 48 37 be
1107 317 146 38 carried
1281 326 40 30 to
1348 321 94 37 such

63 383 51 24 an
133 378 134 31 extent
286 385 40 23 as
345 380 40 28 to
405 384 112 23 make
535 384 23 23 a
575 378 101 30 most
693 370 156 39 decided
864 373 239 48 impression,
1119 371 75 39 and
1215 378 83 32 that
1319 381 121 29 atten-

63 424 83 38 tion
176 424 47 38 be
242 424 89 50 paid
352 431 39 31 to
410 433 160 41 prevent
598 423 74 38 this
700 424 210 53 advantage
937 425 99 37 from
1064 424 116 52 being
1207 424 86 47 lost,
1313 425 49 52 by
1381 439 59 25 re-

60 477 159 52 peating
238 479 29 36 it
284 477 96 38 after
400 491 22 24 a
441 477 106 38 short
565 479 172 45 interval,
757 478 198 37 whenever
974 487 65 28 the
1069 476 110 40 effect
1206 477 45 37 of
1271 478 64 38 the
1362 479 77 38 for-

58 544 85 24 mer
161 531 135 51 begins
315 539 40 30 to
374 531 164 38 subside.
592 531 47 39 In
659 533 149 36 various
826 532 282 49 inflammatory
1128 531 160 38 diseases
1304 531 19 38 I
1342 532 96 38 have

60 585 97 37 used
192 585 91 37 with
317 586 175 37 manifest
528 584 212 39 advantage
776 585 64 37 the
877 584 194 49 following
1108 585 168 38 method.
1350 585 88 38 The

60 646 207 30 treatment
286 638 31 38 is
336 639 128 37 begun
493 638 89 39 with
611 653 23 25 a
660 638 65 38 full
743 638 191 51 bleeding,
956 637 124 39 which
1095 651 204 37 .produces
1316 639 122 37 weak-

58 704 88 25 ness
165 691 45 38 of
224 701 64 29 the
308 706 105 37 pulse
431 692 77 39 and
526 706 24 24 a
567 693 261 37 considerable
846 691 139 39 degree
1004 691 44 38 of
1061 691 204 47 faintness;
1292 692 65 38 the
1371 692 69 38 lat-

60 753 59 31 ter
143 759 95 25 soon
272 747 182 45 subsides,
475 746 66 38 but
568 752 66 31 the
664 759 105 37 pulse
799 753 199 30 continues
1027 745 106 38 weak
1164 745 58 38 for
1251 760 23 22 a
1303 746 135 38 longer

60 799 105 39 time.
200 799 225 39 Whenever
437 800 30 38 it
479 800 134 38 begins
631 807 39 30 to
691 812 154 24 I'ecover
864 798 99 38 from
983 798 75 38 this
1073 799 206 46 weakness,
1297 813 21 24 a
1332 799 107 38 small

58 853 185 51 bleeding
256 854 31 37 is
302 862 193 42 repeated,
514 867 41 24 so
574 867 40 23 as
633 853 114 37 again
765 860 41 30 to
824 852 118 38 break
961 852 65 38 the
1043 852 103 39 force
1164 853 46 38 of
1221 853 42 44 it,
1284 854 75 37 and
1378 853 60 37 for

54 907 79 39 this
151 921 178 38 purpose,
350 908 176 50 perhaps,
547 920 51 24 no
618 919 107 25 more
744 919 86 37 may
849 906 47 37 be
916 905 176 39 required
1111 906 92 38 than
1224 906 73 38 five
1315 921 45 23 or
1378 919 61 25 six

57 975 156 25 ounces.
255 961 105 39 Such
380 975 23 23 a
422 961 178 51 bleeding
618 960 30 37 is
660 973 113 24 again
793 959 177 51 repeated
991 966 38 30 at
1047 968 163 30 another
1224 974 91 38 very
1330 974 107 24 short

57 1016 178 45 interval,
257 1015 78 38 and
354 1029 41 24 so
414 1028 50 24 on
484 1015 57 37 till
560 1027 55 24 we
629 1013 96 38 have
744 1026 135 24 reason
900 1021 39 30 to
959 1012 140 38 believe
1113 1013 84 38 that
1216 1013 64 38 the
1294 1014 144 38 disease

55 1071 33 37 is
103 1069 187 38 subdued.
345 1068 89 38 The
453 1068 215 38 advantage
686 1066 45 38 of
742 1068 76 36 this
837 1065 158 39 method
1014 1067 30 36 is
1064 1066 167 39 twofold.
1285 1069 71 49 (1.)
1377 1068 61 49 By

54 1123 91 39 thus
163 1122 167 52 keeping
350 1135 50 37 up
431 1129 67 30 the
525 1120 111 39 effect
663 1119 46 38 of
731 1120 66 38 the
821 1118 83 39 first
922 1119 192 52 bleeding,
1145 1120 65 38 the
1235 1120 143 39 disease
1406 1122 31 36 is

51 1177 114 51 likely
195 1184 40 30 to
265 1177 48 37 be
345 1175 171 39 checked
548 1182 40 30 at
619 1187 22 24 a
672 1187 90 37 very
791 1172 102 52 early
921 1172 133 51 period
1070 1190 12 28 j
1120 1173 92 45 and,
1247 1175 69 48 (2.)
1347 1174 87 38 The

53 1238 178 45 quantity
251 1231 45 36 of
308 1230 118 38 blood
445 1237 83 30 that
547 1228 31 37 is
602 1227 86 47 lost,
707 1227 32 38 is
764 1227 39 37 in
832 1234 64 30 the
915 1225 75 38 end
1020 1226 115 38 much
1163 1227 148 37 smaller
1339 1228 94 38 than

53 1299 90 38 may
162 1294 105 28 olten
288 1284 47 37 be
355 1282 177 40 required
551 1281 124 39 under
702 1289 111 29 other
840 1293 303 25 circumstances.
1201 1279 78 38 For
1307 1280 40 45 if,
1378 1282 58 36 in-

51 1339 108 39 stead
179 1338 47 38 of
239 1338 86 46 this,
345 1351 56 24 we
427 1338 106 37 allow
553 1344 66 30 the
636 1335 148 50 patient
803 1342 40 30 to
862 1333 48 38 lie
928 1332 96 38 after
1051 1332 65 39 the
1144 1332 82 38 first
1255 1333 179 54 bleeding

48 1403 67 30 ten
143 1406 46 25 or
216 1392 132 39 twelve
366 1391 132 46 hours,
520 1404 45 24 or
585 1402 94 25 even
699 1403 21 22 a
740 1387 149 38 shorter
906 1387 152 50 period,
1077 1395 66 29 the
1161 1386 110 39 effect
1289 1387 45 38 of
1353 1389 29 37 it
1400 1389 32 37 is

45 1448 110 39 often
175 1446 159 52 entirely
361 1445 89 45 lost,
470 1444 78 39 and
575 1444 31 38 it
632 1445 31 35 is
693 1450 92 30 then
813 1453 197 38 necessary
1029 1448 40 30 to
1097 1448 129 30 repeat
1252 1441 31 37 it
1309 1448 40 31 to
1369 1441 66 38 the

48 1515 106 25 same
185 1509 133 31 extent
347 1514 41 23 as
420 1499 142 38 before.
618 1498 165 48 Twenty
810 1508 142 25 ounces
977 1493 45 38 of
1043 1493 115 38 blood
1187 1507 87 37 may
1302 1494 46 38 be
1374 1508 61 25 re-

49 1555 138 53 quired
207 1568 105 25 upon
332 1553 76 39 this
427 1552 158 39 method
603 1550 59 38 for
681 1549 216 52 producing
918 1547 82 37 that
1018 1547 110 37 effect
1148 1560 104 37 upon
1270 1557 66 28 the
1354 1562 80 24 sys-

46 1618 96 39 tem,
169 1609 92 45 and,
290 1614 288 45 consequently,
608 1618 53 24 on
689 1604 65 37 the
781 1602 157 44 disease,
966 1599 138 47 which,
1134 1613 51 24 on
1214 1608 64 30 the
1305 1601 124 46 other,

46 1677 90 38 may
156 1664 48 37 be
222 1662 193 52 procured
442 1661 99 37 from
569 1658 102 45 five;
700 1656 91 46 and,
823 1654 145 38 besides
999 1653 89 45 this,
1107 1653 39 37 in
1175 1654 65 37 the
1271 1654 160 39 interval

45 1718 67 38 the
131 1717 145 38 disease
295 1716 69 37 has
383 1716 97 38 been
498 1713 162 54 gaining
677 1709 168 53 ground,
865 1708 48 38 its
932 1708 179 37 duration
1136 1707 31 37 is
1194 1709 234 49 protracted,

46 1771 79 39 and
154 1778 66 30 the
248 1769 119 38 result
403 1775 272 44 consequently
706 1761 186 40 rendered
922 1774 107 24 more
1061 1761 211 37 uncertain.
1342 1761 88 39 The

44 1826 283 39 inflammation
347 1822 46 38 of
405 1837 23 24 a
446 1823 90 37 vital
556 1832 121 26 organ
697 1816 136 39 should
853 1822 68 30 not
940 1815 47 37 be
1014 1813 73 38 lost
1113 1815 102 51 sight
1242 1814 45 38 of
1307 1814 121 40 above

44 1894 52 25 an
116 1879 100 38 hour
244 1890 45 25 or
316 1884 76 30 two
419 1883 39 31 at
485 1890 22 23 a
535 1883 106 36 time,
663 1870 97 39 until
787 1869 64 38 the
883 1868 103 38 force
1017 1867 46 38 of
1087 1868 31 37 it
1152 1868 46 37 be
1229 1867 198 53 decidedly

38 1935 154 39 broken
208 1948 12 30 ;
250 1930 77 39 and
346 1936 137 31 except
501 1929 76 37 this
596 1935 88 29 take
701 1924 108 51 place
835 1921 134 38 within
997 1921 66 38 the
1082 1921 82 37 first
1183 1921 246 39 twenty-four

39 1989 136 45 hours,
195 1986 66 39 the
281 1983 245 40 termination
555 1981 47 38 of
622 1981 30 37 it
678 1987 101 29 must
806 1977 47 37 be
880 1974 225 39 considered
1133 1988 39 24 as
1199 1974 186 38 doubtful.
1400 1976 25 25 *

43 2044 65 38 On
128 2044 75 36 this
222 2041 211 36 important
453 2037 145 36 subject
618 2034 19 37 I
657 2032 96 38 shall
773 2030 89 50 only
877 2029 75 37 add
972 2027 66 39 the
1056 2028 191 51 following
1275 2028 147 38 beauti-

38 2097 56 38 ful
113 2097 229 38 illustration
363 2089 46 39 of
430 2097 65 31 the
515 2088 109 38 effect
643 2086 45 38 of
710 2083 252 51 bloodletting
981 2082 39 36 in
1049 2082 281 50 inflammatory
1348 2082 75 38 dis-

37 2165 115 24 eases.
211 2148 38 36 A
268 2158 106 30 man,
395 2142 98 40 aged
512 2145 67 43 24,
609 2150 96 28 after
734 2139 115 50 being
878 2136 58 37 for
965 2135 144 38 several
1142 2134 93 39 days
1262 2135 161 39 affected

36 2204 94 37 with
152 2209 112 31 acute
293 2197 262 45 rheumatism,
576 2208 75 24 was
678 2192 122 39 seized
831 2189 87 38 with
949 2203 23 23 a
1001 2196 134 45 strong
1162 2187 191 51 pulsation
1379 2188 43 38 in

38 2265 68 30 the
137 2257 137 37 region
307 2253 46 39 of
390 2251 66 39 the
488 2250 124 44 heart,
639 2247 142 43 which,
813 2245 96 38 after
938 2251 73 30 two
1038 2243 107 51 days,
1171 2255 74 24 was
1273 2255 150 24 accom-

131 2424 37 31 In
193 2432 18 21 a
233 2423 117 32 violent
374 2420 234 38 inflammatory
631 2425 80 26 case,
735 2413 32 31 in
790 2411 104 33 which
921 2410 25 32 it
968 2410 25 32 is
1021 2407 145 43 probable
1191 2406 67 32 that
1279 2403 143 42 repeated

64 2469 119 38 leeding
201 2476 73 31 may
290 2468 38 29 be
345 2472 173 32 necessary,
540 2466 87 37 great
640 2456 116 33 benefit
779 2455 27 32 is
820 2454 149 32 obtained
984 2453 83 31 from
1083 2459 54 24 the
1156 2460 72 31 ytry
1241 2458 79 22 sinps
1333 2457 16 19 e
1363 2457 57 20 ex-

64 2517 99 31 edient
183 2509 36 33 of
233 2510 148 41 inserting
408 2520 18 20 a
451 2507 78 32 little
548 2514 155 21 ointment
725 2502 141 30 between
883 2499 52 29 the
950 2497 58 42 lips
1023 2495 35 32 of
1082 2502 52 24 the
1150 2494 104 31 orifice
1269 2491 77 29 after
1367 2491 54 28 the

64 2567 38 23 rst
113 2555 157 33 bleeding.
315 2551 162 33 Adhesion
503 2549 24 34 is
544 2556 69 25 thus
629 2543 180 45 prevented,
825 2541 60 33 and
901 2540 94 33 blood
1012 2549 70 32 may
1099 2539 37 31 be
1151 2545 91 24 taken
1265 2535 81 29 from
1366 2535 54 28 the

68 2613 51 22 me
134 2600 105 32 orifice
253 2607 95 32 many
364 2595 102 32 times.
