2107 3450
316 290 208 41 APHASIA,
558 289 104 32 ETC.,
694 288 49 32 IN
775 288 224 32 RELATION
1031 288 54 31 TO
1119 288 286 33 FUNCTIONAL
1438 290 264 34 DISORDERS.
1752 282 89 42 399

245 413 64 41 As
333 417 43 37 to
398 410 179 44 Astasia
598 409 178 43 Abasia,
799 409 35 41 it
856 409 36 42 is
921 409 75 42 the
1019 409 226 42 condition
1271 409 95 42 that
1390 424 87 29 was
1504 411 90 42 first
1619 412 226 43 described

187 485 58 42 by
267 484 67 42 Dr
355 483 125 43 Weir
502 482 205 42 Mitchell
743 495 141 28 under
910 480 74 43 the
1019 494 129 29 name
1184 481 45 42 of
1264 481 255 56 Hysterical
1551 484 174 43 Ataxia.
1791 486 55 42 In

190 556 86 41 this
310 554 236 43 condition,
569 553 75 42 the
674 552 173 56 patient
876 566 114 42 may,
1014 552 112 41 from
1159 552 354 43 incoordination
1547 554 44 41 of
1625 555 222 43 muscular

185 627 158 42 action,
386 627 52 41 be
483 625 159 42 unable
687 631 43 36 to
769 623 116 44 walk
922 623 200 57 (abasia),
1161 638 47 28 or
1241 638 112 29 even
1385 628 45 39 to
1464 625 131 43 stand
1633 626 212 57 (astasia).

186 699 22 42 I
231 698 92 42 find
346 697 96 44 that
466 698 43 40 in
534 711 81 28 one
637 696 111 57 good
771 710 109 38 case,
902 696 206 43 recorded
1140 696 58 56 by
1223 695 219 55 Charcot,1
1464 697 37 42 it
1532 698 38 42 is
1593 698 133 43 noted
1750 700 98 42 that

185 770 122 43 there
330 784 87 28 was
440 784 24 27 a
487 769 174 43 curious
683 769 304 43 interference,
1010 774 78 37 not
1114 768 106 43 with
1244 768 75 44 the
1341 783 147 42 power
1510 770 47 42 of
1575 771 173 56 speech,
1765 772 82 43 but

186 847 108 37 with
315 841 98 43 that
430 841 48 42 of
490 841 186 43 icriting.
741 841 91 42 The
850 841 173 56 patient
1041 841 129 43 could
1186 842 190 55 perform
1397 842 60 42 all
1475 843 205 56 ordinary
1699 858 146 29 move-

186 928 141 28 ments
351 913 107 42 with
481 913 68 43 his
572 913 142 43 hands
737 913 215 56 perfectly
975 913 112 43 well,
1110 913 188 43 without
1322 914 141 43 either
1492 915 354 44 incoordination

183 1001 48 29 or
253 986 262 57 trembling;
547 986 80 43 but
652 986 127 43 when
802 987 54 42 he
880 986 114 43 tried
1016 990 45 39 to
1086 986 135 43 write,
1245 987 37 42 it
1306 1001 87 29 was
1427 987 139 43 found
1599 988 110 43 that,
1731 993 115 38 after

185 1059 176 56 writing
397 1073 119 29 some
553 1058 115 44 lines
700 1059 122 56 quite
846 1059 180 56 legibly,
1048 1059 54 42 he
1126 1059 140 43 began
1289 1064 44 38 to
1366 1060 130 43 make
1519 1060 106 57 only
1647 1061 198 57 illegible

183 1131 193 54 strokes;
409 1131 99 52 and,
545 1145 47 29 as
628 1131 54 43 he
722 1135 118 39 went
877 1145 69 29 on,
984 1131 124 43 these
1146 1132 170 42 strokes
1359 1132 177 43 became
1582 1133 139 43 closer
1758 1134 88 42 and

184 1202 140 43 closer
359 1207 43 38 to
438 1202 106 43 each
579 1202 139 58 other,
755 1203 117 42 until
906 1203 107 56 they
1048 1202 128 43 fused
1210 1202 269 45 themselves
1514 1204 95 43 into
1645 1219 25 28 a
1704 1205 142 57 single

185 1274 241 44 tremulous
449 1274 160 53 stroke,
631 1275 207 57 repeated
860 1289 104 29 over
985 1275 87 42 and
1095 1289 103 28 over
1219 1275 138 43 again.

618 1443 204 56 Aphasia
843 1445 51 41 in
915 1444 202 43 Relation
1139 1449 39 37 to
1200 1444 213 56 Epilepsy.

243 1551 44 43 It
309 1551 37 43 is
369 1566 25 28 a
415 1551 288 43 well-known
727 1552 90 42 fact
840 1551 98 43 that
967 1555 254 52 temporary
1244 1551 182 56 aphasia
1459 1552 121 44 often
1614 1553 153 43 makes
1790 1554 57 43 its

183 1638 270 42 appearance
475 1624 44 42 in
545 1623 249 43 connexion
811 1628 110 38 with
945 1623 212 56 epilepsy,
1176 1624 253 43 sometimes
1453 1639 46 28 as
1517 1640 24 27 a
1558 1626 288 57 preliminary

182 1700 20 17 "
221 1695 140 52 aura,"
385 1696 252 43 sometimes
660 1710 46 29 as
728 1710 57 28 an
809 1696 436 43 after-consequence
1263 1696 44 43 of
1329 1696 77 44 the
1424 1698 61 42 fit.
1550 1698 55 42 In
1624 1698 74 43 the
1716 1699 134 44 latter

182 1783 108 39 case,
313 1769 35 42 it
370 1768 38 43 is
432 1783 55 27 no
521 1768 137 43 doubt
694 1768 85 43 due
814 1773 44 38 to
898 1768 74 43 the
1012 1768 267 43 exhaustion
1317 1770 45 41 of
1399 1769 75 44 the
1512 1770 129 43 brain
1679 1772 98 42 that
1810 1773 37 42 is

182 1840 190 57 brought
409 1842 133 41 about
586 1842 57 56 by
682 1841 73 42 the
805 1845 20 17 "
844 1845 143 38 motor
1026 1841 264 58 discharge."
1354 1844 247 43 Kussmaul
1640 1845 59 57 (p.
1741 1847 106 57 800)

183 1927 111 42 says,
340 1913 164 44 "After
542 1914 208 56 epileptic
785 1914 171 43 attacks
991 1914 123 43 there
1147 1915 38 43 is
1218 1916 122 43 often
1373 1916 88 43 loss
1496 1918 45 42 of
1586 1920 160 55 speech
1780 1921 68 42 for

183 1985 143 52 hours,
348 1986 120 56 days,
490 2001 48 28 or
561 1987 143 43 weeks
728 1992 46 37 at
806 2001 24 28 a
864 1987 144 42 time."
1083 1988 69 42 Dr
1189 1988 111 43 Eoss
1339 1989 59 57 (p.
1437 1990 77 57 50)
1554 2005 113 43 says,
1716 1997 20 17 "
1755 1993 92 44 The

184 2063 113 38 most
331 2073 201 28 common
571 2059 246 43 functional
855 2059 141 43 lesion
1032 2061 48 42 of
1113 2061 75 42 the
1228 2062 125 42 brain
1392 2062 98 43 that
1527 2064 122 56 gives
1683 2065 84 43 rise
1803 2072 43 37 to

183 2131 181 56 aphasia
398 2132 37 42 is
473 2131 75 43 the
583 2131 226 43 condition
834 2132 144 43 which
1017 2133 205 55 precedes
1261 2148 47 28 or
1345 2134 171 44 follows
1550 2151 55 27 an
1639 2137 210 44 epileptic

183 2203 159 43 attack.
407 2203 55 42 In
485 2217 121 29 some
630 2218 132 39 cases,
784 2204 75 42 the
885 2204 197 57 warning
1105 2205 44 42 of
1175 2220 56 28 an
1255 2206 209 57 epileptic
1487 2209 152 42 attack
1661 2216 187 38 consists

184 2276 46 41 of
249 2290 25 28 a
296 2275 170 43 sudden
490 2276 207 56 inability
722 2282 43 36 to
790 2276 161 56 speak;
983 2277 88 42 and
1103 2277 36 43 it
1166 2278 37 43 is
1227 2293 107 42 very
1358 2280 208 55 probable
1589 2281 97 43 that
1710 2283 139 43 word-

185 2347 201 43 deafness
410 2348 83 42 and
521 2349 369 43 word-blindness
923 2350 38 42 is
998 2350 57 56 by
1079 2365 56 28 no
1171 2365 151 29 means
1357 2366 58 28 an
1441 2367 268 30 uncommon
1731 2370 119 38 aura,

184 2421 165 56 though
386 2420 76 44 the
496 2436 208 41 presence
739 2423 48 41 of
821 2422 123 43 these
985 2424 251 43 conditions
1270 2425 38 42 is
1341 2431 79 38 not
1441 2440 47 29 so
1511 2427 168 57 readily
1702 2443 146 43 recog-

182 2493 124 42 nised
346 2494 56 55 by
438 2493 75 43 the
550 2494 226 43 observers
810 2509 48 28 as
894 2508 26 30 a
958 2502 142 36 motor
1137 2497 195 56 aphasia,
1367 2499 86 41 and
1492 2499 47 42 in
1577 2506 272 39 subsequent

182 2565 288 56 descriptions
494 2566 57 57 by
575 2566 75 43 the
676 2566 174 56 patient
872 2567 106 44 they
1002 2582 82 29 can
1106 2568 159 58 hardly
1289 2570 52 43 be
1374 2571 328 58 distinguished
1735 2575 110 41 from

185 2639 72 43 the
282 2639 165 43 mental
470 2640 231 41 confusion
727 2639 143 43 which
893 2641 178 43 attends
1095 2641 75 43 the
1204 2648 127 37 onset
1364 2644 47 41 of
1440 2646 406 45 unconsciousness.

184 2711 42 42 A
262 2712 218 42 transient
518 2711 181 57 aphasia
734 2713 122 42 often
895 2714 207 43 succeeds
1135 2719 46 38 to
1205 2714 75 44 the
1304 2716 238 43 unilateral
1564 2719 284 44 convulsions

185 2784 142 42 which
351 2799 71 28 are
446 2784 159 43 caused
631 2785 60 56 by
713 2799 121 42 gross
857 2785 164 43 lesions
1045 2788 45 41 of
1124 2787 74 43 the
1220 2788 139 52 brain,
1382 2789 108 43 such
1514 2804 47 29 as
1582 2791 266 56 gliomatous

184 2857 85 43 and
291 2863 280 50 gummatous
594 2861 213 50 tumours,
832 2859 87 42 and
943 2860 249 57 projecting
1214 2860 172 57 spicula
1408 2862 46 42 of
1476 2862 147 44 bone."

244 2929 52 42 In
337 2943 119 30 cases
495 2930 45 43 of
576 2931 159 56 partial
774 2931 201 57 epilepsy
1009 2933 47 41 of
1097 2932 75 43 the
1204 2933 275 44 Jacksonian
1512 2940 117 52 type,
1659 2936 188 44 without

185 2999 85 44 loss
303 3001 47 42 of
384 3002 344 55 consciousness,
751 3002 77 44 the
865 3003 297 44 disablement
1195 3005 48 42 of
1275 3005 75 44 the
1383 3020 147 42 power
1552 3007 47 42 of
1627 3008 159 56 speech
1808 3008 39 44 is

184 3072 162 58 always
365 3074 228 44 exhibited
614 3074 233 44 whenever
865 3076 74 43 the
957 3076 258 44 convulsive
1239 3077 284 45 disturbance
1545 3079 202 44 involves
1771 3080 75 43 the

670 3169 11 23 1
710 3169 133 50 Lemons
861 3170 50 36 du
930 3170 140 48 Mardi,
1095 3173 103 43 1890,
1216 3183 35 37 p.
1272 3172 81 36 355.
