1459 2701
387 100 222 54 Pathology
623 102 53 50 of
681 101 60 39 the
761 101 206 40 Intesthwl
986 101 137 40 Canal.

1433 107 26 38 5

51 225 23 26 a
92 210 224 54 prominent
334 221 240 40 appearance
591 208 41 38 in
651 208 77 46 all;
762 218 84 32 that
865 210 47 40 of
924 221 66 30 the
1009 225 103 27 cases
1128 210 47 41 of
1186 212 111 48 ileus,
1319 216 132 37 again,

50 275 110 31 three
191 278 99 27 were
318 264 89 40 fatal
440 263 162 40 without
629 271 126 31 either
772 266 212 40 exudation
1014 280 46 26 or
1095 280 228 41 gangrene;
1364 269 86 41 that

46 334 200 40 gangrene
263 319 185 40 occurred
468 320 40 37 in
528 316 48 40 all
597 325 65 31 the
681 319 220 53 remaining
918 336 105 26 cases
1054 337 41 24 as
1123 331 66 30 the
1222 334 227 39 prominent

44 389 255 39 appearance,
319 375 77 39 and
416 382 66 31 the
499 385 93 40 only
612 385 241 39 appearance
880 376 42 39 in
954 386 76 30 two
1049 386 70 31 out
1143 377 45 39 of
1211 376 85 41 five.
1355 379 93 40 The

44 429 197 55 following
258 431 241 38 conclusions
517 428 100 39 from
637 426 106 41 these
770 426 96 41 facts
893 429 21 38 I
940 442 98 30 state
1057 441 39 31 at
1115 442 156 43 present
1298 434 150 55 merely

45 497 42 26 as
105 491 248 33 conjectures.

98 540 36 37 1.
163 539 45 38 In
229 539 48 38 all
297 546 66 32 the
391 550 104 27 cases
515 536 125 40 which
660 536 199 41 exhibited
880 551 213 38 symptoms
1123 543 46 38 of
1194 544 173 54 primary
1386 545 62 39 in-

45 591 258 51 flammation,
323 601 67 31 the
413 592 258 52 peritonaeum
691 592 152 39 seemed
877 602 41 30 to
948 593 98 42 have
1077 597 99 39 been
1210 600 237 54 extensively

41 647 160 40 affected
216 664 12 31 j
259 648 79 39 and
356 649 40 38 in
415 647 152 39 various
585 659 107 40 parts
710 646 47 40 of
781 647 68 40 the
867 647 104 53 body
992 664 57 25 we
1070 665 62 26 see
1151 666 138 27 reason
1316 662 42 31 to
1377 655 68 40 be-

39 700 108 49 lieve,
168 710 86 32 that
279 710 67 32 the
375 709 213 46 symptoms
605 703 311 54 accompanying
943 704 284 42 inflammation
1252 709 47 39 of
1320 723 125 27 mem-

40 754 172 42 branous
231 770 106 39 parts
356 770 67 26 are
442 769 109 26 more
578 764 112 32 acute
718 756 95 40 than
841 758 42 38 in
912 773 77 38 any
1007 768 115 31 other
1140 771 204 33 structure.
1403 767 43 39 Is

39 809 43 48 it,
103 817 106 41 then,
230 811 185 52 probable
435 810 96 47 that,
552 810 40 40 in
614 819 66 31 the
705 825 112 26 acute
836 812 200 42 affections
1056 815 46 39 of
1114 815 67 41 the
1200 817 156 51 bowels,
1377 820 68 41 the

40 863 282 41 inflammation
343 866 32 38 is
393 865 201 53 primarily
612 866 130 39 seated
762 867 40 38 in
824 874 66 34 the
909 869 226 51 peritonseal
1155 880 89 32 coat
1259 872 15 39 ?

93 923 41 35 2.
165 919 47 39 In
232 920 141 39 several
401 920 46 39 of
467 928 67 31 the
553 933 104 26 cases
676 920 47 39 of
743 921 95 40 ileus
856 923 128 39 which
1004 939 100 26 were
1122 925 92 41 fatal
1235 927 50 53 by
1305 936 139 33 exten-

38 986 79 26 sive
135 987 211 39 gangrene,
369 975 109 38 there
496 974 78 40 had
595 975 97 39 been
714 989 52 26 no
785 990 173 41 primary
979 993 215 39 symptoms
1219 983 47 38 of
1288 984 155 41 inflam-

37 1035 165 42 mation,
224 1029 76 39 and
321 1029 40 39 in
381 1043 107 25 some
507 1028 46 39 of
573 1037 108 31 them
702 1039 70 31 not
792 1032 55 38 till
868 1046 23 24 a
911 1047 91 40 very
1022 1034 110 41 short
1151 1039 138 49 period
1309 1039 134 41 before

36 1081 129 40 death.
222 1084 42 37 Is
294 1084 46 45 it,
366 1091 109 40 then,
498 1083 203 52 probable,
731 1084 85 40 that
843 1086 285 43 inflammation
1161 1105 89 41 may
1270 1095 98 39 exist
1400 1095 43 39 in

36 1143 67 32 the
121 1136 192 40 muscular
326 1138 114 39 fibres
459 1146 162 31 without
640 1138 223 56 producing
881 1155 112 27 acute
1011 1158 229 38 symptoms,
1265 1149 77 39 and
1364 1150 79 40 dis-

34 1190 224 53 tinguished
278 1192 92 54 only
389 1192 49 54 by
459 1206 213 38 symptoms
703 1193 48 39 of
775 1195 109 46 ileus,
903 1197 79 39 and
1011 1199 99 46 that,
1130 1201 41 38 in
1193 1210 108 32 these
1320 1217 121 38 cases,

33 1251 68 32 the
119 1258 212 39 symptoms
358 1247 46 38 of
430 1254 112 32 acute
574 1247 284 41 inflammation
891 1265 213 37 supervene
1136 1256 112 40 when
1279 1258 69 40 the
1381 1261 62 38 in-

32 1298 240 40 flammation
289 1308 161 32 extends
464 1309 43 30 to
524 1309 67 31 the
610 1303 225 50 peritonseal
855 1314 88 30 coat
959 1306 17 38 ?
1038 1306 123 43 Were
1180 1311 77 39 this
1277 1314 163 40 render-

32 1352 49 39 ed
98 1353 201 52 probable,
313 1355 33 38 it
364 1355 126 39 would
504 1355 76 38 add
594 1357 270 54 considerably
879 1367 40 31 to
940 1374 73 25 our
1031 1363 216 55 pathology
1266 1368 47 37 of
1324 1369 115 48 ileus,

29 1407 79 38 and
129 1407 126 40 would
276 1416 123 31 throw
429 1408 117 39 much
571 1408 100 54 light
697 1424 52 25 on
770 1420 67 30 the
856 1422 128 31 action
1015 1416 47 38 of
1083 1421 143 37 several
1247 1424 192 39 remedies

32 1460 126 40 which
180 1476 65 25 are
259 1462 122 40 found
401 1463 215 39 efficacious
636 1463 40 39 in
696 1465 224 56 producing
938 1482 90 39 very
1049 1471 149 41 sudden
1221 1486 215 31 resolution

29 1513 43 41 of
99 1515 66 40 the
183 1517 161 48 disease,
366 1517 92 39 such
488 1531 42 25 as
558 1518 107 39 large
691 1518 182 57 bleeding
902 1523 77 39 and
1013 1533 66 31 the
1124 1528 237 51 application
1396 1533 48 40 of

31 1569 102 39 cold.
191 1571 41 38 It
250 1571 141 49 would,
411 1572 191 46 however,
622 1573 75 38 still
717 1574 48 39 be
783 1577 187 49 probable
988 1588 84 30 that
1097 1589 110 32 there
1235 1599 66 25 are
1329 1601 106 26 cases

29 1623 46 39 of
87 1624 93 39 ileus
199 1625 125 40 which
345 1626 166 50 proceed
530 1627 100 39 from
650 1637 112 30 other
781 1644 146 35 causes,
949 1633 76 39 and
1048 1649 154 40 require
1214 1653 22 24 a
1252 1640 183 41 different

30 1684 215 34 treatment.
303 1679 89 39 The
410 1680 145 53 subject
574 1682 32 37 is
626 1688 103 33 most
747 1683 228 54 important.
1033 1690 128 40 Much
1181 1705 252 33 observation

31 1731 32 39 is
82 1733 177 52 required
280 1742 40 31 to
340 1734 122 39 throw
483 1735 98 53 light
599 1750 106 38 upon
726 1738 41 38 it.

80 1788 38 37 8.
150 1788 20 37 I
192 1787 94 39 shall
305 1788 220 40 afterwards
554 1805 88 39 give
660 1805 64 40 my
746 1806 156 26 reasons
935 1794 58 40 for
1027 1798 193 42 believintr
1252 1804 85 41 that
1369 1807 61 40 in-

27 1839 239 42 flammation
286 1856 88 40 may
394 1844 97 39 exist
510 1845 40 39 in
571 1854 66 30 the
663 1847 226 52 peritonaeal
909 1860 87 30 coat
1023 1861 409 37 without*producino-

30 1907 91 39 very
141 1896 143 40 violent
302 1907 225 44 symptoms.
584 1899 47 48 If,
660 1900 208 49 therefore,
904 1905 92 39 each
1024 1909 48 38 of
1100 1919 65 32 the
1198 1921 76 33 two
1303 1899 125 56 struc"^

31 1956 104 32 tures
167 1963 88 40 may
289 1952 48 39 be
367 1962 213 45 separately
611 1954 177 47 affected,
820 1957 76 39 and
936 1961 90 40 with
1065 1965 76 41 this
1174 1969 186 52 diversity
1389 1971 49 39 of

30 2012 226 43 symptoms,
278 2005 30 40 it
326 2005 73 40 will
424 2007 46 39 be
488 2009 187 50 probable
693 2010 84 39 that
809 2011 30 39 it
868 2012 31 37 is
927 2028 110 28 when
1058 2020 66 40 the
1143 2023 286 42 inflammation

29 2057 129 40 affects
175 2058 93 40 both
289 2068 66 31 the
373 2063 226 51 peritonseal
619 2064 76 38 and
718 2077 193 29 muscular
930 2083 105 29 coats
1062 2084 40 30 at
1130 2090 111 35 once,
1263 2087 84 31 that
1373 2095 58 25 we

29 2109 83 41 find
133 2119 66 32 the
217 2114 266 41 combination
513 2117 46 39 of
585 2118 284 41 inflammation
890 2125 77 39 and
987 2127 109 50 ileus,
1118 2131 128 39 which
1276 2148 56 24 we
1360 2149 69 25 ex-

30 2177 106 38 press
148 2166 49 52 by
216 2174 66 33 the
300 2177 98 32 term
419 2170 199 40 Enteritis.
676 2171 37 41 It
733 2174 30 38 is
783 2174 40 38 in
843 2175 76 42 this
938 2195 107 27 sense
1076 2184 84 40 that
1190 2187 20 37 I
1243 2201 114 26 mean
1387 2198 42 31 to

30 2231 65 27 use
114 2228 65 32 the
198 2228 96 34 term
315 2224 188 41 Enteritis
523 2227 41 37 in
584 2225 66 40 the
668 2225 200 59 following
884 2244 88 41 part
987 2238 45 38 of
1046 2238 75 40 this
1141 2254 133 38 paper.

97 2402 225 42 Symptoms
342 2419 48 26 or
408 2405 326 51 Inflammation
757 2431 41 27 in
818 2433 85 29 the
927 2423 253 43 Intestinal
1204 2428 152 45 Canal.

129 2481 113 40 Sect,
263 2482 363 52 l.^hiflammation
643 2496 171 52 confined
829 2506 38 33 to
886 2501 62 40 the
966 2503 234 44 Peritoneal
1217 2509 108 41 Coat.

84 2548 86 43 The
189 2554 84 39 title
301 2556 125 40 which
449 2558 17 39 I
488 2559 95 44 have
609 2566 137 51 placed
774 2578 39 32 at
841 2582 67 31 the
935 2582 69 44 top
1037 2576 46 39 of
1108 2579 77 41 this
1217 2585 144 39 section
1403 2587 20 38 I

16 2614 3 23 I
34 2612 137 45 merely
191 2620 165 39 propose
389 2626 40 25 as
457 2628 226 47 expressing
712 2633 66 32 the
806 2627 164 53 opinion
989 2631 127 42 which
1152 2635 16 39 I
1202 2637 97 42 have
1327 2639 98 42 been
