2113 3404
340 191 84 40 322

843 206 85 30 THE
962 207 240 31 DISORDERS
1235 209 53 29 OF
1319 209 173 30 SPEECH.

343 318 69 43 He
450 320 127 42 could
613 321 97 55 give
747 336 116 29 some
901 329 193 46 account,
1132 324 164 56 though
1333 339 54 28 an
1425 325 209 42 incorrect
1674 339 93 28 one,
1802 326 45 40 of
1885 324 73 42 the

344 390 202 56 meaning
582 393 45 41 of
661 407 85 41 any
779 398 202 38 sentence
1018 394 45 40 in
1097 409 25 27 a
1156 409 247 41 newspaper
1439 395 92 41 that
1571 395 21 41 I
1630 395 132 41 asked
1792 393 90 45 him
1916 399 43 36 to

345 459 109 43 read.

426 606 124 42 Other
569 607 266 42 Phenomena
857 609 273 55 occasionally
1151 610 225 41 associated
1396 610 102 42 with
1522 610 134 41 Motor
1676 608 205 55 Aphasia.

408 717 33 40 1.
476 716 22 40 I
522 717 109 41 have
654 716 184 56 already,
862 717 45 41 in
930 731 24 27 a
980 717 159 43 former
1161 719 187 54 chapter,
1371 719 122 41 made
1516 734 24 26 a
1562 723 99 37 note
1685 719 42 40 of
1749 718 72 41 the
1843 731 115 27 occa-

345 787 138 41 sional
506 801 254 27 occurrence
778 788 45 40 of
841 788 193 41 Amimia
1056 789 82 40 and
1163 790 45 40 of
1229 789 257 41 Paramimia
1517 790 42 40 in
1594 789 238 41 connexion
1858 794 102 34 with

347 862 137 36 motor
506 857 187 55 aphasia.
757 857 54 42 In
832 858 203 51 Amimia,
1053 859 73 41 the
1143 860 167 53 patient
1329 860 76 40 has
1428 860 84 40 lust
1530 860 72 40 the
1620 873 141 41 power
1777 859 45 41 of
1838 858 124 53 using

345 927 106 41 such
474 927 155 54 simple
651 928 283 54 pantomimic
956 928 117 42 signs
1096 943 45 27 as
1166 929 189 41 nodding
1377 929 74 41 the
1472 929 110 41 head
1603 934 44 36 to
1670 929 186 40 indicate
1889 927 73 41 the

345 998 265 42 affirmative.
676 999 52 41 In
764 999 270 51 Paramimia,
1055 1000 54 42 he
1143 1014 182 28 misuses
1361 1000 119 42 these
1512 1014 142 40 signs;
1685 1000 182 41 shaking
1890 1000 72 40 the

345 1069 123 49 head,
491 1069 197 55 perhaps,
714 1069 169 42 instead
910 1070 46 41 of
984 1070 191 56 nodding
1205 1071 47 41 it,
1274 1071 123 41 when
1430 1071 52 41 he
1515 1071 153 41 wishes
1701 1075 42 36 to
1775 1070 187 41 indicate

345 1140 74 42 the
453 1140 268 42 affirmative.
785 1140 44 41 It
862 1141 36 41 is
933 1141 173 41 usually
1140 1142 45 40 in
1220 1155 145 28 severe
1398 1155 116 27 cases
1546 1142 45 40 of
1622 1145 136 37 motor
1789 1141 175 40 aphasia

347 1211 94 41 that
476 1211 175 41 amimia
685 1211 85 41 and
804 1212 256 54 paramimia
1092 1226 70 27 are
1199 1211 133 42 found
1366 1225 46 28 as
1444 1210 235 43 associated
1712 1216 251 49 symptoms.

346 1282 119 55 They
483 1282 221 54 generally
722 1295 98 41 pass
838 1282 62 41 off
911 1282 179 55 quickly
1115 1283 122 41 when
1255 1283 74 41 the
1347 1282 167 54 patient
1534 1282 147 41 begins
1700 1285 42 37 to
1761 1281 200 40 improve.

347 1354 54 41 In
424 1354 74 42 the
521 1358 120 50 great
661 1354 203 55 majority
887 1355 46 40 of
952 1368 116 28 cases
1092 1355 43 39 of
1159 1359 135 36 motor
1316 1353 176 42 aphasia
1515 1353 120 41 there
1656 1353 36 41 is
1715 1366 54 27 no
1791 1352 172 41 impair-

346 1429 122 37 ment
485 1425 43 41 of
550 1425 86 41 this
661 1439 143 41 power
820 1426 46 41 of
885 1425 281 55 pantomimic
1189 1424 270 55 expression;
1486 1430 117 35 often
1627 1423 73 41 the
1724 1422 166 55 patient
1912 1422 52 53 is,

346 1497 47 40 in
416 1496 88 42 this
526 1510 108 42 way,
657 1496 94 41 able
775 1500 42 37 to
841 1509 173 29 express
1036 1494 177 42 himself
1235 1501 102 35 with
1360 1495 185 55 striking
1569 1500 199 47 vivacity.

409 1567 35 41 2.
477 1566 199 42 Another
702 1580 217 41 symptom
947 1565 287 42 occasionally
1263 1564 220 42 exhibited
1513 1565 54 53 by
1598 1577 143 28 severe
1773 1575 116 29 cases
1921 1562 46 40 of

348 1642 140 37 motor
510 1637 177 55 aphasia
708 1637 36 41 is
767 1651 54 26 an
843 1636 202 42 inability
1067 1640 37 36 to
1117 1636 204 54 protrude
1344 1636 63 40 the
1439 1639 145 50 tongue
1616 1634 48 54 by
1695 1634 114 54 effort
1830 1633 49 54 of
1903 1633 63 40 the

348 1709 100 41 will.
511 1708 120 41 Most
653 1707 174 55 aphasic
849 1707 189 54 patients
1062 1719 71 28 are
1155 1709 120 51 quite
1299 1705 94 41 able
1415 1709 43 37 to
1480 1717 203 42 protrude
1702 1703 72 41 the
1791 1707 173 48 tongue,

349 1779 85 42 and
457 1784 44 36 to
523 1792 124 28 move
671 1778 35 41 it
727 1782 132 37 about
881 1777 133 41 freely
1038 1777 46 39 in
1106 1775 58 41 all
1187 1775 242 41 directions.
1492 1775 88 40 But
1601 1774 46 40 in
1680 1787 24 27 a
1734 1773 83 41 few
1849 1786 115 27 cases

350 1851 76 41 the
448 1850 170 55 patient
639 1850 37 40 is
699 1848 157 42 unable
879 1852 44 37 to
945 1846 205 56 protrude
1172 1846 73 41 the
1267 1850 159 50 tongue
1448 1845 56 54 by
1528 1844 124 42 effort
1677 1843 42 41 of
1751 1843 73 42 the
1850 1843 115 54 will;

351 1921 86 42 and
478 1925 76 51 yet
595 1920 54 42 he
692 1933 100 27 may
834 1919 53 41 be
923 1918 95 42 able
1057 1923 43 35 to
1137 1916 204 55 protrude
1377 1916 35 41 it
1448 1913 298 55 instinctively
1783 1913 84 41 and
1902 1913 63 40 in-

352 1991 282 55 voluntarily.
697 1990 173 41 Among
907 1988 73 42 the
1017 1987 201 42 recorded
1259 1999 116 29 cases
1411 1986 44 41 of
1496 1989 188 51 patients
1727 1983 156 42 unable
1924 1987 43 36 to

352 2061 206 56 protrude
580 2060 74 42 the
676 2064 159 51 tongue
858 2057 280 55 voluntarily,
1161 2056 120 42 there
1302 2056 36 41 is
1361 2070 80 27 one
1464 2055 45 40 in
1532 2053 139 42 which
1699 2053 72 41 the
1803 2052 166 55 patient

355 2132 234 56 protruded
611 2132 35 40 it
668 2129 314 43 involuntarily
1008 2128 46 41 in
1081 2127 73 42 the
1183 2131 69 37 act
1277 2128 46 40 of
1350 2125 163 55 licking
1541 2124 68 41 his
1638 2123 83 55 lips
1751 2136 44 28 as
1825 2136 24 27 a
1876 2135 92 41 pre-

353 2203 197 56 paration
588 2203 64 40 for
685 2201 73 42 the
797 2200 123 42 effort
956 2204 43 36 to
1036 2197 203 56 protrude
1277 2198 32 40 it
1348 2194 288 55 voluntarily;
1672 2193 83 41 and
1792 2192 178 41 another

355 2276 46 39 in
434 2273 141 42 which
607 2273 73 41 the
712 2274 170 52 patient
912 2268 233 56 protruded
1174 2267 74 42 the
1277 2271 158 50 tongue
1465 2263 299 54 instinctively
1794 2262 123 41 when
1946 2275 24 27 a

357 2349 133 38 sweet
511 2343 176 42 lozenge
709 2355 87 28 was
820 2340 129 42 being
970 2338 161 43 carried
1155 2341 44 39 to
1221 2337 67 41 his
1313 2335 159 43 mouth.

824 2475 238 41 Treatment
1083 2473 49 41 of
1150 2472 136 42 Motor
1309 2469 207 56 Aphasia.

420 2585 54 41 In
497 2583 191 43 training
709 2596 24 27 a
754 2584 170 52 patient
945 2579 103 42 with
1072 2591 140 28 motor
1234 2575 176 43 aphasia
1433 2580 41 36 to
1497 2573 143 56 speak,
1662 2572 34 41 it
1718 2572 35 41 is
1782 2571 118 41 often
1931 2571 44 40 of

361 2656 240 42 advantage
624 2658 43 36 to
690 2653 88 40 him
803 2658 43 35 to
874 2662 246 43 pronounce
1151 2646 155 43 simple
1342 2645 134 41 words
1509 2644 41 40 in
1585 2643 67 41 his
1684 2641 175 55 hearing
1890 2640 82 41 and

361 2727 77 41 ask
462 2725 90 41 him
577 2730 41 36 to
642 2725 145 39 repeat
808 2720 129 42 them.
1001 2719 44 41 It
1066 2719 36 41 is
1123 2717 163 55 largely
1309 2716 54 54 by
1389 2715 184 54 practice
1606 2713 45 40 in
1683 2711 104 43 such
1820 2710 153 54 repeti-

363 2798 90 41 tion
481 2796 47 41 of
553 2808 137 27 words
715 2790 128 44 heard
866 2790 95 41 that
982 2790 73 40 the
1076 2792 180 51 patient,
1278 2787 44 40 in
1346 2799 44 28 so
1414 2799 128 40 many
1567 2796 127 38 cases,
1717 2794 257 41 re-acquires

362 2868 74 42 the
470 2879 143 43 power
647 2865 45 40 of
722 2861 165 44 speech.
950 2860 69 41 He
1054 2873 200 28 educates
1289 2857 45 41 in
1368 2856 87 42 this
1492 2869 91 40 way
1621 2853 73 42 the
1731 2849 244 58 previously

366 2935 269 44 uneducated
659 2948 153 28 centre.
877 2932 88 40 But
988 2931 21 40 I
1034 2929 125 42 think
1186 2929 71 40 the
1280 2941 167 40 process
1470 2939 98 40 may
1601 2925 51 40 be
1684 2918 228 60 expedited
1945 2920 33 39 if

362 3010 33 41 it
418 3009 36 41 is
477 3005 239 45 conducted
740 3018 53 28 on
817 3004 209 42 scientific
1047 2998 244 60 principles.
1356 2997 42 43 It
1424 2995 152 43 should
1607 2995 49 40 be
1686 2988 289 47 remembered
