2125 3612
175 289 297 36 PHARYNGEAL
504 289 229 31 TROUBLES
766 288 54 33 OF
854 288 330 31 PROFESSIONAL
1217 288 308 32 VOICE-USERS.
1624 275 54 46 71

40 427 60 27 ias
124 426 209 29 received,
357 411 43 41 in
434 409 88 43 this
545 413 198 51 country,
767 407 75 43 the
875 422 129 28 name
1027 407 49 43 of
1104 405 264 59 Dysphoria
1396 407 285 52 Clericorum,

23 497 46 28 Dr
101 481 296 57 Clergyman's
430 495 92 28 sore
556 485 155 37 throat.
778 480 185 42 Curious
999 485 43 36 to
1065 493 91 41 say,
1179 479 36 41 it
1248 479 36 42 is
1318 493 55 27 an
1407 479 206 42 affection
1638 480 45 42 of

23 554 71 42 the
120 554 206 41 Pharynx
351 553 145 41 rather
520 552 104 42 than
650 552 47 41 of
728 551 73 42 the
826 551 188 55 Larynx.
1080 550 53 41 In
1161 549 300 42 well-marked
1491 565 133 28 cases,
1647 551 36 42 it

19 614 206 71 jlevelops
248 625 94 41 into
366 624 72 42 the
462 623 168 42 disease
652 623 163 41 known
840 636 46 28 as
911 621 240 43 Follicular
1178 621 311 56 Pharyngitis;
1521 622 81 42 but
1636 623 46 41 in

19 695 180 65 ^lighter
221 710 118 28 cases
362 696 123 41 there
508 708 100 28 may
633 694 52 42 be
716 693 105 56 only
847 693 233 42 Catarrhal
1104 693 231 42 Irritation
1360 694 107 41 with
1493 694 186 42 Kelaxa-

40 770 70 39 ion
134 768 86 41 and
244 766 265 44 Congestion
534 767 46 41 of
610 765 74 43 the
708 765 223 56 Pharynx,
958 773 190 35 without
1177 764 165 58 special
1375 765 306 57 hypertrophy

27 839 34 44 )f
82 840 57 42 its
164 839 196 43 follicles.

75 912 89 42 The
182 926 200 27 common
406 924 259 28 occurrence
684 909 46 42 of
750 909 90 43 this
864 910 226 43 condition
1115 924 159 43 among
1296 910 152 57 public
1471 911 207 43 speakers

33 983 222 43 llustrates
278 983 74 42 the
379 983 86 41 fact
486 982 99 42 that
617 982 75 43 the
715 982 214 56 Pharynx
962 983 127 56 plays
1112 997 24 28 a
1159 987 116 39 most
1306 983 244 56 important
1584 989 97 50 part

33 1070 27 27 n
95 1056 73 42 the
202 1055 258 56 production
494 1055 44 41 of
572 1054 132 43 voice.
771 1055 158 42 Public
952 1060 179 37 orators,
1153 1055 128 42 when
1316 1055 225 56 speaking,
1565 1055 112 43 have

18 1128 220 56 generally
266 1143 54 27 on
356 1127 74 43 the
463 1127 117 42 table
614 1126 150 43 beside
797 1127 122 42 them
952 1141 25 28 a
1007 1127 117 56 glass
1156 1127 48 42 of
1235 1133 143 37 water,
1402 1142 47 27 or
1481 1128 46 41 of
1557 1142 119 29 some

19 1200 159 55 special
212 1201 223 54 beverage,
458 1199 109 41 with
594 1198 145 43 which
774 1198 105 56 they
901 1199 165 42 refresh
1100 1199 75 42 the
1209 1199 147 42 throat
1388 1200 38 41 if
1454 1199 37 42 it
1522 1199 154 57 begins

17 1275 43 51 J;o
84 1272 85 43 feel
202 1272 93 56 dry,
318 1287 46 26 or
386 1272 37 41 if
451 1272 76 41 the
551 1271 120 42 voice
694 1271 153 42 begins
879 1275 46 37 to
949 1271 52 42 be
1023 1285 25 28 a
1070 1270 117 44 little
1212 1271 158 55 husky.
1436 1272 169 42 Mandl,
1628 1272 48 42 in

18 1344 67 42 tlis
119 1345 113 42 book
266 1357 117 29 upon
416 1344 74 41 the
522 1343 136 42 voice,
681 1343 179 42 devotes
882 1342 133 42 much
1038 1343 221 41 attention
1292 1348 45 37 to
1371 1343 89 42 this
1493 1345 186 41 subject,

21 1417 79 42 and
123 1417 121 56 gives
270 1431 48 26 us
342 1415 156 42 details
521 1414 135 42 about
678 1414 75 42 the
776 1414 190 55 practice
990 1415 45 40 of
1067 1429 133 41 many
1227 1414 283 43 well-known
1534 1420 144 39 actors

19 1489 82 41 md
143 1489 166 41 singers
352 1501 46 27 as
441 1491 44 37 to
528 1486 45 42 it.
658 1485 73 42 He
775 1485 125 42 takes
945 1499 51 28 us
1040 1485 166 42 behind
1251 1486 74 42 the
1370 1501 175 29 scenes:
1588 1488 88 42 and

17 1560 95 42 tells
145 1560 96 41 how
275 1573 81 27 one
390 1556 246 44 celebrated
669 1557 153 42 artiste
855 1557 216 43 refreshes
1105 1558 74 42 the
1212 1558 160 52 throat,
1405 1558 161 58 during
1598 1560 77 43 the

13 1607 237 81 |ntr'actes,
289 1637 109 35 with
440 1629 105 43 soda
588 1634 163 37 water;
795 1629 186 42 another
1017 1629 109 42 with
1173 1630 125 52 beer;
1341 1631 185 42 another
1565 1638 109 36 with

42 1709 137 37 orter;
211 1702 86 43 and
329 1716 47 28 so
409 1715 66 29 on.
541 1701 115 42 How
682 1700 56 42 do
772 1700 124 43 these
928 1700 134 43 fluids
1095 1706 71 38 act
1183 1704 15 40 ?
1262 1701 177 58 Clearly
1462 1703 107 43 they
1593 1719 83 27 can

25 1791 120 29 lever
175 1775 127 42 reach
328 1775 75 42 the
435 1774 168 55 larynx,
628 1774 77 41 but
740 1787 81 28 can
854 1773 104 43 only
985 1774 186 42 moisten
1206 1774 76 42 the
1305 1775 184 43 cavities
1523 1776 45 42 of
1601 1777 76 43 the

27 1848 136 42 nouth
196 1847 86 43 and
315 1860 213 42 pharynx.
594 1845 91 43 The
709 1845 221 56 necessity
955 1845 66 42 for
1043 1845 121 43 them
1188 1846 244 43 illustrates
1457 1848 74 43 the
1553 1853 123 52 great

30 1934 250 28 uiportance
302 1919 45 42 of
379 1918 75 42 the
478 1917 202 57 pharynx
704 1917 44 42 in
774 1917 421 56 voice-production.
1258 1918 64 42 As
1346 1933 25 27 a
1394 1925 100 50 part
1523 1921 45 42 of
1601 1921 75 43 the

20 1992 115 42 /ocal
171 1990 135 43 tube1
345 2005 48 27 or
429 1989 256 56 resonating
717 1988 218 54 chamber,
973 1989 75 43 the
1081 1990 214 56 Pharynx
1327 1990 127 57 helps
1493 1997 45 38 to
1574 1993 101 57 give

19 2077 168 29 volume
210 2062 85 43 and
320 2061 157 43 timbre
500 2067 44 36 to
569 2060 75 43 the
667 2061 146 42 voice:
846 2061 188 42 without
1056 2062 35 41 it
1123 2061 75 43 the
1223 2070 124 35 notes
1370 2063 48 42 of
1447 2064 74 43 the
1546 2066 131 42 finest

31 2150 138 27 arynx
202 2133 146 43 would
382 2133 53 43 be
470 2133 212 42 destitute
716 2133 44 42 of
798 2133 226 56 agreeable
1059 2133 174 56 quality
1267 2135 86 42 and
1389 2136 49 42 of
1471 2139 205 57 carrying

22 2221 146 29 Dower.

70 2279 90 42 The
184 2291 134 29 views
351 2277 47 42 of
427 2275 199 45 Michel2
657 2291 57 28 on
744 2276 90 44 this
860 2277 173 56 subject
1058 2292 71 29 are
1164 2278 102 43 thus
1290 2282 293 44 summarized
1616 2283 59 57 by

20 2350 395 44 Sciiech3:"The
444 2349 100 42 wall
577 2350 46 42 of
653 2349 75 43 the
762 2349 210 57 Pharynx
1006 2350 134 43 forms
1174 2351 74 43 the
1285 2358 113 38 most
1430 2354 245 43 important

24 2424 184 42 eliector
231 2424 65 41 for
318 2422 73 43 the
416 2422 308 43 sound-waves
748 2422 242 57 streaming
1012 2431 76 34 out
1112 2424 45 42 of
1185 2424 75 43 the
1284 2423 193 59 Larynx.
1543 2429 133 53 Here,

20 2496 76 42 md
119 2500 171 52 against
312 2494 74 43 the
411 2493 161 44 Velum
597 2494 156 51 Palati,
771 2494 107 57 they
903 2495 93 42 first
1019 2495 149 43 strike.
1234 2497 46 42 If
1299 2498 90 43 this
1414 2499 101 43 wall
1538 2501 37 43 is
1599 2507 78 38 not

18 2570 176 41 smooth,
233 2569 75 41 but
349 2567 160 56 knotty
546 2566 87 43 and
673 2581 188 38 uneven,
894 2568 111 42 from
1043 2569 305 55 granulations
1385 2572 88 42 and
1512 2572 165 58 hyper-

19 2641 198 56 .rophies,
251 2639 164 40 'sound
447 2639 225 43 shadows'
712 2645 121 37 must
865 2640 53 43 be
956 2640 198 55 formed;
1185 2642 97 56 just
1318 2657 47 29 as
1402 2658 57 28 an
1499 2660 176 30 uneven

12 2676 16 106 I

58 2790 12 23 1
97 2788 81 36 The
197 2787 212 49 expression
429 2786 140 37 "vocal
595 2786 121 37 tube"
735 2787 31 36 is
784 2788 93 36 used
903 2788 41 36 in
962 2801 72 25 one
1052 2789 41 37 of
1116 2789 65 37 the
1199 2790 83 37 best
1308 2792 216 48 pamphlets
1543 2807 48 24 on
1612 2795 64 37 the

15 2846 221 60 physiology
256 2848 40 36 of
322 2847 66 37 the
415 2847 152 48 Larynx
593 2847 84 37 that
711 2849 11 34 J
754 2860 62 24 am
842 2850 229 47 acquainted
1090 2851 106 47 with,
1216 2852 164 49 namely,
1400 2853 84 37 that
1514 2856 162 38 entitled

18 2909 259 38 Experimental
305 2909 205 36 Researches
534 2909 75 35 into
636 2908 55 36 the
713 2908 216 50 Physiology
955 2911 42 47 of
1017 2912 55 36 the
1099 2912 158 37 Human
1292 2913 100 37 Voice
1409 2927 11 25 :
1454 2928 22 23 a
1503 2916 171 48 Memoir,

18 2983 40 25 y
76 2970 103 37 John
198 2969 152 48 Bishop,
372 2969 197 47 M.R.C.S.,
588 2973 82 43 etc.,
690 2971 104 36 1836.

56 3032 14 23 2
101 3032 65 35 Die
184 3031 247 36 Krankheiten
447 3030 61 36 der
525 3030 228 37 Nasenhbhle
770 3031 78 36 und
866 3031 57 37 des
940 3032 418 48 Nasenrachenraumes,
1380 3037 104 36 1876.

55 3093 14 23 3
96 3094 69 35 Die
185 3092 249 36 Krankheiten
451 3092 61 36 der
541 3091 235 48 Mumihohle,
795 3093 58 36 des
878 3094 174 46 Ilachens,
1070 3095 78 36 und
1173 3095 61 36 der
1251 3096 113 37 Nase.
1417 3098 69 36 3rd
1506 3098 170 48 Edition,

31 3157 80 33 890.
