2107 3450
586 292 395 34 INFRA-PICTORIAL
1011 295 231 35 AUDITORY
1275 300 204 33 APHASIA.

1772 297 85 41 453

254 447 66 47 (2.)
358 445 94 37 New
481 444 77 37 and
589 442 222 40 unfamiliar
840 446 214 44 Questions.

254 532 20 17 "
288 531 75 34 Are
390 540 77 36 you
493 528 114 48 going
634 531 67 32 out
729 527 130 48 to-day
874 528 39 36 \"
967 528 47 37 In
1042 529 119 48 reply,
1181 532 146 47 patient
1353 533 143 48 merely
1520 534 118 38 shook
1665 536 58 37 his
1751 538 105 39 head.

204 586 135 37 Thrice
367 585 65 37 the
459 585 175 48 question
663 595 76 25 was
765 589 71 44 put
854 589 38 32 to
910 584 94 47 him,
1024 587 75 35 and
1127 587 120 38 thrice
1275 588 47 37 he
1351 589 118 37 shook
1498 591 59 36 his
1575 592 105 37 head.
1735 594 58 37 On
1811 597 48 36 its

204 646 114 46 heing
350 648 71 44 put
454 643 58 37 for
544 642 66 37 the
646 642 128 37 fourth
809 643 103 46 time,
948 642 48 38 he
1031 644 91 46 said,
1158 646 42 35 in
1234 649 107 34 tones
1375 648 41 35 of
1445 648 279 49 interrogation,
1759 655 18 17 "
1794 654 65 47 Up

203 703 64 36 the
285 703 84 48 day,
389 714 52 36 up
459 701 66 37 the
542 701 92 36 door
649 700 43 37 1"
718 700 146 49 (trying
881 705 39 32 to
938 706 129 43 repeat
1094 702 66 37 the
1187 704 122 36 words
1338 705 144 48 spoken
1499 710 38 32 to
1556 706 108 49 him).
1717 709 60 37 On
1794 711 65 37 the

202 760 175 49 question
394 759 114 48 being
525 758 110 49 again
663 759 109 36 twice
794 758 176 48 repeated
997 763 39 32 to
1063 759 93 47 him,
1175 760 48 37 he
1242 762 80 35 said
1341 763 20 19 "
1376 762 121 48 Key."
1549 764 149 49 During
1714 767 53 36 all
1784 769 76 36 this

201 818 92 36 time
310 817 49 36 he
373 815 170 38 watched
561 815 65 36 the
644 815 248 48 questioner's
910 815 74 49 lips
999 828 92 37 very
1106 817 150 49 closely,
1271 819 76 36 and
1364 819 138 38 looked
1519 833 92 36 very
1629 823 143 37 wistful
1785 826 75 35 and

202 875 194 37 attentive.

251 933 20 36 I
288 945 87 24 now
392 931 192 37 indicated
601 935 39 32 to
658 930 82 37 him
757 931 52 47 by
827 934 149 45 gesture
994 931 84 37 that
1097 933 20 35 I
1136 933 144 37 wished
1300 934 82 36 him
1400 939 38 32 to
1456 940 127 44 repeat
1600 937 65 37 the
1682 938 121 37 words
1822 938 41 37 of

201 989 64 37 the
282 990 175 48 question
476 1002 70 24 one
564 989 53 48 by
635 1001 71 24 one
724 988 96 37 after
836 1001 70 24 me.
963 989 61 37 He
1043 990 66 36 did
1133 1003 39 24 so
1190 1003 39 24 as
1247 991 148 38 follows
1412 1006 59 24 :—

640 1082 20 18 "
675 1080 153 49 Going"
854 1080 149 49 patient
1021 1082 80 35 said
1128 1084 20 18 "
1165 1082 132 37 Goin."

642 1138 145 37 "Out"
954 1167 20 18 „
1126 1140 143 36 "Oot."

643 1196 135 36 "To-"
955 1225 22 17 „
1129 1198 132 46 "You,
1279 1198 73 37 to."

641 1253 148 49 "Day"
952 1282 20 18 „
1125 1255 122 47 "Gee,
1262 1257 78 48 jay,
1360 1257 115 36 sing."

245 1339 200 38 Although
462 1339 66 36 the
546 1338 100 37 word
669 1339 20 19 "
703 1338 85 48 Day
802 1338 19 16 "
840 1351 76 24 was
934 1339 176 47 repeated
1136 1343 38 32 to
1202 1339 81 37 him
1301 1340 138 37 twelve
1457 1341 120 47 times,
1596 1342 47 36 he
1662 1342 112 37 could
1791 1348 67 32 not

196 1399 45 36 be
258 1403 65 44 got
339 1402 39 33 to
397 1409 215 38 pronounce
629 1397 42 36 it.
714 1397 62 36 He
794 1396 93 48 only
901 1396 81 36 said
1002 1397 20 19 "
1036 1397 129 47 Sing,"
1185 1401 81 43 etc.,
1281 1398 147 36 instead
1442 1398 40 36 of
1495 1399 57 44 it;
1578 1400 75 35 and
1669 1412 49 24 no
1736 1401 122 37 better

194 1457 119 36 residt
330 1469 75 24 was
422 1460 65 45 got
503 1468 95 24 even
616 1454 112 37 when
745 1454 66 37 the
829 1454 103 37 word
951 1467 75 23 was
1045 1454 160 36 shouted
1224 1459 38 32 to
1281 1455 82 36 him
1381 1455 97 37 close
1496 1460 39 32 to
1553 1456 59 37 his
1629 1458 103 48 right
1750 1471 69 24 ear.

244 1515 18 35 I
280 1527 89 24 now
385 1518 72 44 put
481 1513 66 36 the
573 1513 175 48 question
766 1516 39 33 to
824 1512 82 36 him
931 1512 43 36 in
998 1512 363 49 gesture-language,
1380 1513 52 48 by
1451 1515 176 46 pointing
1652 1520 66 31 out
1737 1516 40 36 of
1791 1517 66 37 the

196 1572 173 36 window,
389 1572 75 35 and
482 1571 157 36 making
657 1570 95 36 with
776 1574 75 32 two
869 1570 137 48 fingers
1024 1570 66 36 the
1108 1574 149 45 gesture
1282 1571 59 36 for
1358 1571 169 48 walking
1544 1572 84 36 that
1645 1573 31 36 is
1694 1574 93 36 used
1804 1575 52 48 by

195 1630 236 36 deaf-mutes.
485 1629 61 37 He
565 1628 231 37 understood
816 1640 61 24 me
895 1632 39 32 at
953 1641 102 34 once,
1075 1629 75 36 and
1169 1629 80 36 said
1266 1629 43 36 in
1328 1629 119 48 reply,
1469 1632 20 17 "
1503 1629 86 47 Yes,
1609 1630 111 48 walk,
1739 1632 108 37 fine."

244 1688 107 36 With
370 1687 107 37 other
493 1685 221 39 unfamiliar
738 1686 195 48 questions
959 1686 66 37 the
1050 1686 176 48 patient's
1250 1687 257 48 performance
1524 1688 33 35 is
1575 1688 143 37 seldom
1736 1689 121 37 better

193 1746 95 37 than
304 1746 66 36 the
388 1746 129 36 above.
569 1745 69 36 "We
653 1745 116 36 asked
787 1744 93 47 him,
893 1744 57 37 for
965 1745 182 48 example,
1162 1744 65 38 the
1245 1745 184 49 question,
1446 1747 20 18 "
1479 1746 101 36 How
1596 1746 32 36 is
1647 1747 104 36 Lilly
1764 1747 91 36 1"—

193 1804 182 36 referring
392 1808 39 32 to
449 1803 158 37 another
634 1803 148 49 patient
810 1803 93 36 with
933 1803 304 48 speech-trouble
1264 1804 43 35 in
1333 1802 66 37 the
1427 1803 112 37 ward.
1594 1805 61 36 He
1682 1806 174 36 repeated

194 1862 163 36 without
383 1861 186 37 difficulty
588 1861 65 37 the
671 1861 122 37 words
813 1863 21 18 "
848 1862 99 35 How
964 1861 68 46 is,"
1050 1861 71 36 but
1139 1860 48 38 he
1212 1861 112 37 could
1349 1865 68 33 not
1434 1861 47 37 be
1506 1866 64 44 got
1590 1866 38 32 to
1646 1868 127 43 repeat
1790 1864 65 37 the

194 1920 104 36 word
317 1922 20 18 "
352 1919 138 48 Lilly,"
509 1931 42 25 or
573 1923 39 33 to
629 1919 245 36 understand'
889 1919 66 36 the
981 1920 186 48 question.
1222 1919 155 36 Instead
1396 1919 41 36 of
1461 1921 19 18 "
1494 1919 136 49 Lilly,"
1647 1920 48 37 he
1712 1921 144 49 merely

193 1978 81 36 said
293 1979 21 18 "
326 1977 125 49 Sing,"
470 1989 80 34 etc.,
571 1982 324 44 experimentally.

243 2037 38 35 It
299 2036 136 36 should
453 2034 89 38 here
559 2035 47 36 be
624 2036 126 36 noted,
770 2035 85 37 that
871 2036 34 35 if
922 2036 66 37 the
1005 2036 149 49 patient
1181 2035 204 37 succeeded
1402 2035 42 36 in
1462 2036 194 48 repeating
1674 2038 181 46 correctly

193 2107 75 23 any
296 2094 104 36 word
431 2105 41 24 or
505 2097 174 33 sentence
714 2094 145 36 spoken
894 2098 38 32 to
966 2094 79 36 him
1083 2094 48 36 he
1165 2093 154 37 usually
1349 2097 40 32 at
1423 2106 89 24 once
1547 2099 230 32 understood
1806 2094 49 37 its

193 2152 188 48 meaning.

240 2210 65 47 (b.)
326 2209 223 37 Production
574 2210 42 46 of
635 2209 139 49 Spoken
799 2209 276 38 Sjieech.—The
1092 2209 148 49 patient
1266 2220 68 25 can
1362 2220 149 36 express
1528 2208 59 37 his
1605 2209 182 49 thoughts
1813 2210 41 37 in

192 2268 134 36 speech
360 2267 164 37 without
553 2267 116 37 much
699 2268 199 48 difficulty,
927 2268 71 36 but
1031 2266 220 50 frequently
1278 2267 309 47 mispronounces
1616 2268 133 46 words,
1777 2269 76 36 and

192 2326 213 37 sometimes
438 2338 85 24 uses
557 2338 129 25 wrong
720 2326 123 37 words
878 2325 266 49 (paraphasia).
1214 2324 61 36 He
1310 2323 195 49 evidently
1535 2324 67 36 has
1636 2336 49 25 no
1715 2326 139 36 special

191 2384 167 37 amnesia
376 2383 40 38 of
430 2396 133 24 nouns,
579 2396 40 24 as
636 2383 47 37 he
701 2384 145 48 readily
861 2384 152 37 enough
1030 2395 129 24 names
1178 2382 141 37 objects
1337 2381 130 37 shown
1486 2386 38 32 to
1542 2381 91 37 him.
1688 2382 61 37 He
1767 2395 86 35 was,

193 2454 70 24 one
294 2442 84 48 day,
408 2441 132 37 shown
569 2445 118 33 about
715 2441 88 37 fifty
832 2442 177 36 different
1039 2441 152 48 objects,
1224 2440 87 37 and,
1341 2452 40 24 as
1411 2452 22 23 a
1462 2439 94 46 rule,
1583 2440 137 37 named
1749 2440 106 37 them

191 2500 195 37 correctly.
439 2500 75 36 For
532 2500 181 48 example,
733 2500 48 36 he
799 2500 140 36 named
957 2499 182 37 correctly
1157 2511 21 24 a
1197 2498 162 37 number
1377 2496 40 38 of
1432 2497 103 37 coins
1554 2497 130 37 shown
1703 2502 38 32 to
1759 2497 94 37 him.

193 2558 48 36 In
269 2557 108 37 other
406 2569 110 26 cases,
540 2558 48 37 he
613 2557 319 49 mispronounced
964 2557 140 37 certain
1134 2568 130 25 names
1290 2555 84 37 that
1399 2568 97 24 were
1522 2555 161 37 difficult
1710 2555 40 37 of
1772 2568 83 36 pro-

191 2616 506 37 nunciation,—converting
712 2616 64 37 the
792 2616 104 36 word
916 2617 20 18 "
950 2615 179 37 scissors,"
1148 2614 56 37 for
1219 2613 181 48 example,
1416 2613 81 36 into
1516 2615 20 18 "
1550 2613 216 47 skisserits,"
1780 2614 76 36 and

190 2672 65 38 the
274 2674 103 36 word
395 2675 22 18 "
429 2673 218 38 moustache
660 2674 20 16 "
699 2674 81 36 into
800 2675 21 18 "
833 2678 182 32 muisaret
1032 2672 160 37 clache."
1244 2672 47 36 In
1305 2671 79 36 like
1402 2683 168 32 manner,
1589 2671 48 36 he
1656 2671 200 37 converted

192 2732 21 18 "
227 2731 117 37 wall"
362 2732 82 36 into
464 2734 19 18 "
498 2731 125 45 wait,"
642 2731 77 38 and
737 2731 200 50 "pocket"
954 2732 83 36 into
1058 2730 129 49 "pock
1206 2728 131 49 pock."

238 2788 62 37 He
318 2788 102 37 often
438 2789 100 36 talks
556 2789 212 49 pleasantly
788 2794 39 32 to
845 2789 66 37 the
929 2789 108 37 other
1054 2792 165 45 patients
1239 2788 41 35 in
1299 2786 64 37 the
1390 2786 113 46 ward,
1523 2786 147 49 though
1697 2786 47 37 he
1771 2799 84 24 can-

189 2851 67 31 not
282 2846 234 37 understand
542 2847 103 36 what
670 2847 92 48 they
788 2860 66 24 say
880 2851 39 32 to
946 2847 92 36 him.
1094 2846 48 37 In
1168 2844 151 38 talking
1345 2844 48 36 he
1420 2856 188 36 expresses
1634 2843 157 38 himself
1812 2844 43 37 in

185 2903 120 49 single
325 2904 133 45 words,
476 2904 144 37 broken
638 2909 204 32 sentences,
862 2905 75 36 and
954 2916 176 35 gestures.
1187 2903 49 36 In
1254 2902 76 36 this
1349 2914 95 35 way,
1463 2901 47 36 he
1529 2914 47 23 on
1596 2914 69 24 one
1684 2902 168 36 occasion

189 2961 109 37 made
316 2961 64 37 the
398 2963 165 47 patients
580 2962 106 48 quite
705 2962 234 37 understand
959 2963 93 35 that,
1073 2961 112 37 when
1210 2961 47 36 he
1281 2959 103 36 lived
1403 2960 39 35 in
1462 2959 173 48 Glasgow
1654 2958 124 37 before
1795 2959 60 36 his

190 3018 141 38 illness,
359 3018 48 38 he
434 3020 93 36 used
552 3019 145 48 greatly
715 3024 39 32 to
781 3021 112 47 enjoy
912 3020 64 36 the
1003 3020 150 47 singing
1180 3018 39 36 of
1243 3030 22 24 a
1290 3028 256 36 street-singer
1571 3015 84 37 who
1682 3015 75 37 had
1783 3016 74 36 lost

191 3076 95 38 both
312 3077 89 49 legs.
455 3078 61 35 He
544 3077 83 37 told
653 3077 104 37 them
785 3077 84 37 that
894 3077 48 37 he
968 3077 141 48 always
1135 3088 92 37 gave
1255 3075 76 36 this
1356 3086 89 24 man
1471 3086 22 24 a
1518 3085 128 37 penny
1673 3073 111 37 when
1810 3073 48 37 he

192 3133 116 39 heard
326 3134 81 37 him
428 3134 96 50 sing.
