2107 3450
335 282 209 40 APHASIA,
576 281 105 31 ETC.,
714 280 45 31 IN
796 280 225 32 RELATION
1054 281 55 30 TO
1142 281 286 32 FUNCTIONAL
1460 282 262 34 DISORDERS.
1774 270 85 46 379

257 403 36 42 1.
327 402 280 44 Conditions
630 413 54 31 of
717 402 301 41 Evanescent
1052 402 528 44 Inflammation.—The
1603 404 127 41 brain
1750 404 36 43 is
1810 419 46 28 so

197 474 185 43 delicate
405 475 46 42 in
475 480 173 37 texture
682 474 97 42 that
802 474 35 41 it
859 487 79 28 can
971 473 81 42 but
1077 474 164 41 seldom
1280 475 50 41 be
1364 475 205 42 attacked
1607 476 54 55 by
1684 475 171 44 inflam-

197 545 166 45 mation
389 554 187 35 without
599 546 209 43 suffering
837 545 143 43 either
1002 545 109 43 total
1135 545 273 43 destruction
1442 547 48 41 of
1518 551 174 39 texture
1714 551 47 39 at
1783 548 74 43 the

197 622 97 49 part
326 617 221 42 inflamed,
568 631 47 28 or
637 620 47 39 at
706 616 111 43 least
839 630 26 28 a
887 615 157 56 degree
1067 616 45 42 of
1134 616 196 43 textural
1364 616 182 56 damage
1580 616 98 43 that
1710 616 146 44 leaves

198 688 173 51 behind,
394 688 322 58 permanently,
740 702 118 28 more
881 702 48 28 or
960 687 86 44 less
1070 688 182 43 change.
1318 687 149 43 When
1503 688 73 42 the
1611 688 246 42 inflamma-

196 760 91 42 tion
313 761 150 42 affects
488 761 74 42 the
585 766 170 37 centres
781 760 68 43 for
871 759 172 57 speech,
1065 760 194 56 aphasia,
1281 759 47 44 in
1364 774 82 28 one
1483 774 47 28 or
1566 760 125 42 other
1722 760 48 42 of
1798 760 58 42 its

197 832 217 51 varieties,
448 832 49 51 is,
527 832 45 42 of
604 846 164 39 course,
792 832 251 43 developed.
1109 832 262 43 Sometimes
1404 833 36 42 it
1473 833 37 41 is
1543 846 25 28 a
1601 832 257 55 meningitis

196 915 103 28 over
335 902 75 42 the
448 900 354 58 speech-centres
846 902 99 42 that
987 916 152 29 causes
1183 902 75 43 the
1296 902 193 56 aphasia,
1522 902 58 55 by
1621 901 156 56 spread
1813 901 48 42 of

196 973 325 57 inflammatory
544 974 148 43 action
716 974 111 42 from
853 974 75 43 the
951 974 275 43 membranes
1256 980 43 37 to
1333 974 74 42 the
1431 974 231 42 subjacent
1685 978 146 37 cortex
1850 988 8 38 ;

197 1046 251 42 sometimes
471 1046 37 42 it
530 1046 36 42 is
584 1060 25 28 a
627 1046 239 52 cerebritis,
884 1047 206 42 affecting
1112 1046 75 43 the
1209 1046 384 43 brain-substance
1616 1045 240 56 primarily.

260 1118 20 41 I
304 1117 111 43 need
439 1123 78 37 not
540 1132 78 43 say
641 1118 46 43 in
713 1118 118 43 what
852 1131 25 31 a
898 1118 119 57 large
1040 1118 253 56 proportion
1323 1119 47 41 of
1399 1132 119 28 cases
1541 1117 129 43 death
1698 1120 160 39 results

198 1189 127 42 when
350 1190 122 42 there
495 1190 37 43 is
555 1194 127 39 acute
703 1190 323 42 inflammation
1045 1191 47 41 of
1111 1191 77 42 the
1205 1191 138 42 brain,
1361 1205 47 28 or
1425 1191 45 41 of
1492 1190 58 42 its
1568 1203 289 29 membranes.

198 1261 88 42 But
320 1276 120 29 some
474 1276 119 29 cases
627 1261 55 43 do
716 1276 202 29 recover;
950 1262 87 42 and
1059 1263 48 41 in
1136 1277 26 28 a
1187 1277 104 28 very
1315 1263 85 42 few
1422 1262 75 43 the
1529 1262 327 55 inflammatory

195 1334 146 42 action
384 1334 38 42 is
465 1349 47 28 so
551 1339 265 38 evanescent
853 1348 47 29 as
938 1334 264 56 apparently
1242 1340 44 37 to
1329 1349 129 28 cause
1499 1349 55 27 no
1597 1338 261 52 permanent

197 1405 181 56 damage
401 1411 44 37 to
468 1406 300 42 brain-tissue.
833 1406 23 41 I
887 1406 114 42 shall
1033 1420 97 28 now
1153 1407 130 41 make
1305 1421 25 27 a
1352 1406 124 42 short
1507 1420 103 28 note
1633 1406 45 42 of
1704 1405 109 43 such
1836 1420 24 27 a

197 1491 96 28 case
316 1478 46 42 of
391 1478 217 55 complete
640 1492 221 42 recovery,
885 1478 113 42 after
1030 1492 25 28 a
1088 1479 227 42 cerebritis
1341 1478 141 43 which
1517 1479 87 42 had
1637 1492 222 42 produced

195 1548 217 55 complete
436 1548 214 55 paralysis
674 1549 46 42 of
741 1548 74 43 the
838 1549 119 56 right
979 1549 93 42 side
1095 1550 45 41 of
1170 1550 74 42 the
1268 1550 130 56 body,
1421 1550 87 42 and
1541 1550 92 42 also
1667 1550 192 42 aphasia.

195 1620 22 42 I
241 1619 132 43 think
407 1620 74 42 the
514 1634 98 29 case
645 1620 38 43 is
707 1620 142 43 worth
881 1621 182 57 making
1096 1636 25 28 a
1153 1627 103 37 note
1289 1622 45 42 of
1367 1637 112 28 even
1510 1622 351 57 independently

194 1691 46 42 of
261 1691 57 42 its
349 1691 201 56 bearings
579 1706 56 28 on
667 1692 185 55 speech;
885 1693 185 42 because
1103 1693 37 42 it
1173 1708 141 28 seems
1348 1699 45 37 to
1426 1708 70 27 me
1529 1698 45 37 to
1607 1694 53 42 be
1690 1708 26 28 a
1747 1694 112 55 good

192 1760 201 55 example
416 1760 47 43 of
483 1775 25 27 a
531 1761 228 43 condition
783 1761 143 43 which
949 1767 150 51 ought,
1119 1761 22 43 I
1165 1763 147 42 think,
1334 1768 44 37 to
1401 1763 54 43 be
1481 1777 118 29 more
1616 1763 242 56 familiarly

195 1831 161 42 known
380 1832 108 42 than
510 1832 38 44 it
569 1832 37 43 is
629 1837 46 39 at
696 1838 190 52 present.
951 1834 23 42 I
998 1849 129 28 mean
1152 1835 74 43 the
1249 1835 230 43 condition
1512 1836 45 42 of
1589 1841 129 38 acute
1741 1850 117 29 cere-

192 1904 125 43 britis
352 1905 46 42 in
433 1919 82 29 one
550 1905 289 57 hemisphere,
874 1907 182 57 causing
1090 1907 280 56 hemiplegia,
1403 1908 89 43 and
1526 1908 123 43 often
1681 1908 177 57 leaving

191 1976 164 43 behind
372 1977 48 52 it,
435 1977 129 44 when
582 1979 232 43 recovered
834 1979 127 55 from,
979 1979 167 43 mental
1163 1980 341 43 enfeeblement,
1518 1995 47 28 or
1582 1981 275 42 Jacksonian

191 2049 210 56 epilepsy,
425 2065 47 27 or
506 2051 108 42 both
650 2051 47 42 of
729 2051 123 43 these
887 2051 210 57 together.
1161 2052 106 42 This
1301 2052 228 43 condition
1561 2053 37 42 is
1630 2053 229 57 generally

190 2124 253 56 recognised
484 2128 47 40 to
574 2125 54 43 be
670 2130 149 51 pretty
858 2140 204 28 common
1106 2125 47 43 in
1197 2125 231 43 children,1
1477 2126 81 42 but
1606 2126 23 42 I
1679 2126 55 42 do
1778 2131 79 38 not

191 2197 129 43 think
358 2197 36 43 it
431 2198 38 42 is
503 2198 225 55 generally
752 2199 163 42 known
953 2204 44 37 to
1035 2212 131 29 occur
1200 2198 104 43 also,
1337 2199 89 42 and
1459 2203 79 38 not
1570 2214 107 42 very
1699 2199 158 51 rarely,

190 2268 45 43 in
273 2269 285 44 adolescents.
621 2270 176 56 During
831 2271 74 42 the
943 2270 87 42 last
1068 2275 87 37 two
1192 2285 140 42 years,
1368 2271 19 41 I
1422 2271 114 43 have
1570 2270 164 58 myself
1769 2271 86 43 had

188 2341 141 42 under
351 2346 239 38 treatment
615 2342 122 43 three
775 2357 119 28 cases
932 2343 47 42 of
1013 2343 37 42 it
1081 2343 48 42 in
1162 2343 377 43 adolescents,—a
1570 2343 117 57 girl2
1707 2344 90 43 and
1829 2358 27 29 a

188 2412 152 56 youth,
365 2413 104 43 both
492 2414 110 55 aged
628 2415 68 51 18,
717 2414 88 43 and
832 2414 75 43 the
929 2414 96 57 girl,
1049 2414 109 57 aged
1188 2415 68 51 15,
1283 2415 144 43 whose
1461 2430 98 28 case
1593 2416 23 42 I
1650 2430 72 28 am
1756 2431 98 27 now

189 2486 131 54 going
354 2490 45 38 to
436 2486 129 43 make
603 2501 25 28 a
666 2491 102 38 note
804 2488 53 42 of.
923 2488 53 41 In
1014 2487 73 43 the
1122 2492 87 37 two
1244 2488 172 43 former,
1440 2488 76 43 the
1550 2493 129 39 acute
1701 2488 155 44 illness

190 2558 192 43 resulted
404 2559 46 42 in
475 2565 262 50 permanent
770 2560 81 43 left
882 2560 296 57 hemiplegia;
1223 2561 44 41 in
1306 2561 75 43 the
1415 2561 144 44 latter,
1582 2576 46 29 as
1654 2576 64 29 we
1741 2562 113 43 shall

190 2645 83 39 see,
296 2632 123 43 there
443 2647 87 28 was
554 2632 65 43 for
642 2647 25 28 a
700 2633 106 42 time
840 2633 119 56 right
999 2633 267 56 hemiplegia
1305 2634 88 43 and
1428 2634 194 57 aphasia,
1645 2635 82 43 but
1749 2641 105 37 ulti-

191 2704 164 57 mately
379 2705 216 56 complete
618 2720 218 42 recovery.

237 2857 9 19 1
276 2858 82 37 The
376 2859 82 37 best
474 2860 229 48 description
722 2860 40 37 of
777 2860 77 37 this
873 2860 229 49 hemiplegia
1121 2861 40 35 of
1185 2861 169 37 children
1376 2862 85 36 that
1481 2862 17 36 I
1518 2862 115 36 know
1652 2861 41 36 of
1716 2861 32 37 is
1774 2862 84 36 that

186 2919 111 47 given
310 2919 50 48 by
376 2920 157 37 Henoch
545 2921 40 36 in
597 2920 59 37 his
667 2922 169 36 Lectures
848 2934 46 24 on
909 2922 203 38 Children's
1127 2923 178 37 Diseases.
1360 2923 70 37 See
1446 2922 56 38 Di
1515 2923 104 36 John
1634 2922 223 38 Thomson's

187 2979 234 48 translation,
439 2981 92 37 New
549 2982 83 48 Syd.
653 2982 149 48 Society,
819 2986 107 34 1889,
945 2983 75 37 vol.
1042 2984 23 36 i.
1087 2996 34 36 p.
1143 2984 83 37 290.

236 3041 14 23 2
278 3041 45 36 In
342 3042 76 36 this
436 3042 101 49 girl's
556 3056 92 25 case,
677 3043 65 37 the
760 3044 192 37 cerebritis
978 3056 77 26 was
1081 3044 201 49 distinctly
1308 3058 22 24 a
1357 3044 154 38 sequela
1537 3044 41 38 of
1600 3057 50 25 an
1675 3045 128 37 attack
1822 3045 41 36 of

189 3101 186 38 influenza
393 3116 7 31 ;
427 3103 70 37 but
515 3103 106 38 there
639 3117 75 25 was
732 3117 50 25 no
800 3105 180 37 evidence
998 3109 39 33 to
1056 3105 104 38 show
1188 3106 83 37 that
1297 3106 191 37 influenza
1513 3106 71 36 had
1614 3106 189 50 anything
1822 3111 38 31 to

190 3161 48 38 do
259 3161 92 37 with
370 3162 65 40 the
452 3164 194 38 causation
664 3164 40 37 of
720 3164 66 38 the
804 3164 110 39 other
931 3169 76 35 two
1027 3178 109 27 cases.
