2107 3450
790 260 162 32 VISUAL
984 260 208 32 APHASIA.

1740 251 86 41 343

221 391 20 16 "
257 386 90 42 The
382 384 123 42 brain
540 398 87 28 was
661 382 221 42 hardened
920 396 46 27 as
1002 396 24 27 a
1058 382 150 51 whole,
1232 383 86 41 and
1344 383 319 56 subsequently
1687 388 140 37 trans-

164 472 121 29 verse
309 458 188 42 sections
521 470 111 28 were
668 454 124 43 made
819 459 42 37 to
892 454 215 42 ascertain
1133 454 74 43 the
1230 458 128 39 exact
1383 469 155 28 nature
1562 455 88 42 and
1674 459 154 39 extent

162 531 47 42 of
234 529 72 43 the
328 528 201 56 atrophy.
595 527 64 43 As
693 541 26 28 a
742 525 138 44 result
902 526 45 42 of
979 526 133 52 these,
1135 526 36 42 it
1194 540 88 29 was
1309 526 136 42 found
1468 526 98 42 that
1590 526 123 43 there
1739 541 88 28 was

163 616 25 28 a
216 606 223 38 softening
462 600 47 42 of
541 599 73 42 the
650 598 132 43 white
819 604 159 36 matter
1000 598 45 41 in
1072 598 73 42 the
1168 598 107 42 floor
1297 599 45 41 of
1379 599 74 42 the
1483 598 214 56 posterior
1719 598 107 41 horn

164 673 45 42 of
232 673 73 42 the
329 672 79 42 left
432 671 153 43 lateral
611 670 225 43 ventricle,
859 670 86 42 due
976 670 211 56 probably
1214 676 44 37 to
1283 670 74 44 the
1382 670 208 43 blocking
1612 671 45 42 of
1679 685 82 28 one
1785 672 44 41 of

166 746 72 40 the
264 744 212 42 branches
509 744 47 41 of
586 743 74 42 the
695 743 213 56 posterior
933 743 190 42 cerebral
1149 749 155 37 artery.
1369 743 105 43 This
1497 743 223 43 softening
1741 757 88 28 was

165 822 77 37 not
264 817 47 42 of
342 816 72 42 the
450 815 125 43 usual
609 815 105 43 kind
750 815 44 42 in
828 815 142 43 which
995 815 106 43 both
1128 816 132 42 white
1285 816 85 42 and
1394 830 104 42 grey
1524 821 164 37 matter
1710 817 118 41 alike

164 889 144 50 suffer,
332 889 92 50 but,
446 902 46 29 as
525 888 253 43 sometimes
802 887 210 58 happens,
1035 888 238 43 especially
1297 889 45 41 in
1377 894 245 38 softenings
1656 888 172 42 involv-

165 963 74 41 ing
263 962 72 42 the
374 961 122 42 walls
518 961 47 42 of
597 961 73 43 the
695 960 245 44 ventricles,
966 962 34 41 it
1028 961 183 43 affected
1246 961 74 43 the
1346 961 133 43 white
1514 967 161 37 matter
1708 975 119 29 only.

165 1034 104 42 This
304 1034 85 42 had
425 1033 291 43 degenerated
755 1033 86 43 and
880 1033 176 43 become
1094 1033 229 56 gradually
1358 1034 225 43 absorbed,
1606 1034 87 43 and
1726 1047 46 29 as
1806 1047 24 27 a

166 1121 298 42 consequence
499 1107 73 42 the
608 1106 109 43 horn
741 1106 45 42 of
809 1106 74 43 the
908 1106 213 43 ventricle
1145 1106 86 42 had
1255 1107 177 42 become
1456 1106 165 43 dilated
1644 1111 45 38 to
1713 1121 114 27 com-

165 1185 181 51 pensate
381 1179 66 43 for
484 1179 74 43 the
596 1178 88 44 loss
717 1179 47 42 of
798 1178 112 44 solid
943 1178 211 42 material.
1219 1178 91 42 The
1343 1193 103 41 grey
1482 1183 159 38 matter
1676 1179 44 41 of
1754 1179 75 43 the

167 1257 306 38 convolutions
516 1251 86 43 had
646 1252 111 43 been
799 1251 93 51 left,
937 1250 166 43 though
1149 1251 45 41 in
1239 1265 25 27 a
1305 1251 244 42 somewhat
1600 1252 231 55 atrophied

167 1325 238 43 condition,
428 1325 87 42 and
550 1324 115 42 their
700 1324 109 42 form
851 1337 86 29 was
971 1322 267 44 reproduced
1262 1323 47 41 in
1332 1322 76 42 the
1432 1322 104 42 floor
1558 1323 45 41 of
1625 1323 76 42 the
1726 1338 103 28 ven-

167 1397 138 43 tricle,
327 1397 81 42 but
429 1396 175 44 exactly
629 1396 73 42 the
736 1410 170 28 reverse
929 1396 45 42 of
1001 1395 114 42 their
1146 1409 273 41 appearance
1452 1410 54 27 on
1531 1395 76 43 the
1630 1396 201 42 external

166 1469 179 42 surface.
408 1468 43 42 A
484 1481 284 29 microscopic
802 1466 300 43 examination
1126 1466 46 42 of
1205 1466 123 42 these
1351 1465 312 44 convolutions
1686 1467 45 41 in
1756 1467 76 42 the

166 1540 116 42 fresh
319 1540 224 42 condition
581 1539 35 42 it
652 1553 84 28 was
772 1543 76 37 not
878 1538 193 56 possible
1106 1544 44 36 to
1183 1538 142 51 make,
1348 1552 46 28 as
1421 1538 37 42 it
1482 1552 87 28 was
1592 1538 172 43 desired
1788 1545 44 36 to

165 1613 164 42 harden
370 1612 74 42 the
483 1612 124 42 brain
651 1626 47 27 as
740 1626 25 27 a
804 1610 151 43 whole.
1022 1611 90 41 But
1149 1624 56 28 an
1245 1610 305 43 examination
1587 1611 47 42 of
1664 1612 170 42 similar

165 1684 246 43 conditions
447 1684 46 42 in
525 1684 126 42 other
684 1697 118 29 cases
837 1683 151 42 makes
1021 1683 36 42 it
1090 1683 180 51 certain,
1294 1683 110 53 that,
1428 1683 169 58 though
1631 1684 75 44 the
1730 1699 102 28 con-

164 1762 222 36 volutions
430 1755 229 57 preserved
705 1755 116 43 their
864 1756 112 41 form
1029 1755 44 42 in
1117 1769 25 28 a
1184 1754 176 57 general
1406 1769 109 42 way,
1559 1755 107 56 they
1722 1771 110 27 were

164 1828 291 56 functionally
493 1829 205 42 inactive,
724 1828 114 42 their
873 1827 166 42 central
1077 1828 270 42 connexions
1383 1827 131 43 being
1548 1834 75 36 cut
1651 1829 70 52 off,
1745 1829 87 43 and

166 1902 73 42 the
263 1916 131 28 nerve
417 1906 212 38 elements
662 1901 303 42 degenerated.
1030 1900 72 42 An
1135 1901 316 42 investigation
1475 1901 46 42 of
1544 1901 75 43 the
1641 1903 192 42 sections

164 1975 44 42 of
232 1975 73 42 the
329 1975 125 42 brain
477 1974 177 42 showed
680 1979 96 37 that
810 1973 74 43 the
907 1973 191 57 atrophy
1121 1973 220 43 extended
1366 1973 113 43 from
1503 1974 75 42 the
1602 1975 65 56 tip
1691 1975 48 42 of
1758 1975 75 43 the

167 2048 138 42 under
327 2048 169 42 surface
514 2048 47 41 of
582 2047 74 42 the
675 2046 206 57 occipital
905 2046 109 43 lobe,
1034 2046 144 43 where
1197 2046 75 43 the
1291 2045 166 44 dilated
1481 2048 217 55 posterior
1720 2048 113 43 horn

166 2120 183 43 reached
369 2126 43 36 to
434 2119 155 43 within
608 2134 56 27 an
682 2119 152 43 eighth
854 2119 46 42 of
916 2133 54 28 an
991 2119 104 42 inch
1114 2119 47 42 of
1176 2118 75 44 the
1269 2119 182 52 surface,
1469 2133 46 29 as
1536 2120 64 42 far
1623 2121 211 43 forwards

165 2207 47 29 as
235 2193 75 43 the
335 2192 165 42 middle
518 2192 48 42 of
587 2191 72 43 the
679 2206 127 28 crura
824 2191 175 43 cerebri.
1065 2191 115 42 That
1197 2192 35 41 is
1251 2195 45 38 to
1314 2205 90 42 say,
1424 2191 75 44 the
1523 2198 310 39 convolutions

166 2265 183 43 affected
369 2279 110 28 were
503 2265 125 42 those
646 2264 257 57 designated
926 2264 174 43 median
1119 2264 85 42 and
1225 2264 154 42 lateral
1403 2266 430 43 occipito-temporai

165 2338 184 56 (Ecker)
371 2352 47 28 or
440 2336 169 43 lingual
632 2337 86 42 and
745 2337 197 42 fusiform
967 2336 184 52 lobules,
1169 2337 200 43 together
1389 2337 106 43 with
1521 2338 74 43 the
1619 2340 215 55 posterior

166 2410 95 42 half
291 2412 47 40 of
368 2410 74 43 the
474 2425 135 41 gyrus
642 2410 294 56 hippocampi.
1001 2409 140 43 There
1167 2424 86 28 was
1286 2424 56 29 no
1376 2410 205 44 affection
1615 2413 47 41 of
1692 2420 142 36 either

167 2483 173 43 Broca's
363 2483 286 43 convolution
673 2497 48 29 or
743 2483 75 42 the
839 2482 185 57 angular
1045 2481 171 58 gyrus."

228 2556 64 41 Dr
310 2555 291 44 Middlemass
619 2555 331 57 photographed
970 2555 74 43 the
1062 2555 138 51 brain,
1219 2554 86 43 and
1325 2555 126 43 made
1469 2571 25 27 a
1512 2556 116 58 large
1648 2558 187 43 number

167 2629 45 41 of
244 2633 248 38 transverse
525 2628 191 43 sections
745 2628 46 42 of
823 2627 75 43 the
931 2627 207 57 occipital
1171 2627 109 43 lobe.
1346 2627 61 43 Of
1436 2629 104 42 eacli
1576 2630 169 42 section
1779 2630 54 43 he

168 2700 125 43 made
327 2715 56 27 an
416 2705 129 38 exact
577 2700 197 58 drawing
797 2701 58 43 by
878 2701 72 42 aid
973 2701 48 42 of
1041 2700 73 43 the
1137 2715 174 28 camera
1343 2700 159 44 lucida.
1569 2702 21 42 I
1614 2717 71 28 am
1712 2718 121 43 sorry

171 2773 19 42 I
214 2778 163 37 cannot
399 2772 178 58 publish
602 2774 145 56 copies
770 2773 47 43 of
846 2773 60 43 all
930 2774 47 42 of
1008 2773 122 43 these
1164 2773 233 57 drawings,
1421 2774 80 42 but
1525 2774 22 42 I
1573 2775 110 44 have
1706 2777 128 43 made

167 2860 25 28 a
214 2845 210 43 selection
447 2846 45 42 of
524 2845 121 57 eight
668 2847 47 42 of
735 2846 119 43 them
892 2846 89 57 (see
1005 2847 91 56 Fig.
1125 2847 84 56 11).
1277 2846 55 42 In
1355 2846 106 43 each
1486 2861 96 29 case
1607 2847 76 44 the
1706 2856 129 36 exact

170 2917 190 57 position
384 2923 46 37 at
453 2917 143 44 which
620 2918 76 44 the
719 2919 167 43 section
913 2933 86 29 was
1023 2918 127 43 made
1174 2919 36 42 is
1233 2918 225 44 indicated
1483 2919 57 56 by
1564 2920 58 43 its
1646 2922 188 43 number

169 2990 86 42 and
289 2989 74 43 the
396 2990 342 56 corresponding
762 2991 185 42 number
970 2991 85 42 and
1079 2991 91 42 line
1194 3006 55 27 on
1275 2991 73 42 the
1378 2991 286 58 photograph,
1689 2995 145 42 which

170 3062 21 43 I
225 3061 91 44 also
347 3062 240 56 reproduce
622 3063 108 57 (Fig.
759 3063 85 43 10).
910 3064 129 42 From
1074 3063 122 43 these
1230 3063 204 43 sections,
1458 3063 74 43 the
1564 3065 152 43 reader
1743 3068 91 41 will

169 3135 181 45 observe
375 3135 96 44 how
496 3134 131 44 much
663 3135 73 44 the
770 3135 213 59 posterior
1016 3135 106 43 horn
1149 3135 45 42 of
1228 3135 72 44 the
1335 3132 83 48 left
1441 3135 154 45 lateral
1621 3140 214 45 ventricle
