2113 3404
330 252 85 43 154

811 270 87 31 THE
930 270 242 34 DISORDERS
1205 271 53 32 OF
1289 271 175 33 SPEECH.

327 384 45 42 of
403 384 277 58 intelligence
711 388 58 57 by
801 388 73 45 the
905 389 106 45 laws
1042 392 44 42 of
1117 397 212 38 variation
1359 391 203 44 affecting
1591 392 59 42 all
1677 395 259 52 procreative

327 455 131 43 kinds
490 456 47 43 of
565 457 139 57 being,
736 459 116 43 until
883 460 73 42 the
988 475 202 42 progeny,
1223 462 47 41 in
1301 462 73 42 the
1407 475 147 29 course
1586 462 44 42 of
1661 464 275 54 generations,

329 526 194 43 attained
544 531 45 39 to
611 543 47 28 so
690 529 203 57 enlarged
923 545 56 28 an
1004 531 342 42 understanding
1370 545 45 28 as
1438 535 43 38 to
1503 531 172 43 become
1697 531 172 56 capable
1898 538 42 40 of

328 598 297 54 appreciating
657 600 104 42 each
793 601 156 42 other's
981 601 208 42 motives;
1220 601 45 41 of
1285 601 127 42 being
1435 601 153 42 moved
1620 606 43 36 to
1685 602 250 46 admiration

329 667 86 42 and
446 667 98 44 love
574 669 58 56 by
665 669 74 43 the
771 670 241 42 exhibition
1045 671 46 40 of
1119 670 149 55 loving
1299 684 191 41 courage,
1521 685 46 28 or
1599 676 43 38 to
1674 672 263 43 indignation

331 738 85 42 and
439 743 43 37 to
504 738 100 43 hate
626 740 57 55 by
715 740 241 42 malignant
978 740 211 42 conduct;
1220 740 44 41 of
1294 740 166 55 finding
1490 741 249 55 enjoyment
1767 756 46 28 or
1844 744 94 54 pain

329 809 46 41 in
410 809 74 42 the
517 809 207 55 applause
758 824 46 27 or
837 810 275 42 reprobation
1145 811 44 41 of
1220 811 113 42 their
1356 811 176 42 fellows,
1555 826 45 27 or
1632 813 43 41 of
1707 812 110 43 their
1848 827 89 31 own

331 879 202 42 reflected
567 879 207 56 thoughts
793 895 9 36 ;
834 880 86 42 and
953 894 153 28 sooner
1139 895 47 28 or
1216 880 122 43 later,
1360 881 44 42 of
1438 882 124 55 using
1595 882 214 43 imitative
1830 884 110 42 signs

330 950 65 42 for
417 950 72 42 the
512 964 183 41 purpose
713 951 46 41 of
778 950 201 56 bringing
996 951 152 42 absent
1166 951 145 56 things
1329 956 43 37 to
1390 951 73 43 the
1481 952 205 42 thoughts
1703 953 43 41 of
1767 954 173 44 another

332 1020 122 42 mind
472 1020 48 43 ?"

391 1091 54 41 In
479 1091 147 55 trying
659 1094 44 39 to
736 1105 127 42 guess
896 1096 45 37 at
975 1091 73 43 the
1083 1106 146 28 means
1264 1092 140 42 which
1433 1107 112 37 man,
1567 1107 45 28 as
1634 1098 74 50 yet
1729 1093 151 43 devoid
1901 1096 39 41 of

330 1161 168 55 speech,
523 1161 141 42 would
687 1161 173 56 employ
881 1162 46 41 in
959 1163 251 55 expressing
1241 1162 66 42 his
1330 1163 205 56 thoughts
1557 1164 84 42 and
1663 1165 207 41 emotions
1900 1172 40 35 to

331 1232 67 42 his
430 1231 178 52 fellows,
633 1231 75 43 the
739 1232 272 55 philologists
1044 1233 43 41 of
1119 1233 86 42 this
1238 1233 146 42 school
1416 1234 77 41 ask
1529 1234 411 44 themselves:—(1.)

331 1303 137 42 What
489 1303 100 42 does
621 1317 25 27 a
677 1317 101 27 man
810 1303 47 41 of
886 1303 73 43 the
990 1308 175 51 present
1197 1303 105 42 time
1333 1304 53 41 do
1418 1303 47 43 in
1492 1304 146 55 trying
1659 1308 44 38 to
1726 1305 123 41 make
1879 1305 62 43 his

331 1380 139 37 wants
491 1374 174 50 known,
687 1374 138 52 when,
847 1374 44 41 in
911 1388 23 27 a
957 1374 165 56 foreign
1145 1381 195 49 country,
1355 1375 53 41 he
1426 1375 110 41 finds
1559 1375 177 41 himself
1754 1382 188 35 amongst

333 1446 121 42 those
488 1449 44 37 to
569 1445 141 41 whom
742 1445 67 41 his
847 1444 347 43 mother-tongue
1237 1445 37 42 is
1315 1446 221 41 unknown
1553 1448 14 40 ?
1646 1445 71 47 (2.)
1753 1445 110 41 How
1894 1446 48 41 do

333 1529 176 29 savages
531 1515 80 42 eke
643 1519 76 38 out
751 1515 73 42 the
856 1515 246 55 expressive
1133 1529 166 42 powers
1331 1515 44 42 of
1406 1516 112 42 their
1548 1516 294 41 rudimentary
1864 1517 76 40 and

333 1585 228 56 imperfect
602 1585 232 56 languages
852 1588 14 39 ?
930 1585 72 57 (3.)
1038 1586 113 41 How
1195 1586 53 41 do
1286 1586 259 42 deaf-mutes
1582 1586 96 41 who
1719 1586 109 42 have
1873 1593 70 35 not

333 1658 109 41 been
474 1656 209 42 educated
714 1660 45 38 to
791 1656 132 55 speak
955 1670 175 28 express
1162 1656 112 42 their
1304 1657 206 41 thoughts
1527 1658 15 40 ?
1603 1656 103 42 And
1728 1656 77 55 (4.)
1836 1656 104 42 How

333 1728 53 41 do
409 1727 194 42 children
636 1726 95 43 who
763 1727 110 42 have
906 1731 75 38 not
1001 1731 75 51 yet
1097 1727 174 42 learned
1302 1733 42 36 to
1368 1727 133 55 speak
1522 1727 125 41 make
1669 1726 113 42 their
1813 1732 128 36 wants

332 1799 161 41 known
510 1801 16 39 ?
586 1799 90 41 The
706 1812 166 28 answer
903 1798 37 42 is
963 1798 107 50 that,
1092 1798 46 41 in
1170 1798 60 41 all
1261 1798 121 42 these
1415 1812 127 28 cases,
1563 1798 74 42 the
1668 1797 207 56 language
1903 1799 42 41 of

333 1869 145 42 Facial
500 1869 263 54 Expression
785 1869 86 41 and
894 1868 183 43 Gesture
1098 1869 36 41 is
1158 1868 271 42 extensively
1451 1868 104 42 used
1572 1884 9 37 ;
1611 1868 97 50 and,
1730 1873 150 37 except
1900 1867 41 42 in

333 1941 73 41 the
429 1954 95 28 case
547 1940 46 42 of
611 1939 273 43 deaf-mutes,
907 1939 95 41 that
1023 1939 247 41 Emotional
1298 1940 139 41 Tones
1459 1953 46 28 or
1526 1939 320 42 Exclamations
1877 1953 63 26 are

334 2011 149 42 added,
526 2025 46 27 as
605 2009 99 43 well
735 2024 58 28 as,
829 2009 49 43 in
915 2024 131 41 many
1083 2023 130 29 cases,
1249 2009 135 42 Vocal
1416 2009 247 42 Imitations
1701 2009 43 41 of
1781 2008 160 42 natural

333 2096 173 28 sounds.
569 2081 197 42 Further,
803 2080 89 42 this
929 2080 146 42 school
1107 2080 46 41 of
1181 2080 271 55 philologists
1489 2093 218 29 examines
1744 2092 198 40 carefully

333 2154 75 42 the
429 2153 233 55 languages
685 2152 44 41 of
750 2165 154 28 savage
925 2151 84 41 and
1043 2150 199 42 civilized
1263 2151 220 41 mankind.
1546 2150 53 40 In
1622 2149 57 42 all
1701 2163 125 36 cases,
1848 2149 95 53 they

334 2224 89 41 find
439 2224 95 41 that
548 2238 54 27 an
618 2222 222 41 Imitative
857 2235 46 28 or
922 2220 373 43 Onomatopoietic
1310 2225 186 37 element
1512 2220 35 42 is
1561 2233 103 42 very
1682 2219 260 53 abundantly

333 2293 288 57 represented,
639 2306 116 28 more
773 2291 242 56 especially,
1033 2305 45 28 as
1101 2291 36 42 it
1155 2291 143 43 would
1318 2305 115 28 seem
1454 2290 171 42 natural
1642 2294 43 38 to
1707 2290 236 47 anticipate,

334 2366 45 40 in
414 2365 74 41 the
524 2364 232 54 languages
794 2363 46 40 of
877 2376 153 41 savage
1066 2362 186 55 peoples,
1290 2361 140 42 which
1467 2375 99 41 may
1608 2360 250 55 reasonably
1897 2359 46 41 be

335 2434 204 42 regarded
562 2447 45 28 as
629 2432 337 42 representative
992 2432 47 41 in
1071 2445 116 29 some
1210 2431 151 56 degree
1383 2432 43 41 of
1455 2431 72 42 the
1559 2431 154 42 speech
1736 2431 94 41 that
1850 2441 92 41 may

335 2505 111 41 have
468 2503 169 43 existed
658 2503 46 40 in
726 2502 73 42 the
822 2502 231 41 childhood
1075 2502 44 42 of
1140 2503 222 40 mankind.

393 2574 43 41 A
468 2574 83 42 few
582 2572 298 42 illustrations,
912 2572 133 42 taken
1075 2572 107 42 from
1216 2572 74 41 the
1323 2571 138 42 works
1493 2571 44 42 of
1573 2572 72 40 Mr
1677 2565 265 52 Wedgwood,

335 2643 283 43 Archdeacon
650 2643 164 41 Farrar,
834 2642 86 42 and
951 2642 73 41 Mr
1054 2643 48 41 E.
1135 2642 46 42 B.
1215 2641 141 56 Tylor,
1388 2642 90 41 will
1509 2641 100 42 help
1641 2646 43 36 to
1716 2654 124 28 make
1876 2638 65 41 the

336 2714 188 56 position
546 2714 43 42 of
610 2713 88 42 this
721 2712 146 43 school
889 2712 43 41 of
954 2711 270 56 philologists
1246 2711 256 43 intelligible
1524 2715 43 39 to
1590 2711 72 42 the
1685 2711 153 41 reader.

396 2787 36 40 1.
464 2785 74 42 Mr
573 2782 264 57 Wedgwood
874 2796 98 28 says
1010 2782 96 42 that
1141 2797 25 27 a
1202 2782 204 42 traveller
1441 2782 45 42 of
1527 2782 73 42 the
1640 2786 174 50 present
1853 2778 89 47 day,

335 2864 20 15 "
372 2856 169 43 thrown
563 2868 155 42 among
739 2852 153 56 people
923 2852 143 42 whose
1098 2852 210 56 language
1337 2866 87 28 was
1445 2851 239 56 altogether
1704 2864 168 41 strange
1901 2852 40 36 to

335 2927 104 43 him,
473 2925 144 43 would
652 2924 159 56 signify
849 2923 67 42 his
952 2922 166 56 hunger
1155 2923 58 54 by
1249 2922 200 55 pointing
1490 2927 43 37 to
1576 2922 67 42 his
1681 2920 146 43 mouth
1863 2915 77 44 and

336 2997 180 43 making
537 3010 24 28 a
582 2993 245 45 semblance
850 2993 46 42 of
914 2993 154 42 eating.
1131 2992 205 42 Terrified
1361 2992 57 56 by
1440 3006 25 27 a
1494 2991 106 43 bull,
1623 2992 52 42 he
1698 2989 139 44 would
1859 2984 80 44 find

334 3068 37 41 it
393 3066 259 45 convenient
675 3070 43 38 to
743 3064 123 42 make
889 3063 157 42 known
1072 3063 71 43 the
1166 3062 140 43 object
1327 3063 43 41 of
1396 3062 66 43 his
1485 3062 132 42 alarm
1640 3063 56 55 by
1719 3058 219 47 imitating,
