1895 3217
287 297 92 31 THE
404 296 260 31 MANGABEY
691 295 57 32 OR
770 295 162 32 WHITE
956 295 172 30 EYELID
1152 294 216 32 MONKEY.
1428 286 91 48 139

222 423 95 45 The
355 429 155 38 native
546 437 189 46 country
769 420 50 47 of
854 427 78 39 the
964 421 139 45 white
1138 421 149 61 eyelid
1321 423 198 60 monkey

154 515 141 29 seems
334 505 46 39 to
423 500 55 44 be
517 505 79 54 yet
636 498 248 45 somewhat
919 497 249 46 uncertain.
1267 498 98 45 The
1405 506 114 38 west

153 582 119 39 coast
306 574 50 47 of
383 574 154 47 Africa
563 574 38 45 is
639 574 229 61 generally
899 574 205 45 assigned
1133 580 46 40 to
1215 573 67 54 it;
1318 574 91 46 and
1440 575 79 46 the

152 668 222 46 sj^ecimen
398 651 147 46 which
570 650 168 46 formed
767 657 80 39 the
878 652 173 44 subject
1074 649 51 47 of
1153 666 80 31 our
1260 651 138 61 plate^
1425 667 93 30 was

152 729 95 45 said
269 735 46 40 to
338 730 54 44 be
414 728 212 61 procured
639 726 114 47 from
775 733 103 40 that
902 734 204 54 country.

216 807 97 44 The
336 805 188 46 collared
551 805 140 45 white
721 804 149 46 eyelid
900 819 201 47 monkey
1125 804 150 46 which
1305 820 69 30 we
1401 805 116 46 have

149 883 273 53 mentioned,
447 897 184 46 appears
655 888 46 39 to
731 881 177 46 inhabit
938 887 79 40 the
1049 881 197 61 opposite
1270 897 48 31 or
1340 888 177 40 eastern

150 959 94 46 side
268 959 49 46 of
332 966 76 38 the
428 974 122 30 same
572 964 246 48 continent,
844 959 91 45 and
957 958 37 45 is
1018 974 59 30 an
1095 958 169 46 animal
1280 958 49 46 of
1343 965 173 55 greater

149 1037 184 45 beauty.
403 1037 98 44 The
525 1051 140 45 upper
686 1042 101 54 part
806 1034 49 47 of
870 1035 79 46 the
965 1035 118 46 head
1099 1035 38 46 is
1156 1036 110 61 deep
1284 1042 234 39 chestnut-

150 1114 170 51 brown,
358 1113 91 45 and
483 1113 79 45 the
595 1112 113 45 back
742 1111 50 47 of
835 1119 79 39 the
956 1113 114 45 neck
1109 1111 37 46 is
1188 1113 173 45 crossed
1395 1114 63 60 by
1490 1129 27 30 a

152 1189 135 45 collar
309 1188 50 46 of
373 1196 79 38 the
474 1194 153 56 purest
651 1188 155 55 white,
832 1189 148 45 which
998 1189 179 45 reaches
1192 1188 190 47 forward
1397 1205 118 31 upon

149 1273 77 38 the
245 1266 173 53 cheeks,
443 1266 90 45 and
555 1265 185 62 forcibly
762 1272 218 39 contrasts
999 1266 113 45 with
1135 1267 78 45 the
1238 1267 110 61 deep
1373 1268 141 45 shade

148 1341 50 46 of
213 1343 76 44 the
311 1343 133 60 body.

214 1419 205 45 Another
452 1417 169 47 animal
654 1419 156 60 placed
843 1417 47 47 in
923 1419 92 45 this
1040 1419 205 55 division,
1283 1421 90 45 and
1398 1429 112 37 with

150 1496 125 44 what
298 1496 52 44 F.
374 1496 166 45 Cuvier
562 1501 137 39 terms
722 1495 78 45 the
825 1495 282 56 Malbrouks,
1137 1513 109 45 may
1270 1498 54 44 be
1349 1505 162 38 almost

148 1572 95 45 said
281 1578 46 39 to
357 1572 95 61 join
488 1571 47 46 in
569 1587 27 30 a
629 1572 131 45 small
792 1588 138 46 group
961 1589 163 46 among
1158 1574 78 45 the
1268 1574 240 54 Guenons;

145 1649 111 60 they
271 1649 115 45 have
404 1664 27 29 a
447 1648 265 61 peculiarity
731 1647 50 47 of
796 1649 205 62 carrying
1022 1656 78 40 the
1123 1650 82 46 tail
1229 1652 161 44 arched
1408 1667 103 30 over

143 1725 78 45 the
244 1726 127 52 back,
396 1725 47 45 in
466 1731 78 39 the
566 1741 189 29 manner
777 1725 50 47 of
848 1742 27 30 a
898 1742 77 29 cur
997 1727 113 61 dog;
1136 1728 90 45 and
1248 1727 48 45 in
1318 1743 122 45 parts
1467 1728 49 45 of

144 1801 117 45 their
283 1801 109 46 form
417 1802 89 45 and
528 1802 328 61 physiognomy
879 1819 123 29 come
1024 1805 137 45 much
1182 1820 156 30 nearer
1361 1811 45 39 to
1429 1805 78 45 the

143 1879 207 45 baboons.
419 1879 97 44 The
538 1878 96 46 first
658 1894 68 30 we
751 1878 114 46 shall
887 1879 202 46 mention
1112 1880 47 54 is.
