<?xml version="1.0" encoding="UTF-8"?>
<alto xmlns="http://www.loc.gov/standards/alto/ns-v2#" xmlns:xsi="http://www.w3.org/2001/XMLSchema-instance" xsi:schemaLocation="http://www.loc.gov/standards/alto/ns-v2# http://www.loc.gov/standards/alto/alto.xsd">
  <Description>
    <MeasurementUnit>pixel</MeasurementUnit>
    <sourceImageInformation>
      <fileName>b22031261_abbyy.xml</fileName>
    </sourceImageInformation>
    <OCRProcessing ID="OCR_1">
      <preProcessingStep>
        <processingDateTime>2016-02-11T05:40:32</processingDateTime>
        <processingAgency>intranda GmbH, www.intranda.com</processingAgency>
        <processingSoftware>
          <softwareCreator>intranda GmbH, Germany</softwareCreator>
          <softwareName>intranda OCR Module for TaskManager</softwareName>
          <softwareVersion>1.0r42</softwareVersion>
        </processingSoftware>
      </preProcessingStep>
      <ocrProcessingStep>
        <processingSoftware>
          <softwareCreator>ABBYY (BIT Software), Russia</softwareCreator>
          <softwareName>FineReader Engine</softwareName>
          <softwareVersion>10</softwareVersion>
        </processingSoftware>
      </ocrProcessingStep>
    </OCRProcessing>
  </Description>
  <Layout>
    <Page PHYSICAL_IMG_NR="252" ID="PAGE_252" WIDTH="1817" HEIGHT="3171">
      <TopMargin ID="TopMargin_158" HPOS="985" VPOS="287" WIDTH="90" HEIGHT="46">
        <TextBlock ID="TextBlock_1284" HPOS="985" VPOS="287" WIDTH="90" HEIGHT="46">
          <TextLine ID="TextLine_4764" HPOS="985" VPOS="287" WIDTH="90" HEIGHT="46">
            <String CONTENT="166" ID="Word_38008" HPOS="985" VPOS="287" WIDTH="90" HEIGHT="46" />
          </TextLine>
        </TextBlock>
      </TopMargin>
      <PrintSpace ID="PrintSpace_253" HPOS="343" VPOS="894" WIDTH="1374" HEIGHT="1730">
        <TextBlock ID="TextBlock_787" HPOS="343" VPOS="894" WIDTH="1374" HEIGHT="1587">
          <TextLine ID="TextLine_4765" HPOS="788" VPOS="894" WIDTH="468" HEIGHT="39">
            <String CONTENT="THE" ID="Word_38009" HPOS="788" VPOS="895" WIDTH="111" HEIGHT="37" />
            <SP ID="SP_33250" HPOS="900" VPOS="894" WIDTH="36" HEIGHT="0" />
            <String CONTENT="ARAGUATO." ID="Word_38010" HPOS="937" VPOS="894" WIDTH="319" HEIGHT="39" />
          </TextLine>
          <TextLine ID="TextLine_4766" HPOS="685" VPOS="1001" WIDTH="683" HEIGHT="39">
            <String CONTENT="Mycetes" ID="Word_38011" HPOS="685" VPOS="1004" WIDTH="178" HEIGHT="36" />
            <SP ID="SP_33251" HPOS="864" VPOS="1013" WIDTH="17" HEIGHT="0" />
            <String CONTENT="ursinus" ID="Word_38012" HPOS="882" VPOS="1013" WIDTH="166" HEIGHT="25" />
            <SP ID="SP_33252" HPOS="1051" VPOS="1028" WIDTH="69" HEIGHT="0" />
            <String CONTENT="Humboldt." ID="Word_38013" HPOS="1122" VPOS="1001" WIDTH="246" HEIGHT="38" />
          </TextLine>
          <TextLine ID="TextLine_4767" HPOS="884" VPOS="1107" WIDTH="275" HEIGHT="37">
            <String CONTENT="Plate" ID="Word_38014" HPOS="884" VPOS="1107" WIDTH="134" HEIGHT="37" />
            <SP ID="SP_33253" HPOS="1019" VPOS="1107" WIDTH="19" HEIGHT="0" />
            <String CONTENT="XIX." ID="Word_38015" HPOS="1039" VPOS="1107" WIDTH="120" HEIGHT="37" />
          </TextLine>
          <TextLine ID="TextLine_4768" HPOS="344" VPOS="1212" WIDTH="1363" HEIGHT="48">
            <String CONTENT="Siniia" ID="Word_38016" HPOS="344" VPOS="1212" WIDTH="113" HEIGHT="38" />
            <SP ID="SP_33254" HPOS="458" VPOS="1227" WIDTH="17" HEIGHT="0" />
            <String CONTENT="ursina," ID="Word_38017" HPOS="476" VPOS="1214" WIDTH="131" HEIGHT="44" />
            <SP ID="SP_33255" HPOS="608" VPOS="1213" WIDTH="24" HEIGHT="0" />
            <String CONTENT="L’araguata" ID="Word_38018" HPOS="633" VPOS="1213" WIDTH="214" HEIGHT="36" />
            <SP ID="SP_33256" HPOS="848" VPOS="1214" WIDTH="17" HEIGHT="0" />
            <String CONTENT="de" ID="Word_38019" HPOS="866" VPOS="1214" WIDTH="44" HEIGHT="35" />
            <SP ID="SP_33257" HPOS="911" VPOS="1213" WIDTH="15" HEIGHT="0" />
            <String CONTENT="Caracas," ID="Word_38020" HPOS="927" VPOS="1213" WIDTH="162" HEIGHT="47" />
            <SP ID="SP_33258" HPOS="1090" VPOS="1215" WIDTH="17" HEIGHT="0" />
            <String CONTENT="Humboldt^" ID="Word_38021" HPOS="1108" VPOS="1214" WIDTH="232" HEIGHT="44" />
            <SP ID="SP_33259" HPOS="1341" VPOS="1214" WIDTH="20" HEIGHT="0" />
            <String CONTENT="Observations" ID="Word_38022" HPOS="1362" VPOS="1214" WIDTH="278" HEIGHT="37" />
            <SP ID="SP_33260" HPOS="1641" VPOS="1214" WIDTH="18" HEIGHT="0" />
            <String CONTENT="de" ID="Word_38023" HPOS="1660" VPOS="1214" WIDTH="47" HEIGHT="37" />
          </TextLine>
          <TextLine ID="TextLine_4769" HPOS="396" VPOS="1278" WIDTH="1312" HEIGHT="49">
            <String CONTENT="Zoologie," ID="Word_38024" HPOS="396" VPOS="1279" WIDTH="194" HEIGHT="46" />
            <SP ID="SP_33261" HPOS="591" VPOS="1280" WIDTH="21" HEIGHT="0" />
            <String CONTENT="i." ID="Word_38025" HPOS="613" VPOS="1280" WIDTH="22" HEIGHT="34" />
            <SP ID="SP_33262" HPOS="636" VPOS="1292" WIDTH="19" HEIGHT="0" />
            <String CONTENT="p." ID="Word_38026" HPOS="656" VPOS="1292" WIDTH="33" HEIGHT="35" />
            <SP ID="SP_33263" HPOS="690" VPOS="1280" WIDTH="19" HEIGHT="0" />
            <String CONTENT="32S" ID="Word_38027" HPOS="710" VPOS="1279" WIDTH="73" HEIGHT="37" />
            <SP ID="SP_33264" HPOS="784" VPOS="1279" WIDTH="19" HEIGHT="0" />
            <String CONTENT="and" ID="Word_38028" HPOS="804" VPOS="1281" WIDTH="71" HEIGHT="34" />
            <SP ID="SP_33265" HPOS="876" VPOS="1280" WIDTH="15" HEIGHT="0" />
            <String CONTENT="355" ID="Word_38029" HPOS="892" VPOS="1280" WIDTH="74" HEIGHT="36" />
            <SP ID="SP_33266" HPOS="972" VPOS="1306" WIDTH="64" HEIGHT="0" />
            <String CONTENT="Stentor" ID="Word_38030" HPOS="1038" VPOS="1278" WIDTH="148" HEIGHT="38" />
            <SP ID="SP_33267" HPOS="1187" VPOS="1293" WIDTH="14" HEIGHT="0" />
            <String CONTENT="ursinus," ID="Word_38031" HPOS="1202" VPOS="1281" WIDTH="155" HEIGHT="43" />
            <SP ID="SP_33268" HPOS="1358" VPOS="1281" WIDTH="23" HEIGHT="0" />
            <String CONTENT="Geoffroy" ID="Word_38032" HPOS="1382" VPOS="1279" WIDTH="190" HEIGHT="48" />
            <SP ID="SP_33269" HPOS="1573" VPOS="1281" WIDTH="15" HEIGHT="0" />
            <String CONTENT="Saint" ID="Word_38033" HPOS="1589" VPOS="1281" WIDTH="119" HEIGHT="36" />
          </TextLine>
          <TextLine ID="TextLine_4770" HPOS="396" VPOS="1345" WIDTH="943" HEIGHT="47">
            <String CONTENT="Hilaire^" ID="Word_38034" HPOS="396" VPOS="1345" WIDTH="175" HEIGHT="45" />
            <SP ID="SP_33270" HPOS="572" VPOS="1345" WIDTH="17" HEIGHT="0" />
            <String CONTENT="Annales" ID="Word_38035" HPOS="590" VPOS="1345" WIDTH="182" HEIGHT="36" />
            <SP ID="SP_33271" HPOS="773" VPOS="1345" WIDTH="18" HEIGHT="0" />
            <String CONTENT="du" ID="Word_38036" HPOS="792" VPOS="1345" WIDTH="54" HEIGHT="35" />
            <SP ID="SP_33272" HPOS="847" VPOS="1345" WIDTH="17" HEIGHT="0" />
            <String CONTENT="Museum," ID="Word_38037" HPOS="865" VPOS="1345" WIDTH="206" HEIGHT="45" />
            <SP ID="SP_33273" HPOS="1072" VPOS="1358" WIDTH="16" HEIGHT="0" />
            <String CONTENT="xix." ID="Word_38038" HPOS="1089" VPOS="1358" WIDTH="76" HEIGHT="23" />
            <SP ID="SP_33274" HPOS="1166" VPOS="1358" WIDTH="25" HEIGHT="0" />
            <String CONTENT="p." ID="Word_38039" HPOS="1192" VPOS="1358" WIDTH="33" HEIGHT="34" />
            <SP ID="SP_33275" HPOS="1226" VPOS="1345" WIDTH="28" HEIGHT="0" />
            <String CONTENT="108." ID="Word_38040" HPOS="1255" VPOS="1345" WIDTH="84" HEIGHT="36" />
          </TextLine>
          <TextLine ID="TextLine_4771" HPOS="411" VPOS="1503" WIDTH="1295" HEIGHT="60">
            <String CONTENT="This" ID="Word_38041" HPOS="411" VPOS="1503" WIDTH="116" HEIGHT="44" />
            <SP ID="SP_33276" HPOS="528" VPOS="1517" WIDTH="43" HEIGHT="0" />
            <String CONTENT="species" ID="Word_38042" HPOS="572" VPOS="1517" WIDTH="165" HEIGHT="46" />
            <SP ID="SP_33277" HPOS="738" VPOS="1519" WIDTH="43" HEIGHT="0" />
            <String CONTENT="was" ID="Word_38043" HPOS="782" VPOS="1518" WIDTH="93" HEIGHT="29" />
            <SP ID="SP_33278" HPOS="876" VPOS="1503" WIDTH="44" HEIGHT="0" />
            <String CONTENT="discovered" ID="Word_38044" HPOS="921" VPOS="1503" WIDTH="253" HEIGHT="44" />
            <SP ID="SP_33279" HPOS="1175" VPOS="1503" WIDTH="43" HEIGHT="0" />
            <String CONTENT="by" ID="Word_38045" HPOS="1219" VPOS="1504" WIDTH="61" HEIGHT="59" />
            <SP ID="SP_33280" HPOS="1281" VPOS="1504" WIDTH="35" HEIGHT="0" />
            <String CONTENT="Humboldt" ID="Word_38046" HPOS="1317" VPOS="1504" WIDTH="254" HEIGHT="44" />
            <SP ID="SP_33281" HPOS="1572" VPOS="1510" WIDTH="43" HEIGHT="0" />
            <String CONTENT="and" ID="Word_38047" HPOS="1616" VPOS="1504" WIDTH="90" HEIGHT="44" />
          </TextLine>
          <TextLine ID="TextLine_4772" HPOS="346" VPOS="1579" WIDTH="1362" HEIGHT="60">
            <String CONTENT="Bonplaiid," ID="Word_38048" HPOS="346" VPOS="1579" WIDTH="248" HEIGHT="60" />
            <SP ID="SP_33282" HPOS="595" VPOS="1595" WIDTH="37" HEIGHT="0" />
            <String CONTENT="who" ID="Word_38049" HPOS="633" VPOS="1579" WIDTH="100" HEIGHT="45" />
            <SP ID="SP_33283" HPOS="734" VPOS="1594" WIDTH="32" HEIGHT="0" />
            <String CONTENT="pointed" ID="Word_38050" HPOS="767" VPOS="1579" WIDTH="184" HEIGHT="60" />
            <SP ID="SP_33284" HPOS="952" VPOS="1580" WIDTH="32" HEIGHT="0" />
            <String CONTENT="out" ID="Word_38051" HPOS="985" VPOS="1587" WIDTH="76" HEIGHT="37" />
            <SP ID="SP_33285" HPOS="1062" VPOS="1586" WIDTH="29" HEIGHT="0" />
            <String CONTENT="the" ID="Word_38052" HPOS="1092" VPOS="1580" WIDTH="77" HEIGHT="43" />
            <SP ID="SP_33286" HPOS="1170" VPOS="1580" WIDTH="29" HEIGHT="0" />
            <String CONTENT="distinctions" ID="Word_38053" HPOS="1200" VPOS="1579" WIDTH="280" HEIGHT="45" />
            <SP ID="SP_33287" HPOS="1481" VPOS="1581" WIDTH="22" HEIGHT="0" />
            <String CONTENT="between" ID="Word_38054" HPOS="1504" VPOS="1581" WIDTH="204" HEIGHT="43" />
          </TextLine>
          <TextLine ID="TextLine_4773" HPOS="343" VPOS="1654" WIDTH="1362" HEIGHT="54">
            <String CONTENT="it" ID="Word_38055" HPOS="343" VPOS="1654" WIDTH="37" HEIGHT="45" />
            <SP ID="SP_33288" HPOS="381" VPOS="1662" WIDTH="22" HEIGHT="0" />
            <String CONTENT="and" ID="Word_38056" HPOS="404" VPOS="1655" WIDTH="90" HEIGHT="46" />
            <SP ID="SP_33289" HPOS="495" VPOS="1655" WIDTH="28" HEIGHT="0" />
            <String CONTENT="the" ID="Word_38057" HPOS="524" VPOS="1656" WIDTH="77" HEIGHT="43" />
            <SP ID="SP_33290" HPOS="602" VPOS="1655" WIDTH="24" HEIGHT="0" />
            <String CONTENT="Mono" ID="Word_38058" HPOS="627" VPOS="1655" WIDTH="141" HEIGHT="45" />
            <SP ID="SP_33291" HPOS="769" VPOS="1671" WIDTH="22" HEIGHT="0" />
            <String CONTENT="Colorado," ID="Word_38059" HPOS="792" VPOS="1654" WIDTH="213" HEIGHT="54" />
            <SP ID="SP_33292" HPOS="1006" VPOS="1671" WIDTH="24" HEIGHT="0" />
            <String CONTENT="or" ID="Word_38060" HPOS="1031" VPOS="1671" WIDTH="48" HEIGHT="29" />
            <SP ID="SP_33293" HPOS="1080" VPOS="1671" WIDTH="26" HEIGHT="0" />
            <String CONTENT="red" ID="Word_38061" HPOS="1107" VPOS="1656" WIDTH="77" HEIGHT="43" />
            <SP ID="SP_33294" HPOS="1185" VPOS="1656" WIDTH="32" HEIGHT="0" />
            <String CONTENT="howler." ID="Word_38062" HPOS="1218" VPOS="1656" WIDTH="181" HEIGHT="44" />
            <SP ID="SP_33295" HPOS="1400" VPOS="1657" WIDTH="69" HEIGHT="0" />
            <String CONTENT="It" ID="Word_38063" HPOS="1470" VPOS="1657" WIDTH="45" HEIGHT="43" />
            <SP ID="SP_33296" HPOS="1516" VPOS="1655" WIDTH="22" HEIGHT="0" />
            <String CONTENT="is" ID="Word_38064" HPOS="1539" VPOS="1655" WIDTH="35" HEIGHT="45" />
            <SP ID="SP_33297" HPOS="1575" VPOS="1663" WIDTH="23" HEIGHT="0" />
            <String CONTENT="thus" ID="Word_38065" HPOS="1599" VPOS="1656" WIDTH="106" HEIGHT="44" />
          </TextLine>
          <TextLine ID="TextLine_4774" HPOS="344" VPOS="1731" WIDTH="1362" HEIGHT="61">
            <String CONTENT="described" ID="Word_38066" HPOS="344" VPOS="1732" WIDTH="226" HEIGHT="44" />
            <SP ID="SP_33298" HPOS="571" VPOS="1731" WIDTH="42" HEIGHT="0" />
            <String CONTENT="in" ID="Word_38067" HPOS="614" VPOS="1731" WIDTH="46" HEIGHT="45" />
            <SP ID="SP_33299" HPOS="661" VPOS="1738" WIDTH="39" HEIGHT="0" />
            <String CONTENT="the" ID="Word_38068" HPOS="701" VPOS="1738" WIDTH="77" HEIGHT="38" />
            <SP ID="SP_33300" HPOS="779" VPOS="1747" WIDTH="39" HEIGHT="0" />
            <String CONTENT="zoological" ID="Word_38069" HPOS="819" VPOS="1732" WIDTH="234" HEIGHT="44" />
            <SP ID="SP_33301" HPOS="1054" VPOS="1732" WIDTH="36" HEIGHT="0" />
            <String CONTENT="researches" ID="Word_38070" HPOS="1091" VPOS="1747" WIDTH="249" HEIGHT="29" />
            <SP ID="SP_33302" HPOS="1341" VPOS="1747" WIDTH="38" HEIGHT="0" />
            <String CONTENT="and" ID="Word_38071" HPOS="1380" VPOS="1732" WIDTH="89" HEIGHT="44" />
            <SP ID="SP_33303" HPOS="1470" VPOS="1732" WIDTH="31" HEIGHT="0" />
            <String CONTENT="personal" ID="Word_38072" HPOS="1502" VPOS="1732" WIDTH="204" HEIGHT="60" />
          </TextLine>
          <TextLine ID="TextLine_4775" HPOS="344" VPOS="1807" WIDTH="790" HEIGHT="45">
            <String CONTENT="narrative" ID="Word_38073" HPOS="344" VPOS="1815" WIDTH="224" HEIGHT="37" />
            <SP ID="SP_33304" HPOS="569" VPOS="1823" WIDTH="23" HEIGHT="0" />
            <String CONTENT="of" ID="Word_38074" HPOS="593" VPOS="1807" WIDTH="49" HEIGHT="45" />
            <SP ID="SP_33305" HPOS="643" VPOS="1807" WIDTH="13" HEIGHT="0" />
            <String CONTENT="these" ID="Word_38075" HPOS="657" VPOS="1807" WIDTH="125" HEIGHT="45" />
            <SP ID="SP_33306" HPOS="783" VPOS="1814" WIDTH="22" HEIGHT="0" />
            <String CONTENT="travellers" ID="Word_38076" HPOS="806" VPOS="1808" WIDTH="230" HEIGHT="44" />
            <SP ID="SP_33307" HPOS="1037" VPOS="1824" WIDTH="19" HEIGHT="0" />
            <String CONTENT=":—" ID="Word_38077" HPOS="1057" VPOS="1824" WIDTH="77" HEIGHT="27" />
          </TextLine>
          <TextLine ID="TextLine_4776" HPOS="460" VPOS="1884" WIDTH="1244" HEIGHT="61">
            <String CONTENT="Having" ID="Word_38078" HPOS="460" VPOS="1885" WIDTH="183" HEIGHT="60" />
            <SP ID="SP_33308" HPOS="644" VPOS="1884" WIDTH="14" HEIGHT="0" />
            <String CONTENT="landed" ID="Word_38079" HPOS="659" VPOS="1884" WIDTH="165" HEIGHT="45" />
            <SP ID="SP_33309" HPOS="825" VPOS="1884" WIDTH="16" HEIGHT="0" />
            <String CONTENT="at" ID="Word_38080" HPOS="842" VPOS="1891" WIDTH="47" HEIGHT="38" />
            <SP ID="SP_33310" HPOS="890" VPOS="1885" WIDTH="17" HEIGHT="0" />
            <String CONTENT="Cumana," ID="Word_38081" HPOS="908" VPOS="1885" WIDTH="221" HEIGHT="52" />
            <SP ID="SP_33311" HPOS="1130" VPOS="1900" WIDTH="19" HEIGHT="0" />
            <String CONTENT="we" ID="Word_38082" HPOS="1150" VPOS="1900" WIDTH="68" HEIGHT="29" />
            <SP ID="SP_33312" HPOS="1219" VPOS="1900" WIDTH="23" HEIGHT="0" />
            <String CONTENT="saw" ID="Word_38083" HPOS="1243" VPOS="1899" WIDTH="93" HEIGHT="30" />
            <SP ID="SP_33313" HPOS="1337" VPOS="1891" WIDTH="12" HEIGHT="0" />
            <String CONTENT="the" ID="Word_38084" HPOS="1350" VPOS="1885" WIDTH="77" HEIGHT="44" />
            <SP ID="SP_33314" HPOS="1428" VPOS="1884" WIDTH="17" HEIGHT="0" />
            <String CONTENT="first" ID="Word_38085" HPOS="1446" VPOS="1884" WIDTH="95" HEIGHT="45" />
            <SP ID="SP_33315" HPOS="1542" VPOS="1891" WIDTH="16" HEIGHT="0" />
            <String CONTENT="troops" ID="Word_38086" HPOS="1559" VPOS="1892" WIDTH="145" HEIGHT="53" />
          </TextLine>
          <TextLine ID="TextLine_4777" HPOS="345" VPOS="1961" WIDTH="1372" HEIGHT="61">
            <String CONTENT="of" ID="Word_38087" HPOS="345" VPOS="1961" WIDTH="49" HEIGHT="45" />
            <SP ID="SP_33316" HPOS="395" VPOS="1961" WIDTH="35" HEIGHT="0" />
            <String CONTENT="Araguatos" ID="Word_38088" HPOS="431" VPOS="1962" WIDTH="252" HEIGHT="44" />
            <SP ID="SP_33317" HPOS="684" VPOS="1961" WIDTH="43" HEIGHT="0" />
            <String CONTENT="in" ID="Word_38089" HPOS="728" VPOS="1961" WIDTH="47" HEIGHT="45" />
            <SP ID="SP_33318" HPOS="776" VPOS="1977" WIDTH="43" HEIGHT="0" />
            <String CONTENT="our" ID="Word_38090" HPOS="820" VPOS="1977" WIDTH="79" HEIGHT="29" />
            <SP ID="SP_33319" HPOS="900" VPOS="1961" WIDTH="31" HEIGHT="0" />
            <String CONTENT="journey" ID="Word_38091" HPOS="932" VPOS="1961" WIDTH="193" HEIGHT="61" />
            <SP ID="SP_33320" HPOS="1126" VPOS="1968" WIDTH="37" HEIGHT="0" />
            <String CONTENT="to" ID="Word_38092" HPOS="1164" VPOS="1968" WIDTH="46" HEIGHT="38" />
            <SP ID="SP_33321" HPOS="1211" VPOS="1968" WIDTH="38" HEIGHT="0" />
            <String CONTENT="the" ID="Word_38093" HPOS="1250" VPOS="1968" WIDTH="78" HEIGHT="38" />
            <SP ID="SP_33322" HPOS="1329" VPOS="1977" WIDTH="37" HEIGHT="0" />
            <String CONTENT="mountains" ID="Word_38094" HPOS="1367" VPOS="1970" WIDTH="259" HEIGHT="37" />
            <SP ID="SP_33323" HPOS="1627" VPOS="1978" WIDTH="38" HEIGHT="0" />
            <String CONTENT="of" ID="Word_38095" HPOS="1666" VPOS="1961" WIDTH="51" HEIGHT="46" />
          </TextLine>
          <TextLine ID="TextLine_4778" HPOS="345" VPOS="2037" WIDTH="1361" HEIGHT="54">
            <String CONTENT="Cocallor" ID="Word_38096" HPOS="345" VPOS="2038" WIDTH="199" HEIGHT="45" />
            <SP ID="SP_33324" HPOS="545" VPOS="2054" WIDTH="32" HEIGHT="0" />
            <String CONTENT="and" ID="Word_38097" HPOS="578" VPOS="2038" WIDTH="89" HEIGHT="45" />
            <SP ID="SP_33325" HPOS="668" VPOS="2038" WIDTH="34" HEIGHT="0" />
            <String CONTENT="cavern" ID="Word_38098" HPOS="703" VPOS="2053" WIDTH="159" HEIGHT="30" />
            <SP ID="SP_33326" HPOS="863" VPOS="2054" WIDTH="34" HEIGHT="0" />
            <String CONTENT="of" ID="Word_38099" HPOS="898" VPOS="2038" WIDTH="50" HEIGHT="45" />
            <SP ID="SP_33327" HPOS="949" VPOS="2037" WIDTH="24" HEIGHT="0" />
            <String CONTENT="Guacharo;" ID="Word_38100" HPOS="974" VPOS="2037" WIDTH="265" HEIGHT="54" />
            <SP ID="SP_33328" HPOS="1240" VPOS="2053" WIDTH="36" HEIGHT="0" />
            <String CONTENT="and" ID="Word_38101" HPOS="1277" VPOS="2037" WIDTH="89" HEIGHT="45" />
            <SP ID="SP_33329" HPOS="1367" VPOS="2037" WIDTH="22" HEIGHT="0" />
            <String CONTENT="although" ID="Word_38102" HPOS="1390" VPOS="2038" WIDTH="215" HEIGHT="45" />
            <SP ID="SP_33330" HPOS="1606" VPOS="2039" WIDTH="21" HEIGHT="0" />
            <String CONTENT="the" ID="Word_38103" HPOS="1628" VPOS="2040" WIDTH="78" HEIGHT="44" />
          </TextLine>
          <TextLine ID="TextLine_4779" HPOS="345" VPOS="2114" WIDTH="1363" HEIGHT="61">
            <String CONTENT="convent" ID="Word_38104" HPOS="345" VPOS="2121" WIDTH="189" HEIGHT="39" />
            <SP ID="SP_33331" HPOS="535" VPOS="2121" WIDTH="23" HEIGHT="0" />
            <String CONTENT="of" ID="Word_38105" HPOS="559" VPOS="2114" WIDTH="49" HEIGHT="46" />
            <SP ID="SP_33332" HPOS="609" VPOS="2114" WIDTH="14" HEIGHT="0" />
            <String CONTENT="Carisse" ID="Word_38106" HPOS="624" VPOS="2115" WIDTH="174" HEIGHT="45" />
            <SP ID="SP_33333" HPOS="799" VPOS="2114" WIDTH="23" HEIGHT="0" />
            <String CONTENT="is" ID="Word_38107" HPOS="823" VPOS="2114" WIDTH="35" HEIGHT="45" />
            <SP ID="SP_33334" HPOS="859" VPOS="2130" WIDTH="24" HEIGHT="0" />
            <String CONTENT="situated" ID="Word_38108" HPOS="884" VPOS="2114" WIDTH="198" HEIGHT="45" />
            <SP ID="SP_33335" HPOS="1083" VPOS="2115" WIDTH="22" HEIGHT="0" />
            <String CONTENT="at" ID="Word_38109" HPOS="1106" VPOS="2121" WIDTH="46" HEIGHT="37" />
            <SP ID="SP_33336" HPOS="1153" VPOS="2121" WIDTH="23" HEIGHT="0" />
            <String CONTENT="a" ID="Word_38110" HPOS="1177" VPOS="2130" WIDTH="26" HEIGHT="29" />
            <SP ID="SP_33337" HPOS="1204" VPOS="2115" WIDTH="21" HEIGHT="0" />
            <String CONTENT="high" ID="Word_38111" HPOS="1226" VPOS="2115" WIDTH="106" HEIGHT="60" />
            <SP ID="SP_33338" HPOS="1333" VPOS="2115" WIDTH="23" HEIGHT="0" />
            <String CONTENT="elevation," ID="Word_38112" HPOS="1357" VPOS="2115" WIDTH="235" HEIGHT="53" />
            <SP ID="SP_33339" HPOS="1593" VPOS="2131" WIDTH="24" HEIGHT="0" />
            <String CONTENT="and" ID="Word_38113" HPOS="1618" VPOS="2116" WIDTH="90" HEIGHT="44" />
          </TextLine>
          <TextLine ID="TextLine_4780" HPOS="344" VPOS="2190" WIDTH="1364" HEIGHT="62">
            <String CONTENT="the" ID="Word_38114" HPOS="344" VPOS="2192" WIDTH="78" HEIGHT="44" />
            <SP ID="SP_33340" HPOS="423" VPOS="2191" WIDTH="22" HEIGHT="0" />
            <String CONTENT="degree" ID="Word_38115" HPOS="446" VPOS="2191" WIDTH="154" HEIGHT="45" />
            <SP ID="SP_33341" HPOS="601" VPOS="2206" WIDTH="23" HEIGHT="0" />
            <String CONTENT="of" ID="Word_38116" HPOS="625" VPOS="2190" WIDTH="49" HEIGHT="46" />
            <SP ID="SP_33342" HPOS="675" VPOS="2190" WIDTH="23" HEIGHT="0" />
            <String CONTENT="cold" ID="Word_38117" HPOS="699" VPOS="2191" WIDTH="98" HEIGHT="45" />
            <SP ID="SP_33343" HPOS="798" VPOS="2191" WIDTH="27" HEIGHT="0" />
            <String CONTENT="during" ID="Word_38118" HPOS="826" VPOS="2191" WIDTH="160" HEIGHT="60" />
            <SP ID="SP_33344" HPOS="987" VPOS="2197" WIDTH="20" HEIGHT="0" />
            <String CONTENT="the" ID="Word_38119" HPOS="1008" VPOS="2197" WIDTH="78" HEIGHT="39" />
            <SP ID="SP_33345" HPOS="1087" VPOS="2207" WIDTH="21" HEIGHT="0" />
            <String CONTENT="night" ID="Word_38120" HPOS="1109" VPOS="2191" WIDTH="129" HEIGHT="61" />
            <SP ID="SP_33346" HPOS="1239" VPOS="2197" WIDTH="21" HEIGHT="0" />
            <String CONTENT="considerable,*" ID="Word_38121" HPOS="1261" VPOS="2191" WIDTH="345" HEIGHT="53" />
            <SP ID="SP_33347" HPOS="1607" VPOS="2192" WIDTH="22" HEIGHT="0" />
            <String CONTENT="the" ID="Word_38122" HPOS="1630" VPOS="2192" WIDTH="78" HEIGHT="45" />
          </TextLine>
          <TextLine ID="TextLine_4781" HPOS="346" VPOS="2267" WIDTH="1362" HEIGHT="61">
            <String CONTENT="surrounding" ID="Word_38123" HPOS="346" VPOS="2268" WIDTH="295" HEIGHT="60" />
            <SP ID="SP_33348" HPOS="642" VPOS="2267" WIDTH="21" HEIGHT="0" />
            <String CONTENT="forests" ID="Word_38124" HPOS="664" VPOS="2267" WIDTH="153" HEIGHT="45" />
            <SP ID="SP_33349" HPOS="818" VPOS="2283" WIDTH="22" HEIGHT="0" />
            <String CONTENT="abound" ID="Word_38125" HPOS="841" VPOS="2268" WIDTH="179" HEIGHT="44" />
            <SP ID="SP_33350" HPOS="1021" VPOS="2268" WIDTH="16" HEIGHT="0" />
            <String CONTENT="with" ID="Word_38126" HPOS="1038" VPOS="2268" WIDTH="113" HEIGHT="44" />
            <SP ID="SP_33351" HPOS="1152" VPOS="2268" WIDTH="16" HEIGHT="0" />
            <String CONTENT="the" ID="Word_38127" HPOS="1169" VPOS="2268" WIDTH="77" HEIGHT="44" />
            <SP ID="SP_33352" HPOS="1247" VPOS="2268" WIDTH="18" HEIGHT="0" />
            <String CONTENT="Araguatos," ID="Word_38128" HPOS="1266" VPOS="2268" WIDTH="267" HEIGHT="60" />
            <SP ID="SP_33353" HPOS="1534" VPOS="2284" WIDTH="24" HEIGHT="0" />
            <String CONTENT="whose" ID="Word_38129" HPOS="1559" VPOS="2268" WIDTH="149" HEIGHT="45" />
          </TextLine>
          <TextLine ID="TextLine_4782" HPOS="347" VPOS="2342" WIDTH="1362" HEIGHT="62">
            <String CONTENT="mournful" ID="Word_38130" HPOS="347" VPOS="2342" WIDTH="229" HEIGHT="46" />
            <SP ID="SP_33354" HPOS="577" VPOS="2343" WIDTH="28" HEIGHT="0" />
            <String CONTENT="howling" ID="Word_38131" HPOS="606" VPOS="2344" WIDTH="197" HEIGHT="60" />
            <SP ID="SP_33355" HPOS="804" VPOS="2344" WIDTH="26" HEIGHT="0" />
            <String CONTENT="is" ID="Word_38132" HPOS="831" VPOS="2344" WIDTH="38" HEIGHT="44" />
            <SP ID="SP_33356" HPOS="870" VPOS="2344" WIDTH="28" HEIGHT="0" />
            <String CONTENT="heard" ID="Word_38133" HPOS="899" VPOS="2344" WIDTH="139" HEIGHT="44" />
            <SP ID="SP_33357" HPOS="1039" VPOS="2344" WIDTH="31" HEIGHT="0" />
            <String CONTENT="at" ID="Word_38134" HPOS="1071" VPOS="2351" WIDTH="47" HEIGHT="37" />
            <SP ID="SP_33358" HPOS="1119" VPOS="2351" WIDTH="32" HEIGHT="0" />
            <String CONTENT="the" ID="Word_38135" HPOS="1152" VPOS="2345" WIDTH="77" HEIGHT="43" />
            <SP ID="SP_33359" HPOS="1230" VPOS="2345" WIDTH="33" HEIGHT="0" />
            <String CONTENT="distance" ID="Word_38136" HPOS="1264" VPOS="2345" WIDTH="198" HEIGHT="44" />
            <SP ID="SP_33360" HPOS="1463" VPOS="2360" WIDTH="27" HEIGHT="0" />
            <String CONTENT="of" ID="Word_38137" HPOS="1491" VPOS="2344" WIDTH="50" HEIGHT="45" />
            <SP ID="SP_33361" HPOS="1542" VPOS="2344" WIDTH="21" HEIGHT="0" />
            <String CONTENT="half" ID="Word_38138" HPOS="1564" VPOS="2344" WIDTH="104" HEIGHT="45" />
            <SP ID="SP_33362" HPOS="1669" VPOS="2344" WIDTH="12" HEIGHT="0" />
            <String CONTENT="a" ID="Word_38139" HPOS="1682" VPOS="2361" WIDTH="27" HEIGHT="29" />
          </TextLine>
          <TextLine ID="TextLine_4783" HPOS="345" VPOS="2419" WIDTH="1363" HEIGHT="62">
            <String CONTENT="league," ID="Word_38140" HPOS="345" VPOS="2419" WIDTH="171" HEIGHT="61" />
            <SP ID="SP_33363" HPOS="517" VPOS="2435" WIDTH="35" HEIGHT="0" />
            <String CONTENT="especially" ID="Word_38141" HPOS="553" VPOS="2419" WIDTH="237" HEIGHT="62" />
            <SP ID="SP_33364" HPOS="791" VPOS="2436" WIDTH="29" HEIGHT="0" />
            <String CONTENT="when" ID="Word_38142" HPOS="821" VPOS="2421" WIDTH="132" HEIGHT="44" />
            <SP ID="SP_33365" HPOS="954" VPOS="2428" WIDTH="32" HEIGHT="0" />
            <String CONTENT="the" ID="Word_38143" HPOS="987" VPOS="2428" WIDTH="77" HEIGHT="37" />
            <SP ID="SP_33366" HPOS="1065" VPOS="2436" WIDTH="31" HEIGHT="0" />
            <String CONTENT="weather" ID="Word_38144" HPOS="1097" VPOS="2421" WIDTH="198" HEIGHT="44" />
            <SP ID="SP_33367" HPOS="1296" VPOS="2421" WIDTH="32" HEIGHT="0" />
            <String CONTENT="is" ID="Word_38145" HPOS="1329" VPOS="2421" WIDTH="35" HEIGHT="45" />
            <SP ID="SP_33368" HPOS="1365" VPOS="2437" WIDTH="34" HEIGHT="0" />
            <String CONTENT="open," ID="Word_38146" HPOS="1400" VPOS="2437" WIDTH="124" HEIGHT="44" />
            <SP ID="SP_33369" HPOS="1525" VPOS="2436" WIDTH="25" HEIGHT="0" />
            <String CONTENT="or" ID="Word_38147" HPOS="1551" VPOS="2436" WIDTH="47" HEIGHT="30" />
            <SP ID="SP_33370" HPOS="1599" VPOS="2429" WIDTH="30" HEIGHT="0" />
            <String CONTENT="the" ID="Word_38148" HPOS="1630" VPOS="2422" WIDTH="78" HEIGHT="45" />
          </TextLine>
        </TextBlock>
        <TextBlock ID="TextBlock_788" HPOS="618" VPOS="2586" WIDTH="807" HEIGHT="38">
          <TextLine ID="TextLine_4784" HPOS="618" VPOS="2586" WIDTH="807" HEIGHT="38">
            <String CONTENT="•" ID="Word_38149" HPOS="618" VPOS="2586" WIDTH="18" HEIGHT="20" />
            <SP ID="SP_33371" HPOS="637" VPOS="2586" WIDTH="24" HEIGHT="0" />
            <String CONTENT="Ceiitipradc" ID="Word_38150" HPOS="662" VPOS="2586" WIDTH="213" HEIGHT="37" />
            <SP ID="SP_33372" HPOS="876" VPOS="2586" WIDTH="20" HEIGHT="0" />
            <String CONTENT="Tlicrmometcr" ID="Word_38151" HPOS="897" VPOS="2586" WIDTH="279" HEIGHT="36" />
            <SP ID="SP_33373" HPOS="1177" VPOS="2588" WIDTH="18" HEIGHT="0" />
            <String CONTENT="fell" ID="Word_38152" HPOS="1196" VPOS="2587" WIDTH="63" HEIGHT="35" />
            <SP ID="SP_33374" HPOS="1260" VPOS="2587" WIDTH="22" HEIGHT="0" />
            <String CONTENT="to" ID="Word_38153" HPOS="1283" VPOS="2594" WIDTH="33" HEIGHT="28" />
            <SP ID="SP_33375" HPOS="1317" VPOS="2599" WIDTH="23" HEIGHT="0" />
            <String CONTENT="/O'*." ID="Word_38154" HPOS="1341" VPOS="2587" WIDTH="84" HEIGHT="37" />
          </TextLine>
        </TextBlock>
      </PrintSpace>
    </Page>
  </Layout>
</alto>
