1478 2662
79 111 25 37 4>

525 107 63 39 Dr
607 104 268 40 Abercrombie
892 119 46 25 on
957 106 60 39 the

82 214 126 39 which
226 214 18 37 I
259 215 95 38 have
371 212 192 53 proposed
581 213 40 37 in
641 210 138 40 regard
799 217 38 32 to
851 218 63 32 the
931 212 208 52 pathology
1157 212 47 39 of
1215 220 103 33 these
1331 216 111 40 affec-

81 269 255 47 tions,—that
354 268 65 38 the
446 266 276 38 inflammation
749 278 86 38 may
853 264 109 40 affect
981 274 63 29 the
1063 263 119 41 whole
1199 274 184 33 structure
1400 270 45 39 of

84 330 67 30 the
165 336 123 32 canal,
309 335 44 25 or
371 334 86 38 may
477 320 47 37 be
543 318 176 39 confined
738 326 39 30 to
796 331 72 26 one
888 318 45 39 of
953 327 65 29 the
1036 331 103 25 coats
1153 329 164 39 j—-that,
1337 321 108 40 when

83 376 32 37 it
134 375 127 39 affects
290 383 63 30 the
381 371 190 40 muscular
598 380 99 38 coat,
725 371 233 39 obstruction
985 380 106 28 takes
1117 371 117 51 place,
1254 373 68 39 but
1349 374 96 47 that,

85 429 112 41 when
225 429 30 37 it
284 428 30 38 is
334 427 179 38 confined
533 435 39 29 to
591 434 63 30 the
672 425 218 49 peritonaeal
909 432 99 37 coat,
1030 431 64 31 the
1112 438 189 26 muscular
1320 428 126 38 action

84 482 46 39 of
151 490 65 30 the
243 481 109 38 canal
371 494 86 38 may
476 494 50 37 go
545 493 50 25 on
614 479 157 38 without
790 479 253 48 interruption
1059 486 151 36 ;—that
1227 486 64 31 the
1309 493 139 38 proper

85 535 247 39 termination
353 533 45 39 of
409 535 65 37 the
493 533 140 38 disease
660 533 39 37 in
732 539 65 31 the
823 530 220 51 peritonaeal
1069 539 85 30 coat
1181 531 30 39 is
1237 541 209 43 gelatinous

89 588 225 46 exudation,
335 588 39 37 in
394 595 65 30 the
477 600 185 25 muscular
681 597 205 40 gangrene.

143 643 130 37 These
300 641 203 51 principles
531 640 19 38 I
577 652 162 39 propose
758 637 58 37 for
834 635 143 39 farther
1004 636 290 51 investigation;
1315 638 74 38 and
1420 640 22 36 I

85 695 95 38 shall
207 703 39 30 at
274 703 151 43 present
443 707 89 38 only
551 693 74 38 add
655 707 21 23 a
704 697 255 31 comparative
986 703 91 24 view
1111 689 44 38 of
1180 698 64 30 the
1275 703 103 26 cases
1410 691 45 38 of

84 749 95 38 ileus
197 748 77 38 and
305 748 47 38 of
372 747 290 44 inflammation,
684 743 122 38 which
828 741 74 39 will
921 742 46 38 be
985 742 117 38 found
1123 743 38 36 in
1181 742 75 39 this
1283 744 75 38 and
1386 744 65 38 the

83 802 210 52 preceding
311 815 126 37 paper.
495 800 150 50 Setting
659 797 103 39 aside
781 804 65 30 the
864 808 100 24 cases
985 794 121 39 which
1127 809 95 24 were
1241 797 207 38 connected

85 856 92 38 with
199 854 231 39 mechanical
452 861 253 36 obstruction,
729 851 19 36 I
771 849 95 37 have
893 848 193 38 described
1107 848 105 38 eight
1230 848 87 39 fatal
1336 863 117 33 cases,

85 908 125 38 which
230 922 98 24 were
347 907 158 39 selected
527 920 38 24 as
585 906 215 48 exhibiting
818 910 64 29 the
900 914 207 38 symptoms
1126 901 44 37 of
1183 902 93 37 ileus
1293 910 159 31 without

85 976 168 38 primary
286 960 288 39 inflammation.
643 957 60 39 Of
727 956 103 38 these
860 960 67 32 the
958 955 263 37 terminations
1258 968 96 26 were
1387 955 65 40 the

83 1016 219 51 following:

189 1086 225 38 Distention
436 1082 161 39 without
616 1078 278 40 inflammation
916 1077 39 37 in
1132 1101 17 7 -
1378 1080 19 34 1

190 1139 223 39 Distention
434 1136 90 38 with
544 1135 293 41 inflammation,
849 1131 128 51 slight,
999 1130 75 38 and
1094 1130 103 51 quite
1216 1137 141 39 recent,
1377 1133 25 32 2

191 1193 212 38 Gangrene
421 1190 159 38 without
599 1186 223 44 exudation,
928 1206 18 7 -
1101 1203 18 9 -
1250 1207 17 8 -
1375 1186 24 33 2

194 1246 210 38 Gangrene
423 1243 88 39 with
533 1243 115 37 slight
666 1238 222 45 exudation,
1045 1255 19 10 -
1223 1256 18 8 -
1376 1237 24 36 3

139 1327 50 37 In
210 1325 75 38 this
303 1337 118 39 paper
439 1322 18 37 I
477 1320 94 40 shall
591 1319 168 39 describe
778 1315 105 39 eight
902 1313 87 39 fatal
1003 1326 116 33 cases,
1141 1311 124 39 which
1284 1326 96 24 were
1398 1327 56 25 se-

85 1380 124 38 lected
229 1393 40 24 as
286 1377 216 51 exhibiting
520 1375 169 51 primary
709 1378 207 46 symptoms
936 1367 44 39 of
993 1366 303 47 inflammation;
1325 1366 73 39 and
1420 1367 43 38 of

86 1435 106 38 these
212 1432 63 39 the
294 1438 265 32 terminations
580 1441 109 32 were.

193 1511 212 39 Extensive
423 1505 223 46 exudation,
668 1503 157 39 without
843 1512 210 41 gangrene,
1205 1521 17 9 -
1379 1499 25 33 5

195 1564 238 45 Exudation,
453 1557 274 42 accompanied
747 1555 88 40 with
854 1565 210 40 gangrene,
1172 1573 15 8 -
1297 1573 16 8 -
1381 1551 24 35 3

140 1644 49 38 In
208 1656 103 26 none
331 1640 44 40 of
388 1640 64 39 the
471 1639 140 37 former
627 1649 73 24 was
718 1642 109 31 there
846 1630 208 40 exudation
1073 1628 159 38 without
1250 1638 206 41 gangrene,

88 1697 78 38 and
185 1698 39 38 in
247 1709 103 25 none
378 1694 45 38 of
443 1693 65 38 the
535 1691 111 38 latter
675 1701 75 26 was
776 1696 107 29 there
908 1695 195 41 gangrene
1130 1681 159 37 without
1316 1678 141 39 exuda-

89 1753 96 36 tion.
241 1751 21 37 I
292 1747 159 40 exclude
483 1745 98 38 from
614 1743 74 39 this
724 1739 239 41 comparison
993 1745 65 29 the
1086 1733 233 39 remarkable
1357 1745 100 33 case,

89 1807 103 41 fcase
211 1803 127 47 11th,)
359 1803 159 36 because
552 1799 18 37 I
599 1796 177 40 conceive
806 1800 82 31 that
914 1791 40 36 in
984 1790 29 38 it
1041 1797 64 29 the
1124 1786 174 39 affection
1327 1785 44 38 of
1393 1783 64 39 the

88 1859 142 39 bowels
249 1869 73 24 was
341 1863 68 29 not
428 1854 65 38 the
511 1851 90 39 fatal
614 1851 156 38 disease.
824 1845 35 39 It
877 1845 29 37 is
926 1843 131 52 highly
1078 1839 184 47 valuable,
1278 1851 44 25 as
1340 1851 119 24 shew-

89 1915 70 51 ing
177 1919 66 30 the
262 1918 95 28 state
376 1907 45 39 of
445 1916 66 28 the
528 1913 103 45 parts
650 1904 108 37 when
779 1915 22 24 a
819 1910 128 27 severe
974 1895 125 39 attack
1119 1893 44 39 of
1176 1892 74 39 this
1268 1891 92 39 kind
1382 1890 76 39 had

90 1967 97 39 been
208 1970 165 42 recently
393 1959 202 39 recovered
615 1958 112 37 from.

146 2021 130 36 These
303 2027 102 27 cases
441 2026 98 24 were
568 2008 201 55 originally
801 2016 201 40 arranged,
1036 1999 207 51 according
1277 2005 41 30 to
1357 1999 101 36 their

90 2080 224 41 symptoms,
351 2065 123 41 under
503 2074 65 29 the
600 2074 75 29 two
708 2063 115 36 heads
850 2057 46 39 of
927 2058 91 36 ileus
1050 2055 74 38 and
1164 2051 294 44 inflammation,

88 2127 164 40 without
270 2136 73 38 any
361 2119 190 41 attention
572 2123 40 32 to
631 2125 65 30 the
715 2113 114 40 mode
853 2111 45 39 of
919 2110 97 38 their
1035 2114 243 32 termination
1295 2120 11 29 ;
1336 2102 74 38 and
1431 2103 30 36 it

89 2195 77 25 was
186 2178 89 51 only
294 2177 95 37 after
407 2173 66 38 the
491 2171 82 38 first
592 2171 113 37 series
724 2181 72 25 was
814 2163 153 54 printed
987 2162 82 38 that
1087 2161 75 38 this
1178 2156 222 54 peculiarity
1419 2166 40 26 in

90 2236 102 38 their
211 2236 264 35 terminations
494 2223 182 40 occurred
697 2232 39 29 to
756 2234 88 32 me;
873 2217 72 47 for,
968 2216 37 39 in
1030 2213 208 52 arranging
1265 2218 65 29 the
1356 2220 103 26 cases

91 2288 47 38 of
150 2287 75 39 this
243 2281 138 43 second
402 2292 100 40 part,
523 2277 75 38 and
618 2276 201 49 searching
843 2271 59 38 for
921 2284 20 24 a
960 2281 83 27 case
1062 2268 42 38 of
1127 2276 166 42 primary
1311 2263 148 36 inflam-

91 2349 147 30 mation
258 2336 123 40 which
402 2347 74 25 was
494 2329 90 39 fatal
602 2329 48 51 by
670 2338 195 44 gangrene
883 2324 160 37 without
1060 2319 222 41 exudation,
1296 2321 24 33 J
1341 2318 117 33 lountl

91 2395 85 37 that
203 2393 18 35 I
249 2391 75 39 had
345 2404 51 24 no
415 2385 91 41 such
535 2383 187 39 example.
775 2379 88 37 The
882 2377 143 39 subject
1044 2388 29 25 is
1092 2381 145 40 wortliy
1257 2368 45 38 of
1322 2378 138 27 careful

90 2445 282 42 investigation.
430 2441 38 38 It
487 2439 30 38 is
532 2452 21 23 a
573 2433 235 40 remarkable
827 2431 89 45 fact,
937 2436 82 31 that
1039 2429 39 36 in
1099 2426 48 39 all
1166 2424 64 40 the
1248 2420 211 38 inflamma-

91 2511 85 33 tory
197 2511 102 26 cases
318 2505 107 29 there
452 2506 75 25 was
553 2488 208 41 exudation
789 2483 44 40 of
855 2481 260 40 considerable
1134 2487 154 30 extent;
1319 2479 80 30 tliat
1418 2481 40 25 in

91 2567 107 27 more
217 2550 93 41 than
329 2548 87 40 half
426 2547 45 40 of
488 2546 103 40 them
611 2542 28 39 it
660 2555 73 26 was
752 2547 64 31 the
835 2537 89 51 only
943 2533 151 41 morbid
1114 2537 246 46 appearance,
1381 2527 75 33 and

776 2598 45 31 10
