2113 3404
358 150 80 40 112

857 164 85 30 THK
977 165 239 32 UIS0KDI5KS
1248 167 53 30 OK
1333 168 175 32 SPKKCIf.

354 294 146 28 means
537 281 43 42 of
617 283 249 56 exorcising,
889 283 43 41 in
970 298 24 27 a
1031 283 224 50 beneficial
1288 299 106 41 way,
1418 286 56 41 all
1509 286 72 41 the
1614 287 184 43 muscles
1824 291 44 40 of
1895 293 65 44 the

353 350 276 57 Respiratory
668 353 180 55 System.
912 354 44 40 It
987 360 116 35 must
1137 355 102 41 tend
1271 362 43 33 to
1347 355 254 54 strengthen
1634 356 120 42 these
1779 361 183 54 muscles,

354 422 129 42 much
506 423 44 41 in
575 423 72 42 the
670 438 115 28 same
811 438 92 38 way
927 438 58 35 as,
1007 423 45 44 in
1085 424 110 41 after
1225 437 135 41 years,
1384 424 72 41 the
1480 424 183 43 muscles
1685 427 45 40 of
1748 426 72 42 the
1841 428 120 48 limbs

355 491 86 44 will
484 493 52 42 be
577 493 307 55 strengthened
931 494 56 54 by
1030 493 188 42 exercise
1260 507 47 26 or
1349 493 56 55 by
1448 495 273 53 gymnastics.
1799 498 161 42 Crying

354 562 218 55 laughing,
594 565 182 54 singing,
798 568 206 48 shouting
1025 562 84 41 and
1142 562 181 54 talking,
1351 563 214 54 practised
1592 565 132 55 freely
1748 566 55 55 by
1824 581 137 45 young

354 633 206 42 children,
583 647 70 27 are
689 633 220 55 generally
942 632 195 41 believed
1169 636 44 37 to
1247 632 50 41 be
1329 632 106 54 good
1469 634 136 42 tonics
1636 634 64 43 for
1726 635 72 43 the
1820 636 142 45 lungs;

355 702 85 42 and
471 703 37 41 it
538 703 36 41 is
606 702 183 54 entirely
812 701 43 41 in
879 701 208 54 harmony
1111 701 107 41 with
1250 701 88 41 this
1371 701 132 42 belief
1533 707 42 37 to
1606 703 90 42 find
1728 704 94 42 that
1851 706 108 44 deaf-

355 778 153 36 mutes,
530 772 93 40 who
647 777 156 36 cannot
826 770 105 50 talk,
952 770 85 41 and
1061 770 93 41 who
1188 770 227 42 otherwise
1437 785 75 29 use
1535 772 111 42 their
1668 774 140 42 voices
1839 778 119 42 much

353 842 83 42 less
473 843 105 40 than
613 841 163 41 normal
813 840 206 50 children,
1049 854 71 28 are
1157 840 195 42 believed
1384 841 56 55 by
1475 856 127 41 many
1635 848 42 37 to
1709 843 108 43 have
1848 848 112 41 weak-

353 926 154 28 chests,
529 911 84 41 and
650 915 44 37 to
727 911 52 41 be
811 910 206 55 specially
1055 924 131 41 prone
1218 915 44 37 to
1299 911 121 42 chest
1451 912 230 43 affections.
1745 914 43 41 It
1824 918 134 41 would

352 996 169 41 appear,
543 980 179 50 further,
743 981 46 40 in
820 980 149 55 regard
1000 985 44 36 to
1076 980 274 50 deaf-mutes,
1372 981 96 42 that
1500 982 102 56 they
1634 983 143 42 derive
1809 985 152 45 benefit

352 1058 43 36 to
419 1053 111 41 their
550 1051 172 56 general
745 1051 159 51 health,
926 1051 84 41 and
1034 1051 231 54 especially
1287 1056 44 37 to
1360 1052 111 42 their
1492 1053 275 56 Respiratory
1791 1055 168 43 Organs,

350 1124 109 40 from
496 1123 130 54 being
652 1122 154 55 taught
837 1129 44 34 to
903 1121 133 55 speak
1067 1121 58 55 by
1149 1122 73 41 the
1245 1122 175 42 modern
1449 1123 123 41 "oral
1597 1124 207 51 method,"
1827 1128 131 42 which

350 1193 105 42 calls
476 1193 115 41 their
626 1192 122 42 vocal
785 1205 152 42 organs
968 1192 86 41 and
1085 1192 260 54 respiratory
1368 1193 184 41 muscles
1581 1193 91 42 into
1694 1195 100 54 play
1816 1196 44 40 in
1891 1198 68 42 the

351 1264 201 53 ordinary
576 1277 104 40 way,
702 1276 45 27 as
779 1261 45 42 in
857 1262 73 41 the
962 1261 154 55 speech
1146 1262 46 40 of
1220 1262 153 41 others.
1436 1263 102 41 This
1562 1263 114 41 tonic
1698 1265 191 41 function
1921 1270 42 38 of

352 1334 293 50 vocalization,
669 1332 231 55 especially
923 1332 238 55 important
1182 1346 45 27 as
1249 1332 35 41 it
1306 1332 35 42 is
1363 1336 45 38 to
1430 1333 74 41 the
1526 1333 147 41 health
1695 1334 43 41 of
1760 1334 71 42 the
1849 1337 109 42 child

351 1405 156 41 during
543 1404 73 41 the
654 1404 91 41 first
776 1403 106 55 days
918 1402 85 41 and
1041 1403 140 41 weeks
1218 1404 46 40 of
1296 1403 56 41 its
1388 1403 87 51 life,
1503 1404 124 41 when
1664 1404 148 55 crying
1843 1406 34 41 is
1909 1407 49 43 its

350 1475 173 42 leading
545 1475 110 41 form
677 1474 46 41 of
748 1473 198 50 exercise,
968 1472 208 55 probably
1198 1473 161 41 retains
1391 1474 242 41 something
1667 1476 46 39 of
1747 1475 70 41 the
1851 1490 108 29 same

353 1545 106 41 kind
482 1545 45 41 of
546 1544 113 41 tonic
691 1543 213 41 influence
936 1555 54 27 on
1023 1542 73 41 the
1127 1542 277 55 Respiratory
1429 1543 164 41 Organs
1624 1543 46 40 in
1695 1544 109 41 after
1834 1558 126 41 years,

351 1628 126 27 when
499 1612 284 42 vocalization
804 1611 35 42 is
862 1611 214 54 practised
1098 1611 44 41 in
1167 1611 121 42 other
1315 1626 125 40 ways.
1505 1612 87 41 The
1615 1613 85 40 free
1724 1627 74 27 use
1820 1614 44 41 of
1892 1614 67 43 the

351 1683 120 42 voice
507 1683 37 41 is
580 1681 209 55 probably
811 1694 54 28 an
902 1681 238 54 important
1177 1682 115 40 tonic
1329 1686 43 36 to
1406 1682 72 41 the
1516 1682 137 41 whole
1690 1683 269 56 Respiratory

352 1755 170 55 System
540 1752 267 42 throughout
824 1751 73 42 the
914 1766 122 40 years
1053 1752 44 41 of
1113 1752 165 55 growth
1296 1753 84 41 and
1398 1753 326 54 development;
1755 1754 83 41 and
1859 1769 100 27 even

351 1825 46 42 in
418 1825 110 41 later
549 1837 122 40 years
694 1822 245 42 something
970 1822 46 41 of
1046 1822 72 42 the
1151 1837 115 27 same
1295 1823 147 41 utility
1467 1829 157 35 cannot
1644 1825 248 54 reasonably
1912 1826 47 41 be

352 1894 156 42 denied
530 1894 45 41 it.
638 1893 116 41 Thus
779 1906 61 28 we
863 1906 100 41 may
985 1892 207 41 conclude
1213 1892 108 51 that,
1338 1892 145 42 before
1505 1893 73 42 the
1601 1893 118 42 voice
1740 1894 36 41 is
1798 1895 100 41 used
1920 1901 39 35 at

351 1965 58 41 all
431 1979 45 27 as
499 1979 24 27 a
554 1977 148 28 means
733 1963 44 41 of
808 1962 250 55 expressing
1080 1962 136 42 either
1238 1964 191 40 emotion
1451 1977 46 27 or
1518 1963 196 54 thought,
1737 1964 34 41 it
1802 1964 35 42 is
1861 1965 97 42 used

351 2034 325 43 automatically
699 2047 45 28 as
767 2047 24 27 a
814 2047 146 27 means
983 2034 43 39 of
1058 2033 238 54 exercising
1329 2033 73 42 the
1424 2033 126 55 lungs
1573 2033 83 41 and
1687 2033 73 43 the
1782 2035 176 42 muscles

350 2107 43 41 of
416 2105 279 55 respiration;
728 2103 83 42 and
835 2104 106 50 that,
964 2117 108 27 even
1096 2112 108 32 after
1227 2103 73 42 the
1323 2117 117 28 voice
1465 2103 75 42 has
1563 2104 171 42 become
1758 2104 70 42 the
1854 2106 107 40 chief

350 2189 248 30 expressive
629 2175 264 41 instrument
934 2174 44 40 of
1020 2173 72 42 the
1126 2173 132 48 mind,
1294 2174 57 41 its
1389 2174 186 41 exercise
1607 2174 90 41 still
1730 2175 227 49 continues,

352 2246 264 55 throughout
638 2245 86 41 life,
746 2249 44 37 to
813 2245 109 41 have
944 2244 243 41 something
1209 2244 43 41 of
1282 2244 57 41 its
1371 2244 71 42 old
1473 2245 118 41 tonic
1612 2244 125 42 effect
1757 2258 113 41 upon
1891 2244 67 42 the

351 2315 279 55 Respiratory
654 2313 170 55 System
847 2313 228 55 generally.

411 2388 37 39 2.
480 2385 41 41 A
548 2385 146 40 Means
714 2384 50 54 of
777 2383 256 55 Expressing
1053 2383 388 55 Emotion.Very
1459 2397 115 37 soon,
1591 2383 368 43 however,even

350 2471 46 28 so
418 2454 118 44 early
559 2468 45 28 as
627 2468 24 27 a
673 2454 81 40 few
780 2453 104 55 days
907 2467 47 28 or
973 2453 143 41 weeks
1139 2453 110 41 after
1273 2453 259 49 birth,the
1560 2453 195 42 function
1769 2453 45 42 of
1829 2466 128 28 voice-

350 2538 256 44 production
644 2523 149 42 begins
830 2527 44 37 to
906 2522 78 41 fall
1016 2536 114 28 more
1162 2523 84 40 and
1281 2536 113 29 more
1426 2523 136 42 under
1584 2523 73 42 the
1679 2537 114 28 sway
1816 2523 43 41 of
1892 2522 65 41 the

352 2596 248 43 Cerebrum.
662 2593 90 41 The
776 2592 246 42 Sensorium
1054 2592 89 41 has,
1175 2591 44 42 in
1251 2592 73 41 the
1352 2593 244 41 meantime,
1619 2593 107 41 been
1752 2591 206 54 receiving

352 2681 130 28 many
519 2666 132 40 forms
688 2663 43 42 of
768 2662 270 42 stimulation
1080 2663 107 40 from
1227 2662 194 51 without,
1458 2663 85 41 and
1579 2663 37 41 is
1652 2663 231 54 beginning
1917 2666 39 35 to

351 2749 158 29 awake.
572 2734 43 41 It
636 2732 77 42 has
735 2732 106 42 been
874 2731 216 54 receiving
1118 2731 276 54 impressions
1426 2732 46 41 of
1500 2745 130 42 many
1662 2731 139 51 kinds,
1824 2728 132 42 which

351 2807 111 42 have
483 2805 106 42 been
623 2801 161 57 poured
815 2801 45 41 in
898 2815 116 40 upon
1046 2800 36 41 it
1112 2799 186 56 through
1321 2800 73 42 the
1416 2814 152 28 organs
1590 2801 46 41 of
1664 2800 154 56 special
1842 2811 114 30 sense

348 2877 86 43 and
457 2888 235 30 cutaneous
714 2871 254 55 sensibility.
1031 2870 129 55 Light
1181 2870 76 42 has
1281 2870 139 55 begun
1443 2875 44 37 to
1510 2870 107 41 form
1636 2871 158 41 images
1817 2884 52 27 on
1892 2867 65 42 the

347 2948 182 43 Retina;
560 2943 160 45 sounds
753 2943 108 41 have
893 2942 106 42 been
1024 2941 153 55 falling
1201 2954 112 41 upon
1347 2941 73 41 the
1443 2954 95 29 ear;
1570 2941 72 42 the
1671 2942 120 42 other
1813 2949 145 45 organs
