1933 3302
182 143 54 39 46
369 144 185 30 Verhalten
580 153 67 21 von
673 143 97 42 Milz,
794 143 116 33 Leber.
957 145 233 33 Hautikterus.
1239 147 370 44 Urinveränderungen.

182 251 363 51 Appetitlosigkeit,
567 251 258 39 beobachtete
841 252 142 50 jedoch
1002 253 63 37 bei
1086 253 23 36 3
1126 252 132 39 Fällen
1279 259 268 44 permanentes
1567 256 222 39 Erbrechen

183 308 73 36 mit
283 305 216 39 lebhaftem
527 304 133 39 Durst.

318 358 162 50 Stetige,
519 358 257 39 hartnäckige
806 359 191 37 Diarrhoe
1028 359 219 39 betrachtet
1275 375 33 23 v.
1340 361 148 38 Pitha
1525 362 54 37 als
1617 376 174 24 ziemlich

189 415 240 42 constantes,
468 412 204 51 wichtiges
712 412 202 50 Symptom
955 413 66 37 des
1059 411 361 51 Hospitalbrandes.
1479 415 205 38 Fischer
1723 417 65 36 be-

185 468 208 37 obachtete
415 465 249 39 wiederholte
685 466 268 50 hartnäckige,
985 466 276 50 erschöpfende
1282 468 227 38 Durchfälle
1537 482 72 24 nur
1637 469 62 37 bei
1719 469 72 38 den

187 533 238 26 schwersten
445 520 126 38 seiner
585 520 106 38 Fälle
712 520 79 37 und
806 519 208 50 Heiberg
1034 520 219 38 überhaupt
1268 535 72 23 nur
1356 521 114 38 2mal.
1510 521 45 38 In
1570 522 221 38 Fischer's

186 574 138 39 Fällen
353 577 128 35 traten
511 574 39 37 in
573 574 50 36 24
646 572 173 39 Stunden
846 574 105 36 4—8
973 573 136 38 Stühle
1140 574 71 46 ein,
1244 575 88 37 sehr
1354 576 115 45 dünn,
1501 576 139 48 copiös,
1672 581 119 44 grün-

187 627 207 51 lich-gelb,
426 641 75 25 von
532 627 90 38 sehr
651 627 130 37 üblem
802 626 163 39 Geruch,
998 626 99 38 ohne
1118 626 107 49 Blut;
1256 628 55 38 sie
1341 642 158 24 wurden
1529 628 98 38 ohne
1648 628 144 38 Tenes-

187 696 99 25 mus,
320 682 99 38 doch
448 681 100 38 nach
577 680 345 51 vorausgehenden
944 680 321 40 Leibschmerzen
1294 683 77 37 und
1391 682 199 38 Flatulenz
1620 682 173 38 entleert.

187 736 202 38 Zuweilen
420 735 155 38 blähete
605 734 82 38 sich
719 735 66 37 der
814 734 96 38 Leib
942 734 83 38 auf,
1071 734 114 38 meist
1219 735 91 38 aber
1346 736 102 37 blieb
1479 750 40 24 er
1549 749 244 36 eingezogen.

188 805 36 23 V.
255 790 181 38 Pitha's
467 788 351 51 Beobachtungen,
856 789 86 37 dass
974 788 59 38 die
1062 788 228 38 Durchfälle
1320 803 98 36 ganz
1448 791 173 49 gleichen
1653 788 144 39 Schritt

188 844 73 39 mit
282 845 68 37 der
369 843 205 39 topischen
592 842 195 38 Affection
815 842 160 38 hielten,
1006 841 85 39 sind
1121 844 130 47 später
1279 842 108 38 nicht
1414 843 187 38 bestätigt
1628 856 166 24 worden.

188 898 123 39 Nicht
341 911 45 24 zu
412 896 264 39 verwechseln
705 896 72 38 mit
807 897 130 37 diesen
958 895 255 39 Durchfällen
1243 895 84 38 sind
1348 897 191 48 septische
1566 896 230 45 Diarrhoen,

189 953 149 38 welche
359 964 126 38 gegen
508 951 67 37 das
596 950 111 38 Ende
729 951 202 38 schwerer,
954 953 70 34 mit
1045 949 130 50 Sepsis
1196 949 258 50 complicirter
1474 949 323 50 Hospitalbrand-

189 1007 95 38 fälle
314 1005 254 39 beschrieben
598 1005 165 38 werden.

289 1160 33 37 3.
353 1158 95 38 Eine
476 1167 109 29 melir
617 1156 91 39 oder
736 1156 173 49 weniger
939 1156 220 39 erhebliche
1187 1156 315 48 Vergrösserung
1532 1154 65 38 der
1625 1154 87 37 Milz

194 1255 230 39 constatirte
455 1254 204 38 Fischer.
709 1253 55 38 Er
793 1253 109 51 giebt
931 1267 58 31 an,
1023 1253 87 38 dass
1140 1266 41 24 er
1210 1251 121 38 dieses
1354 1250 205 50 Symptom
1588 1248 38 38 in
1656 1248 146 38 schwe-

194 1323 115 25 reren
329 1309 137 38 Fällen
495 1311 124 35 selten
639 1310 182 35 vermisst
847 1306 113 38 habe.
1009 1307 74 38 Die
1102 1306 92 38 Milz
1214 1319 80 23 war
1318 1305 38 37 in
1379 1304 102 38 allen
1500 1302 305 39 Durchmessern

197 1365 255 37 vergrössert.
501 1362 74 38 Die
597 1361 250 39 Schwellung
877 1361 200 38 derselben
1106 1362 153 36 machte
1289 1358 82 38 sich
1400 1358 178 37 indessen
1607 1355 106 38 nicht
1732 1369 74 24 von

195 1417 252 39 vornherein,
491 1417 166 38 sondern
705 1415 115 39 meist
865 1418 80 35 erst
986 1415 55 37 im
1082 1416 181 35 weiteren
1291 1411 167 39 Verlauf
1491 1411 65 37 der
1590 1409 217 39 Krankheit

196 1474 171 50 geltend.

866 1572 34 37 4.
930 1571 69 38 Die
1030 1571 120 38 Leber

198 1673 96 38 fand
327 1671 193 39 Fischer
550 1670 58 39 oft
635 1671 255 50 vergrössert,
923 1667 99 39 doch
1050 1667 108 38 nicht
1186 1679 41 25 so
1256 1664 132 47 häufig
1417 1660 72 38 wie
1519 1660 59 39 die
1605 1660 102 38 Milz.

658 1823 33 37 5.
719 1820 220 39 Ikterische
967 1818 182 39 Färbung
1178 1817 67 38 der
1273 1815 102 39 Haut

204 1923 71 39 sah
304 1922 210 39 Fischer
550 1934 74 24 nur
662 1919 61 38 bei
764 1918 259 38 schwereren,
1064 1928 74 25 von
1169 1913 160 50 Pyämie
1365 1911 236 50 begleiteten
1635 1908 176 38 Formen.

204 1977 161 39 Heine
395 1977 178 50 dagegen
602 1973 257 40 beobachtete
895 1973 119 36 öfters
1044 1968 207 39 ikterische
1280 1966 187 49 Färbung
1502 1964 66 37 der
1596 1962 106 38 Haut
1735 1960 78 38 und

206 2031 280 40 Schleimhaut,
517 2029 80 37 und
626 2042 103 24 zwar
757 2029 78 35 trat
863 2025 62 38 bei
955 2037 132 25 seinen
1107 2022 134 39 Fällen
1271 2021 66 36 der
1358 2018 153 38 Ikterus
1541 2017 112 37 meist
1680 2029 39 23 m
1741 2015 73 36 den

206 2099 131 26 ersten
369 2085 135 37 Tagen
536 2084 67 37 der
631 2080 222 41 Krankheit
882 2079 77 38 auf,
991 2078 131 37 wurde
1151 2090 74 24 nur
1254 2085 323 27 ausnahmsweise
1606 2071 208 37 intensiver

205 2141 80 38 und
314 2153 128 25 verlor
471 2137 82 39 sich
583 2137 90 39 bald
703 2149 152 24 wieder.

889 2277 33 38 6.
951 2275 77 38 Der
1056 2272 95 38 Urin

211 2395 126 26 zeigte
375 2381 116 37 meist
527 2393 74 23 nur
639 2378 60 37 die
738 2377 86 37 dem
858 2371 239 40 Fieberharn
1133 2379 304 27 zukommenden
1470 2362 345 47 Veränderungen:

213 2451 41 25 er
307 2450 82 24 war
426 2447 113 26 sauer
575 2433 79 37 und
691 2444 76 25 von
808 2427 209 39 mittlerem
1062 2422 263 39 specifischem
1364 2418 207 40 Gewichte.
1635 2414 70 38 Bei
1745 2414 72 35 den

214 2504 243 26 schwereren
487 2487 135 39 Fällen
649 2484 142 52 jedoch
819 2482 94 39 fand
942 2478 210 40 Fischer
1182 2477 88 37 sehr
1298 2474 134 50 häufig
1462 2470 160 40 Eiweiss
1651 2467 76 38 und
1756 2466 61 37 bei

215 2547 196 37 seltneren
440 2542 134 38 Fällen
605 2540 98 38 auch
735 2533 330 44 GallenfarbstofP.
1124 2530 112 39 Auch
1266 2529 154 39 Heine
1450 2538 91 26 wies
1575 2523 63 38 bei
1667 2532 150 37 einigen

214 2600 136 39 Fällen
383 2594 324 42 Gallenfarbstoff
731 2592 111 38 nach.

528 2756 32 36 7.
590 2749 236 50 Allgemeine
856 2746 214 50 Symptome
1102 2743 64 39 des
1195 2737 326 49 Nervensystems.

351 2854 82 39 Der
469 2863 157 35 stetige,
667 2845 177 45 örtliche,
885 2855 187 26 spontane
1101 2838 195 40 Schmerz,
1336 2845 166 26 welcher
1537 2828 78 39 sich
1645 2827 176 47 Anfangs

216 2925 75 24 nur
323 2908 65 38 bei
418 2907 108 38 Tage
555 2916 111 26 mehr
696 2899 157 52 geltend
882 2898 145 37 macht,
1067 2894 92 38 bald
1193 2904 91 25 aber
1317 2889 38 37 in
1387 2887 59 37 die
1477 2883 129 40 Nacht
1635 2892 188 27 ausdehnt

217 2965 80 38 und
324 2965 73 37 den
420 2960 136 39 Schlaf
573 2958 110 44 stört,
702 2955 42 50 ja
763 2967 98 37 ganz
881 2963 163 38 verjagt,
1075 2948 130 38 ferner
1225 2943 59 39 die
1303 2943 258 38 intensiveren
1581 2935 239 43 Schmerzen,
