2107 3450
261 331 87 30 THE
381 329 162 32 ACTION
577 328 53 31 OF
661 327 88 31 THE
783 325 167 32 SPEECH
984 324 198 32 CENTRES
1217 324 47 30 IN
1298 323 227 31 INSANITY.

1638 312 84 42 201

67 452 86 42 and
188 456 47 38 £a
270 452 112 55 huge
416 447 270 48 California!)
733 461 267 42 newspaper,
1033 445 81 41 full
1154 444 47 42 of
1235 444 59 41 all
1334 457 184 29 manner
1556 443 46 42 of
1637 442 85 43 odd

67 524 376 42 advertisements,
467 536 117 28 some
612 521 45 42 of
685 520 142 43 which
851 518 181 44 amused
1057 531 68 29 me
1150 516 132 43 much
1305 516 58 56 by
1388 515 116 43 their
1527 519 195 51 novelty.

68 595 22 43 I
114 595 84 43 had
221 596 104 42 then
347 600 142 51 prints
517 594 45 42 of
596 593 72 43 the
692 592 154 42 vulgar
878 591 71 42 old
974 589 218 44 comedies
1215 588 147 44 before
1385 586 336 57 Shakespeare's

67 668 117 42 time,
230 667 142 42 which
417 681 110 29 were
572 680 105 41 very
726 663 272 57 disgusting.'
1062 662 51 42 41
1157 661 130 44 could
1330 660 180 56 conjure
1550 674 59 42 up
1648 658 75 44 the

65 742 221 38 spectrum
308 738 45 42 of
375 752 24 28 a
422 737 113 43 close
559 736 177 57 printed
759 735 197 57 political
983 748 147 42 paper,
1158 733 120 43 filled
1312 738 107 39 with
1454 730 269 44 discussions

66 824 54 26 on
155 809 245 52 free-trade,
433 809 256 56 protection,
722 808 86 42 and
843 808 203 42 colonies,
1082 806 108 43 such
1226 820 46 29 as
1310 819 83 30 one
1429 818 93 29 sees
1561 803 48 44 in
1647 802 76 43 the

70 878 147 45 Times,
233 880 73 43 the
327 881 255 42 Economist,
600 880 86 42 and
710 880 75 43 the
808 879 138 43 Daily
968 879 133 43 News.
1168 878 22 42 I
1214 877 102 44 read
1337 877 77 42 the
1437 875 115 44 ideal
1576 874 144 57 copies

67 951 103 44 with
195 966 24 28 a
241 953 109 55 good
375 953 96 43 deal
495 953 47 42 of
559 953 104 56 pain
687 952 87 43 and
797 952 231 56 difficulty,
1051 952 144 42 owing
1228 956 44 38 to
1306 950 75 43 the
1413 948 232 44 smallness
1678 948 47 41 of

67 1023 73 43 the
163 1028 117 52 type,
302 1025 81 42 but
411 1025 107 43 with
551 1031 123 51 great
705 1026 197 50 interest,
935 1025 98 42 and,
1069 1025 21 41 I
1124 1024 180 42 believe,
1338 1022 121 43 often
1500 1022 66 42 for
1604 1034 117 29 more

67 1095 104 43 than
197 1110 54 27 an
274 1096 112 42 hour
408 1102 46 37 at
476 1111 23 29 a
524 1098 131 53 time;
688 1098 190 42 forming
901 1112 24 27 a
953 1097 236 56 judgment
1211 1096 47 42 of
1286 1095 117 43 their
1435 1098 153 39 merits
1613 1097 109 37 with

65 1174 121 49 great
209 1169 191 43 freedom
423 1170 86 42 and
531 1175 242 38 acuteness,
796 1170 86 42 and
904 1176 123 36 often
1054 1169 156 56 saying
1242 1173 46 38 to
1322 1165 330 59 myself—This
1684 1164 38 42 is

68 1255 106 41 very
197 1241 190 57 cleverly
409 1248 94 50 put,
527 1242 80 42 but
629 1243 123 42 there
776 1243 37 41 is
836 1257 25 27 a
884 1242 159 42 fallacy
1068 1242 46 41 in
1138 1242 48 41 it,
1209 1241 65 42 for
1297 1255 46 28 so
1367 1240 87 43 and
1478 1253 46 29 so
1558 1274 6 7 .
1601 1273 7 9 .
1643 1238 20 42 .'

127 1313 114 43 Lord
276 1314 168 56 Jeffrey
468 1314 112 43 died,
604 1315 108 42 26th
735 1315 201 56 January
962 1314 129 43 1850,
1105 1318 65 38 aet.
1197 1313 68 45 76,
1288 1327 56 28 on
1369 1312 75 43 the
1467 1324 190 31 evening
1680 1309 48 43 of

67 1385 74 43 the
164 1385 86 56 day
273 1386 226 43 following
520 1387 97 42 that
639 1401 56 28 on
720 1387 142 42 which
885 1387 55 42 he
962 1386 86 42 had
1072 1385 194 43 dictated
1289 1385 90 42 this
1403 1385 138 42 letter.

127 1456 252 57 Griesinger
401 1457 57 56 (p.
485 1458 88 56 90),
600 1458 212 42 referring
846 1463 42 37 to
925 1459 72 41 the
1031 1458 244 55 frequency
1303 1455 110 43 with
1440 1454 147 43 which
1615 1452 109 44 such

64 1529 341 43 hallucinations
424 1529 45 43 of
491 1529 75 43 the
583 1543 148 29 senses
750 1544 128 28 occur
894 1529 47 43 in
960 1543 104 29 sane
1081 1528 170 57 people,
1269 1526 238 58 especially
1526 1526 200 42 between

65 1601 197 55 sleeping
284 1601 85 42 and
393 1601 187 57 waking,
599 1601 85 43 and
709 1602 155 42 noting
889 1601 72 43 the
983 1601 90 43 fact
1091 1601 99 43 that
1209 1600 144 43 visual
1368 1597 358 51 hallucinations,

67 1673 121 42 when
216 1673 133 51 vivid,
370 1688 103 42 may
497 1674 52 42 be
572 1674 248 56 brilliantly
844 1673 216 53 coloured,
1084 1672 415 57 says,—"Nothing
1523 1670 129 44 could
1673 1669 55 44 be

62 1759 117 28 more
202 1758 233 29 erroneous
461 1745 107 42 than
603 1751 43 37 to
681 1746 201 42 consider
914 1761 24 27 a
973 1761 102 27 man
1109 1752 43 36 to
1193 1746 51 42 be
1280 1744 218 44 mentally
1525 1742 200 43 diseased

62 1814 184 42 because
288 1813 56 43 he
389 1814 83 42 had
516 1815 166 42 mental
736 1815 225 43 delusions
1007 1815 393 56 (hallucinations).
1466 1813 91 42 The
1612 1816 115 39 most

64 1885 228 43 extensive
315 1887 258 55 experience
597 1887 143 42 shows
764 1887 146 42 rather
933 1887 98 42 that
1064 1887 109 43 such
1206 1887 279 56 phenomena
1517 1898 130 29 occur
1679 1884 47 42 in

66 1956 74 42 the
162 1956 112 43 lives
297 1958 45 41 of
362 1971 105 42 very
491 1957 326 57 distinguished
841 1959 86 42 and
955 1959 156 56 highly
1134 1957 278 44 intellectual
1435 1972 115 28 men,
1573 1956 45 43 of
1651 1956 73 43 the

67 2032 113 38 most
202 2028 204 43 different
423 2029 283 56 dispositions
724 2030 87 42 and
829 2031 175 42 various
1023 2036 114 37 casts
1160 2032 46 41 of
1226 2030 136 53 mind,
1386 2030 80 43 but
1488 2028 240 57 especially

68 2101 43 40 in
137 2100 122 42 those
293 2101 44 41 of
370 2115 134 28 warm
532 2102 87 42 and
652 2103 214 55 powerful
900 2102 324 43 imagination."
1290 2103 71 41 He
1395 2103 223 41 instances
1651 2100 76 44 the

67 2186 119 29 cases
209 2173 45 41 of
273 2173 146 51 Tasso,
441 2172 183 44 Goethe,
648 2174 68 42 Sir
747 2174 172 42 Walter
958 2175 134 42 Scott,
1115 2174 118 43 Lord
1270 2176 162 55 Byron,
1455 2175 114 42 Jean
1603 2174 125 52 Paul,

67 2244 263 43 Benvenuto
370 2245 173 52 Cellini,
577 2246 201 56 Spinoza,
812 2246 166 43 Pascal,
1010 2247 100 42 Van
1151 2247 229 43 Helmont,
1413 2247 88 43 and
1539 2246 186 54 Andral,

67 2316 108 51 who,
210 2316 65 42 for
308 2316 75 43 the
418 2322 115 38 most
567 2324 109 49 part,
710 2318 86 42 had
831 2319 258 56 experience
1125 2320 48 41 of
1203 2319 150 43 seeing
1388 2320 177 41 visions.
1650 2318 76 43 Mr

66 2388 173 52 Nisbet,
269 2388 215 53 however,
518 2390 37 42 is
592 2405 56 27 no
688 2390 137 43 doubt
863 2391 179 56 equally
1080 2391 134 43 ready
1248 2396 44 37 to
1329 2396 135 52 quote
1499 2391 61 43 all
1601 2391 123 43 these

66 2461 219 43 instances
308 2475 47 29 as
378 2462 223 56 examples
624 2464 47 40 of
689 2463 74 43 the
792 2463 240 57 "Insanity
1056 2464 44 42 of
1124 2463 237 44 Genius."2

124 2533 76 43 All
222 2548 104 29 sane
350 2534 154 56 people
527 2535 111 43 have
663 2536 74 43 the
755 2551 146 41 power
918 2537 47 42 of
981 2537 187 56 forming
1187 2537 190 43 internal
1396 2537 144 43 visual
1558 2538 165 44 images

64 2605 43 42 of
132 2605 146 57 things
301 2606 87 43 and
411 2607 154 53 words,
587 2608 87 42 and
697 2609 74 43 the
804 2609 166 43 faculty
992 2610 37 42 is
1063 2609 215 58 probably
1310 2610 316 56 strengthened
1664 2612 60 58 by

63 2678 187 54 practice
274 2679 44 41 in
343 2679 107 43 such
474 2681 283 55 occupations
780 2695 47 30 as
850 2681 98 43 that
970 2682 44 42 of
1047 2697 55 27 an
1133 2682 152 44 artist;
1319 2683 81 43 but
1423 2697 161 44 among
1617 2698 105 29 sane

66 2750 151 54 people
239 2751 37 42 it
298 2751 36 43 is
357 2751 105 56 only
485 2753 45 41 in
556 2754 244 57 unhealthy
824 2755 260 53 conditions,
1108 2755 108 43 such
1240 2770 46 28 as
1320 2755 126 44 those
1480 2756 46 43 of
1556 2757 167 43 fatigue

65 2822 44 41 of
163 2823 71 41 the
288 2823 123 42 mind
454 2825 86 42 and
583 2826 239 56 prolonged
876 2827 325 56 sleeplessness,
1244 2828 98 43 that
1384 2828 124 44 these
1527 2829 196 58 ^images

66 2894 253 44 exteriorize
343 2897 274 54 themselves,
633 2899 85 43 and
736 2900 99 56 give
854 2899 75 44 the
951 2915 119 29 same
1089 2901 287 44 distinctness
1395 2902 47 43 of
1461 2903 261 43 impression

67 2978 46 29 as
136 2965 34 42 if
192 2966 90 42 real
304 2967 164 55 objects
492 2984 112 30 were
627 2971 131 56 being
780 2972 158 44 looked
960 2978 58 38 at.

126 3036 174 57 Among
323 3038 74 43 the
416 3040 172 53 Insane,
604 3043 142 43 visual
762 3044 343 44 hallucinations
1120 3061 71 28 are
1207 3047 286 55 exceedingly
1510 3062 212 28 common.

400 3139 8 21 1
441 3140 78 45 Life
538 3140 40 46 of
590 3141 97 36 Lord
704 3143 147 45 Jeffrey,
871 3144 72 36 vol.
965 3145 23 36 i.
1011 3158 34 35 p.
1066 3146 82 36 407.

395 3200 13 21 2
441 3199 68 36 The
529 3200 170 47 Insanity
718 3204 40 47 of
773 3203 143 47 Genius,
937 3205 49 47 by
1006 3206 35 36 J.
1063 3206 41 36 F.
1126 3207 147 45 Nisbet,
1296 3210 103 34 1891.

1477 3260 24 40 2
1526 3270 24 30 c
