1933 3217
560 326 215 32 SYNOPSIS
799 326 53 32 OF
877 326 91 31 THE
993 326 227 30 SIMIADiE.

1477 318 93 46 227

358 455 183 45 chestnut,
576 455 155 36 beneath
766 454 317 48 yellowish-gray;
1119 455 81 35 four
1228 453 115 37 hands
1373 453 198 38 brownish-

358 523 106 35 black
483 535 11 30 ;
522 522 76 35 face
626 522 225 35 surrounded
876 521 89 36 with
995 533 20 23 a
1039 521 107 35 circle
1172 521 40 35 of
1235 520 333 37 ochreous-yellow.

359 588 167 36 Inhabits
544 587 183 48 Cayenne.

426 664 180 30 Described
618 664 43 37 by
675 663 106 35 Kuhl,
798 663 85 30 from
898 663 202 30 Temmiuk’s
1115 662 194 31 Collection.

498 756 138 37 Genus
658 755 147 37 XXIV
873 756 199 47 Hapales,
1097 756 182 36 Illiger.

252 838 147 36 Muzzle
434 837 125 43 short;
585 836 105 35 facial
717 836 106 47 angle
852 836 83 36 60°.
1009 835 81 37 The
1118 849 113 35 upper
1262 835 131 37 lateral
1420 837 148 36 incisors

196 905 182 35 insulated
393 917 11 30 ;
424 909 62 30 the
505 915 117 24 under
639 902 129 36 lateral
787 903 147 36 incisors
952 902 172 48 longest;
1148 904 148 34 inferior
1320 903 129 35 canine
1465 903 101 35 teeth

197 984 88 34 very
314 970 132 43 small;
479 970 106 44 nails,
613 975 130 30 except
774 976 103 29 those
908 970 41 35 of
976 969 64 36 the
1070 968 132 37 hinder
1233 969 163 44 thumbs,
1431 970 39 34 in
1503 970 63 34 the

197 1039 95 34 form
311 1038 40 34 of
364 1036 106 36 claws
487 1049 12 30 ;
520 1035 62 35 tail
602 1035 126 36 longer
748 1042 89 29 than
857 1036 62 35 the
939 1036 108 46 body,
1063 1036 71 34 and
1150 1035 256 47 squirrel-like.

199 1102 135 36 Plate
355 1101 169 37 XXVII
597 1100 33 36 1.
650 1100 53 36 II.
726 1113 209 33 vulgaris,
956 1099 163 47 Ouistiti,
1143 1114 40 22 or
1198 1101 61 35 the
1280 1099 158 39 Striated
1456 1100 109 36 Mon-

354 1169 73 35 key
500 1166 148 38 Ouistiti
672 1167 161 47 vulgare,
856 1166 157 37 Jacchus
1033 1167 170 47 vulgaris,
1231 1166 124 48 Geoff.
1380 1167 109 36 Ann.
1511 1166 53 35 du

355 1234 113 35 Mus.
506 1234 76 34 xix.
620 1233 101 43 119;
763 1234 133 35 Desm.
934 1233 170 35 Mamm.
1140 1233 62 36 92.
1259 1231 115 38 Simia
1402 1233 161 49 jacchus,

353 1299 149 36 Ilumb.
527 1299 88 36 Obs.
637 1299 101 36 Zoo/,
767 1299 22 35 i.
817 1312 33 34 p.
882 1298 89 37 365.
1027 1298 104 48 Deep
1149 1311 114 35 gray;
1290 1299 113 36 lower
1429 1304 79 42 part
1528 1299 40 35 of

355 1365 61 35 tlie
435 1365 91 35 back
546 1366 69 34 and
637 1365 63 35 tail
719 1366 142 34 banded
877 1365 87 35 with
983 1365 125 36 brown
1125 1378 12 31 ;
1164 1365 94 35 head
1277 1365 41 36 of
1339 1377 21 23 a
1378 1377 184 24 chestnut-

354 1432 62 34 red
434 1444 12 30 ;
463 1431 170 35 forehead
652 1431 87 36 with
755 1444 21 22 a
787 1431 110 36 white
916 1437 104 41 spot;
1039 1431 63 36 the
1120 1431 96 35 hairs
1233 1431 95 35 from
1347 1437 63 29 the
1429 1431 133 35 cheeks

354 1498 70 34 and
443 1497 134 35 behind
597 1503 61 30 the
678 1510 75 23 ears
768 1510 126 34 nearly
908 1497 124 45 white,
1055 1498 71 34 and
1143 1510 86 34 very
1241 1496 97 37 long.
1395 1496 166 36 Inhabits

356 1562 144 36 Guiana
517 1564 71 34 and
609 1562 129 37 Brasil.

384 1638 191 30 Desmarest
589 1641 164 27 mentions
765 1647 21 21 a
800 1639 122 37 variety
936 1638 79 30 with
1031 1638 55 30 the
1101 1637 53 30 fur
1168 1638 67 36 red,
1247 1638 112 30 tinged
1375 1637 78 31 with
1467 1647 85 29 gray.

301 1705 35 36 2.
367 1704 50 36 II.
441 1717 301 34 penicillatus,
754 1705 80 36 The
849 1704 135 38 Tufted
1005 1704 147 39 Ouistiti
1222 1704 175 47 Pinceau,
1429 1704 124 48 Geoff.

351 1771 110 35 Ann.
491 1771 54 35 du
583 1771 113 36 Mus.
738 1772 77 35 xix.
858 1770 86 36 119.
1014 1769 149 39 Ouistiti
1197 1772 167 46 pinceau,
1400 1770 158 38 Jacchus

352 1837 241 46 penicillatus,
627 1838 134 34 Desm.
791 1837 169 35 Mamm.
999 1849 35 35 p.
1073 1837 63 35 94.
1193 1835 115 38 Simia
1337 1837 221 47 penicillata,

353 1902 148 36 Humb.
540 1902 90 37 Obs.
661 1903 106 35 Zool.
795 1903 24 34 i.
848 1915 33 34 p.
903 1902 88 36 365.
1074 1901 124 48 Gray;
1245 1902 63 35 tail
1346 1903 71 35 and
1448 1903 112 36 lower

351 1975 80 39 part
449 1969 40 35 of
503 1968 62 36 the
584 1969 92 34 back
688 1969 143 34 banded
849 1967 87 36 with
949 1969 123 34 brown
1087 1980 12 31 ;
1125 1968 170 35 forehead
1311 1968 87 36 with
1417 1981 21 22 a
1448 1970 110 34 w'hite

352 2040 104 40 spot;
483 2033 95 35 hairs
606 2034 41 34 of
669 2040 62 29 the
761 2033 132 36 cheeks
924 2034 71 34 and
1024 2033 136 35 behind
1189 2039 62 30 the
1278 2046 76 23 ears
1382 2033 87 47 long
1488 2035 69 34 and

353 2099 118 35 black.
529 2098 166 36 Inhabits
715 2098 128 36 Brasil.

300 2165 35 35 3.
367 2163 51 36 H.
441 2177 340 32 LEucocEPHALus,
816 2163 288 37 Whitc-hcaded
1133 2162 148 38 Ouistiti
1352 2163 147 38 Ouistiti
1535 2178 22 21 a

352 2236 76 29 tete
446 2230 167 44 blanche,
627 2229 157 37 Jacchus
802 2229 290 48 leucocephalus,
1107 2229 123 48 Geoff.
1247 2230 109 35 Ann.
1373 2229 54 36 du
1441 2231 114 35 Mus.

351 2296 77 35 xix.
447 2295 98 45 119;
572 2296 133 35 Desm.
725 2295 168 36 Mamm.
915 2295 62 36 94.
1034 2294 114 37 Simia
1176 2294 198 48 Geoffroyi,
1405 2296 149 35 Humb.

354 2360 89 36 Obs.
474 2360 101 36 Zool.
600 2362 24 34 i.
657 2361 87 36 365.
802 2360 95 37 Hair
923 2361 91 43 red;
1040 2360 94 36 head
1167 2362 72 34 and
1270 2361 119 35 breast
1419 2362 136 43 white;

351 2427 93 35 neck
471 2427 107 35 black
596 2439 11 31 ;
644 2427 64 35 tail
735 2427 123 46 tinged
884 2426 89 37 with
1001 2427 124 35 browm
1153 2427 71 34 and
1251 2438 110 34 gray;
1389 2426 79 36 hair
1495 2428 60 34 be-

351 2492 88 35 hind
460 2500 60 27 the
540 2503 76 25 ears
630 2491 109 36 black
757 2493 72 34 and
846 2491 98 36 long.
1002 2490 166 37 Inhabits
1188 2489 129 37 Brasil.

299 2558 35 34 4.
366 2556 52 36 H.
439 2569 186 32 AURiTUS,
654 2556 117 36 Eared
798 2555 148 38 Ouistiti
1020 2554 149 39 Ouistiti
1197 2556 181 46 oreillard,
1397 2556 156 38 Jacchus

349 2623 150 44 auritus,
519 2621 122 48 Geoff.
661 2621 109 37 Ann.
792 2622 54 35 du
867 2622 113 35 Mus.
1000 2633 76 24 xix.
1104 2620 74 36 119
1195 2634 10 33 ;
1230 2621 132 36 Desm.
1382 2622 168 37 Mamm.
