2143 3620
416 306 28 41 4

901 325 86 30 THE
1019 326 243 33 DISORDERS
1295 329 53 31 OF
1379 330 175 32 SPEECH.

421 442 45 36 to
505 438 72 43 the
615 443 252 40 stammerer
903 443 105 42 than
1046 444 73 43 the
1155 446 178 56 reading
1368 448 44 41 of
1447 462 133 41 prose.
1642 450 153 42 Public
1816 451 219 54 speaking,

421 505 108 46 with
551 508 57 42 its
630 509 82 42 full
734 511 279 53 intonations,
1036 514 144 55 ought,
1203 529 56 27 on
1280 516 73 42 the
1375 530 116 29 same
1513 518 222 54 principle,
1757 524 44 36 to
1825 520 51 41 be
1897 533 134 29 some-

422 577 117 42 what
553 580 135 41 easier
704 581 106 42 than
827 582 170 55 private
1014 585 318 51 conversation;
1353 586 80 41 but
1448 586 73 42 the
1537 588 281 42 stammerer's
1835 603 200 28 nervous-

423 660 99 29 ness
558 650 223 52 generally
803 652 148 42 makes
986 653 37 41 it
1056 667 117 29 more
1210 654 195 42 difficult.
1465 655 77 41 All
1573 655 88 43 this
1693 657 124 41 tends
1851 662 41 36 to
1917 657 117 42 show

422 715 97 43 that
541 718 127 42 when
690 733 25 27 a
745 720 191 54 primary
958 721 185 43 demand
1167 723 65 41 for
1263 724 119 41 voice
1404 723 37 42 is
1473 724 136 50 made,
1631 738 46 27 as
1699 724 45 41 in
1778 738 104 42 song
1913 739 46 28 or
1988 727 47 40 in

422 786 181 43 intoned
635 790 166 54 speech,
824 791 85 41 and
930 805 25 27 a
986 792 249 42 sufficiency
1257 793 46 41 of
1330 807 157 40 energy
1509 794 36 41 is
1568 794 179 55 thereby
1769 795 197 54 supplied
1989 801 44 36 to

422 857 74 42 the
530 858 222 56 laryngeal
773 861 278 52 mechanism,
1075 862 72 42 the
1181 863 248 43 difficulties
1463 864 43 41 of
1541 878 26 28 a
1599 871 251 35 stammerer
1875 878 77 28 can
1984 865 53 42 be

422 925 138 51 made,
581 926 66 42 for
668 927 73 42 the
765 928 117 51 time,
905 934 43 36 to
969 929 236 55 disappear.
1258 931 100 41 Few
1381 937 272 36 stammerers
1676 932 139 41 would
1835 937 202 36 stammer

422 1000 46 36 at
484 995 71 51 all,
572 996 37 41 if
627 997 105 55 they
749 998 283 55 deliberately
1049 1012 105 28 sang
1170 1013 47 27 or
1234 999 177 42 intoned
1429 1001 113 41 their
1559 1002 295 41 conversation
1872 1018 8 35 ;
1902 1002 78 41 but
2001 1002 35 41 it

421 1066 109 41 need
552 1067 190 53 scarcely
758 1067 52 41 be
833 1067 92 41 said
943 1067 95 41 that
1059 1068 35 41 it
1115 1068 36 41 is
1173 1068 197 54 hopeless
1392 1074 43 36 to
1458 1071 77 40 ask
1553 1071 116 41 them
1690 1077 42 35 to
1754 1072 54 41 do
1825 1071 212 55 anything

420 1149 46 28 so
489 1137 336 54 extraordinary.
878 1137 86 41 Yet
985 1151 25 27 a
1030 1137 172 55 general
1222 1138 242 54 injunction
1488 1144 43 36 to
1554 1140 72 40 the
1649 1145 260 45 stammerer,
1928 1140 107 49 that,

419 1206 46 40 in
489 1207 221 54 speaking,
726 1206 54 42 he
802 1207 156 41 should
980 1207 172 55 employ
1174 1221 24 27 a
1219 1207 81 41 full
1323 1213 99 36 tone
1443 1209 47 40 of
1510 1209 127 42 voice,
1655 1210 35 41 is
1712 1210 159 54 always
1894 1211 45 40 of
1960 1224 73 27 use

420 1282 45 36 to
488 1277 115 52 him;
635 1291 45 28 as
702 1277 37 41 is
761 1277 89 42 also
873 1291 53 27 an
949 1277 245 54 injunction
1215 1281 45 38 to
1286 1278 185 54 practise
1497 1278 175 42 reading
1692 1279 126 41 aloud
1841 1280 45 40 in
1909 1294 24 27 a
1955 1280 82 41 full

423 1348 121 41 voice
566 1348 65 41 for
653 1351 45 38 at
727 1347 111 42 least
870 1361 24 27 a
915 1348 83 41 few
1019 1348 190 41 minutes
1232 1362 127 40 every
1382 1348 93 55 day.
1539 1347 194 43 JVIelville
1765 1349 107 41 Bell,
1894 1363 141 27 whose

424 1418 253 42 experience
699 1418 43 41 in
767 1418 73 42 the
862 1422 234 38 treatment
1117 1419 46 41 of
1181 1418 73 41 the
1274 1418 218 41 condition
1511 1433 85 27 was
1614 1433 102 41 very
1736 1426 129 48 great,
1882 1432 155 29 asserts

422 1489 96 41 that
550 1489 74 42 the
656 1503 167 27 success
857 1489 43 40 of
931 1488 394 42 stammer-doctors
1357 1489 36 41 is
1427 1503 102 41 very
1552 1489 162 54 largely
1736 1490 82 40 due
1851 1494 42 36 to
1926 1489 112 41 their

422 1570 157 28 almost
615 1556 220 42 universal
871 1557 188 54 practice
1097 1556 43 41 of
1181 1556 177 55 making
1393 1556 114 42 their
1547 1558 189 53 patients
1772 1557 99 41 read
1909 1557 128 41 aloud

424 1627 119 55 daily
566 1627 46 41 in
635 1627 88 42 this
746 1641 189 28 manner.

485 1697 288 54 Eecognising
793 1696 75 41 the
889 1699 120 52 great
1028 1695 125 42 value
1176 1697 46 40 of
1240 1696 86 42 this
1349 1696 294 55 prescription,
1662 1697 22 40 I
1707 1697 107 41 have
1837 1697 105 41 been
1965 1696 71 42 led

423 1770 45 37 to
503 1766 83 42 ask
618 1766 162 55 myself
811 1766 35 41 if
883 1766 182 42 nothing
1095 1766 167 41 further
1293 1780 80 27 can
1412 1767 49 41 be
1498 1767 109 41 done
1644 1772 43 36 to
1719 1767 207 41 facilitate
1964 1767 73 41 the

421 1836 202 55 patient's
656 1836 247 42 intelligent
935 1850 76 27 use
1047 1836 43 40 of
1123 1836 73 41 the
1219 1836 119 41 voice
1360 1850 45 27 as
1428 1850 79 27 one
1535 1837 42 40 of
1611 1836 72 42 the
1718 1837 203 41 essential
1954 1836 82 42 ele-

423 1920 143 28 ments
588 1907 47 41 of
663 1907 165 54 speech.
890 1905 267 42 Experience
1188 1905 76 42 has
1298 1905 148 42 shown
1468 1920 66 27 me
1563 1906 95 41 that
1689 1907 242 41 something
1951 1906 87 42 else

424 1991 78 27 can
526 1978 51 41 be
599 1977 136 53 done;
755 1977 94 40 viz.,
870 1980 44 37 to
944 1979 78 51 put
1044 1976 34 40 it
1100 1975 46 41 in
1168 1975 73 42 the
1274 1989 143 41 power
1438 1976 46 40 of
1511 1975 73 42 the
1609 1977 167 53 patient
1797 1980 43 37 to
1863 1989 174 40 acquire

422 2046 106 42 with
551 2060 96 28 ease
668 2060 56 28 an
746 2049 197 38 accurate
974 2045 254 42 knowledge
1261 2045 45 41 of
1339 2045 74 41 the
1449 2045 244 41 individual
1728 2045 307 41 letter-sounds

422 2117 141 41 which
587 2130 200 29 compose
822 2116 69 41 his
929 2115 170 42 speech.
1164 2114 114 42 Such
1302 2129 24 27 a
1358 2114 254 42 knowledge
1634 2115 89 40 will
1750 2114 149 42 enable
1932 2115 105 48 him,

423 2187 107 41 with
553 2201 101 41 easy
676 2186 205 42 decision,
902 2189 44 37 to
968 2185 138 41 throw
1128 2185 74 41 the
1224 2185 119 41 voice
1364 2184 93 41 into
1479 2184 73 42 the
1575 2184 136 42 vowel
1733 2199 45 26 or
1803 2193 235 32 consonant

423 2257 97 41 that
556 2256 197 42 contains
786 2269 145 27 voice;
962 2254 83 41 and
1085 2258 44 37 to
1163 2254 131 41 touch
1326 2254 61 41 off
1419 2253 170 56 lightly,
1619 2253 184 41 without
1834 2253 202 54 dwelling

424 2342 55 26 on
517 2328 46 49 it,
596 2341 84 40 any
714 2330 237 38 consonant
983 2325 97 40 that
1116 2324 102 41 does
1255 2328 76 37 not
1366 2324 173 41 contain
1570 2323 132 52 voice,
1735 2324 196 54 bringing
1961 2323 75 41 the

422 2398 122 41 voice
570 2401 76 37 out
676 2395 297 42 immediately
995 2395 45 40 in
1073 2394 74 41 the
1178 2394 136 40 vowel
1347 2407 47 27 or
1425 2393 215 41 vocalized
1670 2398 237 36 consonant
1942 2392 95 41 that

422 2467 202 42 succeeds
674 2466 45 40 it.
811 2465 90 40 The
953 2464 137 41 desire
1142 2468 44 36 to
1234 2462 314 42 communicate
1594 2468 44 35 to
1689 2468 271 36 stammerers
2012 2476 24 26 a

422 2537 254 42 knowledge
710 2535 44 42 of
791 2535 104 41 such
932 2538 177 37 matters
1147 2533 77 41 has
1260 2532 69 41 led
1369 2546 65 27 me
1471 2536 43 36 to
1552 2536 218 37 construct
1803 2546 24 26 a
1863 2532 173 55 physio-

423 2608 155 55 logical
609 2606 215 56 alphabet,
846 2618 46 28 so
924 2602 207 43 arranged
1162 2606 95 37 that
1287 2601 74 42 the
1392 2601 149 42 voiced
1570 2601 206 42 elements
1797 2616 71 27 are
1896 2615 140 41 separ-

424 2679 98 43 ated
565 2676 227 43 distinctly
833 2676 108 40 from
985 2674 74 41 the
1101 2672 217 51 voiceless,
1354 2672 85 41 and
1481 2686 46 28 so
1568 2672 160 55 simply
1764 2671 273 43 constructed

423 2764 47 28 as
492 2755 44 36 to
569 2749 53 41 be
645 2746 135 44 easily
802 2744 173 43 learned
998 2743 85 42 and
1114 2741 304 51 remembered,
1440 2756 108 28 even
1582 2743 58 55 by
1661 2756 145 41 young
1836 2746 199 50 patients.

424 2822 46 40 It
491 2819 108 42 need
622 2816 189 44 scarcely
832 2816 51 41 be
916 2814 92 42 said
1040 2818 95 36 that
1167 2812 73 41 the
1273 2812 293 42 construction
1599 2812 46 42 of
1674 2826 25 28 a
1729 2811 307 56 physiological

424 2903 206 31 alphabet
649 2889 38 41 is
709 2901 56 27 no
787 2899 95 29 new
903 2885 136 41 thing.
1101 2883 64 41 Dr
1185 2881 102 43 Neil
1308 2882 164 42 Arnott
1501 2882 185 50 himself,
1708 2881 104 42 with
1841 2880 72 43 the
1936 2893 102 41 very

422 2974 116 29 same
561 2958 141 43 object
722 2956 46 42 in
790 2968 123 29 view,
935 2951 274 44 constructed
1243 2965 103 38 one;
1382 2951 140 42 which
1545 2951 90 41 will
1669 2951 50 41 be
1740 2964 127 42 given
1896 2949 44 41 in
1963 2948 73 42 the

420 3029 238 58 Appendix
689 3032 44 37 to
765 3026 88 41 this
891 3038 142 41 paper.
1096 3021 201 43 Mention
1329 3021 155 42 should
1517 3021 90 42 also
1644 3020 52 42 be
1732 3019 123 42 made
1886 3020 46 40 of
1962 3019 72 40 the

420 3100 215 46 excellent
665 3109 204 44 phonetic
890 3107 204 29 alphabet
1115 3092 44 42 of
1190 3091 73 42 Mr
1285 3091 186 50 Pitman,
1493 3089 272 44 constructed
1797 3089 55 55 by
1875 3088 89 42 him
1988 3088 43 41 in
