1933 3302
155 139 50 38 78

317 140 101 42 Lapis
443 141 222 42 Hesselbach,
688 144 116 42 Brom,
828 145 166 33 Auswahl
1020 149 58 31 des
1102 148 200 35 Chlorzinks
1327 153 49 31 als
1399 154 208 36 Aetzmittel,

154 245 159 41 Crane
345 248 181 50 dagegen
557 249 129 52 einige
716 251 105 40 Male
851 253 159 39 Nutzen
1039 268 89 26 vom
1159 256 281 42 Eisenchlorid.
1495 261 59 40 Im
1583 265 181 40 deutsch-

152 300 296 40 französischen
479 302 150 52 Kriege
659 305 109 39 hatte
800 307 144 39 Chris
955 310 76 36 tot
1067 310 40 36 in
1136 309 118 41 Nuits
1287 313 64 38 bei
1382 314 155 50 einigen
1566 325 198 33 ulcerösen

153 354 141 39 Fällen
324 357 94 48 gute
452 355 201 41 Resultate
685 360 145 48 davon,
870 361 99 38 auch
1000 375 75 25 von
1106 362 59 39 So
1177 365 76 37 ein
1288 368 133 37 wurde
1452 382 39 24 es
1522 378 242 30 angewandt.

286 408 142 50 Lapis
460 411 120 38 vuln.
604 413 339 51 Hesselbach')
976 416 240 49 gebrauchte
1240 433 33 23 v.
1296 420 137 39 Pitha
1463 422 56 38 als
1539 424 228 40 Aetzmittel

156 476 132 38 gegen
318 463 75 37 den
414 463 323 52 Hospitalbrand.
779 467 45 39 In
844 468 172 38 leichten
1036 469 139 39 Fällen
1203 474 152 38 machte
1383 488 41 25 er
1446 475 321 43 Fomentationen

154 517 73 37 mit
258 517 109 37 einer
388 517 163 53 Lösung
582 521 67 38 des
670 520 162 48 Mittels,
863 522 40 37 in
934 523 245 39 schwereren
1211 527 178 51 dagegen
1420 531 133 37 wurde
1584 545 40 25 es
1654 533 115 38 allein

154 571 95 38 oder
292 571 72 38 mit
411 572 294 52 Kohlenpulver
749 575 214 39 vermischt
1004 578 242 50 eingestreut
1286 583 77 37 und
1402 586 72 34 mit
1512 583 135 40 Watte
1691 588 78 37 und

153 625 155 37 Binden
350 628 259 49 angedrückt.
668 628 46 38 In
757 630 61 37 die
848 629 115 39 Sinus
1006 633 132 37 wurde
1175 634 67 37 das
1271 635 145 39 Pulver
1454 637 93 38 oder
1586 639 60 38 die
1676 653 91 25 con-

155 679 187 39 centrirte
373 680 163 52 Lösung
565 685 73 35 mit
668 682 322 51 Charpiewieken
1022 687 265 37 eingebracht.

285 733 138 40 Brom
454 736 242 50 gebrauchte
726 751 90 24 man
846 738 212 39 besonders
1087 740 53 37 im
1171 743 335 40 amerikanischen
1534 745 148 52 Kriege
1714 747 55 39 als

153 787 235 40 Aetzmittel
416 803 132 37 gegen
568 791 75 38 den
664 790 323 51 Hospitalbrand.
1028 793 153 39 Moses
1210 796 40 36 in
1270 795 378 55 Murfreesborough
1676 814 92 37 gra-

155 842 116 38 tulirt
292 843 84 38 sich
396 857 48 25 zu
465 845 76 37 den
560 845 242 39 unerhörten
818 846 204 51 Erfolgen,
1047 848 60 38 die
1130 862 41 24 er
1190 849 73 37 mit
1283 851 145 38 diesem
1448 852 130 39 Mittel
1598 855 168 39 erzielte.

154 894 73 53 (Es
248 911 134 24 waren
402 899 188 38 meistens
610 913 74 24 nur
704 899 144 39 leichte
873 900 551 55 Weichtheilsverletzungen.
1459 903 162 54 [Verf.])
1659 908 111 39 Doch

155 951 101 38 auch
286 951 277 39 Goldsraith
593 954 79 37 und
703 953 235 39 Thomson
967 955 134 38 halten
1131 957 68 37 das
1228 956 119 39 Brom
1376 959 64 37 für
1479 960 62 38 ein
1574 961 89 38 sehr
1702 977 66 23 zu-

155 1005 238 51 verlässiges
437 1006 143 40 Mittel.
641 1006 307 40 Goldsmith
993 1010 202 50 empfiehlt
1239 1012 84 38 eine
1367 1014 206 50 wässerige
1612 1015 159 52 Lösung

157 1060 69 48 (30
250 1059 163 39 Gramm
434 1061 132 47 Brom,
601 1062 117 46 11,25
743 1061 161 39 Gramm
924 1063 271 39 Brorakalium
1225 1066 79 37 und
1325 1067 50 37 90
1398 1066 160 40 Gramm
1578 1068 191 48 Wasser),

156 1114 61 38 die
247 1114 101 38 nach
377 1115 256 50 möglichster
658 1116 227 51 Reinigung
917 1118 67 37 der
1006 1117 169 39 Wunde,
1205 1119 40 37 in
1274 1119 317 41 Aethernarkose
1621 1124 149 37 überall

154 1168 189 38 reichlich
365 1169 184 49 applicirt
569 1171 146 38 wurde.
758 1171 117 38 Dann
896 1172 191 38 bedeckte
1108 1187 90 23 man
1219 1174 61 37 die
1302 1174 157 38 Wunde
1479 1176 71 37 mit
1568 1177 204 38 trocknem

156 1223 104 47 Lint,
292 1224 81 37 und
391 1223 109 51 legte
522 1225 145 38 darauf
683 1225 106 47 Lint,
812 1226 67 38 das
900 1229 72 34 mit
992 1226 261 52 Bromlösung
1274 1228 157 38 benetzt
1450 1243 92 24 war.
1591 1230 181 38 Darüber

155 1278 94 37 kam
279 1278 63 37 ein
373 1277 262 52 Ceratlappen
667 1280 79 37 und
777 1279 152 39 endlich
964 1279 115 39 Oiled
1100 1280 95 48 Silk,
1227 1282 167 38 welches
1422 1283 72 38 mit
1523 1283 106 38 einer
1648 1283 123 39 Binde

154 1332 295 51 festgewickelt
481 1334 144 37 wurde.
684 1333 83 39 Der
789 1334 142 38 Zweck
953 1335 66 37 des
1040 1335 230 38 Verbandes
1291 1350 91 32 war,
1415 1337 60 38 die
1495 1337 277 39 Bromdämpfe

155 1387 41 37 in
224 1387 142 38 milder
396 1387 118 38 Form
545 1389 174 37 dauernd
750 1389 71 38 auf
848 1389 60 37 die
940 1388 158 39 Wunde
1129 1390 151 37 wirken
1309 1404 47 24 zu
1384 1390 147 39 lassen;
1571 1405 41 24 er
1641 1393 131 37 wurde

157 1441 180 38 zweimal
366 1442 152 50 täglich
547 1445 196 35 erneuert.
801 1443 73 38 Bei
904 1443 127 38 einem
1062 1457 75 24 von
1169 1443 235 39 Thomson
1431 1445 41 37 in
1493 1445 125 38 dieser
1637 1445 135 39 Weise

155 1495 268 39 behandelten
452 1496 109 39 Falle
592 1500 80 35 trat
701 1497 223 38 Bronchitis
954 1498 72 37 mit
1054 1498 193 50 blutigem
1286 1498 191 39 Auswurf
1512 1499 83 47 auf,
1626 1500 146 38 welche

157 1551 203 38 vielleicht
398 1551 72 37 mit
511 1552 68 37 der
623 1552 264 38 Einwirkung
928 1553 68 36 der
1032 1551 279 51 Bromdämpfe
1348 1553 70 38 auf
1449 1553 59 38 die
1545 1553 138 38 Lunge
1720 1554 52 37 im

158 1605 347 39 Zusammenhang
536 1606 138 38 stehen
704 1607 159 37 könnte.
925 1606 231 38 Thomson
1187 1607 210 49 empfiehlt,
1430 1607 67 38 das
1512 1608 107 37 reine
1641 1608 129 45 Brom,

158 1660 101 38 nach
302 1660 169 51 völliger
505 1660 228 51 Reinigung
772 1661 68 38 der
869 1660 262 38 Wundfläche
1167 1663 165 36 mittelst
1371 1660 272 50 Glaspipetten
1680 1662 92 37 oder

159 1713 196 51 Spritzen,
386 1729 75 23 nur
492 1715 177 38 einmal
699 1715 208 52 ausgiebig
928 1715 276 38 anzuwenden,
1236 1717 146 36 anstatt
1401 1715 201 38 mehrfach
1622 1716 40 37 in
1683 1729 88 24 ver-

159 1770 169 37 dünnter
349 1769 175 39 Lösung.
566 1769 110 38 Verf.
699 1769 70 38 sah
799 1770 39 37 in
868 1769 184 38 Baum's
1083 1769 137 38 Klinik
1250 1770 63 37 bei
1344 1769 155 38 einigen
1529 1769 244 38 schwereren

159 1823 141 39 Fällen
339 1837 77 25 von
445 1824 312 38 Hospitalbrand
787 1824 120 38 Brom
946 1823 71 38 auf
1052 1823 105 38 diese
1188 1823 133 38 Weise
1350 1823 71 37 mit
1450 1823 140 50 Erfolg
1618 1824 41 36 in
1687 1822 85 38 An-

160 1879 199 50 wendung
388 1879 194 50 gebracht
612 1879 169 37 werden,
812 1891 106 25 muss
949 1878 93 37 aber
1065 1878 73 37 den
1158 1877 255 38 Einwänden,
1445 1890 144 25 welche
1611 1876 162 39 Schuh

159 1933 80 37 und
271 1933 165 38 Heine
467 1946 131 37 gegen
629 1933 178 38 dasselbe
839 1932 188 46 erheben,
1059 1932 121 37 völlig
1209 1932 259 37 beistimmen.
1526 1931 74 38 Die
1629 1931 142 37 Beein-

159 1987 262 51 trächtigung
460 1988 68 38 der
567 1987 168 38 Lungen
780 1986 121 39 durch
944 1987 61 37 die
1043 1985 300 50 Bromdämpfe,
1383 1986 60 37 die
1475 1984 299 50 Schwierigkeit

160 2043 80 37 und
261 2041 406 39 Schmerzhaftigkeit
698 2042 68 38 der
786 2041 253 50 Application
1070 2040 137 38 stehen
1237 2054 46 23 zu
1314 2040 67 37 der
1411 2039 230 39 unsicheren
1661 2038 109 38 Wir-

159 2097 112 42 kung:
302 2097 67 38 des
391 2096 151 38 Mittels
571 2097 41 37 in
640 2096 159 38 keinem
819 2095 261 39 Verhältniss.
1122 2094 112 38 Auch
1265 2093 309 38 amerikanische
1594 2093 179 37 Autoren

160 2152 131 51 gaben
322 2166 59 23 zu,
413 2152 88 37 dass
532 2151 68 38 das
629 2151 132 37 Mittel
789 2154 297 34 unzuverlässig
1115 2148 66 38 sei.

295 2205 231 39 Chlorzink,
564 2219 56 24 als
657 2205 222 38 bewährtes
910 2203 245 39 Aetzmittel,
1203 2202 128 38 dürfte
1371 2201 114 38 somit
1523 2201 41 37 in
1599 2200 175 38 Zukunft

162 2261 101 38 auch
291 2261 65 38 für
387 2261 75 38 den
492 2260 313 38 Hospitalbrand
837 2259 74 38 den
940 2257 161 38 Vorzug
1137 2256 196 38 behalten.
1392 2255 62 38 Da
1492 2268 40 25 es
1566 2254 99 38 nach
1700 2255 73 36 den

161 2329 176 25 neueren
367 2315 281 38 Erfahrungen
678 2315 40 37 in
749 2314 157 38 dünnen
936 2312 212 38 Lösungen
1185 2311 115 37 keine
1339 2309 232 51 genügende
1602 2308 170 49 antisep-

162 2370 124 38 tische
317 2370 120 38 Kraft
466 2369 158 38 besitzt,
662 2382 42 24 so
739 2369 52 37 ist
826 2368 60 38 die
917 2366 339 39 Durchtränkung
1292 2365 66 37 des
1389 2362 384 40 Chlorzinkschorfes

162 2424 106 39 beim
297 2424 313 38 Hospitalbrand
641 2426 168 35 mittelst
839 2420 313 51 antiseptischer,
1184 2431 232 38 wässeriger
1446 2417 208 49 Lösungen
1684 2415 88 49 (wie

166 2480 19 37 1
209 2493 73 36 pro
314 2479 106 37 mille
444 2477 205 39 Sublimat,
681 2478 95 38 oder
806 2489 243 38 essigsaurer
1081 2473 349 39 Thonerdelösung
1460 2470 177 50 3—4^/0,
1668 2470 103 45 oder,

163 2533 101 39 nach
294 2533 202 50 König's
525 2531 235 51 Vorschlag,
793 2529 402 49 Carbolsäufelösung
1224 2526 103 50 4"/o)
1367 2526 56 38 als
1451 2523 254 40 unerlässlich
1734 2523 40 37 in

165 2589 69 37 der
255 2587 372 39 Nachbehandlung
648 2600 48 23 zu
717 2599 236 36 empfehlen,
986 2583 122 38 damit
1129 2581 121 39 durch
1270 2580 274 49 Aufkeimung
1564 2579 53 37 im
1638 2575 138 41 Schorf

164 2645 243 36 veranlasste
445 2641 187 39 Recidive
672 2641 228 37 verhindert
938 2638 169 38 werden.
1167 2635 150 50 (Vergl.
1349 2633 242 51 Delpech's
1627 2630 144 40 Erfah-

164 2711 153 37 rungen
348 2697 63 38 bei
441 2695 263 40 Behandlung
733 2696 72 36 mit
835 2693 87 38 dem
955 2691 224 45 Glüheiseu,
1212 2689 37 39 S.
1283 2687 80 50 74.)

301 2803 28 43 1)
352 2804 155 32 Alumin.
535 2803 84 40 10,0,
642 2801 94 31 Ferri
762 2800 77 31 sulf.
865 2799 63 40 5,0,
952 2798 103 32 Cupri
1080 2799 79 30 sulf.
1183 2797 63 39 2,5,
1270 2793 160 32 Ammon.
1455 2793 104 31 chlor.
1583 2793 62 39 0,5,
1669 2789 104 41 Cupri

166 2849 186 31 snbacetici
376 2849 64 32 0.8.
464 2865 43 4 —
529 2848 37 30 In
592 2854 131 32 pulver.
749 2843 138 31 redacta
912 2846 33 27 et
969 2844 110 29 mixta
1102 2841 187 30 liquefiant.
1325 2837 142 30 Massain
1495 2837 137 30 effusam
1657 2834 115 40 redige

165 2893 36 29 in
226 2893 189 40 pulverem.
440 2909 41 5 —
506 2888 193 34 Handbuch
723 2887 61 31 der
807 2883 462 35 Arzneiverordnungslehre
1294 2889 66 21 von
1386 2881 52 29 W.
1463 2877 232 33 Bernatzik.
