1933 3217
1453 323 93 41 225

499 332 214 32 SYNOPSIS
737 332 52 33 OF
815 331 92 32 THE
931 332 227 32 SIMIADiE.

471 459 138 38 Genus
625 458 131 37 XXII
830 459 132 46 Aotes,
982 459 246 36 PIumboldt.

233 539 110 37 Head
371 552 132 33 round,
533 538 283 49 proportionally
834 538 123 48 large;
985 551 141 24 muzzle
1154 538 128 45 short;
1311 538 103 36 facial
1443 539 105 36 angle

178 612 113 30 about
319 606 97 45 60°;
454 611 200 31 separation
681 605 40 35 of
755 612 62 29 the
845 605 145 36 nostrils
1018 617 140 24 nan’ow
1176 618 11 31 ;
1214 617 77 23 cars
1318 604 135 45 small;
1484 605 66 35 tail

181 672 128 37 longer
328 678 89 30 than
436 672 62 36 the
517 672 95 46 body
626 683 12 32 ;
665 676 66 30 not
749 670 203 49 prehensile
967 683 12 32 ;
1007 669 93 37 nails
1118 670 64 36 flat
1199 683 14 31 ;
1239 682 83 24 eyes
1341 671 71 34 and
1430 670 120 37 habits

182 738 220 45 nocturnal;
428 737 74 37 live
520 738 38 35 in
577 748 104 37 pairs.

187 804 133 36 Plate
351 802 249 38 XXIV.—1.
634 801 136 37 Aotes
804 814 287 34 trivirgatus,
1121 801 80 38 The
1234 801 318 37 Douroucouli.—

343 869 115 38 Simia
489 873 196 43 trivirgata,
718 867 263 47 Douroucouli,
1012 868 151 36 Humh.
1199 868 90 38 Obs,
1324 868 107 36 Zool.
1465 869 23 34 i.
1518 880 32 34 p.

342 934 74 40 307
436 935 71 36 and
528 934 87 38 358.
673 933 99 37 Aote
789 932 262 47 Douroucouli,
1068 935 140 37 Desm,
1221 933 168 37 Mamm.
1415 947 33 34 p.
1476 933 48 35 80
1542 945 11 32 ;

339 1001 108 47 Illig.
462 1000 122 37 Prod.
604 1013 33 35 p.
659 999 63 40 71.
774 999 100 49 Gray
889 1013 12 32 ;
920 1000 62 36 the
997 1001 101 47 belly
1117 1000 296 48 reddish-yellow
1428 1013 11 31 ;
1457 1001 95 34 fore-

338 1068 93 35 head
449 1067 153 36 marked
621 1066 87 38 with
727 1066 104 37 three
850 1067 90 35 dark
958 1066 244 48 longitudinal
1213 1068 136 35 stripes.
1383 1065 170 37 Inhabits

342 1132 101 37 thick
462 1134 125 35 forests
606 1145 47 24 on
672 1132 63 37 the
753 1133 116 36 hanks
888 1133 41 36 of
943 1132 61 36 the
1025 1131 234 49 Cassiquaire.

442 1237 138 38 Genus
601 1236 426 47 XXIII.—Pithecia^
1051 1236 254 38 Desmarest.

240 1318 109 36 Head
375 1330 142 33 round;
544 1317 141 37 muzzle
717 1317 126 45 short;
871 1316 107 37 facial
1006 1317 106 48 angle
1142 1318 76 36 60®
1237 1330 11 32 ;
1289 1318 128 36 canine
1450 1317 102 35 teeth

186 1397 87 35 very
292 1390 145 41 strong;
465 1396 76 25 ears
560 1385 41 35 of
612 1385 138 35 middle
769 1384 95 45 size;
893 1383 65 36 tail
985 1383 141 37 shorter
1149 1390 89 30 than
1258 1383 63 37 the
1339 1384 110 46 body,
1481 1383 72 35 and

189 1451 152 36 covered
360 1451 87 35 with
475 1463 88 35 very
588 1450 88 48 long
702 1450 96 36 hairs
815 1461 13 35 ;
854 1451 94 36 nails
975 1449 214 48 claws-like,
1216 1451 113 45 short,
1347 1450 71 35 and
1438 1450 115 43 bent;

190 1516 119 36 habits
327 1515 202 37 nocturnal.

190 1581 131 37 Plate
342 1581 282 37 XXV.—l.P.
641 1594 188 34 satanus.
842 1581 81 38 The
942 1581 118 39 Cuxio
1130 1582 154 46 Couxio,
1308 1582 122 49 Geoff.
1442 1582 112 37 Ann.

345 1647 55 36 du
419 1648 113 35 Mus.
565 1659 76 24 xix.
662 1661 32 35 p.
727 1647 100 47 115;
854 1648 150 37 Humh.
1036 1648 90 38 Ohs.
1157 1650 107 36 Zool.
1282 1651 24 35 i.
1336 1663 33 35 p.
1391 1649 88 37 314.
1503 1649 48 34 nl.

344 1713 62 38 27.
461 1712 87 38 Saki
569 1712 153 47 Couxio,
736 1715 134 35 Desm.
885 1715 168 36 Mamm.
1069 1728 34 34 p.
1130 1715 61 36 89.
1244 1715 95 37 Hair
1355 1716 199 37 brownish-

345 1780 105 35 black
464 1792 12 31 ;
515 1777 185 40 furnished
734 1781 88 36 with
853 1793 22 23 a
902 1780 103 37 thick
1033 1782 134 45 beard;
1207 1782 120 36 breast
1355 1783 72 35 and
1455 1782 103 46 belly

346 1845 124 48 nearly
489 1845 148 36 hairless
653 1860 11 31 ;
692 1847 132 35 female
843 1847 272 36 broivnish-red.
1175 1847 167 37 Inhabits
1361 1848 63 37 the
1438 1849 120 36 hanks

348 1912 40 34 of
403 1911 60 35 the
484 1909 208 39 Oronooko.

293 1976 35 36 2.
357 1975 43 37 P.
435 1988 258 35 CHiROPOTEs,
726 1976 292 49 Plard-drinking
1047 1976 87 38 Saki
1204 1977 200 49 Capuchin,
1439 1977 119 47 Geojf.

347 2042 110 35 Ann.
495 2041 54 36 du
574 2042 114 36 Mus.
721 2055 76 24 xix.
829 2055 34 35 p.
883 2042 71 37 116
972 2056 11 32 ;
1017 2043 151 37 Humh.
1204 2044 89 37 Ohs.
1331 2045 108 37 Zool.
1464 2047 23 36 i.
1523 2060 31 32 p.

347 2106 87 37 358.
491 2105 87 39 Saki
610 2108 188 48 capuchin,
827 2109 135 36 Desm.
990 2109 169 37 Mamm.
1191 2122 36 35 p.
1262 2110 61 36 89.
1379 2110 181 39 Reddish-

350 2173 148 37 hroivn;
541 2173 79 36 hair
647 2175 41 35 of
710 2174 62 37 the
796 2175 94 35 head
919 2175 114 45 tliick,
1057 2176 143 35 divided
1221 2176 37 35 in
1279 2182 62 30 the
1360 2178 139 36 middle
1518 2180 39 35 in

350 2244 72 30 two
452 2239 114 45 tufts;
603 2240 109 36 beard
745 2240 87 48 long
861 2242 71 34 and
969 2241 128 45 thick;
1142 2241 65 37 tail
1239 2241 318 39 hlackish-hrown.

349 2303 165 37 Inhabits
547 2305 61 36 the
635 2307 126 35 forests
789 2307 40 35 of
851 2307 63 36 the
943 2306 100 48 High
1074 2306 211 49 Oronooko,
1303 2314 39 32 to
1370 2315 63 31 the
1452 2310 107 37 south

349 2370 71 35 and
440 2377 74 29 east
533 2372 42 35 of
593 2372 61 35 the
675 2371 193 38 Cataracts.

302 2436 35 35 3.
374 2434 43 37 P.
440 2449 272 33 RUFivENTER,
737 2437 235 38 Red-bellied
992 2438 248 38 Saki.—Saki
1261 2452 23 23 a
1302 2453 128 24 ventre
1449 2454 113 23 noux.

354 2501 120 48 Geoff.
496 2503 110 35 Ann.
626 2503 54 36 du
698 2504 114 36 Mus.
833 2517 76 23 xix.
929 2518 33 34 p.
988 2504 70 36 116
1075 2518 12 32 ;
1105 2505 133 37 Desm.
1259 2503 167 39 Mamm.
1445 2519 34 35 p.
1501 2506 61 37 90.

350 2566 113 38 Simia
487 2569 211 45 rufiventer,
729 2570 149 36 Humh.
915 2571 89 36 Ohs.
1034 2571 107 36 Zool.
1170 2572 23 36 i.
1214 2585 34 35 p.
1271 2572 89 37 358.
1416 2571 147 47 Browm,

350 2634 118 36 tinted
504 2635 88 36 with
627 2636 170 46 reddish;
834 2636 100 48 belly
965 2637 311 48 reddish-brown;
1311 2638 81 37 hair
1423 2651 47 25 on
1502 2638 62 37 the
