2107 3450
1758 249 86 46 327

676 262 152 30 MOTOR
861 261 194 31 APHASIA
1090 250 256 54 (APHKMIA).

185 386 47 41 of
251 386 174 42 tuition.
488 384 83 43 We
594 381 73 47 did
692 389 78 37 not
804 382 168 43 trouble
1007 382 73 43 the
1104 383 171 55 patient
1302 381 105 45 with
1432 383 73 41 the
1528 396 145 28 names
1695 382 47 42 of
1771 382 76 43 the

186 456 164 42 letters,
374 456 79 42 but
478 454 155 43 taught
656 454 90 42 him
773 454 109 42 from
908 453 74 43 the
1006 453 240 50 beginning
1279 453 75 42 the
1378 453 296 42 letter-sounds
1696 453 47 42 of
1773 453 74 42 the

187 527 316 57 physiological
541 527 221 55 alphabet.
826 526 56 42 In
918 525 135 57 doing
1090 539 60 29 so,
1174 540 64 28 we
1276 525 190 56 adopted
1508 525 118 41 what
1659 539 99 42 may
1796 525 51 42 be

186 600 140 43 called
358 599 76 43 the
457 603 20 17 "
494 598 212 43 Mother's
739 597 224 44 Method."
1028 596 252 58 Beginning
1314 597 106 42 with
1455 597 75 43 the
1563 596 188 44 Labials,
1784 611 65 28 we

188 677 155 37 taught
367 671 91 43 him
483 677 43 37 to
549 685 76 42 say
646 686 133 41 papa,
798 685 127 41 apap,
943 685 128 41 appa,
1090 670 103 42 thus
1216 670 152 55 giving
1390 668 92 44 him
1507 669 75 42 the
1606 676 243 35 consonant

186 744 42 41 P
249 758 46 28 as
318 758 53 28 an
397 742 160 43 initial,
574 757 24 27 a
623 742 217 43 terminal,
863 742 87 42 and
973 755 24 30 a
1020 742 256 42 mid-letter.
1340 742 123 42 Then
1489 756 63 28 we
1576 742 158 56 taught
1756 741 92 43 him

188 822 45 36 to
247 830 75 42 say
339 815 117 51 baba,
470 814 118 52 abab,
601 814 131 44 abba;
756 814 106 43 then
879 829 160 37 mama,
1054 829 158 36 amam,
1227 828 170 28 amma;
1416 813 108 43 then
1539 828 78 28 wee
1631 828 78 28 wee
1722 829 17 37 ;
1763 813 87 43 and

189 902 46 28 so
258 903 54 28 on
337 887 271 43 throughout
641 887 75 42 the
749 887 220 56 alphabet.
1034 887 72 42 He
1131 901 87 28 was
1249 886 153 44 shown
1426 887 58 42 by
1507 891 21 17 "
1544 886 267 43 lip-reading
1829 885 20 17 "

188 960 96 42 how
310 967 43 36 to
388 960 121 56 place
543 960 74 43 the
650 960 100 56 lips,
773 965 175 51 tongue,
972 965 93 38 etc.,
1090 962 64 40 for
1188 960 74 42 the
1295 959 340 57 pronunciation
1666 960 45 42 of
1743 959 104 43 each

187 1032 303 43 letter-sound.
558 1032 138 55 Being
720 1045 54 30 an
797 1032 252 42 intelligent
1072 1032 85 42 and
1182 1032 188 56 diligent
1392 1031 138 56 pupil,
1554 1032 54 42 he
1631 1046 106 28 soon
1763 1046 86 28 was

188 1105 97 42 able
308 1110 44 37 to
375 1120 52 41 go
451 1119 103 28 over
578 1105 72 42 the
677 1104 138 43 whole
839 1104 47 43 of
905 1105 74 42 the
1003 1104 317 43 letter-sounds
1339 1104 46 42 in
1405 1104 88 42 this
1513 1103 131 57 triple
1664 1105 187 52 fashion,

190 1178 111 41 from
324 1191 82 29 one
429 1177 86 43 end
531 1177 45 42 of
599 1177 73 43 the
690 1177 208 42 alphabet
920 1182 44 37 to
984 1177 73 42 the
1075 1177 135 51 other,
1230 1177 55 55 by
1306 1176 135 53 heart,
1463 1176 187 42 without
1672 1176 180 56 looking

189 1255 46 37 at
257 1250 74 42 the
365 1264 142 41 paper.
570 1249 84 43 We
689 1249 106 43 then
828 1249 206 56 supplied
1067 1249 94 41 him
1196 1248 107 43 with
1337 1248 75 43 the
1445 1248 235 43 children's
1714 1250 137 41 books

190 1322 161 41 known
376 1335 46 28 as
446 1321 74 42 the
543 1321 165 42 "Little
734 1319 199 45 Primer"
957 1321 86 42 and
1070 1321 74 42 the
1167 1320 174 41 "Little
1364 1319 219 54 Eeader;"
1606 1320 89 42 and
1717 1327 135 45 often,

189 1393 266 43 afterwards,
482 1407 61 28 we
570 1392 142 42 would
736 1393 90 42 find
860 1393 92 41 him
986 1393 47 41 in
1066 1393 74 42 the
1175 1392 236 43 side-room
1441 1393 55 55 by
1521 1392 191 53 himself,
1735 1408 117 28 care-

190 1465 112 56 fully
336 1465 180 42 reading
548 1464 132 42 aloud
715 1465 112 41 from
860 1465 69 41 his
961 1465 167 55 primer
1163 1464 107 42 such
1304 1463 119 43 little
1457 1469 231 37 sentences
1722 1479 46 27 as
1792 1469 19 18 "
1830 1466 22 41 I

188 1536 110 42 have
322 1551 24 26 a
369 1535 104 43 cat,"
509 1539 19 18 "
549 1536 52 41 he
630 1536 77 41 has
741 1551 23 26 a
798 1535 118 56 dog,"
950 1542 80 36 etc.
1093 1536 64 42 At
1190 1535 76 43 the
1300 1535 241 56 beginning
1574 1536 44 41 of
1650 1536 200 57 January

189 1608 129 42 1893,
342 1607 126 43 when
491 1607 54 43 he
567 1607 83 43 left
672 1607 75 43 the
771 1607 250 57 Infirmary,
1039 1608 54 43 he
1117 1607 129 43 could
1270 1622 75 41 say
1366 1607 219 56 anything
1607 1608 55 43 he
1685 1609 168 43 wished

188 1685 44 37 to
255 1694 92 42 say,
372 1679 159 43 almost
554 1680 187 41 without
765 1694 24 27 a
814 1680 188 42 mistake
1025 1681 45 41 in
1094 1679 310 55 articulation;
1437 1679 215 58 although
1679 1681 56 44 he
1760 1682 94 43 still

186 1753 136 56 spoke
355 1752 227 56 carefully,
614 1752 169 57 slowly,
810 1753 87 42 and
932 1753 119 42 word
1086 1753 56 56 by
1178 1753 241 42 word,—in
1451 1767 181 29 staccato
1665 1754 187 45 fashion.

187 1825 87 42 His
299 1824 174 57 writing
495 1824 87 43 and
605 1824 190 57 spelling
818 1825 85 42 had
928 1825 91 43 also
1045 1825 170 56 greatly
1240 1825 241 56 improved.
1546 1825 149 44 When
1721 1827 22 42 I
1767 1827 86 43 last

189 1913 87 26 saw
296 1897 266 57 him—July
582 1897 121 53 26th,
725 1898 303 43 1893—there
1055 1897 203 43 was'still
1281 1899 251 42 something
1551 1899 44 41 of
1620 1899 87 43 this
1730 1900 122 42 char-

189 1975 118 38 acter
329 1971 47 41 in
398 1970 68 42 his
490 1970 172 56 speech,
685 1970 79 42 but
787 1970 75 42 the
886 1971 172 55 patient
1081 1971 86 42 had
1193 1971 125 42 made
1352 1971 133 42 much
1510 1986 199 41 progress
1732 1973 120 43 since

189 2042 175 43 leaving
387 2041 74 44 the
484 2042 232 42 Infirmary
742 2042 45 42 in
810 2042 214 57 January.

250 2114 22 41 I
295 2114 135 43 asked
455 2114 74 43 the
553 2114 171 56 patient
747 2114 194 43 whether
965 2121 46 36 at
1032 2129 87 42 any
1142 2115 104 43 time
1271 2115 119 43 since
1414 2115 75 43 the
1507 2116 166 43 seizure
1692 2117 54 43 he
1765 2117 87 44 had

188 2200 102 29 ever
312 2186 288 56 experienced
622 2185 217 57 difficulty
858 2187 43 41 in
928 2187 192 42 forming
1144 2187 140 42 words
1306 2187 47 42 in
1376 2187 70 43 his
1469 2188 136 44 mind.
1669 2189 23 42 I
1716 2191 136 42 asked

188 2258 93 43 him
307 2265 42 36 to
372 2258 202 43 consider
596 2258 89 43 this
708 2259 204 55 question
936 2260 227 56 carefully,
1187 2260 87 42 and
1296 2260 125 56 reply
1448 2266 42 37 to
1513 2261 36 41 it
1582 2262 45 40 in
1664 2269 185 38 writing.

188 2330 120 43 Here
330 2331 37 42 is
401 2330 67 44 his
501 2331 137 56 reply,
661 2331 131 43 dated
824 2332 247 43 December
1100 2333 92 51 3rd,
1219 2333 367 43 1892:—"With
1619 2336 154 55 regard
1808 2343 43 36 to

187 2418 74 42 my
286 2403 189 57 forming
498 2403 140 43 words
661 2404 46 42 in
737 2418 75 43 my
838 2403 133 54 mind,
994 2404 16 42 i
1042 2404 131 44 could
1205 2405 165 43 always
1394 2405 110 43 form
1540 2406 121 43 them
1695 2408 45 41 in
1775 2422 75 44 my

189 2475 121 43 mind
334 2476 80 42 but
436 2476 171 43 trouble
639 2491 87 28 was
749 2476 47 42 in
828 2477 172 56 getting
1033 2477 120 43 them
1188 2483 78 37 out
1299 2478 15 41 i
1347 2478 131 43 could
1511 2483 78 39 not
1621 2485 73 51 get
1727 2480 123 44 them

186 2553 78 38 out
286 2553 46 38 at
354 2548 60 43 all
436 2549 87 43 and
546 2549 113 43 after
689 2549 209 57 makeing
920 2549 60 43 all
1014 2551 75 43 the
1112 2551 120 56 signs
1263 2551 15 41 i
1311 2551 130 43 could
1475 2551 132 43 think
1630 2553 47 41 of
1706 2558 44 37 to
1775 2569 74 42 my

185 2620 164 43 friends
386 2621 36 42 if
460 2621 104 57 they
603 2621 130 43 could
766 2627 78 37 not
881 2622 273 44 understand
1187 2638 70 28 me
1290 2624 14 42 i
1338 2624 146 42 would
1518 2625 112 43 have
1664 2630 44 38 to
1748 2627 102 44 take

186 2707 133 42 paper
340 2693 86 43 and
450 2707 25 29 a
497 2693 146 57 pencil
666 2694 87 43 and
778 2694 124 43 write
925 2694 36 43 it
984 2694 128 43 down
1139 2696 63 41 for
1226 2695 158 43 them."

248 2765 69 43 On
341 2765 188 43 October
554 2766 119 51 17th,
697 2766 53 43 he
775 2770 147 50 wrote,
945 2766 183 44 "When
1154 2767 14 42 i
1192 2782 122 28 came
1345 2768 46 42 in
1418 2768 102 43 here
1553 2769 15 41 i
1592 2769 129 43 could
1744 2770 107 57 only

186 2851 77 42 say
286 2851 77 42 yes
385 2838 87 42 and
496 2853 55 28 no
574 2838 98 43 that
696 2853 88 29 was
816 2839 60 42 all
900 2839 13 42 i
947 2839 129 43 could
1100 2854 90 42 say,
1215 2840 80 43 but
1318 2855 98 28 now
1440 2841 15 42 i
1488 2841 130 43 could
1642 2856 77 43 say
1744 2857 106 42 very

188 2923 129 28 neare
340 2924 85 41 any
449 2910 127 56 thing
597 2910 37 42 if
655 2911 9 41 i
691 2911 129 43 could
844 2911 102 43 take
969 2913 145 43 time."

247 2982 46 42 It
324 2982 37 42 is
393 2988 76 36 not
503 2997 73 41 my
611 2983 220 43 intention
866 2990 43 36 to
942 2990 126 37 enter
1101 2986 94 42 into
1228 3000 87 42 any
1339 2986 246 44 discussion
1619 3001 47 29 as
1699 2994 43 36 to
1776 2988 75 43 the

187 3054 207 56 probable
421 3059 151 38 nature
595 3056 47 42 of
662 3055 74 43 the
759 3056 192 43 cerebral
974 3056 138 44 lesion
1136 3058 46 42 in
1206 3057 90 44 this
1315 3073 108 28 case.
1488 3059 131 42 From
1640 3059 74 43 the
1739 3060 109 43 facts

185 3126 157 46 stated,
365 3127 75 42 the
472 3127 152 44 reader
656 3142 79 28 can
761 3129 108 43 form
908 3129 66 42 his
1008 3144 95 29 own
1141 3130 181 59 theory;
1354 3130 82 43 but
1469 3131 23 42 I
1528 3146 98 44 may
1650 3145 76 45 say
1753 3132 96 44 that
