2149 3654
491 1103 592 51 PREFATORY
1149 1103 272 51 NOTE.

185 1418 97 41 The
314 1422 96 37 text
442 1418 47 41 of
519 1417 87 42 this
641 1416 120 42 work
794 1416 79 42 has
906 1415 177 43 already
1117 1416 108 42 been
1259 1415 237 55 published
1528 1430 46 29 as
1605 1430 25 29 a
1652 1417 133 43 series

123 1495 47 42 of
201 1495 174 42 articles
398 1494 282 42 contributed
714 1498 43 37 to
781 1492 75 43 the
878 1492 260 55 Edinburgh
1160 1492 185 42 Medical
1370 1492 194 43 Journal
1587 1493 198 44 between

123 1571 187 44 October
336 1571 112 42 1891
475 1571 86 42 and
584 1570 110 56 May
720 1571 126 42 1894.

180 1667 90 43 The
312 1667 241 57 Appendix
597 1670 187 39 consists
826 1666 203 56 of—(A.)
1067 1666 139 42 Notes
1250 1666 47 42 of
1346 1666 123 43 three
1512 1666 271 45 illustrative

121 1760 119 28 cases
276 1746 47 42 of
354 1744 390 44 Speech-disorder
767 1743 144 43 which
945 1743 111 43 have
1091 1743 111 43 been
1236 1743 141 43 under
1410 1744 279 44 observation
1712 1751 72 37 too

120 1823 198 44 recently
355 1829 46 37 to
437 1824 52 42 be
528 1822 218 44 available
785 1822 66 42 for
885 1821 75 44 the
999 1825 97 39 text
1134 1822 47 41 of
1216 1821 74 43 the
1331 1822 147 55 work;
1517 1823 87 42 and
1638 1823 90 56 (B.)
1761 1839 24 27 a

119 1901 187 43 Eeprint
343 1902 48 42 of
425 1916 74 27 my
539 1901 274 42 Graduation
847 1899 153 43 Thesis
1034 1900 160 55 (1865)
1227 1913 56 29 on
1317 1900 75 42 the
1432 1900 270 58 Physiology
1740 1903 44 41 of

117 1979 76 43 the
230 1979 192 57 Larynx,
459 1979 144 42 which
639 1992 88 28 was
771 1977 234 57 originally
1047 1977 236 56 published
1326 1978 47 42 in
1411 1978 75 42 the
1524 1979 260 57 Edinburgh

117 2057 187 42 Medical
335 2054 191 44 Journal
558 2056 66 42 for
657 2055 258 43 September
950 2055 127 42 1866.
1143 2055 22 41 I
1199 2055 113 43 have
1341 2056 192 42 thought
1555 2057 36 41 it
1616 2057 99 43 well
1738 2062 44 37 to

117 2138 172 38 reprint
326 2133 89 43 this
453 2133 150 43 thesis,
641 2147 47 29 as
722 2133 59 42 its
820 2133 172 55 subject
1035 2133 37 41 is
1115 2133 254 43 intimately
1408 2134 168 42 related
1620 2140 43 37 to
1709 2135 73 43 the

118 2211 263 57 physiology
404 2211 88 42 and
516 2210 240 57 pathology
780 2211 47 41 of
847 2210 179 56 Speech.

163 2357 241 33 Edinburgh,
437 2358 15 31 1
481 2356 201 34 Melville
707 2357 157 42 Street,

384 2420 132 34 October
536 2421 95 33 1894.
