2411 3372
210 129 85 53 die
331 129 218 55 Urzelle
587 131 90 54 des
715 129 354 67 Organismus
1106 128 94 54 hat
1238 128 104 54 den
1380 127 281 67 diploiden
1699 128 549 56 Chromosomensatz
2281 163 64 6 —-

210 207 160 47 einen
406 226 107 29 von
550 206 96 50 der
681 205 210 50 Mutter
926 206 113 49 und
1076 207 160 48 einen
1272 225 126 29 vom
1433 204 189 50 Vater.

279 295 112 51 Aus
461 296 104 49 den
630 298 195 48 immer
889 294 533 51 wiederkehrenden
1490 296 616 53 Zahlenverhältnissen
2173 304 175 48 seiner

207 368 476 51 Erbsenversuche
713 369 152 49 hatte
899 369 129 49 auch
1060 368 161 50 schon
1251 368 222 49 Mendel
1505 369 291 63 gefolgert,
1829 370 103 49 daß
1966 370 84 50 die
2081 371 266 66 Anlagen-

207 440 174 52 Paare
427 461 100 29 vor
574 441 95 50 der
714 440 431 63 Fortpflanzung
1191 460 107 29 von
1346 440 265 50 einander
1659 454 258 50 getrennt
1962 444 113 49 und
2119 444 89 50 bei
2256 446 90 49 der

209 512 85 50 die
347 513 219 50 nächste
621 513 339 50 Generation
1016 512 373 50 einleitenden
1441 512 359 65 Bestäubung
1853 533 107 30 neu
2015 515 334 52 kombiniert

209 585 241 50 würden.
482 585 103 50 Die
619 585 399 64 erfolgreichen
1049 584 387 64 Forschungen
1467 604 230 31 unserer
1731 586 118 49 Zeit
1881 585 138 50 über
2053 588 84 49 die
2170 588 179 50 Reife¬

208 656 209 65 teilung
460 657 179 50 haben
685 658 146 49 diese
876 658 185 49 kühne
1106 657 236 50 Theorie
1388 659 121 49 aufs
1555 658 248 50 schönste
1847 657 284 65 bestätigt:
2179 661 171 50 Wenn

208 731 87 50 die
333 751 108 29 von
478 730 171 50 Vater
685 731 114 49 und
838 730 209 50 Mutter
1085 730 486 50 herstammenden
1610 730 740 66 Chromosomenpaarlinge,

208 803 86 49 die
326 803 106 50 sich
461 802 89 50 bei
582 803 96 49 der
707 802 413 63 Vorbereitung
1152 804 95 48 der
1277 803 378 63 Reifeteilung
1684 805 302 60 paarweise
2017 824 332 30 zusammen¬

208 874 178 65 gelegt
431 875 197 60 haben,
671 876 380 49 voneinander
1096 888 256 51 getrennt
1395 875 238 60 werden,
1678 875 177 50 bleibt
1901 895 53 30 es
2002 876 123 49 dem
2170 877 181 49 Zufall

207 947 338 60 überlassen,
574 947 229 50 welcher
834 948 275 62 Paarling,
1140 946 68 51 ob
1241 948 97 49 der
1368 947 296 50 väterliche
1696 943 135 54 oder
1863 947 95 50 der
1989 948 361 59 mütterliche,

209 1019 160 50 dabei
399 1023 55 46 in
487 1020 85 49 die
607 1023 119 47 eine
758 1020 114 49 und
900 1020 231 49 welcher
1162 1023 56 45 in
1252 1020 85 49 die
1373 1019 202 50 andere
1608 1020 142 50 reife
1781 1016 303 54 Keimzelle
2119 1020 230 63 gelangt.

208 1091 124 50 Und
381 1092 65 49 da
496 1092 85 50 die
628 1092 349 64 Erbanlagen
1023 1095 56 46 in
1129 1092 103 49 den
1282 1092 433 50 Chromosomen
1764 1092 197 63 liegen,
2007 1092 222 49 werden
2277 1094 73 47 sie

207 1163 161 51 dabei
415 1165 272 50 ebenfalls
733 1186 107 28 neu
885 1165 358 59 kombiniert,
1288 1165 112 49 und
1448 1184 52 30 es
1549 1164 291 50 entstehen
1887 1183 55 30 so
1991 1164 88 49 die
2125 1164 225 49 Zahlen¬

204 1236 365 51 verhältnisse
602 1238 98 49 der
728 1238 567 60 Meerschweinchen-,
1325 1236 293 51 Mirabilis-
1649 1237 114 50 und
1793 1236 489 50 Erbsenversuche.

213 1656 182 53 Was
419 1655 133 54 die
575 1656 702 55 Mendel-Gesetze
1300 1658 142 54 für
1465 1658 160 54 den
1647 1659 272 63 Alltag
1942 1659 407 55 bedeuten

276 2044 63 51 In
378 2046 126 50 dem
544 2045 226 52 kleinen
810 2046 227 62 Garten,
1078 2047 107 50 den
1225 2048 94 51 das
1361 2048 255 50 Brünner
1654 2048 227 50 Kloster
1920 2048 114 49 ihm
2074 2049 91 49 für
2204 2051 149 52 seine

203 2116 275 52 Versuche
517 2119 322 50 überlassen
878 2119 172 60 hatte,
1089 2119 128 50 kam
1255 2120 214 63 Gregor
1506 2120 223 50 Mendel
1766 2120 89 50 bei
1895 2123 188 47 seinen
2121 2120 233 50 Erbsen¬

203 2193 421 59 experimenten
665 2193 136 48 noch
844 2212 66 29 zu
955 2195 216 60 einigen
1213 2195 283 56 weiteren,
1540 2193 124 49 sehr
1710 2192 506 50 aufschlußreichen
2260 2192 94 49 Er¬

203 2262 307 63 gebnissen.
549 2264 73 49 Er
659 2263 154 50 hatte
853 2264 106 50 sich
997 2284 50 30 u.
1089 2284 43 29 a.
1174 2265 130 49 auch
1345 2265 85 49 die
1469 2263 254 64 Aufgabe
1764 2264 235 63 gestellt,
2036 2264 316 62 Mischlinge

201 2355 107 30 von
349 2336 408 50 Erbsensorten
795 2356 67 30 zu
901 2336 387 60 untersuchen,
1330 2337 85 49 die
1455 2336 145 50 nicht
1640 2339 56 46 in
1735 2356 105 29 nur
1879 2338 197 56 einem,
2116 2336 239 50 sondern

199 2411 53 46 in
288 2408 294 49 mehreren
613 2408 515 63 Merkmalspaaren
1159 2409 424 49 unterschieden
1613 2428 205 30 waren:
1854 2408 73 48 Er
1958 2407 154 50 hatte
2143 2407 213 49 Erbsen

200 2483 99 47 mit
338 2480 196 63 gelben
572 2481 216 50 runden
826 2481 198 50 Samen
1061 2483 99 47 mit
1198 2481 218 49 solchen
1454 2480 283 64 gekreuzt,
1777 2481 168 48 deren
1983 2479 196 49 Samen
2219 2482 136 60 grün

202 2554 111 49 und
347 2553 435 64 kantig-runzlig
814 2572 202 31 waren.
1053 2553 103 49 Die
1189 2551 488 60 F-l-Generation,
1714 2552 85 49 die
1837 2572 57 29 er
1931 2551 217 59 erhielt,
2184 2551 171 57 hatte,

199 2628 209 47 seinem
442 2638 186 37 ersten
662 2626 198 50 Gesetz
896 2624 418 64 entsprechend,
1349 2627 88 48 ein
1473 2644 133 44 ganz
1642 2623 374 50 einheitliches
2050 2622 305 59 Aussehen,

198 2699 114 49 und
343 2718 143 29 zwar
518 2718 186 30 waren
738 2698 103 49 alle
875 2698 197 49 Samen
1107 2696 121 64 gelb
1262 2697 114 49 und
1408 2696 158 49 rund.
1601 2697 215 48 Daraus
1850 2695 193 63 folgte,
2079 2695 103 49 daß
2217 2694 136 50 Gelb

197 2771 113 49 und
343 2770 164 50 Rund
541 2770 304 60 dominant,
880 2770 155 50 Grün
1068 2770 114 49 und
1214 2769 267 63 Runzelig
1515 2771 239 47 rezessiv
1787 2787 201 30 waren.
2023 2766 330 50 Vermehrte

199 2863 57 30 er
298 2864 113 28 nun
456 2844 85 49 die
583 2843 470 50 F-l-Generation
1095 2846 100 45 mit
1236 2840 417 65 ihresgleichen,
1697 2861 57 30 so
1800 2839 318 51 erschienen
2159 2842 55 46 in
2259 2838 94 50 der

195 2915 471 51 F-2-Generation
707 2916 146 49 nicht
894 2935 106 29 nur
1044 2915 85 49 die
1171 2913 202 51 beiden
1415 2913 513 63 Ausgangsformen
1969 2911 223 59 wieder,
2236 2931 115 30 son¬

197 2989 135 49 dern
374 2988 641 50 überraschenderweise
1060 2987 130 49 auch
1233 2987 135 49 noch
1411 2988 133 47 zwei
1588 3004 133 45 ganz
1763 3004 160 39 neue,
1965 2984 204 49 vorher
2210 2983 142 49 nicht

196 3061 391 60 existierende,
612 3061 254 50 nämlich:
898 3059 414 63 Gelb-runzlige
1339 3059 113 50 und
1478 3058 360 51 Grün-runde
1865 3057 213 51 Samen.

1242 3208 65 47 22
