2125 3524
845 277 86 31 THE
964 277 241 34 DISORDERS
1237 280 53 32 OK
1322 281 174 32 SPEECH.

365 259 53 41 26

363 389 85 42 and
471 390 73 44 the
566 398 138 38 secret
734 395 172 43 method
940 397 160 55 always
1131 397 110 43 loses
1272 398 56 42 its
1360 400 185 54 efficacy,
1568 399 123 43 when
1723 400 35 41 it
1785 399 111 43 loses
1917 398 55 44 its

363 472 183 44 secrecy.
625 464 44 43 It
706 466 144 42 would
882 467 51 41 be
969 481 100 28 easy
1107 473 42 36 to
1179 469 98 54 give
1308 482 55 28 an
1395 474 181 36 account
1609 470 44 40 of
1690 483 116 28 some
1838 475 135 36 secret

365 531 198 44 methods
601 534 139 43 which
779 536 109 42 have
924 536 85 42 had
1046 551 24 27 a
1105 543 119 48 great
1259 538 246 41 reputation
1542 539 46 40 in
1626 539 112 41 their
1774 539 94 53 day,
1897 538 78 42 but

364 600 88 43 this
497 604 142 42 would
680 606 135 54 really
857 606 52 42 be
951 607 262 42 trespassing
1247 611 71 37 too
1360 607 128 42 much
1525 621 115 41 upon
1681 608 73 42 the
1790 611 178 40 reader's

364 672 208 53 patience.
636 675 45 41 If
699 675 53 42 he
784 676 37 41 is
851 676 234 42 interested
1117 677 45 40 in
1195 677 112 41 their
1337 677 177 55 history,
1536 677 53 42 he
1612 678 89 41 will
1723 678 88 41 find
1844 678 127 41 much

364 741 279 44 information
666 746 132 41 about
829 746 120 41 them
971 746 46 41 in
1039 761 53 26 an
1115 747 149 41 article
1289 747 55 55 by
1366 747 262 49 Guillaume,
1651 748 139 40 which
1815 748 87 39 will
1926 748 49 40 be

363 812 190 41 referred
571 819 42 36 to
635 814 46 41 in
704 815 72 42 the
791 816 233 54 Appendix
1048 820 43 37 to
1114 816 86 41 this
1217 830 140 40 paper,
1410 816 238 55 Rhythmic
1670 821 244 37 movement
1934 818 42 40 of

364 881 75 43 the
461 882 117 43 hand
599 898 46 27 or
667 887 46 39 of
731 885 73 41 the
826 885 110 41 head
958 885 157 55 during
1135 885 155 54 speech
1306 886 74 41 has
1394 887 117 40 often
1530 887 106 41 been
1655 886 253 55 prescribed,
1926 900 45 28 as

364 965 25 27 a
410 965 148 30 means
581 954 46 41 of
654 954 216 42 diverting
901 954 74 42 the
1010 955 200 53 patient's
1241 956 214 41 attention
1492 958 108 39 from
1637 956 68 42 his
1740 957 238 55 struggling

366 1036 154 41 organs
541 1025 47 43 of
598 1025 88 41 oral
701 1026 301 51 articulation;
1033 1026 85 41 and
1131 1026 108 55 good
1261 1027 139 54 might
1422 1028 203 54 possibly,
1640 1029 45 40 in
1706 1042 117 28 some
1846 1042 131 36 cases,

367 1093 52 41 be
452 1093 113 44 done
600 1096 57 56 by
690 1095 105 42 such
828 1110 23 26 a
883 1095 292 54 prescription.
1244 1096 87 40 But
1365 1097 23 40 I
1420 1111 68 27 am
1520 1098 193 54 strongly
1745 1099 232 42 convinced

367 1162 96 42 that
487 1164 70 41 the
580 1164 95 42 best
697 1165 84 41 and
803 1170 114 36 most
936 1169 257 50 permanent
1214 1165 156 42 results
1393 1166 89 40 will
1514 1167 160 53 always
1706 1167 51 41 be
1779 1173 199 37 obtained

370 1234 108 39 from
512 1248 25 27 a
571 1239 234 37 treatment
835 1235 130 41 based
1000 1249 115 40 upon
1149 1249 54 27 an
1246 1241 195 36 accurate
1483 1237 208 41 scientific
1725 1237 250 55 knowledge

368 1303 44 40 of
439 1302 73 42 the
535 1308 154 38 nature
722 1304 43 41 of
797 1304 73 42 the
902 1304 238 52 condition;
1182 1304 84 42 and
1303 1305 35 41 it
1371 1305 37 41 is
1440 1306 159 41 certain
1632 1306 96 41 that
1763 1306 73 42 the
1867 1308 113 40 chief

368 1372 165 42 feature
570 1374 47 40 of
649 1374 105 41 such
792 1388 24 27 a
851 1374 174 42 method
1059 1374 44 41 of
1140 1379 232 37 treatment
1395 1375 88 40 will
1514 1376 51 40 be
1597 1375 73 42 the
1701 1376 214 41 attention
1946 1377 34 40 it

368 1443 176 42 devotes
566 1449 44 36 to
629 1444 71 41 the
718 1445 235 40 correction
971 1444 47 41 of
1036 1444 74 43 the
1131 1444 172 55 lagging
1324 1444 143 41 action
1484 1445 46 40 of
1548 1444 72 41 the
1640 1444 119 41 vocal
1782 1445 196 41 mechan-

368 1514 93 41 ism.
523 1514 42 41 A
587 1514 213 55 thorough
832 1528 148 28 course
1002 1513 44 43 of
1071 1514 121 41 vocal
1223 1514 263 54 gymnastics
1509 1514 125 41 could
1665 1514 134 41 easily
1821 1514 52 41 be
1894 1529 86 27 ela-

369 1584 176 41 borated
561 1600 9 35 ;
601 1584 86 41 and
709 1584 100 41 here
832 1584 124 41 again
979 1584 24 41 I
1037 1584 129 42 think
1199 1584 119 41 there
1347 1583 36 42 is
1406 1584 117 41 work
1555 1584 64 41 for
1649 1585 74 41 the
1755 1584 226 42 specialist.

368 1654 43 40 A
453 1654 330 42 well-educated
825 1654 229 55 specialist,
1098 1654 95 42 who
1235 1654 222 41 discarded
1491 1654 58 41 all
1586 1660 137 36 secret
1763 1655 219 49 remedies,

370 1724 86 41 and
478 1724 183 42 devoted
693 1725 179 41 himself
899 1730 44 36 to
976 1725 72 41 the
1080 1724 189 42 training
1291 1725 45 40 of
1363 1725 68 41 his
1463 1724 143 54 pupils
1629 1739 116 40 upon
1775 1731 207 35 scientific

370 1795 246 55 principles,
639 1795 144 41 would
806 1795 52 42 do
879 1795 109 55 good
1011 1795 128 41 work,
1161 1794 85 41 and
1270 1794 141 41 would
1433 1799 76 36 not
1531 1795 51 40 be
1605 1795 183 41 without
1806 1801 177 47 support

371 1866 84 40 and
478 1870 371 37 encouragement.
911 1865 62 41 At
1005 1865 72 41 the
1109 1879 116 27 same
1256 1865 116 49 time,
1398 1864 36 41 it
1464 1869 117 36 must
1612 1865 50 40 be
1693 1865 290 41 remembered

371 1935 96 41 that
498 1949 131 41 many
651 1939 202 50 patients,
875 1934 231 55 especially
1127 1933 122 42 those
1272 1934 95 41 who
1399 1948 69 27 are
1499 1933 245 55 intelligent
1777 1934 83 42 and
1891 1948 93 40 per-

371 2004 209 54 severing,
603 2003 54 42 do
679 2009 77 36 not
776 2004 170 41 require
969 2004 72 41 the
1064 2003 69 41 aid
1165 2003 45 41 of
1238 2017 24 27 a
1293 2007 119 37 tutor
1442 2017 46 27 or
1519 2003 226 41 specialist.
1808 2003 47 40 If
1882 2004 102 53 they

373 2089 69 27 are
484 2075 125 41 made
652 2079 44 36 to
728 2088 266 27 understand
1027 2073 258 55 thoroughly
1324 2074 73 40 the
1428 2079 153 35 nature
1612 2073 46 41 of
1690 2073 113 41 their
1834 2074 151 49 defect,

373 2146 104 41 they
500 2159 79 28 can
611 2144 273 50 themselves,
906 2145 56 40 by
981 2144 96 41 dint
1107 2144 44 41 of
1183 2143 273 55 persevering
1477 2143 84 41 and
1592 2144 245 54 intelligent
1868 2157 115 41 prac-

371 2217 95 40 tice,
504 2215 131 41 break
674 2214 112 42 their
822 2215 71 41 old
930 2228 163 27 vicious
1131 2213 142 41 habits
1302 2213 47 42 of
1380 2213 166 54 speech,
1583 2213 85 41 and
1700 2213 171 55 acquire
1908 2213 73 41 the

373 2300 95 27 new
490 2286 122 41 habit
635 2286 44 40 of
701 2285 207 54 speaking
929 2285 45 40 in
997 2299 24 26 a
1052 2284 166 41 normal
1241 2297 104 42 way.
1408 2284 80 54 My
1510 2297 96 28 own
1638 2285 249 40 experience
1910 2284 74 41 has

375 2357 150 41 shown
548 2370 68 26 me
639 2355 97 41 that
757 2355 87 41 this
866 2355 36 40 is
925 2361 118 34 often
1066 2354 71 41 the
1161 2367 105 28 case.

432 2426 64 40 As
531 2430 43 36 to
608 2424 74 41 the
719 2424 293 54 performance
1047 2424 45 39 of
1122 2422 184 55 surgical
1339 2423 243 53 operations
1615 2423 63 40 for
1709 2422 72 42 the
1813 2436 99 28 cure
1945 2422 45 41 of

375 2493 293 55 stammering,
713 2493 21 40 I
779 2492 111 42 shall
931 2492 103 54 only
1066 2505 74 27 say
1174 2492 96 40 that
1306 2491 103 55 they
1444 2491 153 42 should
1641 2506 130 28 never
1807 2493 50 41 be
1902 2490 81 44 had

373 2576 195 31 recourse
589 2567 56 36 to,
663 2561 136 41 under
820 2574 85 28 any
928 2573 342 29 circumstances.
1326 2560 119 55 They
1463 2574 108 28 were
1592 2561 109 41 tried
1719 2561 266 55 extensively

374 2637 134 38 about
528 2631 74 41 the
625 2630 236 55 beginning
883 2630 46 40 of
948 2629 85 42 this
1056 2635 194 48 century,
1268 2630 83 40 and
1370 2629 120 42 there
1508 2643 69 28 are
1594 2630 81 42 few
1693 2645 114 27 more
1825 2644 159 28 melan-

376 2703 128 54 choly
526 2701 199 43 chapters
747 2701 45 40 in
815 2701 72 41 the
911 2700 166 42 history
1099 2700 46 41 of
1173 2700 184 55 Surgery
1380 2701 103 41 than
1512 2701 94 41 that
1629 2701 137 41 which
1787 2701 118 55 gives
1927 2714 52 27 an

375 2774 183 39 account
594 2768 57 41 of.
674 2768 128 41 them.
865 2768 89 41 The
991 2767 149 42 reader
1166 2767 89 41 will
1289 2768 87 41 find
1407 2769 130 40 much
1572 2768 273 41 information
1869 2781 114 28 upon

375 2842 88 41 this
515 2839 168 43 subject
733 2839 46 41 in
832 2838 282 42 Guillaume's
1165 2838 159 50 article,
1367 2839 83 41 and
1493 2839 45 40 in
1591 2838 72 41 the
1702 2846 192 46 writings
1944 2837 43 41 of

376 2907 255 44 Kussmaul.

434 2978 90 42 The
561 2976 292 43 introduction
890 2975 92 41 into
1025 2975 73 41 the
1134 2974 152 42 mouth
1324 2975 47 41 of
1410 2974 160 55 foreign
1608 2973 157 42 bodies,
1801 2972 103 42 such
1942 2985 43 27 as

375 3048 178 58 pebbles
594 3046 85 42 and
722 3045 365 56 tongue-bridles,
1139 3044 36 42 is
1225 3044 175 54 equally
1442 3051 75 34 out
1568 3044 45 41 of
1661 3043 72 41 the
1778 3042 207 55 question.
