2107 3450
445 146 87 30 THE
564 141 146 35 THREE
744 140 250 32 FUNCTIONS
1028 140 54 30 OF
1114 138 88 31 THE
1237 137 140 32 VOICE.

1656 121 84 45 115

83 266 160 45 almost
277 268 73 43 the
389 280 116 29 same
541 279 45 27 as
627 264 33 41 it
697 263 35 42 is
771 275 159 29 among
968 259 73 43 the
1078 258 175 56 general
1290 262 269 51 population.
1624 255 114 41 That

85 339 222 43 imbeciles
343 337 156 44 should
529 350 46 28 so
599 337 120 40 often
745 346 171 43 possess
950 345 25 29 a
996 330 110 57 good
1132 328 167 56 faculty
1325 329 64 41 for
1424 327 141 42 music
1588 339 149 41 along-

82 411 94 42 side
198 412 45 41 of
270 410 124 43 other
417 407 202 44 faculties
653 420 46 28 so
723 419 151 42 poorly
898 401 256 57 developed,
1176 401 36 41 is
1246 413 25 31 a
1295 414 104 40 very
1423 399 191 55 striking
1636 399 102 50 fact,

83 495 25 29 v
124 483 101 42 Inch
252 483 19 40 I
297 483 109 40 hope
432 488 42 34 to
499 479 219 42 illustrate
743 476 171 43 further
936 475 45 42 in
1007 474 74 43 the
1105 487 153 29 course
1281 473 48 41 of
1349 472 88 41 this
1461 484 192 41 chapter.

140 554 131 41 Thus,
295 554 45 41 in
375 566 130 32 many
533 565 128 41 ways,
686 550 87 41 this
807 547 170 44 Second
1001 546 221 42 Function
1249 545 45 42 of
1316 543 76 43 the
1417 543 133 50 voice,
1574 542 96 42 that
1692 542 48 43 of

81 625 253 57 expressing
356 624 206 43 emotion,
586 623 35 41 is
644 620 227 44 exhibited
907 617 271 45 throughout
1211 617 88 42 life.
1364 616 91 42 The
1477 628 147 43 power
1649 615 86 41 and

79 698 169 42 variety
281 698 47 41 of
358 697 56 41 its
447 708 353 42 expressiveness
833 691 232 58 gradually
1090 691 194 42 increase
1317 688 161 56 during
1502 687 74 43 the
1608 701 127 42 years

77 768 46 42 of
152 768 168 55 growth
343 767 87 42 and
463 766 324 55 development,
810 765 110 41 from
955 763 75 43 the
1055 777 103 42 very
1182 776 120 42 early
1325 760 153 57 period
1501 759 128 44 when
1659 760 76 41 the

79 840 119 42 voice
222 841 94 40 first
352 839 152 42 begins
540 845 44 35 to
620 852 178 28 express
835 837 193 42 emotion
1064 836 46 41 in
1143 835 75 42 the
1253 848 92 29 acts
1380 833 48 43 of
1458 833 156 57 crying
1647 833 87 42 and

77 912 220 54 laughing.
360 911 125 42 Even
520 911 207 54 ordinary
751 908 285 43 individuals,
1071 908 46 41 in
1150 907 76 42 the
1265 906 204 55 ordinary
1504 919 152 29 course
1692 906 47 41 of

76 984 322 56 development,
417 984 141 42 attain
579 989 44 36 to
642 988 122 52 great
782 982 225 42 efficiency
1028 981 46 41 in
1093 980 258 56 expressing
1374 980 115 42 their
1506 979 227 42 emotions.

78 1056 55 42 In
168 1072 24 26 a
228 1059 82 40 few
345 1055 278 56 exceptional
659 1069 131 29 cases,
813 1054 75 42 the
923 1053 176 42 highest
1132 1052 137 43 levels
1305 1053 45 41 of
1382 1052 353 55 expressiveness

75 1142 75 28 are
173 1128 222 42 attained:
431 1128 125 41 when
581 1132 67 37 art
672 1127 85 41 and
782 1126 150 42 native
953 1125 155 56 genius
1132 1124 200 42 combine
1358 1132 43 33 to
1431 1124 151 42 confer
1615 1138 119 42 upon

77 1200 275 42 individuals
377 1200 72 42 the
471 1200 84 54 gilt
578 1200 47 40 of
643 1213 108 27 song
773 1212 46 28 or
842 1197 44 42 of
909 1196 157 55 telling
1088 1209 184 41 oratory.

139 1273 36 40 3.
210 1272 161 41 Acting
388 1274 105 39 with
517 1270 105 42 Oral
644 1269 366 42 Articulation,it
1012 1268 145 54 forms
1181 1266 280 43 Words.—In
1483 1267 76 42 the
1583 1282 152 27 course

76 1344 48 39 of
153 1342 323 54 development,
514 1341 75 41 the
627 1340 136 42 Third
801 1339 221 41 Function
1062 1337 204 42 assumed
1309 1337 58 55 by
1405 1337 76 43 the
1519 1337 157 43 Voice"
1699 1340 36 40 is

76 1420 44 35 to
153 1413 100 42 take
287 1418 97 49 part
409 1419 104 34 with
551 1411 74 42 the
665 1410 104 43 Oral
801 1409 299 42 Articulative
1133 1408 280 42 Mechanism
1448 1409 46 41 in
1530 1409 73 43 the
1637 1425 97 41 pro-

75 1484 180 42 duction
289 1484 45 41 of
366 1483 124 43 those
513 1483 293 42 complicated
833 1481 85 42 and
945 1481 148 42 varied
1115 1480 166 42 sounds
1315 1480 96 42 that
1435 1495 64 28 we
1532 1481 131 42 know
1689 1498 46 25 as

73 1555 252 43 Articulate
344 1555 185 42 Words;
562 1554 87 42 and
680 1553 103 43 thus
817 1553 178 42 become
1029 1553 75 42 the
1137 1552 272 42 instrument
1442 1553 47 41 of
1517 1553 217 44 Thought.

73 1628 116 41 How
226 1627 76 42 the
340 1632 86 37 two
470 1625 308 43 mechanisms,
818 1624 139 43 Vocal
994 1624 87 42 and
1120 1623 106 43 Oral
1264 1624 312 52 Articulative,
1614 1627 123 41 work

71 1700 200 42 together
287 1699 46 42 in
353 1699 242 55 producing
612 1698 251 42 Articulate
880 1697 174 50 Words,
1076 1696 79 43 has
1173 1696 109 43 been
1307 1703 149 49 pretty
1476 1697 116 56 fully
1611 1698 124 43 illus-

71 1772 141 42 trated
245 1772 46 41 in
319 1771 75 42 the
425 1771 159 42 former
605 1770 207 42 chapters
835 1770 47 41 of
915 1769 89 42 this
1040 1769 131 41 work.
1237 1768 55 42 In
1316 1769 75 42 the
1421 1770 97 42 first
1540 1776 195 37 chapter,

73 1845 48 40 in
155 1843 247 43 connexion
434 1842 109 42 with
578 1842 74 42 the
685 1841 135 43 study
844 1841 47 42 of
920 1840 302 56 stammering,
1257 1841 37 41 it
1327 1855 87 28 was
1448 1841 153 43 shown
1636 1843 99 43 how

74 1916 233 42 delicately
326 1915 76 42 the
424 1920 87 36 two
535 1913 295 43 mechanisms
854 1928 72 28 are
949 1913 302 42 co-ordinated
1274 1928 82 27 one
1380 1913 108 42 with
1512 1914 75 43 the
1610 1916 127 42 other

74 1989 47 40 in
157 1987 74 42 the
265 1986 260 56 production
559 1986 47 42 of
625 1985 186 56 speech;
853 1985 88 42 and
963 1985 47 42 in
1034 1985 74 43 the
1142 1985 161 42 second
1327 1985 193 56 chapter,
1554 1987 46 42 in
1633 2002 102 28 con-

73 2060 163 42 nexion
272 2065 107 35 with
403 2058 73 42 the
509 2057 133 43 study
666 2058 45 41 of
743 2057 257 56 Hysterical
1033 2057 203 52 Mutism,
1260 2058 36 41 it
1330 2072 86 28 was
1450 2058 151 43 shown
1637 2060 98 43 how

77 2136 218 38 complete
318 2129 238 43 dumbness
580 2143 100 42 may
698 2128 141 43 result
858 2129 109 41 from
992 2129 75 42 the
1086 2128 216 56 paralysis
1326 2129 46 42 of
1391 2129 143 43 either
1556 2130 75 43 the
1655 2146 81 28 one

76 2203 270 42 mechanism
370 2217 46 27 or
439 2202 75 42 the
538 2201 136 43 other.
739 2201 92 43 The
856 2200 123 43 vocal
1002 2201 192 43 element
1212 2203 46 40 of
1278 2201 169 57 Speech
1470 2202 37 43 is
1530 2205 207 54 supplied

76 2278 46 40 in
157 2276 121 41 short
301 2280 137 37 tones,
461 2274 167 42 broken
663 2288 58 40 up
745 2273 161 42 almost
928 2287 46 28 as
998 2273 132 42 much
1154 2287 46 28 as
1225 2273 75 43 the
1322 2274 338 44 cachinnations
1693 2277 46 43 of

75 2347 215 56 laughter,
313 2347 80 42 but
416 2346 204 56 differing
644 2346 113 41 from
781 2345 123 43 these
936 2345 46 42 in
1006 2345 118 44 their
1144 2346 135 43 much
1302 2346 86 44 less
1412 2347 174 56 regular
1608 2349 128 42 dura-

78 2420 90 42 tion
194 2419 85 42 and
299 2419 131 42 much
447 2433 120 28 more
587 2418 148 43 varied
754 2417 123 56 pitch
895 2418 87 42 and
1001 2419 261 42 intonation.
1327 2419 117 43 How
1468 2420 123 44 these
1615 2422 125 42 vocal

78 2498 126 36 tones
222 2490 44 43 of
289 2490 73 43 the
380 2490 159 56 larynx
563 2504 83 37 are,
663 2490 48 42 in
734 2490 173 55 speech,
925 2490 127 43 fitted
1070 2505 47 27 or
1135 2490 248 43 dovetailed
1403 2491 95 43 into
1516 2492 76 43 the
1615 2493 126 43 other

79 2563 163 43 sounds
266 2563 98 42 that
385 2577 72 28 are
480 2562 219 57 produced
724 2562 158 42 within
916 2562 75 43 the
1025 2562 156 43 mouth
1205 2562 59 57 by
1288 2562 76 44 the
1387 2563 106 43 Oral
1515 2564 226 44 Articula-

78 2636 92 42 tive
192 2634 289 52 Mechanism,
505 2634 85 43 and
625 2634 97 43 how
746 2634 74 43 the
843 2639 87 38 two
954 2635 296 43 mechanisms
1280 2641 249 51 co-operate
1550 2637 91 43 like
1667 2639 74 42 the

80 2716 85 33 two
189 2706 140 43 hands
362 2707 47 42 of
438 2706 74 43 the
537 2706 211 43 violinist,
771 2706 78 43 has
880 2707 179 57 already
1083 2707 111 43 been
1230 2707 112 57 fully
1366 2708 247 56 explained.
1677 2710 66 42 As

80 2779 175 43 regards
292 2779 75 43 the
405 2779 178 43 specilic
622 2779 128 43 value
788 2779 48 43 of
871 2779 74 43 the
985 2779 209 57 products
1234 2781 46 41 of
1314 2780 108 42 each
1460 2782 47 41 of
1542 2781 76 44 the
1657 2788 87 36 two

81 2850 308 44 mechanisms,
411 2851 36 42 it
479 2851 37 43 is
550 2851 103 43 here
685 2852 245 55 important
963 2857 44 36 to
1030 2852 189 53 remark,
1242 2853 98 42 that
1363 2852 151 44 whilst
1536 2853 209 43 Emotion

80 2937 94 29 can,
198 2937 46 29 as
278 2938 63 28 we
374 2924 112 42 have
519 2937 115 29 seen,
659 2924 51 42 be
744 2923 248 57 expressed,
1022 2923 47 43 in
1092 2938 135 42 many
1252 2939 131 41 ways,
1402 2925 346 51 inarticulately,

79 2995 206 56 Thought
308 3010 79 28 can
414 2995 88 43 find
528 2996 57 42 its
611 2995 80 43 full
727 2995 253 56 expression
1005 2995 104 43 only
1135 2996 44 42 in
1215 2997 233 43 articulate
1473 2998 151 42 words.
1692 2999 54 43 In
