2113 3404
431 334 84 41 472
686 343 86 34 THE
804 346 276 33 PHYSIOLOGY
1112 349 52 31 OF
1196 351 85 30 TIIK
1313 351 476 33 LARYNX.—APPENDIX.

430 470 48 23 un
488 457 168 48 frequent
674 458 36 36 in
732 459 105 37 other
853 473 158 25 nervous
1029 463 197 37 affections.
1278 466 218 36 Sometimes
1513 466 64 36 the
1599 479 120 23 spasm
1737 467 29 35 is
1785 478 37 24 so
1839 471 99 43 great
1955 479 38 23 as
2009 471 38 31 to

427 514 84 47 give
533 515 72 35 rise
629 519 38 31 to
694 517 162 47 crowing
881 531 48 23 on
954 520 231 46 inspiration,
1212 521 83 46 and,
1322 523 39 34 in
1386 535 21 23 a
1432 523 128 45 degree
1585 527 141 43 greater
1751 523 89 35 still,
1866 523 30 35 it
1924 524 31 35 is
1983 523 63 36 the

427 571 174 47 frequent
619 584 104 24 cause
737 573 40 35 of
791 573 109 36 death
920 575 48 47 hy
983 576 190 47 asphyxia,
1188 577 56 35 for
1260 577 63 37 the
1341 582 81 32 true
1441 580 102 34 cords
1561 579 206 36 remaining
1784 580 36 34 in
1841 580 204 46 apposition

427 626 88 36 shut
533 628 51 34 off
600 628 48 46 by
667 629 97 35 their
781 630 170 36 valvular
968 633 121 35 action
1106 633 63 35 the
1187 637 171 33 entrance
1376 636 38 34 of
1428 635 61 35 the
1508 648 87 22 air.1

476 683 48 37 In
550 684 106 36 order
680 689 38 33 to
744 687 226 36 understand
997 688 62 36 the
1085 689 119 35 action
1231 690 39 35 of
1292 690 62 36 the
1379 691 157 35 muscles
1561 691 50 47 by
1631 690 119 39 which
1778 691 63 35 the
1865 691 125 47 glottis
2015 693 31 35 is

428 740 132 45 closed,
579 753 69 23 one
668 746 100 31 must
794 742 92 37 have
904 756 21 23 a
943 748 136 32 correct
1105 746 216 47 conception
1339 747 39 35 of
1399 747 64 35 the
1480 748 192 46 arytenoid
1697 748 197 46 cartilages.
1945 748 100 36 Each

427 797 40 35 of
481 797 102 35 these
601 798 108 35 small
727 799 242 47 complicated
986 801 127 35 bodies
1139 801 65 35 has
1221 802 201 36 somewhat
1438 803 63 35 the
1519 815 221 35 appearance
1758 804 39 35 of
1811 816 21 23 a
1848 804 198 36 miniature

427 854 105 44 horn,
548 866 89 34 very
656 854 108 36 much
784 855 175 36 flattened
978 856 94 35 from
1090 857 122 35 before
1230 858 213 36 backwards
1460 859 39 35 in
1517 860 47 34 its
1582 871 116 35 upper
1715 860 219 44 two-thirds,
1952 872 38 23 so
2007 872 38 23 as

427 915 38 31 to
483 914 148 44 present
648 923 47 23 an
713 911 161 35 anterior
891 912 73 35 and
981 924 21 23 a
1018 913 179 46 posterior
1213 913 138 36 surface
1374 914 88 35 with
1483 927 48 23 an
1548 915 108 35 inner
1671 915 73 35 and
1761 927 47 23 an
1826 920 104 30 outer
1947 928 98 34 edge.

427 967 80 35 The
528 967 166 46 'posterior
718 968 136 44 surface,
878 968 32 35 is
934 969 195 46 markedly
1148 981 156 24 concave
1330 969 92 36 from
1449 970 114 36 above
1589 971 238 35 downwards,
1847 972 73 34 and
1945 983 46 23 on
2017 973 30 34 it

426 1036 61 23 are
504 1023 159 35 inserted
683 1023 63 35 the
764 1023 108 36 fibres
887 1024 38 35 of
939 1024 64 36 the
1021 1025 193 36 arytenoid
1232 1026 148 35 muscle.
1433 1027 57 35 On
1509 1026 62 36 the
1586 1039 138 23 convex
1737 1028 154 34 anterior
1903 1029 144 34 surface,

425 1081 114 35 about
557 1081 48 34 its
627 1079 153 46 middle,
800 1080 103 35 there
928 1081 31 35 is
985 1093 21 23 a
1030 1082 257 35 well-marked
1312 1086 67 43 pit,
1398 1081 121 37 which
1545 1083 100 46 gives
1671 1083 226 35 attachment
1922 1087 37 31 to
1984 1083 62 35 the

425 1140 142 43 greater
583 1140 83 43 part
684 1136 39 35 of
745 1136 63 35 the
826 1137 108 35 fibres
953 1137 39 35 of
1015 1137 62 36 the
1094 1138 90 35 false
1209 1138 104 35 vocal
1332 1139 96 44 cord,
1445 1139 72 35 and
1536 1151 48 23 on
1600 1139 64 35 the
1686 1139 112 35 lower
1813 1143 82 43 part
1912 1140 38 34 of
1974 1139 71 36 this

425 1192 141 36 surface
582 1193 104 35 there
704 1204 59 24 are
781 1192 76 36 also
874 1193 162 36 inserted
1053 1206 99 23 some
1171 1194 39 35 of
1226 1194 62 35 the
1306 1194 108 35 fibres
1429 1194 39 35 of
1484 1194 61 36 the
1563 1194 318 48 thyro-arytenoid
1898 1195 146 35 muscle.

425 1249 79 35 The
529 1249 106 36 inner
655 1249 77 47 edge
757 1249 30 35 is
812 1249 62 36 the
899 1254 83 43 part
1000 1250 39 35 of
1061 1250 63 36 the
1152 1251 172 35 cartilage
1349 1250 123 36 which
1496 1251 32 37 is
1552 1251 161 35 brought
1737 1252 78 34 into
1840 1257 205 42 apposition

425 1306 92 35 with
544 1306 66 35 the
637 1306 285 47 corresponding
948 1306 77 36 line
1052 1307 39 34 of
1115 1307 63 35 the
1206 1308 164 46 opposite
1399 1308 75 34 side
1503 1307 107 35 when
1638 1307 63 36 the
1727 1308 104 35 vocal
1858 1308 102 35 cords
1987 1320 59 24 are

424 1362 279 47 approximated
721 1375 8 30 ;
754 1363 30 34 it
798 1363 30 34 is
842 1363 103 47 quite
961 1363 154 35 smooth,
1129 1363 73 35 and
1216 1364 31 34 is
1262 1364 149 35 covered
1425 1363 86 47 only
1525 1364 50 35 by
1587 1363 62 36 the
1662 1375 152 24 mucous
1824 1364 219 36 membrane.

425 1419 211 47 Inferiorly,
654 1418 76 36 this
748 1419 131 35 border
897 1420 147 46 spreads
1063 1423 64 32 out
1144 1420 79 35 into
1242 1432 20 23 a
1280 1420 108 35 small
1406 1420 174 35 flattened
1598 1419 202 47 triangular
1817 1421 148 44 surface,
1984 1421 63 35 the

423 1476 162 35 anterior
601 1474 108 47 angle
728 1474 39 35 of
790 1475 123 37 which
931 1479 157 44 projects
1113 1475 174 36 forwards
1305 1476 40 35 in
1362 1475 63 36 the
1444 1476 110 35 shape
1573 1476 38 35 of
1634 1488 20 23 a
1671 1477 152 46 pointed
1840 1488 151 35 process,
2010 1481 36 30 to

423 1531 122 36 which
565 1531 63 36 the
645 1535 82 31 true
745 1532 104 35 vocal
866 1531 179 48 ligament
1062 1532 31 35 is
1111 1532 180 35 attached.
1343 1532 79 35 The
1437 1536 94 31 outer
1544 1533 76 34 edge
1634 1533 210 34 terminates
1858 1532 191 47 inferiorby

422 1587 40 35 in
480 1588 64 36 the
569 1588 179 47 posterior
774 1589 165 34 external
964 1588 118 47 angle,
1109 1589 83 44 and,
1212 1588 167 47 together
1403 1588 91 35 with
1513 1589 41 34 it,
1572 1588 112 35 forms
1710 1588 63 35 the
1799 1588 98 35 chief
1917 1588 76 35 line
2011 1589 39 34 of

422 1644 181 35 insertion
633 1644 56 35 for
718 1643 63 36 the
809 1645 167 35 muscles.
1041 1646 52 34 To
1124 1645 62 35 the
1216 1644 107 36 angle
1353 1656 59 23 are
1442 1644 169 35 attached
1643 1645 60 35 the
1733 1645 155 34 tendons
1918 1644 40 35 of
1982 1644 63 36 the

421 1701 180 47 posterior
617 1700 73 35 and
708 1700 131 35 lateral
857 1701 333 47 crico-arytenoids,
1210 1701 126 35 whilst
1361 1700 63 35 the
1450 1701 107 35 fibres
1581 1701 39 35 of
1641 1701 63 34 the
1729 1703 315 40 thyro-arytenoid

422 1769 60 24 are
506 1757 164 36 inserted
692 1757 111 35 along
827 1757 64 35 the
909 1757 99 47 edge,
1027 1757 133 35 almost
1184 1769 39 23 as
1243 1757 91 47 high
1360 1769 38 23 as
1415 1756 63 35 the
1504 1769 92 23 apex
1614 1756 38 35 of
1674 1756 64 36 the
1756 1756 179 47 cartilage.
1989 1757 57 35 On

421 1815 64 35 the
504 1815 87 34 base,
605 1813 64 35 the
687 1813 100 36 chief
802 1814 122 46 points
942 1818 36 31 to
996 1814 44 35 be
1060 1813 175 36 observed
1253 1825 59 23 are
1330 1813 62 35 the
1409 1817 73 31 two
1508 1824 124 35 angles
1657 1812 147 47 already
1821 1814 223 42 mentioned,

423 1870 163 47 namely,
612 1870 64 35 the
698 1882 177 34 processus
902 1871 139 34 vocalis,
1068 1870 73 35 and
1169 1869 63 35 the
1258 1870 179 46 posterior
1463 1869 162 35 external
1653 1880 116 35 angle.
1836 1868 77 35 The
1940 1869 108 36 latter

422 1939 156 35 projects
597 1926 257 36 considerably
871 1926 213 35 backwards
1103 1926 73 35 and
1200 1925 193 44 outwards,
1413 1925 82 45 and,
1516 1925 152 35 scooped
1686 1930 64 30 out
1768 1937 47 23 on
1831 1926 48 34 its
1896 1925 150 35 inferior

422 1995 151 24 surface,
587 1983 31 35 is
636 1983 63 35 the
717 1983 175 35 articular
909 1983 94 35 facet
1018 1982 38 35 of
1071 1981 63 36 the
1152 1981 192 47 arytenoid
1362 1981 181 47 cartilage,
1562 1980 121 37 which
1699 1980 106 36 looks
1821 1981 225 35 downwards

421 2041 75 35 and
513 2039 171 36 inwards,
703 2039 73 35 and
794 2039 31 35 is
847 2051 37 23 so
902 2039 143 35 formed
1063 2051 38 22 as
1125 2042 38 31 to
1184 2038 42 35 fit
1251 2049 102 24 upon
1372 2037 63 36 the
1461 2037 283 47 corresponding
1769 2037 278 46 saddle-shaped

422 2096 140 36 surface
590 2096 39 35 of
652 2096 62 35 the
741 2096 145 35 cricoid.
939 2095 90 35 This
1051 2095 100 47 joint
1184 2096 30 33 is
1241 2107 38 22 so
1312 2094 159 47 oblique,
1498 2094 82 35 that
1605 2105 106 24 when
1747 2093 63 35 the
1838 2094 208 35 arytenoids

423 2165 59 23 are
500 2152 142 36 rotated
669 2164 102 35 upon
796 2152 41 45 it,
864 2151 90 47 they
979 2151 190 46 naturally
1194 2150 183 47 approach
1404 2150 87 35 each
1515 2150 104 34 other
1643 2150 39 34 in
1708 2149 62 35 the
1795 2149 139 35 middle
1959 2149 86 42 line,

425 2221 38 23 so
481 2209 82 35 that
580 2208 98 35 their
703 2207 163 35 internal
893 2207 107 36 edges
1023 2207 74 35 and
1123 2207 104 35 vocal
1251 2217 182 36 processes
1458 2217 60 23 are
1542 2205 160 47 brought
1726 2205 80 35 into
1831 2210 215 41 apposition.

426 2265 133 36 Owing
583 2268 39 32 to
649 2264 64 36 the.
739 2264 175 35 articular
940 2263 141 36 surface
1106 2263 111 35 being
1245 2262 158 35 situated
1430 2274 47 23 on
1506 2261 64 36 the
1594 2260 152 37 inferior
1774 2265 121 42 aspect
1920 2261 39 34 of
1985 2261 62 35 the

423 2322 206 47 projecting
653 2321 179 47 posterior
857 2319 117 48 angle,
1001 2320 64 35 the
1090 2319 120 36 whole
1236 2319 97 35 body
1353 2318 39 36 of
1414 2318 63 35 the
1502 2317 171 47 cartilage
1699 2318 150 34 extends
1874 2315 171 39 forwards

424 2379 75 35 and
524 2378 123 35 assists
676 2378 36 33 in
743 2377 171 35 covering
941 2376 63 35 the
1032 2387 161 36 opening
1220 2374 39 36 of
1285 2374 63 36 the
1374 2374 141 46 larynx.
1581 2373 78 35 The
1689 2385 155 23 concave
1872 2373 176 47 posterior

426 2447 158 23 surfaces
614 2434 112 35 being
755 2434 162 35 anterior
945 2437 38 31 to
1012 2433 64 34 the
1106 2431 263 35 articulations,
1400 2431 30 33 it
1459 2430 218 46 necessarily
1703 2429 142 35 follows
1874 2429 80 34 that
1986 2429 61 36 the

425 2491 193 48 arytenoid
638 2490 150 35 muscle,
807 2494 38 31 to
863 2489 124 36 which
1004 2489 90 46 they
1111 2500 83 35 give
1212 2487 236 36 attachment,
1465 2490 101 32 must
1583 2486 39 35 of
1635 2485 103 36 itself
1751 2486 45 34 be
1813 2486 175 34 sufficient
2011 2489 34 32 to

427 2548 81 48 pull
528 2548 63 35 the
610 2547 189 35 cartilages
817 2551 93 31 with
927 2545 98 35 their
1041 2556 186 35 processus
1246 2543 141 37 vocales
1405 2543 165 46 together
1586 2543 38 33 in
1644 2541 62 35 the
1724 2541 139 35 middle
1881 2541 83 35 line.

476 2605 80 35 The
587 2603 226 35 mechanism
845 2603 50 44 by
923 2601 121 36 which
1071 2599 62 37 the
1159 2604 82 31 true
1269 2599 101 35 cords
1396 2611 58 22 are
1484 2598 274 44 approximated
1785 2599 28 32 is
1841 2597 84 37 thus
1952 2609 91 25 com-

427 2659 207 51 paratively
653 2659 141 36 simple.
848 2659 118 34 Three
992 2656 157 36 muscles
1174 2668 59 23 are
1260 2655 75 35 said
1362 2659 37 30 to
1425 2655 84 34 take
1533 2657 82 43 part
1639 2653 39 34 in
1700 2653 63 35 the
1787 2653 129 35 action.
1966 2654 79 35 The

428 2716 192 47 arytenoid
640 2715 99 47 pulls
758 2714 62 36 the
838 2713 190 46 cartilages
1046 2711 176 47 together,
1236 2711 174 46 bringing
1427 2709 96 35 their
1539 2708 160 35 internal
1713 2708 105 46 edges
1835 2709 37 34 in
1893 2715 152 38 contact,

428 2785 39 25 so
492 2785 39 24 as
548 2776 38 32 to
613 2771 95 36 close
725 2770 64 36 the
815 2769 173 36 so-called
1014 2780 219 35 respiratory
1251 2767 146 46 portion
1416 2765 38 35 of
1476 2765 63 35 the
1563 2765 125 46 glottis
1705 2778 7 29 ;
1738 2764 62 35 the
1823 2765 123 46 thyro-
1973 2767 69 34 and

429 2826 334 49 crico-arytenoids,
781 2825 125 36 whilst
923 2825 90 35 they
1030 2827 104 32 assist
1151 2823 63 35 the
1232 2822 113 45 other,
1363 2825 58 32 act
1443 2833 100 23 more
1565 2819 239 48 particularly
1822 2820 46 47 by
1887 2822 159 46 rotating

428 2886 65 36 the
519 2884 190 47 cartilages
733 2882 173 36 inwards,
925 2893 38 23 so
988 2893 38 23 as
1045 2884 37 31 to
1108 2879 108 35 bring
1232 2878 97 35 their
1353 2877 161 36 anterior
1530 2889 180 35 processes
1735 2877 80 35 into
1833 2877 77 35 still
1935 2877 113 35 closer

427 2946 221 44 apposition,
675 2939 73 37 and
773 2939 76 37 also
875 2942 38 32 to
937 2937 115 36 lower
1075 2936 103 36 them
1203 2935 40 35 in
1269 2934 62 36 the
1357 2938 123 42 cavity
1506 2933 40 36 of
1566 2933 64 36 the
1655 2933 141 47 larynx.
1863 2932 89 39 This
1977 2932 70 36 last

467 3044 8 15 1
498 3042 34 25 In
546 3049 17 18 n
576 3047 90 27 paper
679 3046 35 19 on
738 3038 17 13 "
766 3035 345 29 Extra-Auscultation,"
1125 3031 188 31 contributed
1329 3033 28 26 in
1378 3033 66 26 1803
1457 3033 31 25 to
1501 3032 51 26 the
1567 3032 64 26 first
1643 3027 116 32 volume
1776 3032 32 25 of
1819 3031 49 26 the
1882 3031 163 26 Kdinhvrnh

431 3084 131 33 Hospital
575 3084 124 32 Reports,
716 3081 11 26 T
748 3081 75 28 have
846 3078 107 33 offered
975 3079 126 29 another
1121 3074 186 31 explanation
1329 3077 32 25 of
1379 3075 50 28 the
1449 3073 108 39 Brassy
1576 3075 98 34 Cough
1695 3075 32 25 of
1744 3070 228 34 Aneurism.—J.
1995 3070 51 41 W.,

429 3127 118 33 August
560 3127 74 28 1804.
