2107 3450
810 266 165 30 VISUAL
1009 265 203 32 APHASIA.

1758 259 83 38 :;;}f>

168 3136 105 44 both
323 3136 370 45 word-blindness
727 3136 84 42 and
850 3136 217 58 agraphia.
1133 3137 77 57 (2.)
1245 3137 116 42 That
1393 3137 275 43 destruction
1702 3137 45 42 of
1785 3138 48 52 C,

244 391 44 41 It
306 389 87 42 will
420 390 51 41 be
494 387 299 44 remembered
818 386 108 52 that,
944 386 46 42 in
1009 387 179 55 passing
1206 387 258 42 backwards
1485 392 43 36 to
1547 387 109 41 form
1679 388 163 42 images

183 477 53 27 on
275 462 72 42 the
383 462 151 50 retina,
558 475 97 27 rays
689 460 45 41 of
767 458 113 44 light
912 473 116 26 cross
1054 458 153 41 within
1245 458 74 42 the
1346 458 182 56 eyeball.
1594 459 148 41 When
1766 472 78 28 our

180 549 101 41 eyes
313 548 73 28 are
418 533 192 42 directed
645 531 186 56 straight
863 530 199 50 forward,
1086 544 99 42 rays
1218 530 45 42 of
1295 530 115 56 light
1443 530 175 57 coming
1649 530 109 42 from
1784 544 55 29 an

178 607 140 41 object
345 606 42 41 in
413 605 74 43 the
510 609 117 38 right
650 603 92 42 half
759 603 45 42 of
827 602 74 43 the
921 602 103 43 field
1042 602 47 42 of
1110 602 142 42 vision
1277 616 117 28 cross
1412 616 104 29 over
1537 602 87 42 and
1648 603 110 41 form
1784 618 51 26 an

176 679 140 41 image
349 678 47 41 of
426 677 74 43 the
522 676 143 56 object
689 690 117 27 upon
830 675 74 42 the
923 674 81 43 left
1037 674 96 42 half
1163 675 44 41 of
1242 674 74 43 the
1339 675 154 42 retina.
1562 675 43 41 If
1636 675 89 42 this
1759 675 81 42 left

177 750 93 41 half
292 750 47 42 of
359 749 72 42 the
455 749 142 42 retina
619 748 53 42 be
696 747 123 42 blind
844 747 45 41 in
914 747 106 42 both
1044 760 114 43 eyes,
1176 747 37 42 it
1235 747 37 42 is
1295 746 105 43 thus
1421 747 73 43 the
1514 747 167 42 objects
1700 751 44 38 to
1764 747 74 42 the

175 822 118 42 right
315 822 47 42 of
383 821 72 42 the
479 821 172 56 patient
684 820 96 42 that
802 834 72 28 are
896 819 209 43 invisible
1129 824 44 37 to
1198 819 93 42 him
1310 835 8 37 ;
1351 819 100 52 and,
1473 833 47 29 as
1544 819 35 42 it
1602 818 38 44 is
1665 819 74 43 the
1764 820 74 55 left

177 893 93 44 half
287 895 45 41 of
348 894 73 42 the
440 893 141 42 retina
599 893 97 42 that
714 893 37 42 is
770 892 125 43 blind
916 892 126 43 when
1064 893 73 42 the
1155 893 196 56 primary
1368 892 144 43 visual
1530 896 150 39 centre
1698 892 45 42 in
1763 892 75 42 the

174 967 75 56 left
271 965 204 43 occipital
498 965 97 43 lobe
619 965 36 43 is
679 964 244 57 destroyed,
941 964 75 43 the
1040 965 182 56 patient,
1241 964 46 44 in
1311 965 106 43 such
1443 979 24 28 a
1490 979 109 29 case,
1618 965 77 42 has
1718 964 117 56 right

175 1039 321 56 homonymous
513 1038 313 43 hemianopsia.
883 1038 55 41 In
957 1037 124 43 other
1102 1037 152 51 words,
1273 1038 75 42 the
1367 1038 85 42 law
1469 1038 38 42 is
1526 1038 97 42 that
1641 1038 195 42 destruc-

175 1112 92 41 tion
302 1112 43 41 of
380 1111 75 42 the
490 1125 195 42 primary
722 1110 143 43 visual
910 1115 147 38 centre
1101 1111 45 41 in
1183 1110 74 43 the
1302 1111 205 56 occipital
1550 1111 98 43 lobe
1684 1125 152 29 causes

174 1183 320 57 homonymous
518 1182 301 43 hemianopsia
843 1183 45 40 in
914 1182 74 42 the
1012 1187 182 51 opposite
1215 1182 98 42 half
1332 1182 44 42 of
1399 1182 74 42 the
1491 1182 102 42 field
1612 1182 48 41 of
1680 1182 153 41 vision.

235 1255 285 43 Destruction
546 1255 47 42 of
613 1255 73 42 the
708 1255 154 41 higher
890 1254 138 42 visual
1058 1259 148 38 centre
1229 1260 44 36 at
1302 1255 46 52 C,
1373 1255 193 56 causing,
1589 1269 47 27 as
1659 1254 174 55 already

175 1328 105 42 said,
306 1328 102 41 both
434 1328 368 41 word-blindness
821 1326 183 56 (alexia)
1028 1326 85 42 and
1138 1326 223 56 agraphia,
1380 1326 103 43 does
1501 1330 89 49 not,
1606 1327 232 55 according

174 1404 43 38 to
238 1405 149 37 recent
409 1399 313 43 observations,
746 1412 129 28 cause
894 1398 312 56 hemianopsia.
1275 1398 265 42 Concentric
1563 1399 272 41 contraction

174 1473 45 40 of
251 1472 71 42 the
345 1471 102 43 field
471 1472 47 42 of
547 1471 141 43 vision
712 1471 45 41 in
793 1470 105 43 both
926 1485 114 42 eyes,
1063 1470 81 42 but
1167 1474 116 39 most
1309 1470 181 42 marked
1517 1470 47 42 in
1589 1470 76 43 the
1689 1485 80 27 eye
1794 1473 47 39 of

172 1545 74 41 the
270 1548 196 52 opposite
489 1543 105 43 side,
617 1557 140 28 seems
781 1547 44 38 to
855 1543 53 42 be
942 1548 120 38 often
1097 1543 243 42 associated
1378 1543 104 42 with
1518 1543 61 43 it;
1613 1544 80 41 but
1725 1557 108 29 even

169 1617 88 42 this
280 1616 36 42 is
339 1620 78 38 not
440 1615 161 56 proved
627 1620 42 37 to
692 1616 52 41 be
779 1630 25 27 a
838 1630 230 42 necessary
1101 1629 307 43 consequence
1442 1615 48 43 of
1518 1616 46 42 it.
1630 1616 55 42 If,
1719 1616 113 42 how-

168 1704 113 27 ever,
305 1689 73 42 the
401 1688 136 42 lesion
574 1693 45 37 at
652 1688 33 43 C
719 1693 248 51 penetrates
1001 1688 159 56 deeply
1195 1689 95 41 into
1325 1688 75 43 the
1434 1689 234 43 subjacent
1703 1689 132 42 white

167 1767 171 37 matter,
362 1761 36 42 it
421 1760 90 42 will
535 1765 74 38 cut
631 1775 143 28 across
797 1760 75 43 the
896 1760 273 43 "Kadiation
1194 1761 48 42 of
1263 1761 348 43 Gratiolet"—a
1640 1761 118 43 band
1791 1762 50 42 of

169 1835 132 41 white
327 1835 125 41 fibres
474 1833 178 57 passing
676 1833 254 43 backwards
954 1839 45 36 to
1024 1834 74 41 the
1123 1834 195 55 primary
1344 1834 142 43 visual
1511 1838 149 39 centre
1684 1835 46 42 in
1759 1835 75 41 the

168 1905 204 57 occipital
398 1905 108 42 lobe,
529 1905 86 42 and
641 1905 188 56 forming
852 1910 99 51 part
974 1905 47 42 of
1041 1905 74 43 the
1140 1905 210 56 pathway
1369 1906 197 42 between
1594 1906 75 42 the
1692 1906 142 42 retina

169 1978 85 42 and
277 1978 98 42 that
403 1977 310 43 centre,—and
740 1977 85 42 will
861 1977 193 56 produce
1087 1978 325 57 homonymous
1447 1979 306 56 hemianopsia
1786 1994 48 28 as

168 2050 249 43 effectually
452 2064 46 28 as
531 2065 24 27 a
587 2050 139 43 lesion
760 2051 46 41 of
836 2051 75 41 the
945 2051 196 55 primary
1164 2051 143 43 visual
1343 2057 150 37 centre
1527 2052 125 43 itself
1674 2053 155 42 would.

167 2124 53 42 In
245 2123 105 43 such
376 2137 25 28 a
427 2137 110 29 case,
560 2123 74 42 the
657 2127 247 52 symptoms
937 2123 143 42 would
1115 2124 52 41 be
1201 2124 385 51 word-blindness,
1609 2126 221 42 agraphia,

167 2195 86 42 and
279 2195 319 56 homonymous
623 2195 315 55 hemianopsia.

225 2267 90 43 The
349 2267 85 43 last
465 2267 127 56 point
624 2268 44 41 of
702 2268 270 56 importance
1007 2272 43 37 to
1084 2268 53 42 be
1173 2268 130 43 noted
1339 2269 49 50 is,
1421 2269 97 42 that
1552 2269 90 41 this
1676 2269 156 44 higher

165 2353 147 29 centre
335 2343 47 39 at
405 2339 34 43 C
458 2339 36 43 is
512 2338 45 44 in
577 2339 184 43 relation
787 2344 78 38 not
883 2339 104 57 only
1008 2339 105 43 with
1140 2340 74 42 the
1233 2340 195 56 primary
1449 2340 207 56 occipital
1680 2346 151 38 centre

165 2411 46 43 of
244 2411 56 43 its
328 2426 98 28 own
449 2411 106 43 side,
580 2412 80 42 but
682 2411 91 43 also
799 2411 105 43 with
931 2411 75 43 the
1031 2412 197 57 primary
1251 2412 204 57 occipital
1491 2418 152 38 centre
1676 2414 45 42 of
1755 2414 75 43 the

165 2484 197 56 opposite
403 2484 286 43 hemisphere.
768 2485 43 41 It
851 2484 170 43 follows
1060 2484 98 43 that
1197 2499 24 27 a
1256 2485 141 42 lesion
1436 2485 44 42 of
1520 2486 74 41 the
1636 2486 194 57 primary

164 2557 202 57 occipital
392 2563 147 38 centre
563 2572 53 27 on
640 2557 72 43 the
731 2572 121 28 same
875 2557 107 53 side,
1001 2558 183 58 causing
1205 2557 319 58 hemianopsia,
1542 2558 104 43 does
1662 2564 78 37 not
1757 2563 76 39 cut

165 2630 63 42 off
247 2630 74 42 the
354 2630 155 50 higher
539 2635 148 38 centre
712 2630 33 43 C
769 2630 110 42 from
914 2629 226 45 incoming
1173 2631 299 49 impressions,
1496 2631 86 43 and
1618 2631 103 43 does
1754 2637 80 37 not

168 2703 154 42 render
346 2703 72 42 the
444 2703 169 56 patient
639 2703 273 42 word-blind.
980 2704 52 41 In
1058 2703 126 43 order
1206 2704 99 42 that
1327 2704 75 43 the
1426 2704 158 57 higher
1607 2710 149 37 centre
1778 2706 54 41 be

165 2775 209 43 rendered
401 2776 262 42 word-blind
689 2776 165 56 though
891 2775 125 44 itself
1045 2777 152 42 intact,
1221 2778 36 41 it
1294 2782 116 38 must
1443 2777 53 43 be
1526 2781 76 39 cut
1625 2778 65 41 off
1719 2777 111 42 from

166 2848 57 42 its
256 2848 285 43 connections
577 2848 106 43 with
717 2848 93 42 loth
843 2848 206 57 occipital
1082 2849 134 52 lobes,
1242 2850 56 55 by
1322 2864 25 28 a
1379 2849 140 43 lesion
1557 2850 141 42 which
1734 2855 97 37 cuts

167 2933 143 29 across
335 2919 73 42 the
434 2920 128 42 fibres
585 2920 175 42 coming
783 2925 44 37 to
850 2921 36 41 it
909 2920 110 43 from
1045 2921 104 42 each
1175 2922 45 41 of
1244 2922 133 43 them.

226 2992 60 42 To
309 3006 98 28 sum
433 3006 58 42 up
516 2992 121 43 these
662 2992 145 43 rather
833 2992 290 57 complicated
1149 2993 291 43 conclusions,
1463 2993 36 43 it
1523 3008 100 28 may
1650 2995 51 41 be
1725 2994 107 50 said,

166 3063 142 58 —(1.)
341 3064 114 42 That
482 3064 271 43 destruction
779 3065 47 41 of
855 3065 75 42 the
955 3064 155 57 higher
1132 3065 144 43 visual
1303 3066 292 42 word-centre
1619 3067 34 41 C
1676 3080 155 28 causes
