2125 3612
1641 260 54 42 35

514 266 280 31 PHYSIOLOGY
829 266 54 32 OF
915 267 299 34 WHISPERING.

36 388 142 43 work1
201 387 231 57 published
455 387 46 42 in
527 387 113 42 1883
658 390 94 39 :—"
767 387 113 42 Now
899 387 37 42 it
953 387 36 43 is
1013 392 77 38 not
1108 388 106 55 only
1229 389 192 54 possible
1442 394 42 38 to
1502 391 190 55 produce

32 460 59 42 all
115 460 74 41 the
211 458 161 43 vowels
402 458 86 42 and
521 462 228 38 resonants
782 458 45 41 in
861 472 25 27 a
919 458 201 56 whisper,
1144 459 80 41 but
1255 458 91 43 also
1381 464 43 37 to
1458 461 125 41 mark
1615 461 77 43 the

31 530 233 43 difference
283 529 197 43 between
499 530 74 41 the
595 534 9 16 '
621 527 133 44 hard'
777 529 85 43 and
886 533 9 18 '
910 530 111 42 soft'
1046 534 275 38 consonants.
1382 531 308 44 Undisturbed

31 602 184 42 activity
238 606 119 37 must
380 601 215 42 therefore
619 601 52 42 be
695 601 185 42 allowed
904 606 43 37 to
972 601 124 43 those
1120 601 208 43 relations
1355 602 59 56 by
1438 603 144 42 which
1616 603 75 43 the

29 673 224 56 laryngeal
276 678 102 37 tone
403 672 34 43 is
462 672 206 43 moulded
693 672 94 43 into
820 673 125 42 those
979 673 174 42 sounds.
1218 673 119 43 Thus
1370 687 65 30 we
1468 675 91 41 find
1592 675 100 43 that

30 759 183 29 absence
236 745 47 42 of
312 750 101 37 tone
446 749 162 38 cannot
630 745 52 42 be
705 744 208 57 regarded
937 759 47 28 as
1008 744 75 44 the
1116 745 329 44 characteristic
1478 747 48 41 of
1555 746 134 42 whis-

28 818 166 55 pering,
202 817 80 42 but
296 816 97 42 that
409 831 62 28 we
487 820 121 38 must
624 816 103 43 seek
742 830 120 30 some
877 817 127 43 other
1018 816 193 44 element
1226 817 145 44 which
1387 818 92 43 will
1494 833 47 28 so
1557 818 132 43 stand

27 887 45 43 in
107 888 74 42 the
205 888 122 56 place
350 888 45 41 of
426 892 103 38 tone
552 901 46 29 as
622 892 45 38 to
699 888 54 42 be
786 887 179 57 equally
989 888 185 43 affected
1206 888 60 56 by
1288 888 126 44 those
1438 888 249 56 modifying

29 960 252 43 influences,
305 959 86 42 and
415 959 103 42 thus
541 959 218 57 perfectly
781 960 174 56 replace
978 960 36 42 it
1036 974 46 28 as
1105 975 56 27 an
1185 960 193 44 element
1399 961 45 43 of
1467 961 169 55 speech.

86 1036 19 17 "
121 1032 106 42 This
250 1036 242 38 substitute
515 1031 67 43 for
604 1036 103 38 tone
731 1036 121 38 must
874 1031 112 43 have
1010 1032 58 42 its
1091 1032 141 42 origin
1256 1033 46 41 in
1337 1033 75 43 the
1445 1033 172 55 larynx,
1641 1046 47 28 or

26 1103 58 43 its
108 1103 272 43 subsequent
408 1104 89 42 fate
530 1102 47 44 in
610 1103 76 43 the
719 1103 290 56 air-passages
1043 1103 147 43 would
1222 1110 79 36 not
1333 1105 51 42 be
1418 1119 47 28 so
1498 1104 192 55 entirely

28 1176 235 56 analogous
302 1181 43 36 to
379 1175 98 42 that
510 1175 44 42 of
591 1175 76 43 the
699 1179 105 38 tone
837 1175 222 55 produced
1092 1175 46 42 in
1173 1175 75 42 the
1280 1175 169 56 larynx.
1513 1174 176 43 Briicke

26 1246 125 43 takes
174 1246 75 42 the
271 1260 107 42 very
400 1245 209 56 probable
632 1245 124 43 view,
780 1245 98 42 that
899 1246 47 41 in
971 1246 267 55 whispering
1260 1260 25 28 a
1312 1247 113 41 noise
1448 1246 36 41 is
1517 1244 171 43 formed

24 1317 48 41 in
96 1317 74 42 the
191 1317 152 56 glottis
366 1317 170 42 instead
560 1318 47 41 of
636 1317 75 42 the
745 1322 102 37 tone
870 1316 146 42 which
1039 1317 265 42 constitutes
1327 1331 55 27 an
1416 1316 196 43 element
1643 1316 45 42 of

25 1388 105 42 loud
163 1389 169 55 speech.
395 1389 106 41 This
534 1389 122 41 noise
688 1389 36 41 is
758 1402 56 27 no
848 1388 125 42 other
1004 1388 111 42 than
1149 1388 98 42 that
1285 1389 145 41 which
1465 1389 77 41 has
1574 1388 114 42 been

25 1459 224 43 described
272 1461 137 42 above
429 1475 45 27 as
498 1461 75 42 the
597 1460 212 42 Strepitus
829 1461 229 41 continuus
1078 1461 176 55 spirans
1275 1461 46 42 of
1343 1460 75 43 the
1440 1460 196 56 larynx."

84 1529 139 44 These
247 1531 133 43 views
403 1532 48 42 of
469 1531 187 42 Briicke..
677 1531 173 42 arrived
873 1535 46 38 at
941 1531 59 55 by
1024 1531 280 42 observation
1327 1531 88 42 and
1444 1532 244 51 reasoning,

23 1601 188 43 without
232 1601 75 43 the
329 1602 71 42 aid
424 1603 47 41 of
501 1602 74 42 the
598 1601 329 57 laryngoscope,
953 1616 110 27 were
1097 1601 322 56 subsequently
1442 1602 246 42 submitted

23 1674 58 56 by
120 1674 211 43 Czermak
367 1678 44 38 to
446 1673 76 43 the
556 1678 88 38 test
679 1674 45 42 of
758 1673 333 57 laryngoscopic
1126 1673 331 57 investigation,
1493 1674 87 42 and
1618 1674 70 42 his

22 1746 162 43 results
209 1761 109 27 were
341 1746 90 42 laid
451 1746 145 43 before
615 1745 74 44 the
714 1745 211 57 Imperial
947 1745 231 44 Academy
1201 1747 45 41 of
1268 1747 178 42 Vienna
1467 1745 46 44 in
1540 1745 148 44 1866.2

22 1819 213 43 Czermak
257 1818 189 43 entirely
469 1818 237 42 confirmed
730 1818 75 42 the
829 1817 280 43 conclusions
1133 1818 45 41 of
1201 1818 187 42 Briicke,
1412 1818 86 41 and
1522 1817 166 56 proved

20 1891 98 42 that
140 1892 46 41 in
210 1891 266 42 whispering
498 1905 25 27 a
546 1890 202 42 fricative
772 1889 122 43 noise
926 1890 38 42 is
996 1889 225 57 produced
1253 1895 47 37 at
1333 1890 75 43 the
1440 1890 153 57 glottis
1627 1890 60 55 by

20 1963 75 42 the
119 1962 158 56 partial
299 1962 168 42 closure
490 1963 47 41 of
556 1962 74 42 the
654 1961 124 43 vocal
802 1961 139 43 cords,
964 1961 146 43 which
1133 1962 117 43 close
1272 1962 88 42 and
1388 1976 113 42 open
1526 1962 161 56 during

21 2035 246 55 whispered
297 2033 158 56 speech
488 2048 106 28 very
617 2033 132 42 much
783 2033 46 42 in
864 2033 73 43 the
972 2048 119 28 same
1124 2048 184 28 manner
1340 2048 46 28 as
1419 2034 107 42 they
1549 2034 55 42 do
1636 2033 50 44 in

22 2104 205 42 ordinary
247 2104 126 42 vocal
395 2104 169 56 speech.
628 2104 140 43 There
790 2104 38 43 is
851 2104 105 56 only
976 2104 89 43 this
1088 2104 263 57 peculiarity
1371 2105 48 41 in
1443 2105 74 43 the
1538 2105 145 43 action

22 2176 45 42 of
88 2176 74 43 the
185 2176 124 42 vocal
333 2176 135 51 cords,
492 2181 109 46 that,
624 2176 194 43 whereas
841 2177 46 41 in
910 2176 127 43 vocal
1059 2177 159 56 speech
1242 2176 75 44 the
1341 2177 64 43 air
1436 2191 150 42 passes
1610 2177 75 43 the

69 2277 12 23 1
109 2277 21 20 "
144 2276 142 37 Organs
305 2275 41 37 of
360 2276 173 48 Speech,"
552 2275 271 37 International
840 2274 182 47 Scientific
1039 2275 125 46 Series,
1183 2289 38 35 p.
1243 2277 86 37 273.

68 2339 14 23 2
114 2339 144 35 Wiener
295 2338 259 36 Akademische
595 2337 328 47 Sitzungsberichte,
966 2336 55 37 lii.
1062 2337 83 37 Bd.,
1194 2340 118 34 1866;
1355 2337 78 36 also
1477 2336 212 38 Czermak's

19 2401 226 36 Gesammelte
263 2400 192 47 Schriften,
474 2412 35 36 p.
532 2400 84 37 750.
671 2399 38 36 It
728 2411 156 36 appears
910 2402 38 32 to
966 2410 61 24 me
1053 2411 93 24 very
1162 2403 247 32 unfortunate
1429 2397 94 47 that,
1550 2399 41 35 in
1611 2397 76 40 this

17 2462 175 36 valuable
218 2461 279 49 investigation,
522 2460 183 37 Czermak
724 2472 74 24 was
824 2459 63 36 led
914 2462 38 33 to
979 2458 65 38 the
1072 2460 156 47 opinion
1250 2459 85 37 that
1361 2459 64 36 the
1444 2458 33 39 h
1495 2459 122 36 sound
1644 2459 41 37 in

14 2521 198 38 articulate
242 2521 134 49 speech
407 2522 32 35 is
464 2520 243 49 pronounced
733 2520 42 36 in
802 2519 65 37 the
894 2531 101 25 same
1021 2532 160 24 manner
1206 2519 53 48 by
1284 2518 66 37 the
1375 2519 149 49 larynx,
1551 2531 40 24 as
1620 2519 65 36 the

15 2582 151 47 spiritus
183 2594 101 24 asper
302 2581 40 36 of
358 2581 239 49 whispering.
651 2581 48 35 In
718 2580 64 36 the
801 2580 81 35 first
900 2579 165 49 chapter,
1087 2580 18 35 I
1122 2579 197 48 expressed
1341 2578 65 36 the
1424 2579 157 48 opinion
1601 2577 84 41 that

14 2642 65 36 the
97 2647 159 44 aspirate
274 2641 32 39 h
325 2642 31 36 is
373 2642 66 37 the
456 2641 179 38 voiceless
653 2641 170 37 fricative
842 2640 40 37 of
898 2640 65 37 the
981 2641 182 48 posterior
1182 2640 265 48 stop-position
1464 2653 10 31 ;
1500 2640 76 36 and
1594 2641 89 46 this,

17 2703 18 36 I
61 2704 155 36 believe,
234 2715 76 25 was
336 2703 64 37 the
426 2715 97 24 view
550 2702 225 37 enunciated
802 2702 200 47 regarding
1028 2702 32 36 it
1084 2702 52 48 by
1157 2701 158 37 Briicke.
1368 2701 101 36 That
1499 2701 31 35 it
1560 2701 31 36 is
1618 2702 66 36 the

14 2768 140 32 correct
171 2763 107 46 view,
296 2775 76 24 any
391 2775 69 24 one
480 2775 67 24 can
566 2775 114 36 prove
699 2762 57 37 for
774 2761 164 45 himself,
958 2762 50 47 by
1027 2762 247 47 deliberately
1287 2761 262 49 pronouncing
1569 2761 62 36 the
1651 2762 32 38 h

16 2823 119 36 sound
154 2823 39 36 in
213 2823 63 36 the
295 2823 103 36 word
415 2822 125 38 here,
559 2823 75 36 and
661 2822 198 37 attending
885 2826 38 32 to
949 2821 60 37 his
1028 2834 86 24 own
1133 2822 209 36 sensations
1361 2820 113 36 while
1495 2821 115 49 doing
1631 2834 51 25 so.

14 2883 121 36 When
156 2883 64 37 the
238 2888 139 44 tongue
395 2883 31 36 is
444 2884 131 47 pulled
594 2888 66 32 out
680 2884 55 36 for
753 2883 282 49 laryngoscopic
1054 2883 268 36 examination,
1338 2894 50 24 no
1406 2886 84 32 true
1507 2881 33 38 h
1559 2883 123 36 sound

16 2954 65 24 can
102 2944 45 35 be
166 2942 188 50 produced
372 2955 39 24 so
432 2943 89 36 long
538 2956 39 23 as
595 2943 64 37 the
679 2948 102 44 parts
799 2943 138 37 within
955 2943 66 36 the
1039 2942 137 37 larynx
1194 2954 144 25 remain
1358 2941 148 37 visible.
1563 2941 39 38 If
1618 2942 64 36 the

13 3009 159 42 attempt
199 3004 30 35 is
255 3003 109 37 made
390 3008 38 32 to
454 3016 217 36 pronounce
698 3005 43 37 h,
764 3004 64 37 the
855 3004 98 36 back
983 3008 83 44 part
1093 3004 40 36 of
1158 3003 65 36 the
1252 3008 140 31 tongue
1420 3002 30 35 is
1478 3002 138 36 earned
1641 3016 40 22 so

15 3062 137 49 closely
172 3077 51 35 up
240 3070 146 43 against
404 3065 64 37 the
487 3065 125 49 palate
630 3078 39 24 as
688 3070 38 32 to
752 3064 179 38 interfere
958 3065 93 36 with
1079 3077 21 23 a
1128 3065 95 35 view
1243 3063 41 37 of
1307 3063 64 37 the
1398 3062 146 50 larynx.
1598 3063 82 37 The

21 3123 151 47 spiritus
189 3138 100 34 asper
307 3126 40 36 of
363 3125 64 37 the
445 3125 136 49 larynx
598 3126 45 48 is,
657 3130 40 33 at
715 3125 65 38 the
800 3126 94 37 best,
910 3125 69 37 but
998 3138 47 24 an
1065 3125 192 36 imitation
1278 3124 40 36 of
1333 3124 63 36 the
1413 3128 82 31 true
1515 3122 32 38 h
1562 3124 121 35 sound
