2107 3450
348 327 144 33 UNION
525 326 55 33 OF
611 326 161 31 WORDS
804 326 121 31 WITH
960 326 137 31 THEIR
1130 325 247 34 MEANINGS.

1605 315 83 43 241

30 463 143 29 comes
209 448 137 44 later.1
426 447 114 43 How
577 447 188 43 difficult
799 447 37 42 it
869 446 50 53 is,
942 460 65 29 we
1043 460 80 29 can
1159 446 157 42 realize
1351 446 129 42 when
1517 461 64 29 we
1616 460 72 30 are

32 522 147 56 trying
202 526 44 38 to
269 521 121 43 learn
414 535 25 28 a
462 520 165 56 foreign
661 520 225 54 language.
950 518 64 43 At
1043 519 107 42 first,
1175 532 63 28 we
1272 517 103 43 read
1409 517 75 44 the
1518 518 168 56 foreign

32 592 138 43 words
215 592 78 42 but
337 591 55 42 do
435 597 78 36 not
555 590 272 43 understand
870 590 132 43 them.
1087 589 121 56 They
1243 603 72 29 are
1353 602 46 30 as
1437 593 76 52 yet
1554 594 43 38 to
1636 603 51 29 us

28 678 107 41 pure
157 669 352 50 word-percepts.
573 663 124 43 Then
731 677 63 29 we
829 677 76 28 use
939 677 79 28 our
1048 662 294 43 dictionaries,
1366 661 87 43 and
1486 661 92 43 find
1611 662 76 42 the

28 734 259 43 translation
311 735 94 42 into
428 749 80 28 our
534 749 97 28 own
665 733 169 57 speech.
899 734 183 56 Having
1114 732 208 44 acquired
1355 732 76 43 the
1464 746 147 42 power
1643 733 49 42 of

28 806 272 42 translation,
317 820 63 28 we
398 806 216 43 mentally
632 806 212 42 translate
864 805 74 43 the
955 806 169 43 foreign
1142 805 94 42 into
1256 819 80 28 our
1353 819 99 28 own
1470 805 232 56 language-

25 878 145 43 before
194 893 63 28 we
281 893 80 29 can
384 879 142 42 arrive
549 884 47 37 at
619 878 74 44 the
717 879 216 42 meaning.
988 879 91 42 But
1096 878 35 43 if
1155 892 63 29 we
1238 877 266 57 thoroughly
1526 881 161 39 master

24 951 75 42 the
123 951 168 56 foreign
314 951 215 56 language
563 951 123 43 there
720 951 103 43 will,
845 952 48 42 in
926 951 85 43 due
1044 952 121 42 time,
1188 951 53 43 be
1274 965 56 28 no
1364 950 221 57 necessity
1616 950 70 42 for

23 1022 283 44 translation:
341 1023 74 43 the
439 1024 166 56 foreign
629 1038 344 42 word-percepts
999 1023 91 42 will
1112 1023 233 57 gradually
1369 1022 215 44 establish
1609 1022 75 44 the

22 1110 118 28 same
165 1095 138 43 direct
325 1096 208 43 relations
557 1101 44 37 to
625 1096 76 43 the
725 1097 206 42 meaning
953 1111 46 28 as
1030 1096 75 43 the
1139 1097 151 41 native
1326 1109 356 43 word-percepts,

22 1182 47 29 so
93 1168 96 42 that
213 1183 63 28 we
299 1168 115 43 shall
437 1169 52 43 be
512 1168 98 43 able
633 1173 43 38 to
700 1169 124 42 think
852 1183 47 28 as
932 1168 100 43 well
1065 1183 46 28 as
1144 1168 135 42 speak
1316 1168 48 41 in
1402 1167 75 43 the
1515 1167 171 55 foreign

23 1239 224 57 language.
339 1240 46 43 It
426 1240 38 43 is
499 1255 25 28 a
560 1240 104 43 long
701 1241 87 42 and
826 1240 189 43 difficult
1052 1254 186 42 process,
1275 1239 90 44 this
1404 1240 46 42 of
1485 1239 200 56 securely

22 1312 264 56 imprinting
317 1326 97 29 new
438 1312 334 56 word-pictures
794 1313 48 41 in
866 1312 74 43 the
973 1312 194 43 cerebral
1197 1326 183 29 centres,
1403 1311 87 43 and
1524 1311 161 44 associ-

23 1385 123 41 ating
188 1384 121 42 them
353 1384 183 43 directly
578 1384 107 42 with
739 1384 241 57 meanings.
1065 1385 91 42 The
1209 1390 275 36 recognition
1528 1383 45 43 of
1624 1384 58 42 its

22 1456 217 42 difficulty
262 1456 158 42 should
443 1457 128 41 bring
593 1456 128 42 home
747 1462 42 36 to
813 1471 78 27 our
912 1456 147 43 minds
1084 1456 75 43 the
1181 1456 126 42 truth
1330 1460 111 47 that,
1464 1455 129 44 when
1618 1470 65 29 we

20 1542 71 28 are
115 1528 136 42 easily
275 1528 85 42 and
395 1528 248 56 pleasantly
666 1528 183 42 reading
881 1543 24 26 a
938 1528 127 42 book,
1087 1542 65 28 we
1191 1542 71 28 are
1303 1531 78 38 not
1418 1527 266 57 imprinting

19 1614 98 28 new
138 1599 305 43 word-images
466 1600 47 41 in
536 1614 80 28 our
638 1600 365 55 speech-centres,
1027 1600 81 42 but
1140 1614 72 28 are
1246 1599 105 56 only
1374 1599 203 43 reviving
1609 1600 73 42 old

15 1672 176 56 images,
214 1672 87 43 and
332 1672 246 43 refreshing
616 1672 122 43 them
777 1672 59 57 by
873 1672 393 43 re-imprintation.
1331 1672 141 43 These
1511 1672 168 57 images

14 1743 112 43 have
153 1745 111 42 been
296 1744 104 56 long
431 1744 269 43 established
737 1745 45 41 in
822 1759 77 28 our
939 1745 327 42 word-centres,
1290 1745 87 42 and
1416 1744 113 44 have
1567 1745 114 43 been

15 1816 152 43 linked
190 1817 46 42 in
260 1831 78 28 our
361 1816 146 43 minds
531 1816 108 43 with
673 1816 75 44 the
781 1817 120 42 ideas
936 1817 44 42 of
1015 1817 143 42 which
1197 1817 76 43 the
1313 1817 142 43 words
1493 1832 73 29 are
1605 1818 77 44 the

18 1889 205 56 symbols.
287 1889 122 43 They
444 1904 78 28 can
557 1890 53 42 be
642 1890 180 42 revived
855 1890 114 41 from
1004 1889 201 53 without,
1236 1890 58 56 by
1318 1889 160 57 speech
1514 1890 99 43 that
1644 1892 38 42 is

15 1960 134 43 heard
172 1975 46 28 or
241 1975 112 29 seen.
417 1961 122 57 They
563 1976 78 28 can
666 1962 53 43 be
742 1962 182 42 revived
947 1962 112 42 from
1083 1962 170 53 within,
1279 1962 56 56 by
1361 1962 74 43 the
1468 1963 214 56 thoughts

18 2033 97 43 that
138 2034 110 42 arise
272 2034 47 41 in
342 2048 79 28 our
443 2034 157 43 minds.

148 2183 242 56 Departure
412 2185 50 55 of
477 2199 134 28 many
644 2184 150 43 Words
805 2185 123 56 from
952 2185 112 42 their
1088 2184 205 57 Original
1315 2185 239 58 Meanings.

77 2296 104 43 This
224 2297 260 57 interesting
529 2298 171 43 subject
743 2298 75 43 the
861 2298 152 43 reader
1047 2298 92 43 will
1182 2298 91 43 find
1307 2299 115 57 fully
1457 2300 226 45 discussed

15 2369 59 56 by
96 2368 280 58 Archbishop
413 2370 170 43 Trench
622 2371 44 42 in
693 2386 24 27 a
741 2371 100 42 well
863 2371 165 42 known
1063 2371 120 43 work
1208 2371 45 42 of
1276 2371 100 44 his.2
1438 2372 73 44 He
1536 2373 145 44 shows

63 2463 13 23 1
102 2461 81 39 The
201 2462 115 38 lower
332 2463 163 37 animals
514 2464 265 37 undoubtedly
797 2464 97 37 form
912 2469 171 44 percepts
1102 2464 41 37 of
1158 2465 141 49 objects
1318 2466 241 50 abundantly
1576 2481 8 32 ;
1611 2468 73 37 but

11 2523 72 37 few
102 2523 40 37 of
157 2523 104 37 them
279 2537 69 24 can
367 2524 96 37 form
482 2530 170 44 percepts
671 2525 40 38 of
725 2526 132 37 words.
912 2526 81 37 The
1011 2538 103 25 more
1132 2527 219 49 intelligent
1378 2528 41 37 of
1440 2528 118 47 them,
1578 2529 104 38 how-

12 2585 199 37 everthe
226 2586 82 49 dog,
326 2586 56 37 for
393 2587 288 49 examplecan
698 2588 151 48 acquire
861 2600 100 25 some
974 2588 177 48 auditory
1164 2588 140 37 images
1319 2588 40 37 of
1370 2590 134 46 words,
1520 2592 76 36 and
1611 2604 69 24 can

10 2646 124 37 attach
153 2646 103 37 these
275 2652 38 32 to
332 2648 99 36 their
448 2661 136 36 proper
601 2650 207 49 meanings,
829 2662 39 24 so
886 2649 84 37 that
988 2649 91 49 they
1098 2650 234 37 understand
1352 2650 65 38 the
1435 2652 106 37 word
1568 2653 115 37 when

11 2707 31 35 it
60 2708 30 34 is
109 2707 142 48 spoken
269 2712 39 33 to
327 2708 104 38 them
452 2723 8 31 ;
486 2709 81 48 but,
586 2709 144 38 having
748 2723 48 24 no
815 2712 263 35 motor-image
1097 2723 41 24 or
1164 2712 239 37 articulative
1430 2725 137 36 power,
1587 2713 94 49 they

12 2774 135 31 cannot
166 2769 224 38 themselves
408 2772 125 48 speak.
588 2772 81 37 The
687 2777 127 44 parrot
832 2773 76 37 and
932 2773 108 37 other
1067 2773 183 49 speaking
1276 2774 104 36 birds
1407 2775 152 48 acquire
1585 2775 95 37 both

11 2828 149 50 images,
174 2831 173 48 auditory
362 2833 74 35 and
454 2837 133 44 motor,
603 2846 38 24 so
662 2833 84 37 that
763 2834 100 37 their
882 2835 292 48 word-percepts
1193 2847 62 25 are
1270 2835 186 49 complete
1472 2849 7 33 ;
1499 2837 71 36 but
1587 2838 92 47 only

13 2889 39 36 in
71 2902 21 24 a
109 2902 89 36 very
216 2891 71 37 few
305 2905 78 25 rare
402 2906 98 25 cases
518 2894 67 37 has
604 2907 20 25 a
643 2899 127 45 parrot
787 2895 243 50 intelligence
1049 2895 149 38 enough
1219 2900 38 33 to
1276 2896 124 37 attach
1422 2910 21 24 a
1464 2897 73 37 few
1564 2898 40 37 of
1627 2899 53 37 its

12 2950 171 48 acquired
204 2953 120 37 words
342 2958 38 32 to
399 2954 99 38 their
515 2968 136 37 proper
669 2957 206 37 meanings.
921 2957 107 37 Thus
1046 2957 65 37 the
1127 2957 102 37 chief
1244 2958 188 37 difficulty
1447 2959 41 36 in
1503 2959 175 49 learning

11 3014 39 33 to
69 3012 112 47 speak
199 3013 258 51 intelligently
474 3029 118 25 seems
610 3022 38 32 to
667 3018 46 37 be
731 3018 58 37 for
806 3018 65 37 the
888 3019 109 36 brain
1016 3023 39 33 to
1074 3019 153 37 acquire
1246 3019 64 37 the
1329 3020 172 48 capacity
1519 3020 75 37 and
1615 3020 65 37 the

13 3071 106 38 habit
136 3073 40 36 of
191 3074 211 51 embracing
422 3078 40 36 in
480 3079 48 36 its
546 3079 278 38 consciousness
843 3084 38 34 at
900 3080 64 37 the
983 3093 101 24 same
1103 3084 172 33 moment
1293 3084 76 34 two
1392 3085 183 44 percepts,
1596 3081 83 37 that

14 3131 40 37 of
69 3131 63 38 the
150 3134 101 36 word
270 3136 73 36 and
362 3137 83 37 that
463 3138 40 36 of
519 3139 47 36 its
585 3141 190 37 meaning.

63 3193 14 23 2
102 3193 155 51 English
275 3196 88 41 Past
382 3200 73 36 and
473 3200 156 48 Present,
650 3201 104 38 chap.
775 3202 67 37 vii.

1416 3254 24 39 2
1465 3265 29 29 II
