2113 3404
764 318 85 30 THE
883 318 239 33 DISORDERS
1155 321 52 30 OF
1240 322 467 33 SPEECH.—APPENDIX.

419 305 86 41 452

422 431 20 18 "
456 430 84 36 Left
557 433 323 37 ear—membrane
898 433 199 37 thickened
1116 436 212 46 posteriorly
1351 436 72 36 and
1441 437 201 47 infeviorly,
1662 438 166 39 indrawn
1846 439 191 47 atrophied

420 487 113 46 patch
543 489 209 47 anteriorly.
794 490 116 47 Right
924 491 320 36 ear—membrane
1260 491 197 37 thickened
1471 493 227 47 posteriorly,
1713 494 87 35 with
1814 506 45 23 an
1873 495 164 35 atrophic

421 543 112 46 patch
551 544 39 35 in
609 549 123 33 centre
751 546 39 35 of
805 545 229 49 thickening,
1048 547 74 35 and
1139 546 75 36 also
1232 559 21 24 a
1271 548 151 36 distinct
1440 549 166 47 atrophic
1623 550 108 47 patch
1750 550 40 35 in
1807 550 108 35 front.
1959 549 79 36 The

421 600 237 48 tuning-fork
675 602 101 47 gives
794 602 90 36 such
910 603 193 35 uncertain
1129 603 132 37 results
1278 604 41 36 in
1336 604 75 36 this
1429 617 79 24 case
1533 605 83 36 that
1634 618 52 24 we
1704 618 65 24 can
1788 606 132 36 hardly
1938 605 99 36 draw

423 668 73 35 any
515 659 264 35 conclusions."

472 713 80 35 The
581 713 191 49 following
797 714 32 36 is
854 726 49 24 an
927 715 160 35 abstract
1110 715 39 36 of
1171 716 63 36 the
1259 720 104 32 notes
1392 718 194 46 regarding
1609 717 63 37 the
1696 718 187 36 condition
1911 717 39 36 of
1977 717 62 36 the

423 769 173 47 patient's
613 771 202 35 speech:—

474 889 30 33 1.
532 885 162 37 Spoken
721 886 168 36 Speech.

470 979 68 47 (a.)
563 980 186 36 Reception
774 980 74 35 and
873 980 381 46 Interpretation.—It
1278 981 32 35 is
1327 993 89 35 very
1435 982 157 35 difficult
1617 986 37 31 to
1678 986 61 43 get
1755 982 64 36 the
1843 983 143 47 patient
2003 988 37 31 to

423 1036 227 36 understand
667 1037 189 46 questions
873 1041 70 42 put
959 1040 38 32 to
1015 1036 91 45 him,
1125 1037 74 35 and
1224 1036 74 36 this
1325 1037 180 47 difficulty
1524 1038 30 35 is
1577 1038 55 36 far
1648 1043 140 42 greater
1804 1038 90 36 than
1913 1051 65 23 can
1995 1039 45 36 be

423 1093 203 36 accounted
643 1092 56 36 for
716 1093 51 46 by
783 1092 59 35 his
868 1092 135 47 partial
1029 1093 176 35 deafness.
1258 1093 36 35 It
1312 1093 30 35 is
1360 1093 136 47 always
1521 1106 156 34 greatest
1694 1095 108 35 when
1819 1095 46 35 he
1882 1096 30 34 is
1929 1097 110 33 asked

421 1161 21 23 a
460 1149 172 47 question
649 1149 125 35 which
790 1149 32 35 is
839 1160 83 24 new
948 1152 37 31 to
1011 1148 92 36 him,
1121 1148 171 36 however
1317 1149 132 47 simple
1475 1150 62 35 the
1563 1151 170 46 question
1757 1163 86 23 may
1861 1151 55 35 be.
1968 1151 72 35 Old

422 1205 190 47 questions
630 1205 123 35 which
771 1217 55 23 we
842 1205 96 35 have
963 1205 114 35 asked
1093 1205 81 35 him
1200 1204 101 36 often
1322 1205 74 35 and
1413 1205 133 36 taught
1564 1206 78 35 him
1659 1206 63 36 the
1739 1207 173 47 meaning
1929 1207 46 35 of,
1993 1207 47 35 he

421 1261 134 36 replies
572 1265 37 32 to
626 1261 143 47 readily
787 1261 147 47 enough
951 1275 8 30 ;
985 1261 74 36 and
1076 1261 30 35 it
1123 1261 31 35 is
1171 1261 206 36 noticeable
1404 1261 80 36 that
1509 1262 47 36 he
1580 1264 105 34 hears
1702 1263 73 35 and
1797 1267 244 31 understands

421 1318 104 36 these
551 1318 63 36 old
638 1319 190 47 questions
854 1322 105 43 quite
983 1317 144 47 readily
1152 1317 142 47 though
1321 1318 88 46 they
1435 1318 45 36 be
1506 1322 65 32 not
1595 1323 69 42 put
1689 1322 37 32 to
1752 1319 75 35 him
1856 1319 40 35 in
1914 1331 21 23 a
1951 1319 90 36 loud

422 1387 113 24 voice.
588 1375 134 36 When,
742 1387 47 23 on
807 1374 64 36 the
890 1374 104 35 other
1019 1374 111 35 hand,
1150 1374 47 35 he
1214 1374 31 35 is
1265 1374 114 35 asked
1396 1387 20 23 a
1433 1387 83 23 new
1533 1375 180 46 question,
1733 1375 29 34 it
1779 1375 30 34 is
1828 1376 214 47 interesting

424 1435 36 32 to
479 1432 120 36 watch
616 1431 65 36 the
699 1443 95 24 close
812 1431 184 35 attention
1014 1431 72 35 and
1109 1430 140 35 wistful
1268 1431 209 46 expression
1490 1430 92 36 with
1600 1430 123 35 which
1741 1431 45 34 he
1806 1431 155 36 watches
1979 1432 63 37 the

423 1493 230 31 movements
679 1488 39 36 of
740 1488 63 35 the
829 1487 239 47 questioner's
1085 1486 82 47 lips,
1186 1487 74 35 and
1285 1491 38 30 at
1347 1486 64 35 the
1437 1498 99 24 same
1560 1487 92 35 time
1676 1487 138 35 listens,
1841 1488 39 34 in
1907 1488 132 43 trying,

424 1545 159 35 without
609 1556 151 24 success,
788 1548 38 31 to
853 1543 110 35 make
991 1547 64 31 out
1081 1543 64 35 the
1172 1543 174 35 meaning
1373 1543 39 35 of
1436 1543 100 35 what
1560 1543 32 35 is
1617 1543 88 35 said.
1757 1543 159 47 Perhaps
1941 1544 101 35 these

423 1601 252 36 observations
692 1600 78 36 will
789 1601 81 35 best
888 1599 44 36 be
949 1599 211 35 illustrated
1177 1599 51 35 by
1245 1611 21 23 a
1282 1598 71 36 few
1371 1599 201 35 specimens
1592 1599 38 35 of
1644 1599 63 35 the
1725 1600 168 45 patient's
1910 1600 131 46 replies

425 1658 103 35 —(1)
554 1661 37 32 to
610 1657 61 36 old
688 1656 163 36 familiar
869 1655 199 48 questions,
1088 1655 72 35 and
1179 1655 54 46 (2)
1259 1659 37 31 to
1314 1667 82 23 new
1413 1655 73 35 and
1503 1655 213 35 unfamiliar
1733 1655 194 47 questions.

471 1815 69 48 (1.)
573 1815 74 36 Old
672 1815 162 35 familiar
865 1814 208 44 Questions.

473 1908 21 17 "
506 1905 77 36 Did
600 1917 76 35 you
694 1916 99 24 sleep
810 1903 72 36 last
899 1903 110 35 night
1022 1902 40 36 1"
1115 1904 19 34 "
1148 1901 106 35 Yes."

473 1963 21 18 "
508 1962 74 35 Did
599 1973 75 35 you
691 1960 99 36 sleep
809 1959 86 36 well
908 1959 44 36 1"
1003 1958 22 36 "
1037 1958 85 44 Yes,
1140 1957 64 35 the
1222 1957 190 47 forepart"
1437 1957 56 47 (of
1507 1957 62 35 the
1586 1957 134 35 night).

474 2020 20 17 "
509 2019 105 35 Have
631 2029 74 35 you
724 2029 74 24 any
815 2014 187 37 headache
1016 2014 42 36 1"
1110 2016 20 34 "
1143 2014 85 43 Yes,
1248 2013 70 35 last
1335 2013 108 47 night
1462 2026 72 23 was
1552 2014 71 35 sair
1633 2014 18 16 "
1668 2014 120 46 (sore).

473 2077 20 17 "
508 2075 135 36 Where
656 2074 42 36 ?"
750 2072 206 36 Indicated,
975 2070 93 37 with
1086 2070 58 35 his
1162 2069 129 44 hands,
1311 2069 91 35 both
1429 2070 94 35 sides
1541 2070 39 34 of
1594 2070 58 35 his
1670 2070 179 35 forehead.

473 2135 20 16 "
508 2131 86 36 Had
612 2143 74 35 you
705 2142 21 24 a
742 2130 106 34 horse
867 2132 37 32 at
922 2140 69 23 one
1008 2128 91 34 time
1114 2126 41 36 1"
1207 2128 19 35 "
1239 2126 84 45 Yes,
1343 2138 99 34 once,
1461 2139 20 22 a
1497 2126 92 48 good
1608 2125 101 37 one."

474 2191 20 17 "
510 2188 94 36 How
623 2187 63 36 old
703 2198 74 24 was
794 2186 47 35 he
857 2185 46 36 1"
955 2186 21 34 "
990 2184 119 35 Seven
1127 2183 139 46 years."

475 2246 21 18 "
509 2245 97 35 How
623 2256 115 24 many
755 2242 119 36 hands
892 2241 93 35 high
998 2240 41 36 ]"
1092 2241 20 35 "
1125 2239 240 35 Seventeen."

475 2303 20 19 "
509 2301 75 35 Did
599 2301 48 35 he
664 2300 77 35 bite
754 2299 41 36 1"
846 2300 21 34 "
880 2298 60 35 No
958 2309 70 32 me,
1045 2308 49 23 no
1112 2296 88 35 me."

476 2362 20 15 "
509 2357 137 36 Whom
664 2356 65 36 did
748 2355 47 35 he
812 2355 77 35 bite
902 2353 42 37 1"
995 2355 21 33 "
1028 2352 189 47 Anybody
1235 2352 109 47 going
1362 2355 92 43 pats,
1473 2355 79 42 pats
1564 2350 16 17 "
1598 2350 121 48 (past).

475 2416 20 18 "
508 2414 113 36 What
638 2413 65 35 did
720 2424 75 35 you
812 2412 46 35 do
873 2410 41 37 V
964 2412 20 34 "
997 2409 80 35 The
1095 2407 140 37 chain."

477 2474 18 16 "
509 2471 134 36 Where
661 2469 65 36 did
743 2481 76 34 you
835 2468 51 34 fix
903 2467 63 35 the
985 2465 109 36 chain
1106 2465 42 35 1"
1200 2466 20 35 "
1232 2464 111 36 From
1360 2463 63 37 the
1440 2464 118 35 haims
1575 2467 38 32 to
1630 2463 63 36 the
1710 2463 84 36 bit."

475 2580 112 35 From
611 2578 65 36 the
701 2588 127 24 above,
854 2575 31 34 it
911 2573 120 35 might
1060 2572 42 36 be
1128 2571 182 48 supposed
1335 2570 81 36 that
1442 2570 63 35 the
1531 2569 142 47 patient
1698 2570 73 35 had
1796 2583 47 22 no
1861 2571 179 47 difficulty

427 2647 187 24 whatever
630 2634 40 35 in
688 2642 293 26 understanding
996 2629 100 34 what
1111 2639 71 24 was
1201 2627 77 35 said
1292 2630 38 31 to
1344 2626 91 34 him.
1481 2627 74 34 But
1569 2626 30 34 it
1616 2629 99 31 must
1732 2626 44 35 be
1792 2629 248 35 remembered

428 2693 81 36 that
524 2702 109 25 every
647 2700 69 25 one
730 2687 39 36 of
784 2686 102 36 these
900 2684 188 48 questions
1102 2683 74 35 had
1193 2681 148 46 already
1356 2681 92 35 been
1461 2693 89 35 very
1564 2681 99 35 often
1681 2685 67 42 put
1762 2685 37 31 to
1813 2681 79 36 him
1909 2683 134 48 during

428 2749 64 35 the
521 2758 172 36 previous
723 2743 57 36 six
807 2752 122 25 weeks
959 2739 39 36 of
1024 2739 60 35 his
1121 2738 186 36 residence
1333 2737 41 35 in
1403 2736 173 48 hospital,
1603 2737 339 47 gesture-language
1969 2739 73 35 and

426 2804 168 49 printing
611 2801 139 37 having
767 2799 93 35 been
878 2796 91 36 used
986 2795 50 47 by
1050 2795 64 35 the
1132 2794 210 47 questioner
1356 2797 35 31 to
1406 2792 87 47 help
1504 2792 62 36 the
1585 2793 142 47 patient
1743 2794 39 34 in
1800 2794 242 36 interpreting

427 2863 113 35 them.
594 2859 60 35 He
670 2857 74 36 had
762 2855 87 36 thus
867 2858 37 30 at
921 2851 129 37 length
1067 2851 148 35 become
1232 2849 160 36 familiar
1407 2850 89 34 with
1515 2861 106 35 every
1638 2862 67 23 one
1722 2849 37 37 of
1775 2849 111 47 them,
1906 2864 36 21 so
1961 2849 80 38 that

425 2919 48 35 he
490 2915 110 39 could
618 2915 179 35 interpret
815 2911 102 35 them
934 2908 160 36 without
1118 2918 215 23 extraneous
1351 2906 69 34 aid.

473 2975 47 35 In
538 2975 161 35 contrast
717 2967 89 37 with
834 2967 62 35 the
924 2977 115 24 above
1064 2974 250 36 performance
1332 2961 39 36 of
1385 2961 62 35 the
1465 2961 143 47 jiatient
1626 2961 106 37 when
1752 2962 111 36 asked
1882 2962 158 36 familiar

425 3031 201 48 questions,
645 3027 19 36 I
688 3037 84 25 now
799 3021 155 50 proceed
980 3024 38 32 to
1045 3019 83 47 give
1145 3030 21 24 a
1182 3018 70 36 few
1280 3017 203 47 specimens
1510 3017 39 35 of
1572 3017 59 36 his
1658 3017 247 48 performance
1931 3018 108 36 when

424 3087 125 38 asked,
568 3097 49 25 on
634 3084 63 36 the
715 3093 98 25 same
831 3080 83 46 day,
933 3076 189 49 questions
1141 3074 81 36 that
1240 3085 93 25 were
1350 3077 66 32 not
1433 3074 159 35 familiar
1610 3078 37 32 to
1664 3073 88 36 him.
