<?xml version="1.0" encoding="UTF-8"?>
<alto xmlns="http://www.loc.gov/standards/alto/ns-v2#" xmlns:xsi="http://www.w3.org/2001/XMLSchema-instance" xsi:schemaLocation="http://www.loc.gov/standards/alto/ns-v2# http://www.loc.gov/standards/alto/alto.xsd">
  <Description>
    <MeasurementUnit>pixel</MeasurementUnit>
    <sourceImageInformation>
      <fileName>b22031261_abbyy.xml</fileName>
    </sourceImageInformation>
    <OCRProcessing ID="OCR_1">
      <preProcessingStep>
        <processingDateTime>2016-02-11T05:40:32</processingDateTime>
        <processingAgency>intranda GmbH, www.intranda.com</processingAgency>
        <processingSoftware>
          <softwareCreator>intranda GmbH, Germany</softwareCreator>
          <softwareName>intranda OCR Module for TaskManager</softwareName>
          <softwareVersion>1.0r42</softwareVersion>
        </processingSoftware>
      </preProcessingStep>
      <ocrProcessingStep>
        <processingSoftware>
          <softwareCreator>ABBYY (BIT Software), Russia</softwareCreator>
          <softwareName>FineReader Engine</softwareName>
          <softwareVersion>10</softwareVersion>
        </processingSoftware>
      </ocrProcessingStep>
    </OCRProcessing>
  </Description>
  <Layout>
    <Page PHYSICAL_IMG_NR="136" ID="PAGE_136" WIDTH="1972" HEIGHT="3202">
      <TopMargin ID="TopMargin_100" HPOS="434" VPOS="278" WIDTH="851" HEIGHT="49">
        <TextBlock ID="TextBlock_1224" HPOS="434" VPOS="278" WIDTH="851" HEIGHT="49">
          <TextLine ID="TextLine_3082" HPOS="434" VPOS="278" WIDTH="91" HEIGHT="47">
            <String CONTENT="106" ID="Word_24962" HPOS="434" VPOS="278" WIDTH="91" HEIGHT="47" />
          </TextLine>
          <TextLine ID="TextLine_3083" HPOS="943" VPOS="295" WIDTH="342" HEIGHT="32">
            <String CONTENT="THE" ID="Word_24963" HPOS="943" VPOS="295" WIDTH="91" HEIGHT="31" />
            <SP ID="SP_21885" HPOS="1035" VPOS="295" WIDTH="24" HEIGHT="0" />
            <String CONTENT="SIAMANG." ID="Word_24964" HPOS="1060" VPOS="296" WIDTH="225" HEIGHT="31" />
          </TextLine>
        </TextBlock>
      </TopMargin>
      <PrintSpace ID="PrintSpace_137" HPOS="427" VPOS="420" WIDTH="1381" HEIGHT="2208">
        <TextBlock ID="TextBlock_428" HPOS="427" VPOS="420" WIDTH="1381" HEIGHT="2208">
          <TextLine ID="TextLine_3084" HPOS="428" VPOS="420" WIDTH="1369" HEIGHT="62">
            <String CONTENT="thought" ID="Word_24965" HPOS="428" VPOS="420" WIDTH="194" HEIGHT="46" />
            <SP ID="SP_21886" HPOS="623" VPOS="427" WIDTH="38" HEIGHT="0" />
            <String CONTENT="to" ID="Word_24966" HPOS="662" VPOS="427" WIDTH="45" HEIGHT="39" />
            <SP ID="SP_21887" HPOS="708" VPOS="421" WIDTH="36" HEIGHT="0" />
            <String CONTENT="direct" ID="Word_24967" HPOS="745" VPOS="421" WIDTH="139" HEIGHT="45" />
            <SP ID="SP_21888" HPOS="885" VPOS="427" WIDTH="38" HEIGHT="0" />
            <String CONTENT="their" ID="Word_24968" HPOS="924" VPOS="422" WIDTH="118" HEIGHT="44" />
            <SP ID="SP_21889" HPOS="1043" VPOS="438" WIDTH="35" HEIGHT="0" />
            <String CONTENT="motions," ID="Word_24969" HPOS="1079" VPOS="429" WIDTH="208" HEIGHT="47" />
            <SP ID="SP_21890" HPOS="1288" VPOS="437" WIDTH="41" HEIGHT="0" />
            <String CONTENT="and" ID="Word_24970" HPOS="1330" VPOS="422" WIDTH="90" HEIGHT="44" />
            <SP ID="SP_21891" HPOS="1421" VPOS="422" WIDTH="33" HEIGHT="0" />
            <String CONTENT="to" ID="Word_24971" HPOS="1455" VPOS="427" WIDTH="46" HEIGHT="40" />
            <SP ID="SP_21892" HPOS="1502" VPOS="437" WIDTH="34" HEIGHT="0" />
            <String CONTENT="preside" ID="Word_24972" HPOS="1537" VPOS="422" WIDTH="172" HEIGHT="60" />
            <SP ID="SP_21893" HPOS="1710" VPOS="439" WIDTH="38" HEIGHT="0" />
            <String CONTENT="at" ID="Word_24973" HPOS="1749" VPOS="429" WIDTH="48" HEIGHT="39" />
          </TextLine>
          <TextLine ID="TextLine_3085" HPOS="428" VPOS="498" WIDTH="1369" HEIGHT="63">
            <String CONTENT="their" ID="Word_24974" HPOS="428" VPOS="498" WIDTH="118" HEIGHT="44" />
            <SP ID="SP_21894" HPOS="547" VPOS="514" WIDTH="19" HEIGHT="0" />
            <String CONTENT="morning" ID="Word_24975" HPOS="567" VPOS="514" WIDTH="208" HEIGHT="45" />
            <SP ID="SP_21895" HPOS="776" VPOS="514" WIDTH="16" HEIGHT="0" />
            <String CONTENT="and" ID="Word_24976" HPOS="793" VPOS="499" WIDTH="90" HEIGHT="45" />
            <SP ID="SP_21896" HPOS="884" VPOS="499" WIDTH="17" HEIGHT="0" />
            <String CONTENT="evening" ID="Word_24977" HPOS="902" VPOS="498" WIDTH="191" HEIGHT="62" />
            <SP ID="SP_21897" HPOS="1094" VPOS="499" WIDTH="15" HEIGHT="0" />
            <String CONTENT="bowlings." ID="Word_24978" HPOS="1110" VPOS="499" WIDTH="233" HEIGHT="45" />
            <SP ID="SP_21898" HPOS="1344" VPOS="499" WIDTH="67" HEIGHT="0" />
            <String CONTENT="In" ID="Word_24979" HPOS="1412" VPOS="499" WIDTH="56" HEIGHT="45" />
            <SP ID="SP_21899" HPOS="1469" VPOS="505" WIDTH="16" HEIGHT="0" />
            <String CONTENT="their" ID="Word_24980" HPOS="1486" VPOS="500" WIDTH="116" HEIGHT="44" />
            <SP ID="SP_21900" HPOS="1603" VPOS="516" WIDTH="15" HEIGHT="0" />
            <String CONTENT="general" ID="Word_24981" HPOS="1619" VPOS="501" WIDTH="178" HEIGHT="60" />
          </TextLine>
          <TextLine ID="TextLine_3086" HPOS="428" VPOS="575" WIDTH="1368" HEIGHT="62">
            <String CONTENT="habits" ID="Word_24982" HPOS="428" VPOS="575" WIDTH="149" HEIGHT="45" />
            <SP ID="SP_21901" HPOS="578" VPOS="582" WIDTH="22" HEIGHT="0" />
            <String CONTENT="they" ID="Word_24983" HPOS="601" VPOS="582" WIDTH="111" HEIGHT="54" />
            <SP ID="SP_21902" HPOS="713" VPOS="591" WIDTH="22" HEIGHT="0" />
            <String CONTENT="are" ID="Word_24984" HPOS="736" VPOS="591" WIDTH="74" HEIGHT="29" />
            <SP ID="SP_21903" HPOS="811" VPOS="591" WIDTH="22" HEIGHT="0" />
            <String CONTENT="said" ID="Word_24985" HPOS="834" VPOS="575" WIDTH="97" HEIGHT="45" />
            <SP ID="SP_21904" HPOS="932" VPOS="576" WIDTH="20" HEIGHT="0" />
            <String CONTENT="to" ID="Word_24986" HPOS="953" VPOS="581" WIDTH="46" HEIGHT="40" />
            <SP ID="SP_21905" HPOS="1000" VPOS="577" WIDTH="27" HEIGHT="0" />
            <String CONTENT="be" ID="Word_24987" HPOS="1028" VPOS="577" WIDTH="54" HEIGHT="44" />
            <SP ID="SP_21906" HPOS="1083" VPOS="592" WIDTH="29" HEIGHT="0" />
            <String CONTENT="more" ID="Word_24988" HPOS="1113" VPOS="592" WIDTH="121" HEIGHT="29" />
            <SP ID="SP_21907" HPOS="1235" VPOS="592" WIDTH="31" HEIGHT="0" />
            <String CONTENT="sluggish" ID="Word_24989" HPOS="1267" VPOS="576" WIDTH="196" HEIGHT="61" />
            <SP ID="SP_21908" HPOS="1464" VPOS="577" WIDTH="23" HEIGHT="0" />
            <String CONTENT="and" ID="Word_24990" HPOS="1488" VPOS="577" WIDTH="90" HEIGHT="44" />
            <SP ID="SP_21909" HPOS="1579" VPOS="577" WIDTH="21" HEIGHT="0" />
            <String CONTENT="inactive" ID="Word_24991" HPOS="1601" VPOS="577" WIDTH="195" HEIGHT="45" />
          </TextLine>
          <TextLine ID="TextLine_3087" HPOS="427" VPOS="653" WIDTH="1369" HEIGHT="61">
            <String CONTENT="than" ID="Word_24992" HPOS="427" VPOS="658" WIDTH="113" HEIGHT="39" />
            <SP ID="SP_21910" HPOS="541" VPOS="668" WIDTH="35" HEIGHT="0" />
            <String CONTENT="some" ID="Word_24993" HPOS="577" VPOS="668" WIDTH="121" HEIGHT="29" />
            <SP ID="SP_21911" HPOS="699" VPOS="668" WIDTH="33" HEIGHT="0" />
            <String CONTENT="which" ID="Word_24994" HPOS="733" VPOS="653" WIDTH="148" HEIGHT="45" />
            <SP ID="SP_21912" HPOS="882" VPOS="653" WIDTH="33" HEIGHT="0" />
            <String CONTENT="we" ID="Word_24995" HPOS="916" VPOS="668" WIDTH="68" HEIGHT="30" />
            <SP ID="SP_21913" HPOS="985" VPOS="668" WIDTH="35" HEIGHT="0" />
            <String CONTENT="shall" ID="Word_24996" HPOS="1021" VPOS="653" WIDTH="115" HEIGHT="45" />
            <SP ID="SP_21914" HPOS="1137" VPOS="654" WIDTH="34" HEIGHT="0" />
            <String CONTENT="presently" ID="Word_24997" HPOS="1172" VPOS="654" WIDTH="228" HEIGHT="60" />
            <SP ID="SP_21915" HPOS="1401" VPOS="654" WIDTH="30" HEIGHT="0" />
            <String CONTENT="describe;" ID="Word_24998" HPOS="1432" VPOS="654" WIDTH="224" HEIGHT="52" />
            <SP ID="SP_21916" HPOS="1657" VPOS="670" WIDTH="50" HEIGHT="0" />
            <String CONTENT="and" ID="Word_24999" HPOS="1708" VPOS="654" WIDTH="88" HEIGHT="44" />
          </TextLine>
          <TextLine ID="TextLine_3088" HPOS="428" VPOS="729" WIDTH="1369" HEIGHT="62">
            <String CONTENT="they" ID="Word_25000" HPOS="428" VPOS="735" WIDTH="111" HEIGHT="55" />
            <SP ID="SP_21917" HPOS="540" VPOS="745" WIDTH="21" HEIGHT="0" />
            <String CONTENT="neither" ID="Word_25001" HPOS="562" VPOS="729" WIDTH="177" HEIGHT="45" />
            <SP ID="SP_21918" HPOS="740" VPOS="746" WIDTH="26" HEIGHT="0" />
            <String CONTENT="swing" ID="Word_25002" HPOS="767" VPOS="729" WIDTH="143" HEIGHT="62" />
            <SP ID="SP_21919" HPOS="911" VPOS="729" WIDTH="33" HEIGHT="0" />
            <String CONTENT="from" ID="Word_25003" HPOS="945" VPOS="729" WIDTH="115" HEIGHT="47" />
            <SP ID="SP_21920" HPOS="1061" VPOS="737" WIDTH="34" HEIGHT="0" />
            <String CONTENT="the" ID="Word_25004" HPOS="1096" VPOS="730" WIDTH="79" HEIGHT="45" />
            <SP ID="SP_21921" HPOS="1176" VPOS="731" WIDTH="34" HEIGHT="0" />
            <String CONTENT="branches," ID="Word_25005" HPOS="1211" VPOS="731" WIDTH="231" HEIGHT="51" />
            <SP ID="SP_21922" HPOS="1443" VPOS="745" WIDTH="32" HEIGHT="0" />
            <String CONTENT="or" ID="Word_25006" HPOS="1476" VPOS="745" WIDTH="47" HEIGHT="30" />
            <SP ID="SP_21923" HPOS="1524" VPOS="730" WIDTH="30" HEIGHT="0" />
            <String CONTENT="leap" ID="Word_25007" HPOS="1555" VPOS="730" WIDTH="99" HEIGHT="60" />
            <SP ID="SP_21924" HPOS="1655" VPOS="746" WIDTH="28" HEIGHT="0" />
            <String CONTENT="with" ID="Word_25008" HPOS="1684" VPOS="737" WIDTH="113" HEIGHT="37" />
          </TextLine>
          <TextLine ID="TextLine_3089" HPOS="428" VPOS="805" WIDTH="1380" HEIGHT="63">
            <String CONTENT="that" ID="Word_25009" HPOS="428" VPOS="812" WIDTH="102" HEIGHT="39" />
            <SP ID="SP_21925" HPOS="531" VPOS="813" WIDTH="39" HEIGHT="0" />
            <String CONTENT="surprising" ID="Word_25010" HPOS="571" VPOS="807" WIDTH="243" HEIGHT="61" />
            <SP ID="SP_21926" HPOS="815" VPOS="823" WIDTH="38" HEIGHT="0" />
            <String CONTENT="agility," ID="Word_25011" HPOS="854" VPOS="807" WIDTH="174" HEIGHT="61" />
            <SP ID="SP_21927" HPOS="1029" VPOS="823" WIDTH="42" HEIGHT="0" />
            <String CONTENT="which" ID="Word_25012" HPOS="1072" VPOS="807" WIDTH="149" HEIGHT="44" />
            <SP ID="SP_21928" HPOS="1222" VPOS="807" WIDTH="39" HEIGHT="0" />
            <String CONTENT="characterise" ID="Word_25013" HPOS="1262" VPOS="813" WIDTH="292" HEIGHT="38" />
            <SP ID="SP_21929" HPOS="1555" VPOS="822" WIDTH="39" HEIGHT="0" />
            <String CONTENT="some" ID="Word_25014" HPOS="1595" VPOS="822" WIDTH="121" HEIGHT="29" />
            <SP ID="SP_21930" HPOS="1717" VPOS="822" WIDTH="39" HEIGHT="0" />
            <String CONTENT="of" ID="Word_25015" HPOS="1757" VPOS="805" WIDTH="51" HEIGHT="47" />
          </TextLine>
          <TextLine ID="TextLine_3090" HPOS="428" VPOS="882" WIDTH="1370" HEIGHT="62">
            <String CONTENT="the" ID="Word_25016" HPOS="428" VPOS="890" WIDTH="77" HEIGHT="37" />
            <SP ID="SP_21931" HPOS="506" VPOS="898" WIDTH="33" HEIGHT="0" />
            <String CONTENT="others." ID="Word_25017" HPOS="540" VPOS="884" WIDTH="160" HEIGHT="44" />
            <SP ID="SP_21932" HPOS="701" VPOS="885" WIDTH="75" HEIGHT="0" />
            <String CONTENT="They" ID="Word_25018" HPOS="777" VPOS="885" WIDTH="130" HEIGHT="59" />
            <SP ID="SP_21933" HPOS="908" VPOS="900" WIDTH="35" HEIGHT="0" />
            <String CONTENT="seem," ID="Word_25019" HPOS="944" VPOS="899" WIDTH="135" HEIGHT="38" />
            <SP ID="SP_21934" HPOS="1080" VPOS="884" WIDTH="39" HEIGHT="0" />
            <String CONTENT="however," ID="Word_25020" HPOS="1120" VPOS="884" WIDTH="222" HEIGHT="53" />
            <SP ID="SP_21935" HPOS="1343" VPOS="900" WIDTH="38" HEIGHT="0" />
            <String CONTENT="sensible" ID="Word_25021" HPOS="1382" VPOS="883" WIDTH="190" HEIGHT="45" />
            <SP ID="SP_21936" HPOS="1573" VPOS="898" WIDTH="33" HEIGHT="0" />
            <String CONTENT="of" ID="Word_25022" HPOS="1607" VPOS="882" WIDTH="50" HEIGHT="46" />
            <SP ID="SP_21937" HPOS="1658" VPOS="882" WIDTH="22" HEIGHT="0" />
            <String CONTENT="their" ID="Word_25023" HPOS="1681" VPOS="883" WIDTH="117" HEIGHT="45" />
          </TextLine>
          <TextLine ID="TextLine_3091" HPOS="428" VPOS="959" WIDTH="1371" HEIGHT="61">
            <String CONTENT="imperfections;" ID="Word_25024" HPOS="428" VPOS="959" WIDTH="362" HEIGHT="61" />
            <SP ID="SP_21938" HPOS="791" VPOS="975" WIDTH="51" HEIGHT="0" />
            <String CONTENT="and" ID="Word_25025" HPOS="843" VPOS="960" WIDTH="89" HEIGHT="44" />
            <SP ID="SP_21939" HPOS="933" VPOS="960" WIDTH="33" HEIGHT="0" />
            <String CONTENT="being" ID="Word_25026" HPOS="967" VPOS="961" WIDTH="133" HEIGHT="59" />
            <SP ID="SP_21940" HPOS="1101" VPOS="975" WIDTH="38" HEIGHT="0" />
            <String CONTENT="endowed" ID="Word_25027" HPOS="1140" VPOS="961" WIDTH="216" HEIGHT="44" />
            <SP ID="SP_21941" HPOS="1357" VPOS="961" WIDTH="45" HEIGHT="0" />
            <String CONTENT="with" ID="Word_25028" HPOS="1403" VPOS="960" WIDTH="114" HEIGHT="44" />
            <SP ID="SP_21942" HPOS="1518" VPOS="961" WIDTH="44" HEIGHT="0" />
            <String CONTENT="an" ID="Word_25029" HPOS="1563" VPOS="976" WIDTH="58" HEIGHT="28" />
            <SP ID="SP_21943" HPOS="1622" VPOS="975" WIDTH="45" HEIGHT="0" />
            <String CONTENT="acute" ID="Word_25030" HPOS="1668" VPOS="967" WIDTH="131" HEIGHT="38" />
          </TextLine>
          <TextLine ID="TextLine_3092" HPOS="431" VPOS="1035" WIDTH="1367" HEIGHT="62">
            <String CONTENT="sense" ID="Word_25031" HPOS="431" VPOS="1051" WIDTH="126" HEIGHT="30" />
            <SP ID="SP_21944" HPOS="558" VPOS="1051" WIDTH="22" HEIGHT="0" />
            <String CONTENT="of" ID="Word_25032" HPOS="581" VPOS="1035" WIDTH="50" HEIGHT="46" />
            <SP ID="SP_21945" HPOS="632" VPOS="1035" WIDTH="24" HEIGHT="0" />
            <String CONTENT="hearing," ID="Word_25033" HPOS="657" VPOS="1036" WIDTH="200" HEIGHT="61" />
            <SP ID="SP_21946" HPOS="858" VPOS="1036" WIDTH="28" HEIGHT="0" />
            <String CONTENT="fly" ID="Word_25034" HPOS="887" VPOS="1036" WIDTH="65" HEIGHT="61" />
            <SP ID="SP_21947" HPOS="953" VPOS="1042" WIDTH="28" HEIGHT="0" />
            <String CONTENT="to" ID="Word_25035" HPOS="982" VPOS="1042" WIDTH="46" HEIGHT="39" />
            <SP ID="SP_21948" HPOS="1029" VPOS="1043" WIDTH="27" HEIGHT="0" />
            <String CONTENT="their" ID="Word_25036" HPOS="1057" VPOS="1037" WIDTH="118" HEIGHT="44" />
            <SP ID="SP_21949" HPOS="1176" VPOS="1052" WIDTH="26" HEIGHT="0" />
            <String CONTENT="retreats" ID="Word_25037" HPOS="1203" VPOS="1043" WIDTH="188" HEIGHT="39" />
            <SP ID="SP_21950" HPOS="1392" VPOS="1053" WIDTH="34" HEIGHT="0" />
            <String CONTENT="upon" ID="Word_25038" HPOS="1427" VPOS="1052" WIDTH="119" HEIGHT="45" />
            <SP ID="SP_21951" HPOS="1547" VPOS="1044" WIDTH="30" HEIGHT="0" />
            <String CONTENT="the" ID="Word_25039" HPOS="1578" VPOS="1037" WIDTH="78" HEIGHT="44" />
            <SP ID="SP_21952" HPOS="1657" VPOS="1037" WIDTH="26" HEIGHT="0" />
            <String CONTENT="least" ID="Word_25040" HPOS="1684" VPOS="1037" WIDTH="114" HEIGHT="45" />
          </TextLine>
          <TextLine ID="TextLine_3093" HPOS="429" VPOS="1112" WIDTH="1368" HEIGHT="62">
            <String CONTENT="noise" ID="Word_25041" HPOS="429" VPOS="1128" WIDTH="123" HEIGHT="29" />
            <SP ID="SP_21953" HPOS="553" VPOS="1128" WIDTH="21" HEIGHT="0" />
            <String CONTENT="which" ID="Word_25042" HPOS="575" VPOS="1113" WIDTH="151" HEIGHT="44" />
            <SP ID="SP_21954" HPOS="727" VPOS="1113" WIDTH="20" HEIGHT="0" />
            <String CONTENT="is" ID="Word_25043" HPOS="748" VPOS="1113" WIDTH="38" HEIGHT="45" />
            <SP ID="SP_21955" HPOS="787" VPOS="1129" WIDTH="20" HEIGHT="0" />
            <String CONTENT="not" ID="Word_25044" HPOS="808" VPOS="1119" WIDTH="80" HEIGHT="39" />
            <SP ID="SP_21956" HPOS="889" VPOS="1112" WIDTH="21" HEIGHT="0" />
            <String CONTENT="familiar" ID="Word_25045" HPOS="911" VPOS="1112" WIDTH="195" HEIGHT="45" />
            <SP ID="SP_21957" HPOS="1107" VPOS="1119" WIDTH="15" HEIGHT="0" />
            <String CONTENT="to" ID="Word_25046" HPOS="1123" VPOS="1119" WIDTH="46" HEIGHT="39" />
            <SP ID="SP_21958" HPOS="1170" VPOS="1119" WIDTH="21" HEIGHT="0" />
            <String CONTENT="them." ID="Word_25047" HPOS="1192" VPOS="1113" WIDTH="141" HEIGHT="45" />
            <SP ID="SP_21959" HPOS="1334" VPOS="1114" WIDTH="67" HEIGHT="0" />
            <String CONTENT="If" ID="Word_25048" HPOS="1402" VPOS="1112" WIDTH="48" HEIGHT="46" />
            <SP ID="SP_21960" HPOS="1451" VPOS="1112" WIDTH="14" HEIGHT="0" />
            <String CONTENT="any" ID="Word_25049" HPOS="1466" VPOS="1129" WIDTH="92" HEIGHT="45" />
            <SP ID="SP_21961" HPOS="1559" VPOS="1129" WIDTH="16" HEIGHT="0" />
            <String CONTENT="members" ID="Word_25050" HPOS="1576" VPOS="1115" WIDTH="221" HEIGHT="43" />
          </TextLine>
          <TextLine ID="TextLine_3094" HPOS="430" VPOS="1188" WIDTH="1367" HEIGHT="63">
            <String CONTENT="of.a" ID="Word_25051" HPOS="430" VPOS="1188" WIDTH="92" HEIGHT="46" />
            <SP ID="SP_21962" HPOS="523" VPOS="1190" WIDTH="19" HEIGHT="0" />
            <String CONTENT="band" ID="Word_25052" HPOS="543" VPOS="1190" WIDTH="122" HEIGHT="44" />
            <SP ID="SP_21963" HPOS="666" VPOS="1190" WIDTH="20" HEIGHT="0" />
            <String CONTENT="are" ID="Word_25053" HPOS="687" VPOS="1205" WIDTH="75" HEIGHT="30" />
            <SP ID="SP_21964" HPOS="763" VPOS="1206" WIDTH="23" HEIGHT="0" />
            <String CONTENT="wounded," ID="Word_25054" HPOS="787" VPOS="1190" WIDTH="236" HEIGHT="53" />
            <SP ID="SP_21965" HPOS="1024" VPOS="1195" WIDTH="18" HEIGHT="0" />
            <String CONTENT="they" ID="Word_25055" HPOS="1043" VPOS="1195" WIDTH="112" HEIGHT="55" />
            <SP ID="SP_21966" HPOS="1156" VPOS="1205" WIDTH="22" HEIGHT="0" />
            <String CONTENT="are" ID="Word_25056" HPOS="1179" VPOS="1205" WIDTH="74" HEIGHT="29" />
            <SP ID="SP_21967" HPOS="1254" VPOS="1189" WIDTH="21" HEIGHT="0" />
            <String CONTENT="immediately" ID="Word_25057" HPOS="1276" VPOS="1189" WIDTH="314" HEIGHT="62" />
            <SP ID="SP_21968" HPOS="1591" VPOS="1190" WIDTH="23" HEIGHT="0" />
            <String CONTENT="left" ID="Word_25058" HPOS="1615" VPOS="1190" WIDTH="82" HEIGHT="44" />
            <SP ID="SP_21969" HPOS="1698" VPOS="1191" WIDTH="20" HEIGHT="0" />
            <String CONTENT="be-" ID="Word_25059" HPOS="1719" VPOS="1191" WIDTH="78" HEIGHT="43" />
          </TextLine>
          <TextLine ID="TextLine_3095" HPOS="429" VPOS="1265" WIDTH="1369" HEIGHT="62">
            <String CONTENT="hind" ID="Word_25060" HPOS="429" VPOS="1266" WIDTH="112" HEIGHT="45" />
            <SP ID="SP_21970" HPOS="542" VPOS="1266" WIDTH="13" HEIGHT="0" />
            <String CONTENT=";" ID="Word_25061" HPOS="556" VPOS="1283" WIDTH="13" HEIGHT="37" />
            <SP ID="SP_21971" HPOS="570" VPOS="1282" WIDTH="25" HEIGHT="0" />
            <String CONTENT="a" ID="Word_25062" HPOS="596" VPOS="1282" WIDTH="27" HEIGHT="29" />
            <SP ID="SP_21972" HPOS="624" VPOS="1282" WIDTH="20" HEIGHT="0" />
            <String CONTENT="mother" ID="Word_25063" HPOS="645" VPOS="1273" WIDTH="176" HEIGHT="39" />
            <SP ID="SP_21973" HPOS="822" VPOS="1281" WIDTH="21" HEIGHT="0" />
            <String CONTENT="only" ID="Word_25064" HPOS="844" VPOS="1281" WIDTH="106" HEIGHT="46" />
            <SP ID="SP_21974" HPOS="951" VPOS="1282" WIDTH="22" HEIGHT="0" />
            <String CONTENT="will" ID="Word_25065" HPOS="974" VPOS="1265" WIDTH="94" HEIGHT="46" />
            <SP ID="SP_21975" HPOS="1069" VPOS="1266" WIDTH="21" HEIGHT="0" />
            <String CONTENT="remain" ID="Word_25066" HPOS="1091" VPOS="1282" WIDTH="172" HEIGHT="29" />
            <SP ID="SP_21976" HPOS="1264" VPOS="1282" WIDTH="23" HEIGHT="0" />
            <String CONTENT="with" ID="Word_25067" HPOS="1288" VPOS="1266" WIDTH="114" HEIGHT="45" />
            <SP ID="SP_21977" HPOS="1403" VPOS="1267" WIDTH="29" HEIGHT="0" />
            <String CONTENT="the" ID="Word_25068" HPOS="1433" VPOS="1273" WIDTH="78" HEIGHT="38" />
            <SP ID="SP_21978" HPOS="1512" VPOS="1282" WIDTH="29" HEIGHT="0" />
            <String CONTENT="young" ID="Word_25069" HPOS="1542" VPOS="1282" WIDTH="152" HEIGHT="45" />
            <SP ID="SP_21979" HPOS="1695" VPOS="1282" WIDTH="21" HEIGHT="0" />
            <String CONTENT="one" ID="Word_25070" HPOS="1717" VPOS="1282" WIDTH="81" HEIGHT="29" />
          </TextLine>
          <TextLine ID="TextLine_3096" HPOS="429" VPOS="1342" WIDTH="1369" HEIGHT="55">
            <String CONTENT="if" ID="Word_25071" HPOS="429" VPOS="1342" WIDTH="42" HEIGHT="45" />
            <SP ID="SP_21980" HPOS="472" VPOS="1342" WIDTH="13" HEIGHT="0" />
            <String CONTENT="hurt," ID="Word_25072" HPOS="486" VPOS="1343" WIDTH="121" HEIGHT="54" />
            <SP ID="SP_21981" HPOS="608" VPOS="1359" WIDTH="24" HEIGHT="0" />
            <String CONTENT="and" ID="Word_25073" HPOS="633" VPOS="1343" WIDTH="90" HEIGHT="45" />
            <SP ID="SP_21982" HPOS="724" VPOS="1343" WIDTH="22" HEIGHT="0" />
            <String CONTENT="will" ID="Word_25074" HPOS="747" VPOS="1343" WIDTH="95" HEIGHT="45" />
            <SP ID="SP_21983" HPOS="843" VPOS="1343" WIDTH="20" HEIGHT="0" />
            <String CONTENT="allow" ID="Word_25075" HPOS="864" VPOS="1343" WIDTH="134" HEIGHT="45" />
            <SP ID="SP_21984" HPOS="999" VPOS="1343" WIDTH="20" HEIGHT="0" />
            <String CONTENT="herself" ID="Word_25076" HPOS="1020" VPOS="1342" WIDTH="171" HEIGHT="45" />
            <SP ID="SP_21985" HPOS="1192" VPOS="1342" WIDTH="14" HEIGHT="0" />
            <String CONTENT="to" ID="Word_25077" HPOS="1207" VPOS="1349" WIDTH="44" HEIGHT="39" />
            <SP ID="SP_21986" HPOS="1252" VPOS="1344" WIDTH="21" HEIGHT="0" />
            <String CONTENT="be" ID="Word_25078" HPOS="1274" VPOS="1344" WIDTH="55" HEIGHT="44" />
            <SP ID="SP_21987" HPOS="1330" VPOS="1349" WIDTH="21" HEIGHT="0" />
            <String CONTENT="taken" ID="Word_25079" HPOS="1352" VPOS="1349" WIDTH="138" HEIGHT="39" />
            <SP ID="SP_21988" HPOS="1491" VPOS="1359" WIDTH="21" HEIGHT="0" />
            <String CONTENT="rather" ID="Word_25080" HPOS="1513" VPOS="1343" WIDTH="151" HEIGHT="45" />
            <SP ID="SP_21989" HPOS="1665" VPOS="1349" WIDTH="20" HEIGHT="0" />
            <String CONTENT="than" ID="Word_25081" HPOS="1686" VPOS="1343" WIDTH="112" HEIGHT="44" />
          </TextLine>
          <TextLine ID="TextLine_3097" HPOS="429" VPOS="1419" WIDTH="1369" HEIGHT="61">
            <String CONTENT="fly" ID="Word_25082" HPOS="429" VPOS="1419" WIDTH="65" HEIGHT="61" />
            <SP ID="SP_21990" HPOS="495" VPOS="1435" WIDTH="22" HEIGHT="0" />
            <String CONTENT="alone." ID="Word_25083" HPOS="518" VPOS="1420" WIDTH="140" HEIGHT="45" />
            <SP ID="SP_21991" HPOS="659" VPOS="1421" WIDTH="84" HEIGHT="0" />
            <String CONTENT="MM." ID="Word_25084" HPOS="744" VPOS="1421" WIDTH="121" HEIGHT="44" />
            <SP ID="SP_21992" HPOS="866" VPOS="1421" WIDTH="23" HEIGHT="0" />
            <String CONTENT="Diard" ID="Word_25085" HPOS="890" VPOS="1421" WIDTH="142" HEIGHT="44" />
            <SP ID="SP_21993" HPOS="1033" VPOS="1421" WIDTH="21" HEIGHT="0" />
            <String CONTENT="and" ID="Word_25086" HPOS="1055" VPOS="1421" WIDTH="89" HEIGHT="44" />
            <SP ID="SP_21994" HPOS="1145" VPOS="1421" WIDTH="16" HEIGHT="0" />
            <String CONTENT="Duvancel" ID="Word_25087" HPOS="1162" VPOS="1421" WIDTH="234" HEIGHT="45" />
            <SP ID="SP_21995" HPOS="1397" VPOS="1421" WIDTH="16" HEIGHT="0" />
            <String CONTENT="relate," ID="Word_25088" HPOS="1414" VPOS="1421" WIDTH="154" HEIGHT="53" />
            <SP ID="SP_21996" HPOS="1569" VPOS="1427" WIDTH="19" HEIGHT="0" />
            <String CONTENT="that" ID="Word_25089" HPOS="1589" VPOS="1427" WIDTH="100" HEIGHT="38" />
            <SP ID="SP_21997" HPOS="1690" VPOS="1427" WIDTH="16" HEIGHT="0" />
            <String CONTENT="this" ID="Word_25090" HPOS="1707" VPOS="1420" WIDTH="91" HEIGHT="45" />
          </TextLine>
          <TextLine ID="TextLine_3098" HPOS="429" VPOS="1497" WIDTH="1366" HEIGHT="60">
            <String CONTENT="maternal" ID="Word_25091" HPOS="429" VPOS="1498" WIDTH="223" HEIGHT="44" />
            <SP ID="SP_21998" HPOS="653" VPOS="1498" WIDTH="22" HEIGHT="0" />
            <String CONTENT="affection" ID="Word_25092" HPOS="676" VPOS="1497" WIDTH="206" HEIGHT="46" />
            <SP ID="SP_21999" HPOS="883" VPOS="1497" WIDTH="26" HEIGHT="0" />
            <String CONTENT="is" ID="Word_25093" HPOS="910" VPOS="1497" WIDTH="38" HEIGHT="45" />
            <SP ID="SP_22000" HPOS="949" VPOS="1513" WIDTH="32" HEIGHT="0" />
            <String CONTENT="at" ID="Word_25094" HPOS="982" VPOS="1504" WIDTH="48" HEIGHT="38" />
            <SP ID="SP_22001" HPOS="1031" VPOS="1504" WIDTH="29" HEIGHT="0" />
            <String CONTENT="all" ID="Word_25095" HPOS="1061" VPOS="1498" WIDTH="61" HEIGHT="45" />
            <SP ID="SP_22002" HPOS="1123" VPOS="1499" WIDTH="31" HEIGHT="0" />
            <String CONTENT="times" ID="Word_25096" HPOS="1155" VPOS="1504" WIDTH="133" HEIGHT="39" />
            <SP ID="SP_22003" HPOS="1289" VPOS="1514" WIDTH="28" HEIGHT="0" />
            <String CONTENT="remarkably" ID="Word_25097" HPOS="1318" VPOS="1499" WIDTH="287" HEIGHT="58" />
            <SP ID="SP_22004" HPOS="1606" VPOS="1513" WIDTH="23" HEIGHT="0" />
            <String CONTENT="strong," ID="Word_25098" HPOS="1630" VPOS="1504" WIDTH="165" HEIGHT="46" />
          </TextLine>
          <TextLine ID="TextLine_3099" HPOS="430" VPOS="1574" WIDTH="1368" HEIGHT="61">
            <String CONTENT="and" ID="Word_25099" HPOS="430" VPOS="1574" WIDTH="91" HEIGHT="45" />
            <SP ID="SP_22005" HPOS="522" VPOS="1574" WIDTH="32" HEIGHT="0" />
            <String CONTENT="not" ID="Word_25100" HPOS="555" VPOS="1581" WIDTH="79" HEIGHT="38" />
            <SP ID="SP_22006" HPOS="635" VPOS="1581" WIDTH="33" HEIGHT="0" />
            <String CONTENT="exercised" ID="Word_25101" HPOS="669" VPOS="1575" WIDTH="225" HEIGHT="45" />
            <SP ID="SP_22007" HPOS="895" VPOS="1575" WIDTH="32" HEIGHT="0" />
            <String CONTENT="only" ID="Word_25102" HPOS="928" VPOS="1575" WIDTH="108" HEIGHT="60" />
            <SP ID="SP_22008" HPOS="1037" VPOS="1575" WIDTH="33" HEIGHT="0" />
            <String CONTENT="in" ID="Word_25103" HPOS="1071" VPOS="1575" WIDTH="46" HEIGHT="44" />
            <SP ID="SP_22009" HPOS="1118" VPOS="1590" WIDTH="38" HEIGHT="0" />
            <String CONTENT="a" ID="Word_25104" HPOS="1157" VPOS="1590" WIDTH="27" HEIGHT="29" />
            <SP ID="SP_22010" HPOS="1185" VPOS="1581" WIDTH="37" HEIGHT="0" />
            <String CONTENT="time" ID="Word_25105" HPOS="1223" VPOS="1581" WIDTH="111" HEIGHT="39" />
            <SP ID="SP_22011" HPOS="1335" VPOS="1590" WIDTH="38" HEIGHT="0" />
            <String CONTENT="of" ID="Word_25106" HPOS="1374" VPOS="1574" WIDTH="49" HEIGHT="45" />
            <SP ID="SP_22012" HPOS="1424" VPOS="1574" WIDTH="27" HEIGHT="0" />
            <String CONTENT="danger." ID="Word_25107" HPOS="1452" VPOS="1575" WIDTH="178" HEIGHT="44" />
            <SP ID="SP_22013" HPOS="1631" VPOS="1575" WIDTH="68" HEIGHT="0" />
            <String CONTENT="The" ID="Word_25108" HPOS="1700" VPOS="1574" WIDTH="98" HEIGHT="45" />
          </TextLine>
          <TextLine ID="TextLine_3100" HPOS="428" VPOS="1651" WIDTH="1370" HEIGHT="61">
            <String CONTENT="young" ID="Word_25109" HPOS="428" VPOS="1667" WIDTH="152" HEIGHT="45" />
            <SP ID="SP_22014" HPOS="581" VPOS="1667" WIDTH="21" HEIGHT="0" />
            <String CONTENT="are" ID="Word_25110" HPOS="603" VPOS="1667" WIDTH="74" HEIGHT="29" />
            <SP ID="SP_22015" HPOS="678" VPOS="1657" WIDTH="32" HEIGHT="0" />
            <String CONTENT="tended" ID="Word_25111" HPOS="711" VPOS="1652" WIDTH="165" HEIGHT="44" />
            <SP ID="SP_22016" HPOS="877" VPOS="1652" WIDTH="30" HEIGHT="0" />
            <String CONTENT="with" ID="Word_25112" HPOS="908" VPOS="1651" WIDTH="113" HEIGHT="45" />
            <SP ID="SP_22017" HPOS="1022" VPOS="1652" WIDTH="29" HEIGHT="0" />
            <String CONTENT="the" ID="Word_25113" HPOS="1052" VPOS="1658" WIDTH="78" HEIGHT="38" />
            <SP ID="SP_22018" HPOS="1131" VPOS="1667" WIDTH="28" HEIGHT="0" />
            <String CONTENT="greatest" ID="Word_25114" HPOS="1160" VPOS="1658" WIDTH="193" HEIGHT="54" />
            <SP ID="SP_22019" HPOS="1354" VPOS="1658" WIDTH="34" HEIGHT="0" />
            <String CONTENT="care;" ID="Word_25115" HPOS="1389" VPOS="1667" WIDTH="127" HEIGHT="38" />
            <SP ID="SP_22020" HPOS="1517" VPOS="1667" WIDTH="36" HEIGHT="0" />
            <String CONTENT="and" ID="Word_25116" HPOS="1554" VPOS="1652" WIDTH="88" HEIGHT="44" />
            <SP ID="SP_22021" HPOS="1643" VPOS="1652" WIDTH="27" HEIGHT="0" />
            <String CONTENT="these" ID="Word_25117" HPOS="1671" VPOS="1652" WIDTH="127" HEIGHT="44" />
          </TextLine>
          <TextLine ID="TextLine_3101" HPOS="429" VPOS="1727" WIDTH="1368" HEIGHT="61">
            <String CONTENT="gentlemen" ID="Word_25118" HPOS="429" VPOS="1733" WIDTH="255" HEIGHT="54" />
            <SP ID="SP_22022" HPOS="685" VPOS="1743" WIDTH="21" HEIGHT="0" />
            <String CONTENT="mention" ID="Word_25119" HPOS="707" VPOS="1728" WIDTH="204" HEIGHT="44" />
            <SP ID="SP_22023" HPOS="912" VPOS="1728" WIDTH="15" HEIGHT="0" />
            <String CONTENT="having" ID="Word_25120" HPOS="928" VPOS="1728" WIDTH="168" HEIGHT="60" />
            <SP ID="SP_22024" HPOS="1097" VPOS="1744" WIDTH="14" HEIGHT="0" />
            <String CONTENT="seen" ID="Word_25121" HPOS="1112" VPOS="1743" WIDTH="104" HEIGHT="29" />
            <SP ID="SP_22025" HPOS="1217" VPOS="1734" WIDTH="16" HEIGHT="0" />
            <String CONTENT="the" ID="Word_25122" HPOS="1234" VPOS="1728" WIDTH="78" HEIGHT="44" />
            <SP ID="SP_22026" HPOS="1313" VPOS="1727" WIDTH="14" HEIGHT="0" />
            <String CONTENT="females" ID="Word_25123" HPOS="1328" VPOS="1727" WIDTH="182" HEIGHT="45" />
            <SP ID="SP_22027" HPOS="1511" VPOS="1743" WIDTH="23" HEIGHT="0" />
            <String CONTENT="carry" ID="Word_25124" HPOS="1535" VPOS="1743" WIDTH="126" HEIGHT="44" />
            <SP ID="SP_22028" HPOS="1662" VPOS="1735" WIDTH="16" HEIGHT="0" />
            <String CONTENT="their" ID="Word_25125" HPOS="1679" VPOS="1728" WIDTH="118" HEIGHT="44" />
          </TextLine>
          <TextLine ID="TextLine_3102" HPOS="428" VPOS="1803" WIDTH="1370" HEIGHT="60">
            <String CONTENT="young" ID="Word_25126" HPOS="428" VPOS="1819" WIDTH="152" HEIGHT="44" />
            <SP ID="SP_22029" HPOS="581" VPOS="1810" WIDTH="20" HEIGHT="0" />
            <String CONTENT="to" ID="Word_25127" HPOS="602" VPOS="1810" WIDTH="46" HEIGHT="38" />
            <SP ID="SP_22030" HPOS="649" VPOS="1810" WIDTH="22" HEIGHT="0" />
            <String CONTENT="the" ID="Word_25128" HPOS="672" VPOS="1803" WIDTH="77" HEIGHT="45" />
            <SP ID="SP_22031" HPOS="750" VPOS="1805" WIDTH="27" HEIGHT="0" />
            <String CONTENT="banks" ID="Word_25129" HPOS="778" VPOS="1805" WIDTH="143" HEIGHT="43" />
            <SP ID="SP_22032" HPOS="922" VPOS="1819" WIDTH="27" HEIGHT="0" />
            <String CONTENT="of" ID="Word_25130" HPOS="950" VPOS="1803" WIDTH="49" HEIGHT="46" />
            <SP ID="SP_22033" HPOS="1000" VPOS="1803" WIDTH="13" HEIGHT="0" />
            <String CONTENT="a" ID="Word_25131" HPOS="1014" VPOS="1819" WIDTH="27" HEIGHT="29" />
            <SP ID="SP_22034" HPOS="1042" VPOS="1819" WIDTH="21" HEIGHT="0" />
            <String CONTENT="stream," ID="Word_25132" HPOS="1064" VPOS="1810" WIDTH="180" HEIGHT="47" />
            <SP ID="SP_22035" HPOS="1245" VPOS="1820" WIDTH="25" HEIGHT="0" />
            <String CONTENT="wash" ID="Word_25133" HPOS="1271" VPOS="1805" WIDTH="126" HEIGHT="43" />
            <SP ID="SP_22036" HPOS="1398" VPOS="1805" WIDTH="21" HEIGHT="0" />
            <String CONTENT="them" ID="Word_25134" HPOS="1420" VPOS="1810" WIDTH="127" HEIGHT="38" />
            <SP ID="SP_22037" HPOS="1548" VPOS="1819" WIDTH="28" HEIGHT="0" />
            <String CONTENT="notwith-" ID="Word_25135" HPOS="1577" VPOS="1804" WIDTH="221" HEIGHT="44" />
          </TextLine>
          <TextLine ID="TextLine_3103" HPOS="431" VPOS="1880" WIDTH="1367" HEIGHT="61">
            <String CONTENT="standing" ID="Word_25136" HPOS="431" VPOS="1880" WIDTH="210" HEIGHT="60" />
            <SP ID="SP_22038" HPOS="642" VPOS="1886" WIDTH="31" HEIGHT="0" />
            <String CONTENT="their" ID="Word_25137" HPOS="674" VPOS="1880" WIDTH="118" HEIGHT="44" />
            <SP ID="SP_22039" HPOS="793" VPOS="1895" WIDTH="25" HEIGHT="0" />
            <String CONTENT="cries," ID="Word_25138" HPOS="819" VPOS="1895" WIDTH="122" HEIGHT="38" />
            <SP ID="SP_22040" HPOS="942" VPOS="1895" WIDTH="25" HEIGHT="0" />
            <String CONTENT="and" ID="Word_25139" HPOS="968" VPOS="1880" WIDTH="90" HEIGHT="44" />
            <SP ID="SP_22041" HPOS="1059" VPOS="1880" WIDTH="28" HEIGHT="0" />
            <String CONTENT="wipe" ID="Word_25140" HPOS="1088" VPOS="1896" WIDTH="116" HEIGHT="44" />
            <SP ID="SP_22042" HPOS="1205" VPOS="1896" WIDTH="29" HEIGHT="0" />
            <String CONTENT="and" ID="Word_25141" HPOS="1235" VPOS="1881" WIDTH="90" HEIGHT="44" />
            <SP ID="SP_22043" HPOS="1326" VPOS="1881" WIDTH="28" HEIGHT="0" />
            <String CONTENT="dry" ID="Word_25142" HPOS="1355" VPOS="1881" WIDTH="84" HEIGHT="60" />
            <SP ID="SP_22044" HPOS="1440" VPOS="1887" WIDTH="27" HEIGHT="0" />
            <String CONTENT="them" ID="Word_25143" HPOS="1468" VPOS="1881" WIDTH="129" HEIGHT="44" />
            <SP ID="SP_22045" HPOS="1598" VPOS="1880" WIDTH="39" HEIGHT="0" />
            <String CONTENT="in" ID="Word_25144" HPOS="1638" VPOS="1880" WIDTH="46" HEIGHT="44" />
            <SP ID="SP_22046" HPOS="1685" VPOS="1887" WIDTH="33" HEIGHT="0" />
            <String CONTENT="the" ID="Word_25145" HPOS="1719" VPOS="1880" WIDTH="79" HEIGHT="45" />
          </TextLine>
          <TextLine ID="TextLine_3104" HPOS="430" VPOS="1955" WIDTH="531" HEIGHT="46">
            <String CONTENT="most" ID="Word_25146" HPOS="430" VPOS="1962" WIDTH="118" HEIGHT="39" />
            <SP ID="SP_22047" HPOS="549" VPOS="1962" WIDTH="22" HEIGHT="0" />
            <String CONTENT="careful" ID="Word_25147" HPOS="572" VPOS="1955" WIDTH="165" HEIGHT="46" />
            <SP ID="SP_22048" HPOS="738" VPOS="1957" WIDTH="21" HEIGHT="0" />
            <String CONTENT="manner." ID="Word_25148" HPOS="760" VPOS="1971" WIDTH="201" HEIGHT="29" />
          </TextLine>
          <TextLine ID="TextLine_3105" HPOS="515" VPOS="2033" WIDTH="1278" HEIGHT="60">
            <String CONTENT="These" ID="Word_25149" HPOS="515" VPOS="2033" WIDTH="146" HEIGHT="44" />
            <SP ID="SP_22049" HPOS="662" VPOS="2048" WIDTH="28" HEIGHT="0" />
            <String CONTENT="gentlemen" ID="Word_25150" HPOS="691" VPOS="2039" WIDTH="255" HEIGHT="54" />
            <SP ID="SP_22050" HPOS="947" VPOS="2048" WIDTH="33" HEIGHT="0" />
            <String CONTENT="also" ID="Word_25151" HPOS="981" VPOS="2033" WIDTH="93" HEIGHT="45" />
            <SP ID="SP_22051" HPOS="1075" VPOS="2034" WIDTH="34" HEIGHT="0" />
            <String CONTENT="describe" ID="Word_25152" HPOS="1110" VPOS="2034" WIDTH="195" HEIGHT="44" />
            <SP ID="SP_22052" HPOS="1306" VPOS="2039" WIDTH="28" HEIGHT="0" />
            <String CONTENT="their" ID="Word_25153" HPOS="1335" VPOS="2033" WIDTH="119" HEIGHT="45" />
            <SP ID="SP_22053" HPOS="1455" VPOS="2033" WIDTH="20" HEIGHT="0" />
            <String CONTENT="habits" ID="Word_25154" HPOS="1476" VPOS="2033" WIDTH="152" HEIGHT="45" />
            <SP ID="SP_22054" HPOS="1629" VPOS="2049" WIDTH="33" HEIGHT="0" />
            <String CONTENT="when" ID="Word_25155" HPOS="1663" VPOS="2048" WIDTH="130" HEIGHT="29" />
          </TextLine>
          <TextLine ID="TextLine_3106" HPOS="432" VPOS="2108" WIDTH="1369" HEIGHT="62">
            <String CONTENT="conflned," ID="Word_25156" HPOS="432" VPOS="2108" WIDTH="216" HEIGHT="54" />
            <SP ID="SP_22055" HPOS="649" VPOS="2125" WIDTH="25" HEIGHT="0" />
            <String CONTENT="as" ID="Word_25157" HPOS="675" VPOS="2125" WIDTH="47" HEIGHT="29" />
            <SP ID="SP_22056" HPOS="723" VPOS="2125" WIDTH="36" HEIGHT="0" />
            <String CONTENT="characterised" ID="Word_25158" HPOS="760" VPOS="2109" WIDTH="322" HEIGHT="45" />
            <SP ID="SP_22057" HPOS="1083" VPOS="2110" WIDTH="26" HEIGHT="0" />
            <String CONTENT="by" ID="Word_25159" HPOS="1110" VPOS="2111" WIDTH="62" HEIGHT="59" />
            <SP ID="SP_22058" HPOS="1173" VPOS="2125" WIDTH="23" HEIGHT="0" />
            <String CONTENT="stupidity," ID="Word_25160" HPOS="1197" VPOS="2109" WIDTH="241" HEIGHT="61" />
            <SP ID="SP_22059" HPOS="1439" VPOS="2109" WIDTH="32" HEIGHT="0" />
            <String CONTENT="dulness," ID="Word_25161" HPOS="1472" VPOS="2109" WIDTH="197" HEIGHT="53" />
            <SP ID="SP_22060" HPOS="1670" VPOS="2125" WIDTH="35" HEIGHT="0" />
            <String CONTENT="and" ID="Word_25162" HPOS="1706" VPOS="2110" WIDTH="95" HEIGHT="45" />
          </TextLine>
          <TextLine ID="TextLine_3107" HPOS="433" VPOS="2185" WIDTH="1358" HEIGHT="61">
            <String CONTENT="inactivity," ID="Word_25163" HPOS="433" VPOS="2185" WIDTH="256" HEIGHT="60" />
            <SP ID="SP_22061" HPOS="690" VPOS="2186" WIDTH="25" HEIGHT="0" />
            <String CONTENT="in" ID="Word_25164" HPOS="716" VPOS="2186" WIDTH="46" HEIGHT="44" />
            <SP ID="SP_22062" HPOS="763" VPOS="2201" WIDTH="28" HEIGHT="0" />
            <String CONTENT="a" ID="Word_25165" HPOS="792" VPOS="2201" WIDTH="26" HEIGHT="29" />
            <SP ID="SP_22063" HPOS="819" VPOS="2185" WIDTH="22" HEIGHT="0" />
            <String CONTENT="few" ID="Word_25166" HPOS="842" VPOS="2185" WIDTH="86" HEIGHT="45" />
            <SP ID="SP_22064" HPOS="929" VPOS="2186" WIDTH="14" HEIGHT="0" />
            <String CONTENT="days" ID="Word_25167" HPOS="944" VPOS="2186" WIDTH="112" HEIGHT="44" />
            <SP ID="SP_22065" HPOS="1057" VPOS="2188" WIDTH="22" HEIGHT="0" />
            <String CONTENT="becoming" ID="Word_25168" HPOS="1080" VPOS="2188" WIDTH="232" HEIGHT="58" />
            <SP ID="SP_22066" HPOS="1313" VPOS="2202" WIDTH="14" HEIGHT="0" />
            <String CONTENT="mild," ID="Word_25169" HPOS="1328" VPOS="2187" WIDTH="127" HEIGHT="52" />
            <SP ID="SP_22067" HPOS="1456" VPOS="2202" WIDTH="19" HEIGHT="0" />
            <String CONTENT="and" ID="Word_25170" HPOS="1476" VPOS="2187" WIDTH="89" HEIGHT="43" />
            <SP ID="SP_22068" HPOS="1566" VPOS="2187" WIDTH="17" HEIGHT="0" />
            <String CONTENT="deprived" ID="Word_25171" HPOS="1584" VPOS="2186" WIDTH="207" HEIGHT="45" />
          </TextLine>
          <TextLine ID="TextLine_3108" HPOS="432" VPOS="2261" WIDTH="1363" HEIGHT="61">
            <String CONTENT="of" ID="Word_25172" HPOS="432" VPOS="2261" WIDTH="50" HEIGHT="45" />
            <SP ID="SP_22069" HPOS="483" VPOS="2261" WIDTH="23" HEIGHT="0" />
            <String CONTENT="all" ID="Word_25173" HPOS="507" VPOS="2261" WIDTH="62" HEIGHT="45" />
            <SP ID="SP_22070" HPOS="570" VPOS="2261" WIDTH="32" HEIGHT="0" />
            <String CONTENT="ferocity," ID="Word_25174" HPOS="603" VPOS="2261" WIDTH="200" HEIGHT="61" />
            <SP ID="SP_22071" HPOS="804" VPOS="2263" WIDTH="35" HEIGHT="0" />
            <String CONTENT="but" ID="Word_25175" HPOS="840" VPOS="2263" WIDTH="80" HEIGHT="43" />
            <SP ID="SP_22072" HPOS="921" VPOS="2268" WIDTH="31" HEIGHT="0" />
            <String CONTENT="always" ID="Word_25176" HPOS="953" VPOS="2262" WIDTH="174" HEIGHT="44" />
            <SP ID="SP_22073" HPOS="1128" VPOS="2269" WIDTH="28" HEIGHT="0" />
            <String CONTENT="timid," ID="Word_25177" HPOS="1157" VPOS="2262" WIDTH="147" HEIGHT="53" />
            <SP ID="SP_22074" HPOS="1305" VPOS="2277" WIDTH="33" HEIGHT="0" />
            <String CONTENT="and" ID="Word_25178" HPOS="1339" VPOS="2262" WIDTH="88" HEIGHT="44" />
            <SP ID="SP_22075" HPOS="1428" VPOS="2262" WIDTH="40" HEIGHT="0" />
            <String CONTENT="without" ID="Word_25179" HPOS="1469" VPOS="2262" WIDTH="193" HEIGHT="44" />
            <SP ID="SP_22076" HPOS="1663" VPOS="2268" WIDTH="28" HEIGHT="0" />
            <String CONTENT="that" ID="Word_25180" HPOS="1692" VPOS="2263" WIDTH="103" HEIGHT="44" />
          </TextLine>
          <TextLine ID="TextLine_3109" HPOS="431" VPOS="2337" WIDTH="1363" HEIGHT="61">
            <String CONTENT="familiarity" ID="Word_25181" HPOS="431" VPOS="2337" WIDTH="266" HEIGHT="61" />
            <SP ID="SP_22077" HPOS="698" VPOS="2353" WIDTH="38" HEIGHT="0" />
            <String CONTENT="and" ID="Word_25182" HPOS="737" VPOS="2338" WIDTH="89" HEIGHT="44" />
            <SP ID="SP_22078" HPOS="827" VPOS="2338" WIDTH="38" HEIGHT="0" />
            <String CONTENT="impudence" ID="Word_25183" HPOS="866" VPOS="2338" WIDTH="265" HEIGHT="44" />
            <SP ID="SP_22079" HPOS="1132" VPOS="2353" WIDTH="39" HEIGHT="0" />
            <String CONTENT="which" ID="Word_25184" HPOS="1172" VPOS="2338" WIDTH="148" HEIGHT="44" />
            <SP ID="SP_22080" HPOS="1321" VPOS="2339" WIDTH="36" HEIGHT="0" />
            <String CONTENT="so" ID="Word_25185" HPOS="1358" VPOS="2353" WIDTH="44" HEIGHT="29" />
            <SP ID="SP_22081" HPOS="1403" VPOS="2353" WIDTH="39" HEIGHT="0" />
            <String CONTENT="many" ID="Word_25186" HPOS="1443" VPOS="2353" WIDTH="141" HEIGHT="45" />
            <SP ID="SP_22082" HPOS="1585" VPOS="2353" WIDTH="33" HEIGHT="0" />
            <String CONTENT="of" ID="Word_25187" HPOS="1619" VPOS="2337" WIDTH="50" HEIGHT="45" />
            <SP ID="SP_22083" HPOS="1670" VPOS="2337" WIDTH="32" HEIGHT="0" />
            <String CONTENT="this" ID="Word_25188" HPOS="1703" VPOS="2338" WIDTH="91" HEIGHT="45" />
          </TextLine>
          <TextLine ID="TextLine_3110" HPOS="431" VPOS="2414" WIDTH="1363" HEIGHT="61">
            <String CONTENT="tribe" ID="Word_25189" HPOS="431" VPOS="2414" WIDTH="114" HEIGHT="45" />
            <SP ID="SP_22084" HPOS="546" VPOS="2430" WIDTH="22" HEIGHT="0" />
            <String CONTENT="very" ID="Word_25190" HPOS="569" VPOS="2430" WIDTH="107" HEIGHT="45" />
            <SP ID="SP_22085" HPOS="677" VPOS="2430" WIDTH="25" HEIGHT="0" />
            <String CONTENT="soon" ID="Word_25191" HPOS="703" VPOS="2429" WIDTH="103" HEIGHT="30" />
            <SP ID="SP_22086" HPOS="807" VPOS="2429" WIDTH="23" HEIGHT="0" />
            <String CONTENT="acquire" ID="Word_25192" HPOS="831" VPOS="2429" WIDTH="176" HEIGHT="44" />
            <SP ID="SP_22087" HPOS="1008" VPOS="2429" WIDTH="19" HEIGHT="0" />
            <String CONTENT=";" ID="Word_25193" HPOS="1028" VPOS="2430" WIDTH="12" HEIGHT="37" />
            <SP ID="SP_22088" HPOS="1041" VPOS="2430" WIDTH="35" HEIGHT="0" />
            <String CONTENT="nor" ID="Word_25194" HPOS="1077" VPOS="2429" WIDTH="81" HEIGHT="29" />
            <SP ID="SP_22089" HPOS="1159" VPOS="2414" WIDTH="31" HEIGHT="0" />
            <String CONTENT="does" ID="Word_25195" HPOS="1191" VPOS="2414" WIDTH="103" HEIGHT="45" />
            <SP ID="SP_22090" HPOS="1295" VPOS="2430" WIDTH="27" HEIGHT="0" />
            <String CONTENT="either" ID="Word_25196" HPOS="1323" VPOS="2414" WIDTH="143" HEIGHT="45" />
            <SP ID="SP_22091" HPOS="1467" VPOS="2430" WIDTH="28" HEIGHT="0" />
            <String CONTENT="good" ID="Word_25197" HPOS="1496" VPOS="2415" WIDTH="110" HEIGHT="60" />
            <SP ID="SP_22092" HPOS="1607" VPOS="2415" WIDTH="29" HEIGHT="0" />
            <String CONTENT="or" ID="Word_25198" HPOS="1637" VPOS="2430" WIDTH="47" HEIGHT="29" />
            <SP ID="SP_22093" HPOS="1685" VPOS="2416" WIDTH="20" HEIGHT="0" />
            <String CONTENT="bad" ID="Word_25199" HPOS="1706" VPOS="2415" WIDTH="88" HEIGHT="44" />
          </TextLine>
          <TextLine ID="TextLine_3111" HPOS="432" VPOS="2489" WIDTH="1360" HEIGHT="47">
            <String CONTENT="treatment" ID="Word_25200" HPOS="432" VPOS="2497" WIDTH="241" HEIGHT="39" />
            <SP ID="SP_22094" HPOS="674" VPOS="2497" WIDTH="23" HEIGHT="0" />
            <String CONTENT="seem" ID="Word_25201" HPOS="698" VPOS="2506" WIDTH="119" HEIGHT="29" />
            <SP ID="SP_22095" HPOS="818" VPOS="2497" WIDTH="22" HEIGHT="0" />
            <String CONTENT="to" ID="Word_25202" HPOS="841" VPOS="2497" WIDTH="45" HEIGHT="39" />
            <SP ID="SP_22096" HPOS="887" VPOS="2491" WIDTH="22" HEIGHT="0" />
            <String CONTENT="have" ID="Word_25203" HPOS="910" VPOS="2491" WIDTH="116" HEIGHT="44" />
            <SP ID="SP_22097" HPOS="1027" VPOS="2506" WIDTH="21" HEIGHT="0" />
            <String CONTENT="much" ID="Word_25204" HPOS="1049" VPOS="2491" WIDTH="135" HEIGHT="44" />
            <SP ID="SP_22098" HPOS="1185" VPOS="2491" WIDTH="30" HEIGHT="0" />
            <String CONTENT="effect" ID="Word_25205" HPOS="1216" VPOS="2489" WIDTH="129" HEIGHT="46" />
            <SP ID="SP_22099" HPOS="1346" VPOS="2497" WIDTH="31" HEIGHT="0" />
            <String CONTENT="on" ID="Word_25206" HPOS="1378" VPOS="2506" WIDTH="55" HEIGHT="29" />
            <SP ID="SP_22100" HPOS="1434" VPOS="2498" WIDTH="29" HEIGHT="0" />
            <String CONTENT="their" ID="Word_25207" HPOS="1464" VPOS="2491" WIDTH="118" HEIGHT="44" />
            <SP ID="SP_22101" HPOS="1583" VPOS="2491" WIDTH="21" HEIGHT="0" />
            <String CONTENT="disposi-" ID="Word_25208" HPOS="1605" VPOS="2491" WIDTH="187" HEIGHT="45" />
          </TextLine>
          <TextLine ID="TextLine_3112" HPOS="431" VPOS="2566" WIDTH="1355" HEIGHT="62">
            <String CONTENT="tions." ID="Word_25209" HPOS="431" VPOS="2566" WIDTH="128" HEIGHT="46" />
            <SP ID="SP_22102" HPOS="560" VPOS="2568" WIDTH="68" HEIGHT="0" />
            <String CONTENT="The" ID="Word_25210" HPOS="629" VPOS="2568" WIDTH="97" HEIGHT="43" />
            <SP ID="SP_22103" HPOS="727" VPOS="2583" WIDTH="25" HEIGHT="0" />
            <String CONTENT="most" ID="Word_25211" HPOS="753" VPOS="2574" WIDTH="116" HEIGHT="38" />
            <SP ID="SP_22104" HPOS="870" VPOS="2574" WIDTH="30" HEIGHT="0" />
            <String CONTENT="common" ID="Word_25212" HPOS="901" VPOS="2582" WIDTH="203" HEIGHT="30" />
            <SP ID="SP_22105" HPOS="1105" VPOS="2583" WIDTH="21" HEIGHT="0" />
            <String CONTENT="position" ID="Word_25213" HPOS="1127" VPOS="2566" WIDTH="191" HEIGHT="62" />
            <SP ID="SP_22106" HPOS="1319" VPOS="2567" WIDTH="15" HEIGHT="0" />
            <String CONTENT="is" ID="Word_25214" HPOS="1335" VPOS="2567" WIDTH="36" HEIGHT="45" />
            <SP ID="SP_22107" HPOS="1372" VPOS="2583" WIDTH="17" HEIGHT="0" />
            <String CONTENT="sitting" ID="Word_25215" HPOS="1390" VPOS="2567" WIDTH="156" HEIGHT="61" />
            <SP ID="SP_22108" HPOS="1547" VPOS="2583" WIDTH="16" HEIGHT="0" />
            <String CONTENT="squatted," ID="Word_25216" HPOS="1564" VPOS="2567" WIDTH="222" HEIGHT="52" />
          </TextLine>
        </TextBlock>
      </PrintSpace>
    </Page>
  </Layout>
</alto>
