1895 3217
740 328 239 33 MONKEYS,

1479 322 59 42 33

171 457 90 62 rity
285 459 184 45 -whence
497 457 112 61 they
632 457 118 45 have
773 457 114 44 been
917 455 223 46 obtained.
1210 455 195 47 Genielii
1430 458 106 46 Car-

168 536 87 45 reri
278 537 101 44 tells
402 552 69 37 us,
496 535 102 45 that
622 540 78 38 the
729 549 156 30 orangs
917 533 191 45 descend
1138 531 113 47 from
1275 539 78 39 the
1377 549 160 30 moun-

168 619 120 38 tains
312 613 133 44 when
469 612 77 44 the
570 610 130 45 fruits
732 625 73 30 are
837 609 264 53 exhausted,
1129 609 149 46 where
1305 610 112 61 they
1442 609 95 47 feed

168 703 56 30 on
243 688 176 45 various
445 686 213 54 shellfish,
683 688 81 43 but
789 685 293 62 particularly
1101 701 55 30 on
1180 701 27 30 a
1229 686 121 45 large
1374 687 163 45 species

169 764 49 46 of
244 772 161 38 oyster.
543 763 182 46 Fearful
760 762 50 47 of
834 762 184 62 putting
1051 762 47 46 in
1131 764 119 44 their
1282 779 140 45 paws,
1454 764 85 46 lest

167 848 79 38 the
269 857 151 30 oyster
454 842 158 45 should
643 856 113 30 close
779 841 91 44 and
893 840 131 45 crush
1046 846 143 48 them,
1214 841 112 60 they
1350 841 139 45 insert
1513 857 25 30 a

168 933 125 30 stone
318 919 161 44 within
503 925 77 38 the
604 918 126 54 shell,
757 916 149 46 which
929 923 210 55 prevents
1162 917 36 46 it
1222 916 110 46 from
1358 918 179 54 closing,

169 995 89 45 and
275 995 111 44 then
404 995 107 61 drag
528 1001 77 39 out
629 995 118 44 their
764 1010 110 45 prey
892 994 91 45 and
1001 994 168 46 devour
1190 994 37 46 it
1246 1001 48 39 at
1316 995 162 45 leisure
1496 995 41 43 !”

233 1071 55 45 In
322 1072 125 44 those
483 1072 194 44 districts
702 1073 149 44 where
886 1071 267 46 cultivation
1185 1072 82 44 has
1292 1073 244 53 advanced,

166 1148 112 60 they
302 1149 179 44 become
516 1149 289 60 exceedingly
828 1149 313 49 troublesome,
1166 1149 91 44 and
1286 1147 112 46 horn
1420 1149 120 44 their

167 1226 214 44 numbers
417 1225 54 45 do
505 1240 57 30 no
602 1225 352 45 inconsiderable
993 1225 155 61 injury
1180 1231 47 40 to
1261 1226 78 44 the
1372 1224 166 62 foreign

168 1301 350 53 husbandman;
567 1317 58 29 an
659 1301 194 45 amiable
886 1308 104 54 poet
1022 1307 109 40 thus
1163 1308 225 39 mentions
1421 1301 119 46 their

169 1378 310 60 depredations
503 1393 163 46 among
688 1384 78 39 the
791 1393 130 46 sugar
942 1393 154 46 groves

330 1496 24 18 “
375 1494 244 46 Destructive,
640 1508 47 22 on
707 1501 63 29 the
790 1494 137 48 upland
947 1507 104 36 sugar
1068 1507 125 35 groves

326 1559 80 37 The
425 1573 162 35 monkey
605 1567 124 29 nation
748 1573 104 35 preys
869 1573 12 33 ;
909 1561 96 35 from
1023 1561 113 47 rocky
1153 1561 156 45 heights,

326 1625 47 36 In
393 1627 109 35 silent
520 1632 143 42 parties,
683 1626 88 47 they
791 1627 154 35 descend
963 1627 49 47 hy
1030 1627 116 44 night.

323 1690 91 37 And
432 1698 142 41 posting
592 1692 173 36 watchful
785 1693 186 45 sentinels,
995 1698 37 30 to
1051 1704 100 25 warn

324 1756 131 37 When
475 1757 131 36 hostile
626 1770 93 35 steps
739 1758 173 47 approach
928 1770 11 32 ;
959 1758 89 35 -with
1066 1759 175 46 gambols,
1262 1758 87 48 they

324 1822 101 37 Pour
445 1824 73 35 o’er
537 1829 62 30 the
619 1836 86 23 cane
725 1836 120 34 grove.
907 1823 177 37 Luckless
1103 1824 47 35 he
1170 1829 38 30 to
1227 1824 122 36 whom

324 1888 98 37 That
439 1890 87 35 land
545 1890 157 46 pertains
719 1889 39 35 !”

230 1992 56 45 In
319 1993 90 44 like
442 2007 203 38 manner,
671 1992 133 44 when
827 2006 28 30 a
875 1992 232 45 remission
1141 1991 50 45 of
1217 1991 317 48 watchfulness

166 2084 163 38 occurs,
356 2069 53 44 do
443 2075 113 54 they
578 2068 190 60 plunder
797 2074 79 38 the
905 2067 146 45 maize
1076 2067 142 55 fields,
1244 2069 90 45 and
1355 2071 77 43 rob
1454 2070 79 46 the

166 2146 204 44 orchards
400 2144 51 46 of
470 2145 116 44 their
615 2144 190 45 choicest
834 2143 160 55 fruits;
1075 2150 112 56 they
1211 2160 73 30 are
1312 2161 45 29 so
1381 2146 151 46 impu-

165 2222 121 54 dent,
311 2223 102 44 that
431 2229 111 54 they
558 2221 94 45 will
670 2237 122 29 come
810 2221 94 46 into
923 2228 78 38 the
1018 2237 187 46 gardens
1223 2222 91 45 and
1332 2229 72 39 eat
1424 2225 108 44 such

165 2314 111 30 sorts
292 2298 49 46 of
349 2298 106 46 fruit
471 2314 47 30 as
533 2314 119 45 grow
668 2299 169 44 there,”
855 2314 104 46 says
977 2299 138 45 Knox
1123 2298 46 54 j*
1187 2300 345 62 andThunberg

164 2375 176 54 relates,
366 2376 102 44 that
493 2376 108 44 such
624 2375 37 45 is
685 2381 77 38 the
779 2375 311 60 superstitious
1113 2382 170 54 respect
1307 2376 47 45 in
1380 2377 150 46 which

165 2452 77 44 the
267 2453 207 44 Entellus
488 2452 197 60 monkey
702 2451 37 45 is
757 2452 105 44 held
877 2453 61 59 by
956 2458 78 39 the
1052 2459 190 47 natives,
1259 2460 103 38 that
1378 2461 150 38 what-

167 2543 102 30 ever
290 2544 183 30 ravages
495 2534 112 55 they
630 2543 109 46 may
758 2528 198 54 commit,
976 2529 112 61 they
1107 2530 104 46 dare
1234 2536 78 40 not
1336 2537 191 40 venture

642 2631 20 21 •
693 2630 144 38 Knox's
857 2630 151 49 Ceylon.
