2113 3404
291 266 82 43 168

790 286 87 32 THE
909 288 241 34 DISORDERS
1183 291 53 31 OF
1267 291 175 34 SPEECH.

285 398 46 43 in
354 399 46 45 it.
461 402 43 42 A
520 405 206 44 standard
743 407 44 42 of
807 408 108 56 good
933 412 111 40 taste
1061 410 36 42 is
1112 410 101 44 thus
1230 411 274 44 established,
1521 411 84 43 and
1623 425 84 42 any
1727 414 172 43 marked

285 470 230 57 departure
538 475 110 43 from
671 478 46 49 it,
739 478 36 42 if
805 478 74 43 the
902 479 272 44 articulative
1196 495 165 41 powers
1392 496 71 28 are
1495 482 177 50 normal,
1695 496 140 29 comes
1856 488 42 38 to

285 540 53 44 be
360 542 191 45 branded
573 560 46 29 as
641 547 137 43 either
799 562 54 28 an
876 549 247 43 affectation
1147 564 47 28 or
1216 565 24 27 a
1262 552 245 42 vulgarism.

344 612 46 44 It
412 615 143 43 would
577 617 52 43 be
651 632 102 42 easy
775 623 44 38 to
841 619 96 55 give
959 620 225 42 abundant
1205 621 218 42 examples
1446 622 44 41 of
1510 622 295 50 Affectations,
1824 623 76 43 but

284 683 38 42 it
343 698 100 43 may
461 687 145 42 suffice
630 693 43 37 to
696 689 169 42 remind
897 689 74 42 the
993 690 147 41 reader
1161 690 47 42 of
1235 690 74 42 the
1335 691 266 43 affectations
1623 693 212 55 practised
1857 694 44 42 in

285 755 74 41 the
376 756 285 43 substitution
684 760 46 40 of
742 757 60 43 th
822 760 61 40 for
900 771 25 32 s
946 759 193 55 (lisping)
1156 760 85 41 and
1259 761 44 40 in
1322 761 71 42 the
1417 762 281 42 substitution
1718 763 45 41 of
1775 773 50 32 w
1840 765 62 42 for

285 836 26 29 r
329 826 226 52 ;—which,
578 828 210 52 however,
810 843 70 28 are
902 829 269 42 affectations
1193 830 103 56 only
1320 831 124 43 when
1468 832 103 55 they
1593 847 69 28 are
1691 836 210 52 practised

284 897 277 56 voluntarily.
623 899 42 41 A
687 914 96 28 new
805 900 259 50 affectation,
1081 899 142 43 which
1245 915 137 29 seems
1404 907 44 37 to
1469 903 53 42 be
1543 903 175 56 gaining
1737 907 162 52 ground

284 972 45 37 at
350 972 185 50 present,
557 968 37 42 is
617 968 72 43 the
719 970 285 42 substitution
1036 970 43 41 of
1108 980 34 30 n
1174 970 64 42 for
1259 971 73 42 the
1363 972 200 42 terminal
1594 987 71 31 ng
1695 973 45 41 in
1764 975 134 42 words

284 1038 162 42 ending
463 1043 104 36 with
590 1037 99 44 ing.

343 1108 90 43 The
465 1113 114 37 most
609 1108 185 56 striking
818 1109 250 57 Vulgarism
1099 1111 47 41 in
1178 1111 180 54 English
1391 1113 36 41 is
1459 1112 73 42 the
1564 1113 202 42 omission
1797 1114 46 40 of
1868 1112 33 43 h

285 1179 143 43 where
450 1179 36 41 it
507 1179 135 55 ought
664 1183 43 38 to
730 1179 52 42 be
803 1181 288 54 pronounced,
1114 1181 84 41 and
1230 1182 73 41 the
1334 1182 209 42 insertion
1576 1183 45 41 of
1649 1183 36 41 it
1707 1183 138 42 where
1867 1185 34 41 it

285 1251 135 55 ought
442 1255 86 37 not.
592 1250 194 43 Omitted
810 1251 45 41 in
878 1265 80 28 one
980 1251 134 55 place,
1131 1252 34 41 it
1197 1252 122 42 takes
1341 1253 57 41 its
1415 1267 181 41 revenge
1619 1253 57 55 by
1698 1254 205 54 cropping

283 1336 61 41 up
367 1320 140 43 where
539 1321 35 41 it
604 1320 78 42 has
705 1334 56 28 no
793 1320 116 56 right
941 1327 43 36 to
1015 1322 62 42 be.
1141 1322 45 41 It
1217 1321 37 42 is
1285 1322 129 42 much
1447 1322 75 43 the
1553 1337 115 27 same
1692 1323 106 41 with
1829 1324 72 42 the

286 1394 129 40 letter
435 1403 37 30 r.
536 1392 122 42 Even
681 1392 45 41 in
744 1392 134 55 polite
899 1392 195 56 English,
1116 1393 74 41 the
1210 1403 26 31 r
1256 1394 138 41 sound
1423 1394 88 42 has,
1535 1393 123 42 when
1682 1394 221 55 occurring

287 1465 111 41 after
434 1478 24 27 a
495 1463 149 51 vowel,
666 1463 109 42 been
813 1477 45 28 so
896 1463 195 43 softened
1128 1478 45 28 as
1210 1470 44 37 to
1290 1465 53 42 be
1375 1465 169 41 effaced.
1607 1463 43 43 It
1687 1465 121 41 takes
1845 1466 57 40 its

285 1549 184 41 revenge
500 1534 57 55 by
580 1534 234 55 appearing
835 1534 140 42 where
1007 1534 36 41 it
1078 1534 77 42 has
1192 1549 68 32 no.
1279 1535 115 41 right
1425 1539 43 37 to
1491 1535 61 42 be.
1615 1535 53 41 In
1696 1535 204 42 southern

285 1606 182 42 English
500 1619 62 27 we
594 1604 102 41 hear
722 1604 35 41 it
783 1603 44 42 in
860 1604 106 42 such
999 1605 270 41 expressions
1301 1619 45 27 as
1377 1607 21 20 "
1417 1604 212 42 Isabellar
1658 1605 44 41 of
1734 1604 166 43 Spain."

285 1677 103 41 This
411 1675 218 42 obtrusive
650 1684 37 40 r,
710 1674 65 41 Dr
797 1674 167 42 Hullah
987 1674 170 56 regards
1186 1689 45 28 as
1254 1675 347 55 unpardonable;
1632 1676 79 41 but
1732 1675 36 41 it
1796 1675 36 42 is
1855 1689 44 28 so

285 1760 198 28 common
506 1759 107 28 even
637 1758 154 41 among
821 1744 153 56 highly
997 1745 207 41 educated
1235 1745 152 54 people
1410 1745 95 41 that
1535 1745 36 41 it
1601 1745 36 42 is
1667 1745 234 53 beginning

287 1821 42 37 to
363 1815 174 42 acquire
569 1827 25 28 a
624 1813 266 55 respectable
923 1813 188 54 position
1143 1813 45 41 in
1221 1814 173 54 society.
1456 1814 89 42 The
1577 1814 321 42 unpardonable

285 1899 136 29 errors
463 1898 71 28 are
585 1883 123 42 those
750 1883 235 42 connected
1038 1883 105 41 with
1195 1883 73 42 the
1319 1883 128 42 letter
1498 1884 54 42 H.
1644 1884 135 42 These
1830 1898 69 27 are

285 1957 74 42 the
397 1954 277 44 Shibboleths
712 1954 44 40 of
798 1953 176 42 modern
1010 1953 183 55 English
1229 1958 173 50 society.
1480 1952 94 44 The
1619 1954 150 42 reader
1812 1954 88 41 will

284 2040 240 30 remember
556 2024 72 43 the
660 2038 177 42 passage
869 2024 131 41 about
1032 2024 87 42 this
1151 2024 115 41 word
1299 2023 265 43 Shibboleth,
1586 2024 73 42 the
1681 2022 61 44 sh
1764 2023 135 43 sound

284 2099 44 41 of
350 2097 142 43 which
516 2109 85 28 was
623 2095 47 41 in
692 2109 81 27 one
795 2095 46 41 of
864 2094 73 42 the
961 2094 179 42 dialects
1163 2094 43 41 of
1238 2093 72 43 the
1332 2093 208 42 Hebrews
1563 2095 128 55 given
1717 2109 45 27 as
1791 2103 109 33 S:—

284 2173 21 19 "
322 2168 103 43 And
446 2168 37 41 it
505 2180 87 28 was
614 2179 58 28 so,
693 2169 97 37 that
814 2164 124 42 when
970 2164 122 42 those
1114 2164 290 55 Ephraimites
1427 2164 140 41 which
1590 2178 109 29 were
1722 2164 176 55 escaped

284 2239 105 42 said,
412 2239 78 40 Let
511 2250 69 28 me
601 2249 52 41 go
676 2248 129 28 over;
837 2234 95 41 that
955 2234 72 42 the
1050 2248 101 28 men
1172 2233 44 42 of
1248 2233 153 42 Gilead
1434 2233 92 41 said
1556 2239 106 36 unto
1694 2233 102 51 him,
1816 2236 83 39 Art

283 2309 108 41 thou
413 2322 56 27 an
490 2305 301 43 Ephraimite?
854 2304 46 42 If
929 2303 53 43 he
1011 2303 104 52 said,
1140 2301 122 57 Nay;
1294 2303 105 42 then
1421 2303 92 41 said
1535 2303 104 55 they
1660 2309 105 36 unto
1797 2302 101 51 him,

285 2380 85 41 Say
387 2392 97 27 now
500 2375 254 43 Shibboleth
771 2390 8 26 :
812 2374 85 42 and
919 2374 54 41 he
990 2374 93 42 said
1106 2373 224 42 Sibboleth
1347 2389 7 25 :
1378 2373 65 42 for
1459 2373 53 42 he
1530 2373 126 42 could
1674 2379 75 36 not
1767 2374 132 41 frame

285 2456 43 34 to
350 2459 249 45 pronounce
620 2445 36 42 it
676 2444 126 42 right.
865 2444 120 42 Then
1008 2443 104 42 they
1134 2443 103 41 took
1259 2441 103 53 him,
1384 2443 85 41 and
1491 2443 101 42 slew
1615 2443 127 42 him."

348 2518 82 42 The
465 2515 181 55 English
681 2513 448 55 Language.—When
1166 2526 25 28 a
1219 2512 210 55 language
1451 2513 44 41 of
1526 2512 73 42 the
1632 2511 267 43 Inflectional

284 2595 104 49 type
425 2587 77 42 has
539 2585 192 56 dropped
766 2585 57 41 its
861 2583 180 43 useless.
1059 2583 313 50 terminations,
1403 2583 84 42 and
1525 2583 179 55 thereby
1735 2583 164 55 greatly

284 2656 233 45 simplified
539 2656 56 41 its
613 2669 214 28 structure
845 2653 85 42 and
951 2667 225 41 grammar,
1193 2652 35 42 it
1250 2653 36 41 is
1304 2653 104 50 said,
1425 2653 57 55 by
1500 2667 115 28 some
1638 2652 260 50 authorities,

284 2735 44 37 to
350 2729 111 41 have
482 2726 153 56 passed
657 2725 93 42 into
767 2724 75 42 the
858 2722 252 56 Analytical
1132 2726 127 51 stage.
1312 2723 64 41 As
1395 2722 172 56 already
1584 2722 227 50 indicated,
1829 2721 71 42 the

283 2799 184 57 English
483 2798 211 55 language
710 2795 78 42 has
805 2808 117 28 more
940 2793 106 42 than
1063 2806 87 41 any
1166 2792 124 42 other
1306 2792 209 56 language
1535 2792 153 56 passed
1706 2792 91 42 into
1815 2791 84 42 this

284 2870 234 45 condition.
581 2868 45 41 It
647 2867 49 41 is,
717 2866 45 42 in
784 2865 99 42 fact,
905 2863 74 42 the
1002 2862 117 43 chief
1136 2863 337 54 representative
1495 2864 47 40 of
1560 2867 115 37 what
1696 2862 76 42 has
1794 2862 105 41 been

284 2940 139 45 called
440 2939 74 43 the
531 2935 234 45 analytical
783 2934 291 42 modification
1092 2932 43 42 of
1151 2932 72 42 the
1242 2931 270 43 Inflectional
1530 2937 113 50 type.
1691 2932 43 41 It
1750 2932 36 41 is
1804 2930 92 42 well

283 3013 162 41 known
475 3013 98 39 that
607 3007 180 44 Grimm,
818 3018 81 29 one
936 3004 44 42 of
1022 3002 73 43 the
1138 3002 240 42 illustrious
1410 3002 202 42 founders
1643 3002 44 42 of
1718 3001 179 42 Modern

285 3081 240 57 Philology,
546 3079 77 42 has
646 3077 100 59 paid
769 3090 25 28 a
814 3073 267 46 remarkable
1108 3072 279 56 compliment
1419 3076 42 39 to
1493 3073 72 42 the
1598 3071 178 56 English
1808 3070 87 42 lan-
