1933 3302
817 159 365 35 Inhaltsverzeichnies.

198 156 95 39 VIII

266 263 29 31 F.
319 262 159 33 Weiterer
502 262 138 33 Verlauf
661 264 59 32 des
745 265 292 40 Hospitalbrandes
1737 249 55 60 *29

395 317 36 37 1)
455 316 178 32 Verlauf
654 317 72 32 der
749 319 174 41 milden,
947 321 367 33 oberflächlichen
1337 323 170 32 Formen
1541 350 166 10 ....
1752 331 41 31 29

393 370 37 36 2)
454 369 178 32 Verlauf
653 371 70 31 der
748 373 213 31 mittleren
986 374 80 30 und
1090 374 213 32 schweren
1327 376 173 32 Formen
1541 403 165 10 ....
1753 383 41 33 30

328 432 233 41 Erkrankung
585 433 60 33 der
670 434 175 33 einzelnen
876 435 131 41 Organe
1038 436 69 33 und
1137 436 141 35 Gewebe
1311 438 105 34 darch
1448 440 63 33 den
1541 442 166 33 Hospital-

393 476 111 32 brand
1754 490 37 31 3^

460 532 35 38 a)
520 532 230 31 Verbreitung
773 535 34 28 in
834 533 59 31 der
918 533 94 32 Cutis
1753 542 40 32 31

523 576 130 37 „forme
676 576 386 41 vesiculo-pustuleuse"
1755 585 40 31 32

462 618 36 38 b)
522 618 231 41 Verbreitung-
776 621 45 28 im
847 618 316 42 Subcutangewebe
1753 628 42 31 32

466 662 32 36 c)
523 661 229 41 Verbreitung
775 663 35 29 in
836 662 290 41 Lymphgefässen
1150 664 68 31 und
1244 666 35 29 in
1304 665 64 30 den
1392 666 256 41 Lymphdrüsen
1703 693 6 9 .
1754 671 42 31 33

461 704 38 38 d)
523 704 231 41 Verbreitung
778 707 61 28 auf
861 705 77 31 dem
963 706 105 41 Wege
1093 706 154 31 lockerer
1270 708 365 40 Bindegewebsräume
1702 736 5 10 .
1754 713 42 33 33

467 746 33 41 e)
524 748 207 40 Zerstörung
754 748 60 31 der
838 748 138 31 Fascien
1001 749 106 30 durch
1131 749 267 41 Hospitalbrand
1753 756 42 32 34

468 791 30 37 f)
522 791 208 41 Zerstörung
753 791 61 30 der
837 791 134 31 Sehnen
996 792 107 31 durch
1128 793 266 39 Hospitalbrand
1754 800 42 31 34

460 834 38 40 g)
523 834 209 31 Zerstörung
755 834 60 31 der
839 835 155 30 Muskeln
1020 835 106 31 durch
1151 835 265 41 Hospitalbrand
1755 842 39 32 35

462 877 37 37 h)
524 877 230 32 Erkrankung
778 877 60 31 der
861 877 165 31 Knochen
1050 878 107 30 durch
1181 879 266 40 Hospitalbrand
1754 885 41 31 35

473 918 27 41 i)
524 920 231 40 Erkrankung
779 921 60 30 der
863 920 150 32 Gelenke
1037 921 106 31 durch
1168 922 266 40 Hospitalbrand
1755 927 40 32 37

460 964 40 37 k)
523 963 187 31 Verhalten
735 963 60 31 der
818 962 139 33 Gefässe
981 974 109 30 gegen
1115 962 64 32 den
1204 965 288 41 Hospitalbrand,
1516 967 193 42 Blutungen
1755 969 40 33 38

470 1007 29 37 1)
522 1007 231 40 Erkrankung
776 1007 60 30 der
859 1007 132 31 Nerven
1017 1008 106 30 durch
1148 1008 63 30 den
1239 1008 265 41 Hospitalbrand
1539 1035 169 7 ....
1753 1013 42 32 40

449 1051 51 36 m)
523 1050 268 40 Hospitalbrand
816 1052 61 29 auf
898 1049 274 32 Schleimhäuten
1755 1056 41 31 42

461 1093 38 37 n)
523 1093 269 31 Hospitalbrand
818 1095 47 29 im
889 1094 219 30 Peritoneum
1754 1098 42 33 43

462 1135 36 41 o)
523 1135 239 42 Gangränöses
776 1136 193 32 Absterben
986 1146 67 22 von
1070 1138 249 31 Extremitäten
1336 1138 107 31 durch
1459 1138 65 32 den
1541 1139 168 41 Hospital-

522 1179 111 32 brand
1754 1185 41 32 43

265 1245 33 33 G.
323 1245 198 32 Allgemeine
546 1246 60 30 und
633 1245 112 32 innere
771 1245 458 32 Krankheitserscheinungen
1256 1246 80 31 beim
1363 1246 249 32 Hospitalbrand
1649 1271 7 7 .
1703 1271 6 7 .
1754 1249 43 31 44

396 1299 122 31 Fieber
1755 1302 42 32 44

396 1342 194 32 Störungen
614 1343 59 30 des
699 1343 354 40 Verdauungstractus
1755 1345 40 31 45

396 1386 280 41 Vergrösserung
700 1386 60 30 der
784 1386 97 40 Milz,
914 1386 59 31 der
996 1386 127 31 Leber,
1151 1386 177 30 icterische
1351 1386 257 40 Hautiarbung,
1632 1387 79 30 Ver-

459 1430 117 30 halten
600 1429 59 31 des
684 1430 110 40 Urins,
819 1429 204 41 allgemeine
1048 1429 198 40 Symptome
1271 1429 58 31 des
1352 1429 279 31 Nervensystems
1650 1453 6 7 .
1703 1453 6 7 .
1755 1431 41 31 46

266 1483 33 33 H.
326 1482 298 34 Recidivfähigkeit
649 1483 59 32 des
734 1483 293 32 Hospitalbrandes
1755 1484 40 32 47

264 1538 25 32 J.
315 1537 278 33 Complicationen
619 1538 59 31 des
704 1537 292 32 Hospitalbrandes
1754 1537 42 33 48

397 1582 63 30 mit
482 1582 142 29 inneren
650 1581 234 30 Krankheiten
1754 1581 42 32 48

395 1627 64 28 mit
483 1624 114 31 Sepsis
1753 1624 42 31 49

396 1671 63 27 mit
482 1668 140 40 Pyämie
1754 1667 41 31 49

397 1714 63 28 mit
482 1712 158 39 Erysipel
1357 1725 3 9 ■
1755 1710 41 32 50

397 1758 62 27 mit
482 1755 121 30 blauer
626 1755 166 30 Eiterung
842 1777 7 7 .
1755 1753 40 31 51

395 1801 64 28 mit
481 1798 149 31 Tetanus
1755 1796 39 32 51

220 1868 56 29 II.
300 1866 335 30 Pathologische
659 1864 229 30 Anatomie
912 1864 77 29 des
1013 1863 394 29 Hospitalbraiides
1756 1859 39 34 51

396 1918 184 31 Anatomie
605 1917 58 31 des
688 1915 485 42 Hospitalbrandgeschwüres
1756 1913 38 33 51

395 1961 266 32 Anatomischer
684 1960 135 31 Befund
842 1961 35 29 in
902 1959 60 31 der
986 1958 249 32 Schädelhöhle
1755 1956 41 33 52

396 2005 264 31 Anatomischer
684 2003 133 31 Befund
841 2004 46 29 im
912 2001 139 32 Thorax
1756 1999 40 34 52

395 2048 266 32 Anatomischer
684 2047 133 30 Befund
841 2047 35 29 in
901 2046 61 30 der
984 2045 221 31 Bauchhöhle
1755 2041 41 35 53

396 2091 266 33 Anatomischer
687 2090 132 31 Befund
844 2099 41 20 an
912 2089 65 30 den
1001 2088 257 40 Lymphdrüsen
1756 2085 40 34 53

396 2135 266 32 Anatomischer
685 2133 133 31 Befund
844 2142 42 21 an
911 2132 64 31 den
1000 2131 281 32 Speicheldrüsen
1755 2128 41 34 53

396 2178 294 41 Mikroskopische
715 2177 307 31 Untersuchungen
1756 2171 41 35 53

200 2248 76 29 m.
301 2248 219 27 Diagnose
1756 2234 42 39 54:

398 2298 61 31 der
482 2306 315 32 vorgeschrittenen
823 2294 259 31 ausgebildeten
1105 2292 145 31 Foiuuen
1275 2316 6 6 .
1330 2316 5 8 .
1383 2316 5 8 .
1436 2315 6 9 .
1756 2288 42 36 54

398 2341 265 31 Möglichkeiten
688 2339 59 30 der
770 2337 269 32 Verwechslung
1756 2331 40 37 55

397 2385 173 31 Diagnose
595 2383 60 31 der
679 2385 110 28 ersten
814 2381 160 31 Anfänge
1756 2373 41 39 56

397 2427 267 33 Möglichkeiten
689 2426 60 30 der
772 2424 269 31 Verwechslung
1757 2416 40 38 56

398 2472 173 30 Diagnose
596 2470 60 30 der
680 2469 161 30 Recidive
865 2467 86 31 nach
975 2465 197 32 Aetzungen
1757 2459 39 38 57

201 2539 68 30 rV.
293 2540 221 28 Prognose

398 2590 88 30 nach
511 2589 60 31 der
593 2587 274 32 Beschaffenheit
891 2586 60 31 der
973 2586 135 29 Wunde
1756 2577 41 40 59

399 2633 87 31 nach
511 2633 60 30 der
593 2632 102 30 Form
719 2631 59 30 des
803 2629 305 32 Hospitalbrandes
1757 2619 39 40 60

398 2677 86 31 nach
510 2676 77 31 dem
611 2675 169 30 Zustande
804 2674 58 30 des
886 2673 159 30 Kranken

399 2721 55 31 bei
480 2719 239 32 tuberculösen
744 2716 217 32 Individuen,
984 2715 54 31 bei
1064 2714 183 31 Recidiven
1271 2711 68 31 und
1363 2710 193 39 Blutungen
1598 2731 112 13 ...
1756 2705 38 32 61

333 2764 239 31 Mortalität
1169 2780 6 8 •

334 2806 335 32 Folgezustände
694 2804 77 31 und
798 2801 210 33 dauernde
1031 2800 250 31 Nachtheile

224 2875 47 30 \.
296 2875 218 29 Oertliche
538 2871 287 31 BehancUung
848 2869 78 29 des
950 2867 393 30 Hospitalbrandes
1756 2855 42 42 64

334 2926 283 31 Indifferente
641 2922 274 33 Behandlung
1755 2908 43 44 Ö4

335 2969 213 34 Oertliche
573 2959 728 49 antiphlogistisch-physikalische
1325 2957 132 31 Mittel
1753 2956 42 35 64
