2113 3404
829 207 87 30 THE
949 207 240 34 DISORDERS
1221 211 53 30 OF
1306 212 173 32 SPEECH.

340 189 85 41 334

338 321 239 41 accounted
602 323 94 41 for?
758 323 44 43 It
822 324 37 42 is
882 339 94 28 now
1003 326 192 43 believed
1228 330 94 40 that
1355 330 42 40 in
1433 330 119 42 these
1584 344 116 29 cases
1723 332 71 42 the
1820 336 135 40 visual

342 389 282 45 word-centre
648 393 32 43 C
701 395 185 41 remains
911 395 146 51 intact,
1074 397 85 42 and
1179 397 95 43 that
1289 413 58 27 so.
1365 399 101 42 also,
1484 400 53 41 do
1558 400 71 42 the
1652 402 222 54 pathways
1892 404 67 42 for

339 458 73 43 the
436 460 235 45 influences
697 464 54 55 by
777 463 138 46 which
940 466 34 41 it
996 467 36 41 is
1054 467 122 42 acted
1201 482 115 40 upon
1327 470 121 54 from
1479 471 149 41 within
1653 472 121 41 when
1810 474 146 52 words,

338 530 176 42 revived
538 532 42 41 in
607 533 71 42 the
705 534 130 51 mind,
857 549 70 27 are
960 536 128 54 being
1122 538 233 42 translated
1391 539 90 41 into
1515 540 195 56 writing;
1742 541 78 41 but
1852 542 105 42 that,

339 614 52 27 on
430 601 70 43 the
533 603 123 42 other
688 604 128 50 hand,
848 605 74 42 the
954 606 225 55 pathways
1217 608 124 55 along
1383 609 149 52 which,
1567 624 45 28 as
1645 624 61 29 we
1740 611 106 41 shall
1887 627 69 29 see

340 673 231 52 presently,
595 674 234 42 influences
855 689 97 41 pass
975 676 106 41 from
1108 677 71 41 the
1203 678 188 53 primary
1426 680 135 40 visual
1595 686 177 37 centres,
1805 682 44 41 in
1882 683 74 41 the

341 747 81 37 two
447 744 201 54 occipital
669 745 131 50 lobes,
817 749 44 37 to
887 745 70 43 the
979 746 136 41 visual
1141 748 280 42 word-centre
1445 750 45 41 C,
1510 749 41 42 in
1576 751 72 41 the
1671 752 178 54 angular
1873 754 84 40 and

339 815 360 54 supra-marginal
718 815 312 51 convolutions,
1047 831 69 27 are
1135 822 73 36 cut
1225 832 152 28 across,
1394 833 45 27 so
1457 819 94 41 that
1571 820 71 41 the
1662 822 293 43 word-images

337 883 46 43 in
408 885 44 50 C,
477 884 162 56 though
664 885 101 56 they
790 900 78 27 can
891 886 91 42 still
1006 887 51 41 be
1080 887 174 42 revived
1265 889 121 53 from
1417 890 162 50 within,
1612 904 76 27 can
1724 906 53 26 no
1809 892 147 42 longer

338 955 52 42 be
412 955 182 42 reached
616 956 85 41 and
723 957 177 41 revived
924 957 57 54 by
1002 957 277 55 impressions
1301 959 170 55 coming
1494 964 42 37 to
1559 960 115 42 them
1688 961 117 54 from
1836 964 119 40 vnth-

338 1031 80 36 out.

397 1097 282 42 Destruction
712 1098 43 40 of
789 1098 71 42 the
885 1098 136 42 visual
1049 1099 281 42 word-centre
1365 1099 44 51 C,
1433 1100 222 51 therefore,
1677 1115 147 29 causes
1852 1103 101 41 both

340 1168 359 42 word-blindness
733 1169 85 41 and
851 1169 228 55 agraphia;
1123 1170 77 40 but
1234 1170 72 41 the
1341 1171 169 41 cutting
1544 1171 61 41 off
1634 1172 42 40 of
1710 1172 72 42 the
1820 1175 134 40 visual

337 1240 116 41 word
476 1253 145 28 centre
644 1239 33 42 C
701 1239 108 41 from
835 1239 71 42 the
930 1240 185 54 primary
1137 1240 138 42 visual
1298 1246 166 36 centres
1488 1241 41 40 in
1556 1242 70 41 the
1651 1247 81 36 two
1755 1244 200 54 occipital

336 1310 118 42 lobes
477 1324 148 28 causes
648 1309 154 55 simple
828 1310 359 42 word-blindness
1213 1310 181 42 without
1416 1311 211 41 agraphia.

394 1381 90 42 The
505 1380 150 43 reader
678 1395 97 40 may
800 1381 236 41 remember
1070 1381 71 41 the
1169 1381 255 54 interesting
1446 1381 238 42 discussion
1710 1383 105 50 that,
1837 1398 115 28 some

335 1466 123 42 years
481 1466 89 42 ago,
594 1465 85 27 was
702 1451 161 41 carried
886 1465 53 27 on
974 1451 55 55 by
1054 1451 165 42 Ferrier
1247 1451 85 41 and
1355 1451 155 51 Munk,
1530 1466 46 28 as
1599 1457 42 37 to
1665 1453 72 42 the
1759 1453 194 42 localiza-

336 1524 91 40 tion
451 1523 46 41 of
517 1522 72 41 the
612 1521 174 42 cortical
809 1525 145 38 centre
978 1522 63 41 for
1064 1522 151 42 vision.
1279 1521 168 43 Ferrier
1478 1522 227 55 originally
1728 1523 99 43 held
1861 1530 94 36 that

337 1594 35 40 it
387 1608 86 27 was
490 1592 45 42 in
556 1592 71 42 the
645 1592 198 55 Angular
861 1592 305 42 Convolution,
1181 1592 84 41 and
1282 1590 142 43 Munk
1444 1592 93 41 that
1553 1593 36 41 it
1605 1607 86 27 was
1709 1593 44 41 in
1770 1594 71 42 the
1856 1609 98 27 con-

339 1669 219 37 volutions
580 1663 45 41 in
649 1663 73 41 the
743 1663 209 55 posterior
974 1667 99 50 part
1095 1663 43 41 of
1161 1663 72 41 the
1253 1662 211 55 Occipital
1483 1663 122 42 Lobe.
1669 1664 182 41 Clinical
1870 1666 84 40 and

338 1734 289 56 pathological
660 1748 272 28 observation
955 1733 35 42 is
1018 1747 94 27 now
1136 1733 172 55 leading
1342 1747 55 40 up
1420 1737 43 37 to
1488 1733 70 41 the
1590 1734 247 42 conclusion
1860 1736 96 40 that

337 1805 104 42 both
464 1805 220 41 observers
708 1818 110 27 were
840 1803 143 55 partly
1007 1803 126 54 right.
1197 1802 89 42 The
1309 1802 167 42 subject
1498 1809 156 35 cannot
1675 1808 74 50 yet
1781 1804 51 42 be
1864 1806 90 40 said

335 1881 44 37 to
421 1876 52 41 be
507 1875 111 55 fully
651 1873 288 43 investigated
972 1888 46 26 or
1050 1873 124 41 made
1206 1873 112 41 clear
1349 1873 45 40 in
1427 1872 59 42 all
1522 1873 56 41 its
1621 1874 215 42 relations,
1876 1876 76 40 but

335 1946 257 56 everything
626 1944 125 42 tends
787 1950 43 36 to
865 1944 118 42 show
1019 1943 95 42 that
1149 1943 73 42 the
1258 1943 202 55 occipital
1493 1943 107 51 lobe,
1635 1945 229 54 especially
1897 1947 57 41 its

335 2030 211 43 posterior
567 2014 246 55 extremity,
836 2014 86 42 and
945 2014 57 42 its
1025 2014 126 42 inner
1184 2015 165 40 surface
1372 2014 45 40 in
1443 2014 71 42 the
1536 2015 348 54 neighbourhood
1911 2018 47 40 of

334 2088 75 42 the
443 2087 173 42 Cuneus
649 2085 86 41 and
768 2085 224 42 Calcarine
1024 2085 175 41 Fissure
1224 2085 88 53 (see
1334 2085 87 54 Fig.
1448 2084 85 55 12),
1555 2085 35 41 is
1619 2085 73 42 the
1714 2092 143 36 centre
1891 2089 64 40 for

335 2174 197 42 'primary
555 2156 143 43 visual
715 2157 278 54 impressions,
1016 2155 85 41 and
1124 2155 95 41 that
1243 2155 71 41 the
1336 2155 195 55 Angular
1555 2155 285 43 Convolution
1870 2157 81 41 and

333 2231 56 41 its
411 2226 354 45 neighbourhood
789 2226 109 41 form
922 2240 23 26 a
968 2230 144 37 centre
1136 2225 47 40 of
1201 2239 24 26 a
1251 2224 150 55 higher
1433 2229 162 45 nature,
1627 2239 79 27 one
1738 2226 44 40 of
1813 2226 138 42 whose

333 2300 222 43 functions
587 2311 137 28 seems
758 2301 42 37 to
833 2297 52 41 be
919 2296 72 42 the
1023 2309 156 28 storage
1211 2295 43 41 of
1287 2294 72 42 the
1381 2295 140 41 visual
1553 2295 158 55 images
1733 2297 46 40 of
1809 2297 142 53 things

333 2371 87 43 and
441 2371 47 41 of
515 2381 146 29 words.

395 2444 41 39 It
468 2441 36 40 is
537 2453 95 27 now
665 2443 120 49 quite
818 2436 262 42 established
1114 2434 95 42 that
1241 2434 74 42 the
1348 2434 187 54 primary
1561 2435 136 41 visual
1729 2442 144 35 centre
1907 2438 40 39 in

333 2512 102 43 each
459 2507 202 45 occipital
682 2507 96 41 lobe
801 2507 35 40 is
859 2504 236 43 connected
1115 2510 102 35 with
1242 2503 101 41 both
1367 2517 123 41 eyes;
1520 2503 83 41 and
1624 2503 93 41 that
1737 2504 37 40 it
1794 2505 36 41 is
1853 2519 97 27 con-

334 2581 163 44 nected,
520 2583 76 37 not
621 2577 103 41 with
747 2577 73 41 the
844 2575 149 42 whole,
1015 2575 79 41 but
1117 2573 101 54 only
1245 2573 103 41 with
1375 2573 71 41 the
1470 2573 90 41 half
1582 2574 43 40 of
1649 2574 71 41 the
1743 2575 138 41 retina
1904 2577 41 39 in

331 2654 105 43 each
468 2648 213 45 eyethe
712 2647 149 41 lateral
897 2646 93 41 half
1019 2659 52 27 on
1098 2645 72 41 the
1193 2658 115 28 same
1331 2644 90 41 side
1443 2644 46 41 of
1507 2643 73 43 the
1603 2644 108 42 head
1743 2659 45 27 as
1820 2645 126 43 itself.

332 2723 231 44 Therefore
587 2717 265 43 destruction
875 2717 45 40 of
950 2715 73 42 the
1046 2728 188 41 primary
1260 2714 137 41 visual
1420 2718 145 38 centre
1588 2714 42 41 in
1655 2715 72 41 the
1749 2716 196 55 occipital

331 2795 97 42 lobe
460 2804 149 31 causes
641 2788 332 54 Homonymous
1006 2784 336 54 Hemianopsia;
1374 2783 94 42 that
1489 2784 36 42 is
1548 2788 42 38 to
1613 2799 87 41 say,
1722 2786 35 41 it
1778 2786 170 42 renders

331 2866 74 41 the
428 2865 169 54 patient
620 2857 123 44 blind
764 2857 45 41 in
832 2856 92 41 half
947 2855 43 42 of
1013 2855 66 42 his
1105 2854 97 42 field
1224 2854 44 41 of
1290 2853 151 51 vision,
1460 2854 71 41 the
1556 2855 113 54 right
1692 2870 46 26 or
1760 2855 78 41 left
1860 2856 91 41 half

332 2951 45 27 as
394 2935 72 41 the
481 2946 96 28 case
594 2943 97 28 may
707 2929 51 41 be
775 2943 8 37 ;
806 2927 87 41 this
910 2925 332 42 half-blindness
1258 2924 128 55 being
1401 2924 162 42 termed
1582 2927 368 40 "homonymous"

330 3008 181 41 because
533 3003 36 40 it
591 3001 35 41 is
649 3014 54 27 on
726 2998 74 41 the
822 3011 115 28 same
961 2996 91 41 side
1076 2995 41 41 in
1142 2994 176 42 relation
1345 2999 43 36 to
1411 2994 100 41 both
1537 3009 107 27 eyes.
