1972 3202
392 260 58 40 88

623 267 92 31 THE
739 267 90 31 RED
852 267 59 32 OR
934 267 184 33 ASIATIC
1141 268 387 33 ORANG-OUTANG.

393 394 207 47 forehead
628 400 46 40 to
705 400 79 40 the
814 400 166 56 setting
1006 410 55 31 on
1093 394 51 46 of
1166 401 80 39 the
1278 410 128 39 neck^
1436 410 94 30 was
1559 393 197 49 thirteen

395 471 152 47 inches
565 472 90 45 and
676 486 28 31 a
725 471 110 55 half,
860 471 92 46 and
967 477 79 39 the
1061 477 126 40 other
1203 477 123 55 parts
1340 471 48 46 in
1406 486 27 31 a
1448 471 92 46 like
1556 473 201 46 remark-

396 549 100 45 able
525 547 266 62 proportion.
873 548 99 45 The
1001 547 138 46 lower
1162 548 97 61 jaw
1289 547 114 46 with
1433 554 78 39 the
1547 549 140 53 teeth,
1720 549 39 45 is

397 624 134 62 given
560 626 64 60 by
646 624 67 46 Dr
735 623 120 47 Abel
878 623 51 47 of
948 630 79 40 the
1053 624 182 45 natural
1266 624 105 54 size,
1397 625 89 44 and
1517 625 78 45 the
1618 625 140 45 figure

399 701 150 46 which
573 715 69 31 we
663 700 117 46 have
808 700 153 46 copied
995 715 56 31 on
1084 716 112 45 page
1221 705 59 49 89
1306 701 94 45 will
1433 716 101 45 give
1559 717 27 29 a
1608 702 147 44 better

399 776 102 47 idea
544 776 52 47 of
629 777 60 46 its
732 777 264 45 magnitude
1040 784 113 39 than
1193 793 28 31 a
1258 777 141 45 detail
1438 776 51 46 of
1524 777 60 45 its
1636 793 126 29 mea-

399 859 242 40 surement.
726 854 99 45 The
859 854 208 45 annexed
1105 860 76 39 cut
1226 853 49 46 of
1311 860 79 38 the
1435 853 157 45 canine
1637 854 126 45 tooth

400 929 246 54 extracted,
670 928 38 46 is
730 929 139 46 taken
901 928 115 47 from
1039 944 28 31 a
1089 935 94 40 cast
1205 929 48 46 in
1276 930 78 45 the
1377 930 147 60 Royal
1546 929 217 61 Society’s

414 1506 216 45 Museum
660 1506 46 46 in
737 1507 276 61 Edinburgh.
1089 1509 90 44 We
1209 1508 89 45 add
1328 1524 90 30 also
1448 1524 27 30 a
1504 1509 269 46 delineation

414 1580 52 47 of
490 1589 78 39 the
601 1598 142 45 upper
771 1583 140 54 teeth,
936 1582 113 48 from
1080 1600 27 29 a
1134 1584 123 60 plate
1287 1585 62 60 by
1380 1585 66 45 Dr
1469 1584 134 55 Abel,
1629 1586 149 44 which

406 2410 75 31 are
512 2391 280 48 remarkable
823 2391 64 47 for
919 2392 78 46 the
1027 2392 190 46 breadth
1241 2390 50 48 of
1312 2398 79 39 the
1422 2406 150 30 centre
1595 2390 177 61 cutting

406 2476 144 46 teeth?
573 2470 90 48 and
684 2476 79 42 the
784 2484 278 32 narrowness
1086 2467 50 48 of
1160 2468 78 47 the
1260 2468 160 46 lateral
1443 2482 134 40 ones;
1611 2467 89 45 and
1723 2466 46 46 in
