1817 3171
784 314 90 30 THE
899 314 338 33 CYNOCEniALI.

337 304 89 41 154

334 440 220 46 sacrifice:
602 440 190 61 perhaps
838 455 120 30 some
1003 440 209 45 theorists
1258 442 94 44 will
1397 443 169 45 adduce
1606 443 92 46 this

333 533 204 30 common
571 518 93 44 vice
700 532 48 29 as
788 532 58 30 an
885 525 236 52 argument
1157 516 65 46 for
1257 526 77 37 the
1374 534 201 31 common
1615 537 83 28 na-

331 601 101 39 ture
456 594 49 46 of
520 611 104 28 men
648 595 89 44 and
754 594 233 60 monkeys.
1055 595 90 44 We
1163 595 115 45 have
1294 596 136 44 heard
1449 595 49 46 of
1513 598 187 44 another

334 672 170 45 animal
528 671 49 45 of
592 672 90 44 this
706 671 126 53 kind,
857 671 229 60 possessed
1111 671 49 45 of
1175 687 27 29 a
1226 687 172 30 cmdous
1422 680 274 54 propensity,

334 749 146 44 which
507 748 144 45 might
675 763 124 29 serve
823 763 47 29 as
894 763 59 29 an
985 748 248 45 additional
1255 748 130 61 proof
1400 756 196 38 tov/ards
1619 750 79 45 the

334 841 121 29 same
475 826 87 44 end
579 841 11 35 ;
626 825 57 43 he
708 839 92 29 was
818 825 108 59 kept
951 830 47 39 at
1020 825 119 60 large
1157 826 63 60 by
1244 841 27 29 a
1295 833 274 53 gentleman,
1596 827 101 45 who

332 903 110 44 kept
461 903 90 44 also
568 917 26 29 a
608 902 112 60 pack
736 900 49 46 of
792 901 203 53 harriers,
1013 903 89 43 and
1117 908 45 39 to
1179 918 131 45 enjoy
1327 903 143 44 either
1483 910 78 38 the
1577 903 120 45 noise

334 995 47 29 or
414 986 78 37 the
527 984 135 54 sport,
688 978 151 44 would
872 978 144 44 travel
1038 985 46 38 to
1115 994 58 28 an
1202 994 228 30 eminence
1459 995 240 29 whenever

332 1057 79 43 the
434 1056 175 44 hounds
633 1061 145 37 threw
801 1053 71 45 off.
959 1054 110 44 This
1087 1054 99 45 love
1210 1053 63 46 for
1294 1055 271 61 field-sports
1589 1057 105 53 had,

333 1133 222 51 however,
588 1146 157 45 nearly
767 1130 167 60 proved
962 1129 124 45 fatal.
1158 1131 96 44 The
1289 1131 174 44 hounds
1492 1147 81 29 one
1605 1133 90 60 day

333 1216 74 54 got
441 1224 120 29 upon
596 1208 172 44 Jerry’s
806 1207 105 44 trail
947 1222 55 30 on
1037 1207 70 44 his
1146 1213 154 39 return
1335 1208 146 53 home,
1518 1209 88 44 and
1640 1209 57 45 he

335 1302 93 29 was
473 1301 106 45 only
627 1285 135 44 saved
811 1285 61 60 by
913 1300 27 28 a
978 1291 93 38 tree
1117 1300 225 45 occurring
1386 1286 310 60 opportunely.

333 1363 208 46 Superior
584 1362 280 44 intelligence
902 1377 107 37 was,
1058 1376 55 30 on
1158 1361 93 45 this
1296 1376 211 38 occasion,
1550 1377 45 29 so
1633 1361 65 46 far

334 1439 250 60 displayed,
615 1444 102 38 that
746 1438 133 60 Jerry
909 1453 135 29 never
1075 1435 262 47 afterwards
1369 1438 189 61 enjoyed
1591 1439 106 44 hare

334 1516 207 60 hunting.

401 1593 145 44 These
577 1593 193 43 baboons
802 1591 167 60 having
999 1597 78 38 the
1110 1590 180 61 general
1324 1592 301 60 organization
1657 1591 50 46 of

334 1676 79 38 the
437 1669 362 58 quadmmanous
816 1667 205 53 animals,
1048 1683 72 28 are
1144 1668 268 60 necessarily
1428 1669 197 44 arboreal
1650 1668 45 45 in

334 1745 117 45 their
488 1745 165 52 habits,
690 1744 171 44 though
902 1750 77 37 not
1018 1750 45 38 to
1101 1745 107 43 such
1248 1759 58 29 an
1346 1751 157 38 extent
1538 1760 47 29 as
1619 1745 79 45 the

336 1830 126 37 other
491 1821 220 44 monkeys
742 1819 49 45 of
822 1820 77 44 the
929 1819 87 45 Old
1047 1820 190 53 World;
1275 1821 88 44 and
1394 1829 110 52 they
1540 1836 72 30 are
1651 1827 46 39 at

335 1905 172 54 greater
539 1913 99 29 ease
675 1897 133 43 when
837 1911 55 29 on
920 1904 78 36 the
1029 1912 185 44 gi’ound,
1245 1912 55 29 on
1333 1904 185 38 account
1546 1897 49 45 of
1621 1898 77 44 the

335 1991 122 29 more
481 1989 202 30 accurate
707 1980 251 53 proportion
983 1971 49 47 of
1053 1973 78 44 the
1153 1973 112 44 hind
1288 1979 216 53 quarters,
1530 1974 170 60 though

337 2053 117 44 their
476 2051 193 44 motions
692 2056 125 38 there
841 2065 73 29 are
939 2049 91 45 still
1050 2050 230 44 awkward
1299 2050 89 44 and
1406 2051 293 44 constrained.

340 2129 137 45 Their
506 2143 107 45 pace
644 2127 36 44 is
714 2126 226 61 generally
976 2142 27 28 a
1036 2126 111 44 kind
1187 2125 50 46 of
1265 2127 109 44 slow
1404 2126 160 60 gallop,
1599 2142 101 45 per-

337 2204 171 46 formed
531 2206 60 59 by
612 2204 219 44 alternate
854 2203 291 44 undulations
1165 2201 49 47 of
1230 2211 77 36 the
1332 2218 143 29 whole
1498 2201 88 46 fore
1610 2203 90 45 and

338 2282 160 44 hinder
530 2287 136 53 parts.
744 2280 137 44 Their
915 2279 159 61 agility
1110 2295 55 30 on
1200 2295 27 28 a
1260 2286 93 37 tree
1388 2279 50 52 is,
1475 2279 222 53 however,

339 2358 243 60 surprising
612 2357 134 44 when
777 2371 67 30 we
867 2357 101 44 look
992 2363 46 37 at
1063 2356 116 45 their
1204 2356 144 60 heavy
1373 2355 149 45 bodies
1543 2371 12 37 ;
1588 2356 111 59 they

337 2450 170 45 possess
531 2434 60 44 all
620 2440 79 38 the
728 2448 149 45 power
901 2432 49 46 of
963 2448 208 45 grasping
1198 2432 88 45 and
1317 2431 247 61 swinging;
1593 2433 110 45 take

338 2511 218 45 immense
579 2511 137 55 leaps,
742 2510 90 44 and
851 2510 92 44 will
972 2509 45 45 in
1036 2525 26 29 a
1079 2524 187 30 manner
1284 2508 173 44 tumble
1481 2506 113 46 from
1619 2523 81 30 one

334 2590 108 59 part
457 2588 53 46 of
521 2607 26 28 a
565 2595 94 39 tree
679 2598 42 36 to
736 2589 208 54 another,
961 2589 155 45 before
1132 2594 78 38 the
1233 2591 217 40 spectator
1468 2600 78 29 can
1568 2583 132 46 think
