2125 3524
357 251 53 42 28

837 271 86 31 THE
954 273 242 33 DISORDERS
1229 276 53 30 OF
1314 277 174 31 SPEECH.

356 381 133 43 fessor
510 385 40 42 J.
576 386 174 53 Miiller,
773 390 173 57 writing
976 397 76 36 not
1085 407 129 41 many
1237 408 122 41 years
1391 395 110 41 after
1534 395 70 42 the
1637 396 265 55 publication
1925 397 43 41 of

356 452 198 46 Arnott's
586 458 282 54 conclusions,
890 461 148 43 makes
1060 476 117 30 some
1201 478 104 41 very
1326 465 220 54 pertinent
1568 466 234 54 objections
1824 470 43 38 to
1896 466 72 42 the

356 522 218 47 inclusion
592 529 45 40 of
656 529 57 41 all
736 544 117 29 cases
871 532 46 41 of
935 534 280 54 stammering
1232 534 136 41 under
1390 534 74 42 the
1486 548 80 29 one
1587 536 153 55 simple
1761 550 205 41 category.

358 592 55 43 In
451 594 66 44 his
556 597 261 58 Physiology,
848 601 231 55 published
1115 609 132 36 about
1286 603 124 51 1840,
1443 604 52 42 he
1529 606 201 49 remarks,
1765 608 203 52 referring

357 668 45 38 to
425 665 73 44 the
520 667 132 42 views
674 669 47 41 of
741 670 164 43 Arnott
928 672 87 41 and
1038 671 457 44 Schulthess—"This
1516 675 109 41 view
1647 676 36 41 is
1705 675 188 42 founded
1914 690 53 27 on

356 735 110 53 good
488 736 318 57 observations;
838 740 90 52 but,
951 741 164 56 though
1146 757 55 27 an
1232 743 316 55 improvement
1581 758 53 27 on
1667 744 74 42 the
1771 744 197 54 previous

358 816 228 31 erroneous
619 807 211 53 opinions,
851 808 37 42 it
917 823 100 41 goes
1039 810 169 42 further
1238 811 106 41 than
1378 811 109 42 facts
1514 812 168 54 justify.
1747 813 20 41 I
1799 813 125 41 knew
1945 827 25 28 a

356 887 147 40 young
534 889 101 28 man
667 877 44 40 of
745 877 316 56 distinguished
1093 880 321 42 mathematical
1447 882 281 42 attainments
1760 882 94 41 who
1888 882 83 42 had

357 944 205 55 formerly
603 947 261 41 stammered
905 962 105 41 very
1051 949 144 55 badly,
1230 950 84 41 and
1350 951 45 40 in
1432 953 296 53 pronouncing
1767 952 68 41 his
1875 966 95 27 own

356 1028 127 28 name
505 1028 87 28 was
613 1020 76 50 apt
717 1020 44 37 to
783 1030 76 41 say
885 1018 10 18 '
911 1016 299 44 Te-Tessot'
1233 1020 170 42 instead
1435 1022 45 40 of
1511 1021 9 19 '
1538 1020 244 43 Tessot.'"
1844 1021 128 52 Here,

356 1083 197 42 Miiller's
592 1098 96 29 case
725 1086 278 54 pronounced
1040 1087 74 42 the
1149 1093 166 49 greater
1351 1095 96 49 part
1483 1090 44 41 of
1562 1091 73 41 the
1667 1091 91 41 first
1779 1091 192 42 syllable,

355 1151 225 56 including
619 1155 57 40 its
715 1156 134 49 vowel,
886 1156 85 41 and
1013 1156 215 43 hesitated
1271 1158 103 55 only
1417 1159 132 42 about
1585 1159 151 56 taking
1767 1160 74 42 the
1877 1174 93 27 suc-

357 1222 179 57 ceeding
577 1230 271 38 consonants.
912 1226 72 42 He
1020 1241 87 27 was
1146 1227 210 43 therefore
1394 1229 150 41 unlike
1584 1243 24 27 a
1645 1234 249 37 stammerer
1929 1230 43 41 of

357 1292 75 43 the
465 1294 201 56 ordinary
700 1296 180 55 variety,
917 1297 96 41 who
1047 1297 144 41 would
1222 1297 111 43 have
1368 1299 125 41 stuck
1526 1313 45 26 or
1601 1299 211 42 stuttered
1834 1299 137 42 voice-

356 1362 134 57 lessly
521 1378 55 28 on
611 1366 74 42 the
716 1365 51 44 T.
833 1367 125 41 Some
994 1381 125 41 years
1157 1382 88 41 ago,
1269 1369 22 41 I
1325 1383 87 27 saw
1452 1383 25 28 a
1509 1369 168 55 patient
1715 1370 93 40 who
1843 1375 127 36 stam-

359 1434 145 42 mered
529 1434 46 42 in
597 1449 25 28 a
651 1436 165 42 similar
846 1451 105 41 way.
1012 1437 53 41 In
1096 1439 299 53 pronouncing
1417 1439 72 41 the
1514 1439 115 41 word
1665 1438 25 21 "
1706 1437 265 47 resident,"

356 1503 67 42 for
444 1505 211 55 example,
677 1506 53 41 he
752 1507 200 55 repeated
974 1521 100 28 over
1095 1508 84 41 and
1203 1522 99 28 over
1324 1509 124 55 again
1472 1509 71 41 the
1567 1508 181 42 syllable
1782 1507 26 20 "
1825 1519 147 30 re-re-

356 1572 96 52 re,"
498 1575 141 42 before
683 1576 54 42 he
783 1591 87 27 was
917 1577 95 41 able
1060 1585 42 33 to
1145 1578 99 41 take
1289 1579 73 41 the
1406 1579 255 41 succeeding
1706 1589 36 31 s.
1826 1579 82 39 For
1950 1592 23 27 a

356 1643 102 56 long
500 1645 103 42 time
640 1646 21 40 I
698 1646 205 42 regarded
940 1646 86 42 this
1069 1661 45 27 as
1151 1661 25 27 a
1212 1647 178 56 solitary
1433 1662 106 28 case,
1571 1649 46 40 in
1659 1662 74 41 my
1774 1648 198 54 practice,

357 1714 44 41 of
438 1716 279 54 stammering
759 1716 82 42 due
880 1716 133 42 solely
1053 1722 44 36 to
1136 1722 115 36 want
1289 1718 43 40 of
1365 1718 294 54 promptitude
1691 1718 46 41 in
1774 1718 73 41 the
1883 1719 89 40 oral

357 1785 292 55 mechanism;
683 1787 90 41 but,
795 1801 55 27 on
887 1787 251 55 examining
1171 1788 73 41 the
1276 1788 168 54 patient
1476 1788 125 54 again
1633 1793 119 50 quite
1783 1788 145 54 lately,
1950 1788 22 40 I

359 1856 137 41 found
528 1856 106 51 that,
672 1856 148 42 whilst
851 1856 74 41 the
964 1856 66 41 old
1079 1856 257 55 peculiarity
1374 1857 90 41 still
1496 1862 44 36 to
1573 1871 21 27 a
1628 1857 162 42 certain
1826 1861 148 38 extent

358 1926 234 42 remained,
607 1926 120 42 there
742 1941 86 27 was
843 1927 89 41 also
947 1941 24 27 a
985 1927 180 41 distinct
1183 1926 213 42 difficulty
1415 1928 45 40 of
1480 1927 72 42 the
1568 1928 199 54 ordinary
1789 1926 182 55 descrip-

358 1997 104 41 tion,
483 1997 96 41 best
602 1997 176 41 marked
801 1997 157 41 during
979 1997 73 41 the
1076 1997 253 55 production
1347 1998 43 40 of
1413 1997 73 41 the
1507 1997 142 41 initial
1671 1996 45 42 d,
1732 1997 137 41 which
1890 2011 81 27 was

358 2067 127 41 stuck
508 2081 116 40 upon
646 2067 181 42 because
845 2067 36 42 it
902 2081 86 28 was
1010 2067 277 54 pronounced
1304 2067 263 42 voicelessly.
1630 2068 88 40 The
1741 2081 94 27 case
1859 2072 113 36 must

359 2138 210 41 therefore
603 2138 52 41 be
688 2137 204 42 regarded
927 2150 45 29 as
1006 2151 79 27 one
1119 2137 44 41 in
1191 2137 138 42 which
1362 2138 73 41 the
1458 2142 115 37 want
1606 2138 44 41 of
1682 2137 290 55 promptitude

359 2208 181 42 affected
561 2207 106 42 both
702 2207 300 42 mechanisms,
1024 2207 86 41 and
1143 2207 226 54 displayed
1402 2207 119 42 itself
1553 2208 243 41 sometimes
1822 2207 44 42 in
1902 2207 70 41 the

360 2279 143 41 action
526 2279 45 40 of
601 2279 73 41 the
697 2292 79 28 one
799 2279 85 41 and
906 2278 246 41 sometimes
1173 2279 46 40 in
1243 2278 95 41 that
1364 2279 46 40 of
1437 2279 74 41 the
1533 2278 129 42 other.
1727 2279 20 41 I
1769 2279 108 40 have
1900 2283 74 35 not

360 2352 90 37 met
473 2347 106 42 with
601 2362 85 27 any
709 2361 94 28 case
825 2348 46 40 in
894 2347 142 41 which
1059 2347 73 41 the
1151 2354 116 33 want
1290 2347 46 40 of
1354 2347 294 54 promptitude
1670 2361 86 27 was
1778 2346 194 42 confined

362 2423 44 36 to
430 2418 72 41 the
527 2417 91 42 oral
639 2417 278 42 mechanism.

420 2488 199 41 Another
655 2486 270 56 exceptional
958 2491 168 37 variety
1162 2486 44 40 of
1237 2486 291 54 stammering,
1550 2487 46 40 of
1630 2486 138 41 which
1806 2487 21 40 I
1865 2487 106 40 have

361 2559 86 41 had
479 2557 253 43 experience
764 2557 46 41 in
842 2561 45 37 at
916 2556 110 42 least
1057 2561 84 37 two
1174 2569 127 29 cases,
1331 2555 38 43 is
1400 2556 94 41 that
1525 2557 45 40 in
1609 2556 138 42 which
1789 2557 119 41 there
1938 2556 36 41 is

361 2627 163 42 merely
554 2641 55 27 an
643 2625 280 43 Interrupted
949 2625 263 42 Utterance;
1242 2624 73 42 the
1346 2625 140 42 words
1517 2625 128 56 being
1676 2625 184 55 brought
1888 2630 85 43 out,

362 2703 119 36 often
506 2695 234 55 hurriedly,
757 2696 46 40 in
825 2708 168 41 groups,
1011 2695 194 41 between
1229 2694 141 41 which
1392 2708 69 28 are
1484 2708 152 40 pauses
1658 2694 182 42 without
1861 2708 109 28 com-

360 2767 191 55 pressive
566 2779 45 28 or
625 2765 123 41 other
761 2765 124 41 effort
898 2765 46 40 in
958 2764 73 41 the
1047 2777 151 28 organs
1213 2764 43 41 of
1269 2763 285 42 articulation.
1602 2764 41 40 A
1659 2763 79 42 few
1754 2763 136 41 words
1904 2776 67 28 are

359 2836 171 56 rapidly
550 2835 179 42 uttered,
747 2834 85 42 and
854 2834 104 42 then
980 2833 121 42 there
1124 2833 35 42 is
1176 2847 25 27 a
1217 2833 167 42 sudden
1406 2837 95 38 stop
1519 2833 84 41 and
1625 2847 24 27 a
1670 2847 141 40 pause,
1829 2834 143 40 whilst

361 2909 75 41 the
457 2911 169 51 patient
647 2906 37 41 is
707 2904 255 56 apparently
985 2903 228 55 arranging
1234 2903 74 41 the
1330 2908 105 36 next
1461 2917 134 41 group
1618 2903 46 42 of
1683 2902 135 42 words
1838 2902 45 41 in
1907 2902 64 41 his

359 2977 133 44 mind.
556 2976 119 42 Then
694 2975 166 41 follows
882 2974 74 41 the
978 2977 105 38 next
1103 2986 134 42 group
1260 2973 45 41 of
1323 2972 152 43 words,
1491 2973 104 42 then
1614 2986 24 28 a
1655 2972 153 42 second
1831 2985 140 41 pause,

361 3048 84 43 and
468 3061 46 29 so
537 3060 54 29 on
616 3052 42 36 to
681 3045 73 43 the
777 3048 259 39 completion
1059 3042 46 42 of
1131 3041 72 43 the
1225 3046 212 38 sentence.
1501 3042 51 42 In
1577 3056 79 28 one
1679 3039 292 45 well-marked
