1933 3302
450 171 407 42 Ansteckungslahigkeit
881 169 69 31 und
974 168 364 40 Verbreitungsweise.

1644 167 50 37 25

97 283 66 37 der
175 280 145 39 Gefahr
340 292 259 27 auszusetzen,
622 279 59 37 die
693 277 218 39 Krankheit
929 276 90 38 bald
1041 276 120 37 selbst
1181 288 45 24 zu
1246 275 267 37 bekommen."
1548 273 145 50 Brug-

96 349 143 24 mans
277 348 79 24 war
392 335 38 37 in
469 334 71 36 den
570 331 366 39 Militärlazarethen
968 343 44 24 zu
1042 329 174 50 Leyden,
1248 327 180 47 Utrecht,
1464 327 231 50 Nimwegen

95 402 36 24 u.
155 402 32 24 a.
210 403 32 23 a.
266 388 43 38 0.
332 399 207 27 mehrmals
559 385 140 51 Zeuge,
732 386 86 37 dass
839 384 61 38 die
915 383 182 39 Wunden
1118 382 38 38 in
1178 381 100 38 allen
1301 381 113 39 Sälen
1436 394 99 26 ohne
1548 380 145 40 Unter-

96 442 129 38 schied
235 442 146 50 gesund
392 453 137 25 waren,
542 439 59 37 bis
612 440 60 37 ein
684 439 168 50 einziger
862 436 348 39 hinzugebrachter
1219 435 180 38 Kranker
1409 438 71 34 mit
1488 434 205 51 Hospital-

95 496 121 38 brand
245 509 74 23 von
348 494 79 38 sich
456 493 71 37 wie
557 506 73 24 von
661 507 124 23 einem
805 491 278 49 Mittelpunkte
1113 503 79 32 aus,
1224 492 123 35 sofort
1376 489 110 38 einen
1515 489 179 51 gleichen

94 549 171 39 Zustand
296 549 92 37 über
417 548 72 37 den
509 559 147 37 ganzen
678 545 88 39 Saal
787 545 242 39 verbreitete,
1059 556 167 26 welcher
1255 542 83 38 sich
1366 543 97 37 über
1483 543 67 37 das
1571 555 123 38 ganze

97 602 180 39 Gebäude
307 601 221 38 erstreckte,
558 612 111 25 wenn
699 613 107 24 nicht
835 598 146 39 schnell
1011 596 252 40 angewandte
1283 596 131 38 Mittel
1431 592 81 42 ihm
1532 596 162 38 Einhalt

95 660 144 34 thaten.
296 655 111 38 Noch
430 653 102 37 1858
553 652 145 38 erlebte
721 652 60 39 Gr
791 653 70 37 oh,
893 652 56 37 als
971 666 40 24 er
1030 651 206 51 genöthigt
1257 663 90 32 war,
1380 650 110 37 einen
1506 650 187 38 Kranken

94 713 71 34 mit
183 707 304 39 Hospitalbrand
516 720 62 24 am
597 706 145 38 Finger
769 707 41 37 in
839 719 110 25 einen
969 705 288 50 gemeinsamen
1277 703 269 39 Krankensaal
1567 704 125 38 seiner

93 762 133 38 Klinik
262 775 45 23 zu
340 761 131 49 legen,
513 760 88 38 dass
637 761 176 37 mehrere
851 758 397 40 Operationswunden
1286 758 67 37 der
1389 757 60 38 bis
1489 758 70 37 auf
1593 761 100 35 etwa

97 817 46 35 15
174 814 168 39 Schritte
373 813 171 38 entfernt
570 813 204 38 liegenden
803 813 186 38 Kranken
1028 827 48 23 an
1105 811 308 50 Hospitalbrand
1444 811 246 46 erkrankten,

94 868 164 37 welcher
285 868 63 37 bei
377 867 142 37 zweien
549 867 123 38 dieser
701 867 204 38 Patienten
935 867 110 37 einen
1076 868 174 36 ernsten,
1289 879 73 24 nur
1399 867 72 35 mit
1498 864 119 38 Mühe
1646 879 46 24 zu

94 921 309 38 bewältigenden
424 920 212 38 Charakter
657 921 179 37 annahm.
878 920 121 39 Grob
1029 922 96 49 sagt,
1159 933 39 24 er
1226 919 101 38 habe
1357 919 82 38 sich
1459 919 61 37 die
1540 923 151 46 grösste

92 975 117 38 Mühe
237 975 196 49 gegeben,
474 975 119 37 durch
621 974 277 46 Reinlichkeit,
935 973 187 51 Luftzug,
1161 972 261 39 Räucherung
1450 973 78 37 und
1556 973 136 38 rasche

93 1028 171 39 Heilung
299 1029 66 37 des
400 1027 322 51 ursprünglichen
750 1027 127 38 Falles
913 1028 59 37 die
1000 1027 404 38 Weiterverbreitung
1438 1040 45 24 zu
1511 1026 178 38 hindern.

219 1081 107 38 Aber
345 1081 106 38 nicht
470 1095 73 24 nur
561 1082 39 36 in
622 1094 121 37 engen
767 1081 250 38 Gemächern,
1047 1081 73 37 wie
1149 1081 205 49 Delpech
1384 1080 175 51 angiebt,
1582 1081 110 37 nicht

91 1149 72 24 nur
181 1135 40 37 in
242 1135 301 38 durchseuchten
563 1135 260 49 Hospitälern,
855 1148 114 24 sogar
996 1134 41 38 in
1057 1135 73 37 den
1150 1140 216 40 schönsten,
1398 1137 292 48 gerä,umigsten

93 1189 218 38 Gebäuden,
342 1188 143 38 Avelche
514 1188 62 38 nie
607 1188 55 38 als
690 1188 181 50 Hospital
899 1189 158 50 gedient
1084 1189 145 37 hatten,
1262 1188 165 38 sondern
1457 1189 120 37 durch
1605 1188 85 38 eine

93 1242 181 39 Schlacht
300 1243 39 36 in
370 1243 66 37 der
462 1242 112 38 Nähe
604 1242 226 50 gewaltsam
860 1242 94 38 dazu
988 1242 200 38 bestimmt
1225 1243 171 44 wurden,
1434 1242 255 38 beobachtete

93 1310 90 23 man
210 1296 40 37 in
278 1296 170 50 gleicher
475 1296 131 38 Weise
637 1296 59 38 die
715 1296 261 38 Verbreitung
1005 1296 67 38 der
1100 1295 231 38 Krankheit.
1390 1295 49 39 So
1468 1296 222 38 beschreibt

95 1349 152 38 Curtis
277 1350 66 37 das
367 1350 100 36 1807
489 1350 41 37 in
548 1349 154 38 Madras
724 1350 274 49 eingerichtete
1018 1349 315 38 Kriegs!azareth
1362 1349 56 38 als
1440 1350 60 38 ein
1520 1363 166 37 grosses,

94 1403 333 43 einzelstehendes,
457 1403 161 50 luftiges
635 1402 191 39 Gebäude,
857 1403 40 37 in
916 1403 183 38 welchem
1120 1403 63 37 bei
1200 1404 66 37 der
1285 1403 222 50 tropischen
1526 1403 162 38 Wärme

93 1456 72 38 alle
192 1456 163 37 Fenster
384 1456 99 38 offen
523 1457 180 50 gehalten
741 1457 169 37 wurden.
979 1457 204 37 Trotzdem
1218 1457 231 37 verbreitete
1487 1457 82 37 sich
1604 1457 84 37 hier

93 1510 65 36 der
186 1509 312 38 Hospitalbrand.
555 1510 57 37 Im
632 1510 247 50 Krimkriege
909 1510 137 38 ergriff
1071 1510 173 38 derselbe
1274 1510 111 38 einen
1414 1511 89 37 sehr
1526 1524 162 37 grossen

92 1562 110 38 Theil
233 1563 65 37 der
330 1563 299 38 Verwundeten,
671 1564 144 37 welche
854 1564 40 37 in
924 1565 105 36 einer
1058 1564 87 37 sehr
1174 1565 270 49 geräumigen,
1480 1565 40 36 in
1556 1564 132 38 bester

90 1616 130 37 Weise
248 1616 220 38 ventilirten
498 1617 274 37 Kriegsschule
801 1617 40 37 in
859 1617 327 50 Konstantinopel
1214 1618 304 50 untergebracht
1542 1631 142 25 waren.

218 1669 45 37 In
293 1669 173 50 Canbdje
495 1684 79 23 war
604 1671 83 37 eine
715 1671 202 48 prächtige
947 1671 116 38 Villa,
1093 1671 100 37 nahe
1224 1685 61 23 am
1301 1671 211 50 Bosporus,
1540 1672 146 38 welche

90 1722 281 38 Mehemet-Ali
402 1723 66 37 der
495 1723 286 38 französischen
801 1724 255 50 Verwaltung
1086 1725 228 50 abgetreten
1342 1725 119 38 hatte,
1492 1739 86 24 zum
1607 1725 77 38 La-

91 1776 130 37 zareth
263 1776 254 50 eingerichtet
556 1778 164 37 worden.
782 1778 74 37 105
895 1778 83 38 hier
1018 1778 173 41 1855/56
1231 1779 325 50 untergebrachte
1584 1779 101 39 Ver-

91 1830 176 36 wundete
298 1830 231 37 erkrankten
559 1831 218 37 sämmtlich
808 1845 47 24 an
884 1831 317 39 Hospitalbrand.

219 1882 214 38 Besonders
447 1883 352 39 bemerkenswerth
814 1885 50 38 ist
880 1886 60 36 die
955 1899 74 24 von
1046 1885 89 38 sehr
1149 1899 126 25 vielen
1290 1885 176 39 Autoren
1481 1890 204 47 gemachte

90 1935 293 51 Beobachtung,
416 1937 86 37 dass
533 1937 59 38 die
621 1937 469 52 Ansteckungsfähigkeit
1129 1940 66 37 der
1223 1939 221 39 Krankheit
1479 1941 89 37 sehr
1595 1955 88 24 ver-

91 1988 178 38 schieden
297 1990 70 45 ist;
405 1990 168 38 nämlich
611 1991 68 37 auf
713 1992 66 37 der
807 1992 111 38 Höhe
955 1993 104 38 einer
1086 1993 203 50 Epidemie
1319 2008 61 23 am
1409 1994 273 45 intensivsten;

89 2041 53 38 im
169 2042 160 51 Anfang
365 2044 77 37 und
479 2057 125 37 gegen
643 2045 65 37 das
736 2045 110 38 Ende
885 2045 104 39 einer
1024 2047 157 37 solchen
1210 2047 92 37 aber
1331 2048 89 38 sehr
1448 2049 237 37 vermindert

90 2096 78 36 und
211 2109 61 23 am
312 2097 338 50 geringfügigsten
692 2098 63 38 bei
799 2099 73 37 den
901 2100 290 49 sporadischen,
1231 2101 184 38 minimen
1445 2101 136 38 Fällen
1617 2103 67 37 der

90 2147 322 51 Friedenspraxis.
470 2150 193 39 Demme
693 2152 185 47 erwähnt,
910 2153 85 38 dass
1026 2167 40 24 er
1099 2154 58 38 oft
1186 2167 131 37 genug
1349 2156 110 37 einen
1478 2155 202 50 Hospital-

91 2201 297 39 brandkranken
424 2203 138 38 mitten
598 2208 113 34 unter
740 2206 168 38 anderen
935 2206 284 39 Verwundeten
1256 2208 157 50 längere
1442 2209 85 37 Zeit
1554 2209 128 50 liegen

93 2254 79 45 sah,
194 2254 96 38 ohne
311 2256 85 37 dass
417 2257 153 38 weitere
590 2257 190 39 Infection
801 2259 176 50 erfolgte.
1023 2261 245 49 „Häufiger",
1292 2265 87 47 sagt
1400 2276 51 32 er,
1478 2276 204 32 „kommen

93 2307 127 38 solche
248 2307 106 39 Fälle
381 2309 63 38 bei
473 2311 283 48 sporadischem
785 2311 208 39 Auftreten
1031 2314 65 37 des
1125 2314 346 50 Hospitalbrandes
1508 2317 92 37 oder
1627 2316 54 38 im

91 2359 151 51 Beginn
272 2361 103 38 einer
404 2363 279 48 epidemischen
703 2364 177 39 Invasion
909 2379 87 25 vor;
1029 2367 70 37 auf
1123 2368 66 37 der
1208 2368 112 37 Höhe
1351 2369 104 38 einer
1478 2368 202 39 Epidemie

89 2413 85 38 sind
201 2413 53 38 sie
283 2419 168 33 äusserst
478 2419 154 35 selten."

219 2467 111 38 Auch
352 2468 83 37 eine
456 2468 169 46 Tabelle,
656 2471 143 37 welche
827 2471 174 51 Marmy
1029 2473 96 38 über
1155 2474 59 37 die
1234 2475 209 38 monatlich
1465 2479 212 36 auftreten-

94 2519 72 37 den
194 2520 395 49 Hospitalbrandfälle
618 2523 39 37 in
687 2524 145 38 seinem
851 2524 189 39 Lazareth
1068 2527 40 37 in
1127 2527 326 51 Konstantinopel
1482 2533 195 44 mittheilt,

91 2572 151 38 belehrt
269 2586 70 25 uns
366 2574 189 39 hierüber.

91 2651 58 38 Im
177 2651 105 39 März
312 2654 232 39 erkrankten
572 2669 74 25 von
676 2656 49 38 84
745 2656 282 41 Verwundeten
1059 2661 49 36 20
1128 2677 54 15 =
1209 2663 39 47 i/4
1283 2676 46 23 an
1359 2662 318 40 Hospitalbrand.

123 2735 14 15 «
171 2705 111 49 April
413 2738 14 16 „
600 2710 125 45 „118
889 2742 14 16 „
1058 2714 49 37 97
1128 2730 54 15 =
1207 2714 38 47 «/v
1301 2745 13 15 „

124 2758 125 46 .Mai
413 2790 13 15 „
598 2792 14 17 „
649 2763 75 37 119
887 2795 15 17 „
1057 2767 50 38 36
1128 2784 50 14 =
1301 2797 13 16 „

124 2840 14 16 »
171 2812 92 38 Juiii
411 2842 14 17 .
597 2816 126 44 «06
886 2847 14 17 „
1083 2820 21 37 8
1124 2837 54 15 =
1204 2821 41 44 1/8
1299 2851 13 15 „

218 2891 77 39 Um
325 2891 90 38 aber
443 2893 59 38 die
530 2893 401 53 Infectionsfähigkeit
968 2900 66 37 der
1062 2900 218 38 Krankheit
1314 2901 143 50 richtig
1485 2917 46 24 zu
1560 2904 115 38 beur-

91 2942 143 39 theilen
262 2945 78 37 und
368 2947 231 38 namentlich
628 2949 54 37 sie
710 2949 105 37 nicht
842 2964 45 24 zu
908 2952 287 47 überschätzen,
1227 2967 103 25 muss
1359 2969 88 24 man
1477 2956 78 39 sich
1586 2972 88 24 vom
