1530 2701
1415 80 51 44 19

381 78 220 54 Puthohgy
617 78 55 52 of
678 76 59 41 tike
755 75 212 41 Intestinal
986 76 138 40 Canal.

37 184 41 41 in
97 192 68 34 the
182 192 164 35 severest
364 200 118 35 cases,
501 187 33 39 is
561 187 108 39 often
696 187 185 40 wanting.
939 185 100 42 This
1068 200 57 26 we
1157 185 100 41 have
1289 202 91 27 seen
1414 189 44 41 in

34 254 154 26 various
217 242 208 53 examples.
484 242 82 39 We
594 242 100 39 have
725 257 90 25 seen
849 243 67 39 the
944 242 142 40 bowels
1104 249 354 36 obstructed,—we

30 294 101 40 have
149 310 88 26 seen
267 305 106 31 them
392 296 304 40 natural,—and
715 312 58 25 we
792 298 98 40 have
908 311 89 26 seen
1019 306 108 31 them
1146 301 308 54 spontaneously

34 348 133 47 loose;
188 352 77 39 and
288 353 123 38 under
429 360 107 31 these
554 365 155 25 various
728 353 300 40 circumstances
1047 367 57 25 we
1123 353 99 39 have
1241 353 125 41 found
1387 356 68 40 the

33 403 149 41 disease
199 421 123 39 going
341 421 52 25 on
422 407 92 39 with
545 407 112 39 equal
686 415 206 46 certainty,
915 408 78 39 and
1013 408 114 40 equal
1145 409 187 54 rapidity,
1355 418 44 31 to
1428 426 26 25 a

31 457 94 40 fatal
146 463 260 38 termination.
468 461 79 40 We
566 462 98 38 have
680 475 90 25 seen
799 476 53 25 no
872 476 139 26 reason
1032 471 42 31 to
1094 478 167 39 suppose
1281 465 85 40 that
1384 465 71 41 the

34 523 194 31 retention
257 517 47 38 of
324 517 168 39 feculent
520 525 140 31 matter
689 531 75 24 was
792 516 191 53 injurious
1011 519 41 38 in
1081 526 68 32 the
1176 534 76 25 one
1285 534 101 35 case,
1407 535 48 26 or

32 574 87 33 that
138 577 65 32 the
222 585 160 38 copious
401 579 228 32 evacuation
659 571 47 39 of
727 572 30 38 it
776 586 76 24 was
870 572 234 52 productive
1123 574 47 39 of
1189 584 67 30 the
1274 576 179 39 slightest

34 621 145 42 benefit
195 626 40 38 in
266 635 65 31 the
351 627 124 39 other.
534 627 66 39 On
633 634 67 32 the
733 635 198 45 contrary,
952 635 111 33 there
1095 643 67 25 are
1190 629 97 40 facts
1320 633 131 40 which

32 687 105 30 must
162 679 85 40 lead
267 689 41 31 to
327 696 24 24 a
368 683 194 38 suspicion
583 681 84 39 that
696 691 66 31 the
787 690 131 31 action
947 681 47 40 of
1017 692 207 43 purgative
1253 687 199 42 medicine

30 744 110 39 upon
160 735 67 39 the
246 736 193 40 intestinal
459 751 123 32 canal,
603 736 112 40 when
735 738 32 38 it
785 737 31 39 is
835 738 41 38 in
897 752 23 24 a
940 745 99 32 state
1067 741 47 37 of
1137 740 306 53 inflammation,

31 794 134 32 rather
183 797 111 32 tends
313 800 43 30 to
377 792 172 39 increase
577 791 94 39 than
703 792 187 39 diminish
924 792 67 39 the
1022 793 161 41 disease.
1240 796 22 39 I
1295 797 53 39 do
1374 808 73 31 not

32 849 121 32 assert
171 852 85 32 that
276 845 75 40 this
379 847 191 51 principle
588 847 30 38 is
639 847 215 52 applicable
881 856 41 31 to
945 862 116 40 every
1081 863 87 26 case
1187 851 167 41 without
1372 854 79 40 dis-

29 896 261 43 crimination.
349 902 134 38 There
503 915 89 39 may
612 902 48 39 be
679 903 197 52 examples
896 903 41 39 in
959 903 127 40 which
1115 906 108 39 acrid
1253 908 79 45 aqd
1361 910 89 40 irri-

30 957 127 49 tating
186 963 178 32 contents
397 971 65 24 are
495 958 133 52 acting
661 957 242 55 injuriously,
934 960 80 38 and
1033 968 111 32 there
1162 975 90 40 may
1272 963 49 39 be
1340 978 108 27 cases

27 1005 128 40 which
175 1023 213 38 supervene
408 1025 106 38 upon
535 1012 108 45 ileus,
663 1020 41 32 to
734 1012 128 40 which
891 1028 169 37 perhaps
1089 1023 115 33 other
1235 1020 212 53 principles

28 1070 105 29 must
152 1063 47 39 be
218 1066 166 50 applied.
442 1066 80 39 But
542 1066 19 38 1
582 1066 114 39 think
715 1068 30 38 it
765 1077 102 30 must
897 1069 48 39 be
973 1070 192 40 admitted
1185 1071 99 50 that,
1304 1074 43 39 in
1378 1076 69 40 the

30 1115 186 55 ordinary
231 1132 104 26 cases
355 1119 47 39 of
414 1121 186 47 enteritis,
623 1131 67 29 the
708 1122 243 40 obstruction
981 1125 46 37 of
1047 1125 67 40 the
1148 1126 142 41 bowels
1317 1130 33 38 is
1379 1131 68 41 the

27 1168 224 44 immediate
270 1174 119 39 result
410 1175 47 38 of
468 1176 67 38 the
553 1176 286 40 inflammation
927 1179 86 40 that
1032 1180 30 39 it
1084 1182 31 38 is
1144 1190 42 31 to
1216 1183 47 39 be
1291 1198 157 28 remov-

24 1225 48 38 ed
93 1225 51 53 by
164 1227 197 55 subduing
388 1229 67 39 the
487 1231 301 49 inflammation,
810 1233 77 39 and
910 1234 50 53 by
981 1235 77 39 this
1079 1236 244 54 only,—and
1344 1241 100 50 that,

24 1280 117 39 could
159 1282 31 38 it
208 1282 50 39 be
276 1285 182 38 removed
478 1285 50 52 by
549 1300 76 35 any
644 1295 114 31 other
777 1301 149 35 means,
944 1290 29 39 it
993 1291 130 39 would
1152 1293 40 39 in
1213 1307 55 26 no
1287 1306 154 30 respect

23 1335 177 51 improve
220 1345 65 31 the
305 1339 181 38 situation
508 1340 46 38 of
573 1348 67 31 the
662 1350 166 43 patient,
848 1357 41 25 as
909 1352 66 31 the
994 1347 168 53 original
1191 1350 80 39 and
1305 1352 138 39 highly

26 1390 222 53 dangerous
274 1392 146 40 disease
449 1395 127 37 would
605 1408 149 26 remain
786 1398 246 54 unchanged.
1093 1401 66 40 On
1177 1403 77 40 this
1273 1404 169 41 import-

23 1451 69 31 ant
110 1445 78 39 and
210 1446 161 40 delicate
391 1449 111 51 point
527 1450 18 37 1
575 1450 125 39 would
723 1459 70 31 not
813 1452 119 51 speak
951 1454 92 39 with
1060 1457 268 41 unbecom'ino-
1347 1475 95 26 con-

22 1497 153 42 fidence
191 1516 11 30 ;
233 1500 71 40 but
325 1503 20 37 I
366 1503 53 38 do
439 1505 157 45 submit,
618 1504 172 40 whether
808 1516 66 29 the
893 1507 125 41 whole
1037 1511 250 51 phenomena
1300 1492 61 62 ^f
1373 1518 69 40 ab-

22 1552 173 41 dominal
214 1555 284 42 inflammation
527 1559 52 39 do
608 1568 70 31 not
705 1561 86 39 lead
821 1571 40 30 to
895 1563 67 39 the
991 1564 247 53 impression,
1258 1578 85 32 that
1373 1572 69 42 the

23 1621 68 26 use
109 1609 47 38 of
168 1612 218 49 purgatives
407 1613 31 38 is
457 1628 52 24 no
529 1623 89 43 part
645 1616 47 38 of
715 1625 67 30 the
810 1625 211 33 treatment
1039 1621 40 38 in
1101 1630 68 32 the
1187 1632 125 33 active
1330 1636 111 33 stage

23 1661 48 39 of
82 1662 67 39 the
168 1664 160 48 disease,
349 1668 78 37 and
456 1668 173 40 whether
658 1679 91 44 they
769 1686 67 25 are
864 1681 70 31 not
963 1674 117 54 likely
1101 1685 41 31 to
1170 1677 50 41 be
1247 1680 194 41 injurious

22 1725 133 31 rather
175 1718 94 39 than
290 1720 216 41 beneficial.
564 1723 110 40 Even
696 1726 41 37 in
758 1733 67 32 the
843 1741 105 26 cases
967 1730 41 38 in
1029 1731 128 40 which
1176 1734 112 41 there
1320 1737 32 40 is
1382 1740 57 40 ho

21 1771 257 50 obstruction,
300 1775 70 39 but
400 1777 40 38 in
475 1777 125 40 which
630 1780 95 38 mild
755 1791 223 41 purgatives
1006 1799 160 39 operate
1185 1791 163 54 readily,
1370 1794 70 42 tlie

20 1834 150 42 patient
198 1831 197 51 generally
424 1833 217 51 complains
673 1834 48 39 of
745 1846 256 42 aggravation
1038 1842 47 38 of
1115 1850 67 33 the
1219 1857 218 29 symptoms

16 1879 99 40 after
135 1883 100 38 their
253 1886 215 50 operation.
517 1887 104 40 How
641 1889 117 39 much
780 1904 109 26 more
907 1893 116 56 likely
1043 1897 32 39 is
1095 1898 77 40 this
1190 1908 41 33 to
1252 1917 121 26 occur
1391 1906 44 39 in

18 1947 107 28 cases
152 1936 45 39 of
217 1952 144 38 proper
380 1943 188 47 enteritis,
589 1944 38 38 in
663 1944 128 39 which
824 1955 124 33 active
976 1961 224 41 purgatives
1230 1971 66 25 are
1326 1969 110 31 often

19 2003 114 39 given
155 1991 38 38 in
214 1995 181 50 repeated
416 1997 111 39 doses
542 1998 164 39 without
725 2000 99 39 avail
840 2000 15 40 ?
914 2003 42 39 If
968 2005 146 43 benefit
1138 2010 40 38 in
1201 2020 107 31 these
1327 2027 108 28 cases

21 2045 49 37 be
89 2050 184 47 expected
295 2048 99 40 from
416 2063 227 29 evacuation
665 2054 46 38 of
733 2053 66 40 the
818 2055 155 53 bowels,
1001 2061 87 41 that
1119 2064 147 41 benefit
1300 2068 31 39 is
1360 2078 74 32 not

21 2098 200 51 obtained,
255 2103 113 40 while
407 2114 109 32 there
545 2121 73 25 can
651 2108 47 39 be
732 2108 95 41 little
861 2112 124 43 doubt
1017 2125 86 32 that
1131 2132 52 26 an
1216 2121 220 45 additional

19 2166 115 26 cause
152 2156 44 36 of
218 2166 193 32 irritation
440 2161 32 39 is
501 2161 151 39 thrown
682 2163 85 39 into
795 2164 67 42 the
886 2168 176 42 diseased
1081 2186 132 38 parts;
1244 2178 77 38 and
1342 2178 92 48 why

18 2219 33 26 is
70 2216 76 30 this
164 2210 126 51 object
308 2212 89 40 thus
417 2215 177 40 defeated
613 2215 13 39 ?
658 2217 162 42 because
847 2230 112 34 there
986 2227 119 39 exists
1134 2229 42 38 in
1211 2229 67 41 the
1312 2232 120 43 intes-

18 2269 82 32 tine
117 2263 101 39 Itself
245 2278 22 24 a
294 2265 146 42 disease
461 2269 127 40 which
620 2282 180 40 prevents
832 2277 49 39 its
909 2289 146 40 action,
1076 2282 80 39 and
1184 2284 129 42 which
1341 2302 91 34 pre-

16 2328 110 27 vents
145 2327 221 41 purgatives
392 2322 101 39 from
522 2327 221 54 producing
771 2330 101 40 their
902 2335 110 39 usual
1039 2337 144 39 effects.
1241 2339 38 41 It
1299 2347 130 40 would

14 2383 56 25 no
88 2374 123 37 doubt
242 2374 47 38 be
316 2374 202 49 desirable,
546 2379 41 38 in
616 2393 118 42 many
753 2384 47 38 of
823 2395 107 33 these
960 2404 119 34 cases,
1100 2400 86 32 that
1213 2402 68 35 the
1313 2402 116 40 canal

15 2437 101 26 were
134 2427 106 39 freed
260 2428 100 38 from
380 2438 66 32 the
464 2445 182 38 presence
666 2438 38 37 of
724 2437 122 53 feces;
881 2443 72 40 but
972 2453 65 30 the
1056 2448 178 50 question
1251 2452 46 46 is,
1320 2456 109 41 whe-

16 2486 88 31 ther
123 2488 66 32 the
209 2482 126 53 injury
357 2483 97 41 from
476 2486 99 40 their
593 2503 185 38 presence
796 2509 72 27 can
899 2498 49 39 be
975 2503 211 49 compared
1215 2507 93 40 with
1342 2509 87 42 that

16 2537 124 37 which
171 2546 102 30 inust
300 2551 98 27 arise
427 2541 99 40 from
553 2544 143 41 violent
724 2550 78 39 and
830 2552 223 40 ineffectual
1079 2556 133 44 efforts
1242 2570 41 32 to
1312 2566 115 39 expel

15 2591 276 46 them,—from
321 2593 143 44 violent
490 2597 78 42 and
597 2599 220 46 ineffectual
845 2606 236 45 excitement
1101 2612 47 40 of
1167 2629 108 40 parts
1295 2621 127 41 which
