2113 3404
892 278 87 30 THE
1011 278 242 33 DISORDERS
1287 280 52 31 OF
1371 279 175 32 SPEECH.

402 263 85 41 214

401 407 117 29 cases
542 395 45 41 of
621 395 245 51 Dementia,
889 397 45 41 in
959 397 139 42 which
1121 398 72 42 the
1231 398 123 42 mind
1390 398 76 42 has
1503 398 173 42 become
1710 399 223 41 enfeebled
1968 413 46 27 or

401 463 109 44 been
532 467 281 52 annihilated,
837 469 35 41 it
894 469 139 55 might
1069 469 52 43 be
1149 470 184 54 possible
1357 474 42 38 to
1421 469 96 56 give
1540 484 24 27 a
1597 470 236 42 somewhat
1853 471 161 41 similar

403 536 130 43 series
556 538 44 41 of
636 552 127 28 cases.
826 539 120 42 They
971 539 139 42 would
1140 539 126 42 begin
1290 540 103 41 with
1417 554 116 28 cases
1570 540 44 41 of
1650 539 132 43 slight
1804 541 209 41 enfeeble-

403 610 133 46 ment,
554 610 76 38 not
646 607 66 41 far
733 608 199 41 removed
953 608 108 41 from
1085 608 73 42 the
1179 609 167 41 normal
1366 609 137 42 level;
1524 609 82 42 and
1626 609 194 51 descend,
1843 613 93 50 step
1960 610 53 53 by

403 679 107 51 step,
529 675 114 42 until
665 676 74 42 the
761 676 84 42 last
867 691 95 28 case
986 677 222 55 displayed
1227 692 23 26 a
1272 678 218 42 condition
1513 679 46 41 of
1577 678 162 42 mental
1761 692 104 28 zero.
1918 679 97 51 But,

403 745 44 41 in
487 746 124 42 order
635 751 42 37 to
714 747 126 41 make
872 761 58 41 up
961 761 25 27 a
1022 747 210 55 complete
1270 747 129 42 series
1431 748 43 41 of
1510 749 86 41 this
1618 747 119 43 kind,
1774 762 79 28 one
1877 749 139 42 would

404 816 168 55 require
595 821 43 37 to
661 817 100 42 look
784 818 65 41 for
873 818 71 41 the
980 818 181 54 slighter
1183 832 127 28 cases,
1332 824 77 36 not
1431 819 46 41 in
1514 819 203 55 asylums,
1740 821 78 40 but
1840 827 44 35 at
1905 821 112 41 their

404 885 167 54 private
594 886 158 42 homes.
815 887 89 41 The
927 887 121 41 short
1065 888 129 41 series
1217 888 43 41 of
1283 902 117 28 cases
1421 889 47 41 of
1486 888 216 42 dementia
1725 888 139 42 which
1883 889 21 41 I
1923 904 92 26 now

404 961 187 50 present,
614 956 163 56 having
799 957 107 42 been
939 957 186 42 selected
1158 963 44 36 at
1224 958 72 42 the
1319 958 136 55 Koyal
1488 958 252 56 Edinburgh
1762 959 198 55 Asylum,
1981 960 36 42 is

404 1027 212 42 therefore
642 1027 273 55 incomplete,
933 1042 112 28 none
1067 1029 46 40 of
1133 1028 71 41 the
1222 1028 181 56 slighter
1423 1029 150 55 grades
1590 1029 127 55 being
1734 1030 282 41 represented.

404 1097 101 49 But,
536 1097 106 42 such
682 1111 46 29 as
765 1098 36 41 it
833 1099 48 41 is,
913 1099 36 41 it
981 1112 99 28 may
1112 1099 51 41 be
1196 1099 46 41 of
1273 1112 88 38 use,
1384 1113 45 28 as
1467 1099 192 55 showing
1690 1099 244 56 gradations
1972 1101 45 41 in

401 1166 282 56 intelligence
701 1168 85 41 and
803 1168 331 55 speech-power.
1199 1169 21 40 I
1244 1168 144 42 select,
1406 1169 65 41 for
1492 1168 73 42 the
1584 1169 141 50 series,
1742 1171 276 50 exclusively,

404 1252 118 28 cases
570 1239 47 41 of
660 1238 73 42 the
779 1239 237 42 secondary
1059 1239 217 41 dementia
1323 1239 96 42 that
1464 1253 45 28 so
1553 1240 118 41 often
1719 1240 155 42 results
1909 1241 108 41 from

404 1308 265 44 Adolescent
707 1308 211 43 Insanity.
983 1310 65 41 Dr
1083 1309 220 42 Clouston,
1338 1310 94 41 who
1470 1310 36 41 is
1543 1311 73 41 the
1654 1310 113 42 chief
1799 1312 220 54 authority

405 1395 116 40 upon
545 1380 87 42 this
656 1381 111 41 form
789 1381 46 41 of
862 1380 205 55 insanity,
1091 1380 144 55 points
1258 1385 75 36 out
1356 1380 96 42 that
1475 1380 71 42 the
1569 1381 216 41 dementia
1812 1388 208 49 resulting

406 1452 111 40 from
543 1451 36 41 it
599 1451 37 42 is
659 1466 103 27 very
786 1451 117 42 often
926 1451 119 42 total,
1068 1450 86 42 and
1187 1451 94 41 that
1301 1451 36 41 it
1358 1450 36 42 is
1417 1451 171 54 usually
1611 1465 105 41 pure
1739 1451 83 41 and
1844 1466 174 27 uncom-

406 1521 200 56 plicated,
644 1521 128 42 being
813 1521 130 42 much
980 1521 84 42 less
1103 1520 246 56 frequently
1389 1521 104 41 than
1538 1521 72 41 the
1647 1521 123 42 other
1805 1521 130 42 forms
1977 1524 43 39 of

406 1592 235 42 secondary
675 1592 217 42 dementia
925 1596 237 38 associated
1194 1591 107 42 with
1333 1591 212 55 paralytic
1567 1605 46 28 or
1635 1591 121 43 other
1778 1593 241 42 conditions

406 1664 96 41 that
525 1663 140 56 might
687 1663 177 42 obscure
897 1663 56 41 its
986 1661 269 56 symptoms.1
1317 1661 43 42 It
1382 1662 36 41 is
1450 1676 24 27 a
1497 1662 120 50 form,
1639 1663 222 49 therefore,
1883 1663 138 42 better

406 1733 143 42 suited
572 1734 106 41 than
710 1748 87 27 any
819 1733 121 42 other
972 1737 43 37 to
1049 1733 114 41 show
1187 1733 74 41 the
1293 1732 146 42 effects
1471 1733 46 40 of
1544 1732 244 49 Dementia,
1810 1747 102 40 pure
1935 1734 84 41 and

406 1804 167 56 simple,
596 1819 115 41 upon
735 1804 73 42 the
831 1804 154 42 speech
1009 1805 43 40 of
1073 1804 73 41 the
1169 1803 198 55 patients.

467 1955 118 43 Case
618 1953 259 43 I.—Replies
907 1954 49 41 in
978 1954 332 41 absent-minded
1331 1967 179 28 manner
1532 1960 37 35 to
1591 1955 214 54 questions,
1822 1956 198 41 occasion-

406 2027 89 55 ally
535 2025 133 42 reads,
709 2025 71 41 but
821 2025 91 41 does
957 2029 71 38 not
1067 2038 263 28 understand
1375 2024 111 42 what
1527 2025 47 41 he
1618 2025 131 42 reads.
1831 2026 191 41 Exhibits

406 2097 233 42 Echolalia.
705 2096 221 42 Generally
946 2101 75 36 sits
1040 2095 124 42 silent
1185 2095 89 41 and
1293 2096 89 40 still
1398 2094 63 43 all
1475 2096 95 54 day,
1587 2096 134 41 unless
1738 2096 84 41 told
1843 2101 37 36 to
1901 2110 117 27 move.

406 2168 47 41 Is
489 2167 299 42 cleanly.—W.
830 2166 43 42 C.
915 2166 159 55 (male),
1111 2171 64 36 iet.
1216 2164 64 45 27.
1357 2165 225 42 Admitted
1619 2165 120 42 three
1776 2180 120 41 years
1932 2180 89 36 ago,

407 2238 207 42 suffering
645 2238 108 40 from
787 2236 264 42 Adolescent
1083 2235 200 56 Insanity
1317 2235 105 42 with
1455 2235 293 42 melancholia.
1810 2235 211 56 Heredity

408 2323 105 28 very
536 2307 97 42 bad.
693 2305 54 43 In
769 2306 121 55 reply
914 2311 44 36 to
982 2310 111 38 most
1115 2306 234 54 questions,
1367 2319 110 41 says,
1498 2310 20 16 "
1533 2305 80 52 No,
1632 2305 100 42 Sir."
1794 2305 225 43 Occasion-

407 2379 101 56 ally,
532 2379 133 41 "Yes,
689 2377 101 42 Sir."
854 2377 90 42 Can
976 2390 96 42 give
1095 2376 68 42 his
1195 2390 126 28 name
1354 2376 85 41 and
1470 2390 86 41 age.
1617 2375 149 42 Asked
1799 2376 137 42 where
1968 2376 53 43 he

406 2451 50 50 is,
479 2464 109 40 says,
610 2447 59 42 "I
699 2448 118 41 don't
848 2448 141 50 know,
1012 2446 104 43 Sir."
1178 2447 119 41 Then
1329 2460 97 28 says
1459 2446 52 42 he
1542 2446 108 42 lives
1681 2447 45 40 in
1758 2447 261 55 Edinburgh.

408 2521 107 42 Says
554 2519 87 41 this
680 2518 120 55 place
838 2518 35 40 is
911 2517 115 41 Hell.
1091 2517 299 41 Occasionally
1424 2516 122 42 reads
1583 2530 24 27 a
1643 2530 261 41 newspaper,
1937 2518 83 41 and

407 2589 247 43 sometimes
676 2588 101 41 does
809 2601 45 28 so
886 2587 140 41 aloud,
1049 2587 79 40 but
1148 2586 207 55 probably
1378 2587 100 41 does
1512 2591 73 37 not
1612 2586 262 42 understand
1907 2593 115 35 what

407 2661 54 41 he
513 2672 132 29 reads.
722 2657 150 42 Asked
927 2656 97 56 why
1076 2657 52 41 he
1181 2656 132 52 reads,
1355 2670 108 41 says,
1506 2656 224 42 "Because
1781 2657 35 41 it
1857 2657 164 54 pleases

407 2730 103 43 me."
572 2730 104 40 "Do
708 2742 86 40 you
831 2727 100 42 read
963 2741 83 27 any
1080 2727 123 41 other
1240 2726 189 54 paper?"
1490 2724 60 43 "I
1588 2726 117 42 don't
1747 2727 271 42 remember."

407 2802 93 42 Has
537 2798 227 59 gradually
796 2798 165 42 spoken
995 2797 84 42 less
1114 2797 84 41 and
1234 2796 84 42 less
1354 2796 103 41 with
1492 2796 188 43 advance
1713 2797 47 41 of
1792 2797 225 42 dementia.

407 2874 122 41 Now,
563 2869 141 43 would
737 2874 56 37 sit
825 2868 92 42 still
949 2868 45 41 in
1027 2882 80 27 one
1141 2868 120 54 place
1294 2866 57 42 all
1384 2867 94 54 day,
1512 2866 144 42 unless
1689 2867 88 42 told
1810 2872 43 37 to
1886 2882 131 28 move.

454 3014 9 21 1
494 3014 66 37 See
587 3013 55 35 Dr
665 3011 206 37 Clouston's
900 3021 113 37 paper
1042 3022 45 23 on
1117 3011 21 18 "
1152 3008 208 46 Secondary
1392 3007 227 46 Dementia,"
1635 3008 158 36 Journal
1821 3009 40 46 of
1885 3008 137 36 Mental

405 3074 148 38 Science,
572 3072 158 37 October
749 3074 101 34 1888.
