2125 3612
1675 274 52 41 11

289 283 309 36 STAMMERING?,
632 285 91 30 AND
758 285 88 30 THE
882 284 148 32 STUDY
1062 284 54 32 OF
1147 284 89 31 THE
1270 285 241 31 ALPHABET.

69 407 103 41 tion.
237 406 131 41 Their
404 405 209 43 relations
653 411 43 37 to
735 405 106 43 eacli
887 406 126 42 other
1051 419 71 29 are
1166 405 171 56 plainly
1375 405 155 43 shown
1567 405 48 42 in
1651 404 77 44 the

67 477 313 44 Alphabetical
402 475 166 45 Table.1

128 549 47 42 B.
209 550 198 42 Turning
439 564 96 27 now
570 554 44 37 to
647 549 76 43 the
762 549 169 43 Second
970 564 47 27 or
1053 548 174 44 Middle
1262 548 464 57 Stop-position—the

67 623 210 42 Anterior
299 622 506 57 Linguo-Palatal,—we
830 622 90 42 find
941 622 97 42 that
1061 623 84 42 five
1170 621 170 44 similar
1363 624 267 41 consonants
1653 634 71 30 are

64 694 221 56 produced
309 694 101 43 here
432 694 105 43 also,
559 707 46 29 as
629 693 100 43 well
752 708 46 28 as
821 698 87 39 two
942 694 147 42 others
1122 694 46 41 in
1202 693 210 43 addition.
1476 692 92 43 The
1607 706 116 29 com-

65 765 116 56 plete
205 771 97 36 stop
325 765 37 42 is
384 764 103 44 here
520 765 184 43 effected
736 765 59 43 by
817 764 76 44 the
926 764 249 58 apposition
1209 764 48 43 of
1286 764 74 43 the
1394 764 66 43 tip
1493 763 88 43 and
1616 763 107 56 edge

65 838 47 41 of
141 837 73 42 the
250 842 160 38 tongue
440 841 45 39 to
520 837 74 43 the
632 851 143 43 upper
810 851 118 43 gum,
967 837 145 43 which
1143 837 38 43 is
1214 837 76 43 the
1323 836 192 44 anterior
1546 840 101 52 part
1679 835 48 42 of

65 907 74 43 the
172 907 109 42 hard
314 912 156 52 palate.
534 905 53 55 T,
612 908 75 44 the
721 908 226 44 Voiceless
982 908 253 58 Explosive,
1265 906 284 45 corresponds
1584 907 46 41 in
1666 906 58 42 its

64 979 178 44 method
265 980 47 42 of
338 980 261 56 production
625 981 87 43 and
736 981 46 43 in
804 981 59 43 its
885 981 130 43 effect
1037 986 44 38 to
1104 991 48 44 p.
1228 979 44 44 D
1306 981 37 43 is
1376 979 163 57 simply
1562 977 25 44 t
1614 978 109 42 with

63 1052 122 43 voice
202 1052 48 42 in
268 1051 72 44 the
359 1053 63 42 air
440 1053 98 44 that
552 1053 296 44 accumulates
866 1053 163 43 behind
1049 1053 74 43 the
1140 1053 174 43 barrier.
1379 1050 47 44 N
1448 1052 38 42 is
1501 1063 222 44 produced

64 1139 45 28 as
132 1122 47 54 d,
205 1129 157 52 except
384 1126 98 42 that
504 1126 75 43 the
602 1132 88 38 soft
711 1125 146 57 palate
880 1125 37 43 is
955 1125 200 44 lowered,
1177 1127 87 42 and
1295 1126 74 42 the
1396 1138 119 30 voice
1539 1122 184 44 allowed

62 1202 46 38 to
131 1211 155 41 escape
308 1198 189 57 through
522 1199 74 43 the
618 1213 114 29 nose.
799 1196 83 45 Sh,
906 1212 47 29 as
974 1197 48 44 in
1044 1196 107 45 she,
1176 1198 38 43 is
1237 1198 75 43 the
1330 1197 224 44 Voiceless
1577 1195 146 43 Frica-

63 1270 89 43 tive
177 1270 44 42 of
244 1269 87 44 this
354 1271 202 56 position,
579 1271 222 56 produced
825 1286 127 28 when
977 1271 74 43 the
1074 1276 98 39 stop
1195 1271 38 42 is
1255 1275 79 38 not
1360 1272 242 53 complete;
1634 1266 89 43 and

62 1339 77 45 zh,
183 1356 46 28 as
274 1341 47 42 in
373 1342 244 44 treasure,
662 1344 37 42 is
743 1342 64 44 sh
849 1343 110 43 with
1004 1343 76 43 the
1124 1343 200 42 addition
1359 1342 46 41 of
1431 1354 133 29 voice.
1650 1339 74 56 (In

63 1414 198 56 English,
289 1411 64 44 zh
386 1414 38 41 is
456 1427 134 28 never
623 1412 116 56 spelt
768 1412 76 53 zh,
890 1414 88 43 and
1021 1428 134 29 never
1192 1426 150 30 occurs
1386 1425 47 29 as
1477 1425 57 28 an
1577 1409 148 43 initial

63 1491 269 38 consonant;
374 1486 80 41 but
496 1485 46 41 in
581 1485 172 41 French
795 1487 37 41 it
873 1486 38 43 is
954 1500 203 29 common
1201 1499 47 29 as
1292 1498 54 28 an
1391 1482 159 51 initial,
1592 1481 134 56 being

61 1559 279 57 represented
362 1559 60 43 by
443 1558 75 43 the
541 1557 152 44 letters
710 1556 20 56 j
753 1573 47 28 or
819 1568 47 45 g,
891 1573 46 29 as
959 1559 49 43 in
1030 1558 135 44 Jean
1188 1573 46 28 or
1257 1554 233 55 George.)

121 1631 90 43 The
235 1632 65 42 tip
324 1631 44 43 of
390 1630 75 43 the
482 1633 164 53 tongue
662 1630 144 57 being,
825 1645 136 29 above
980 1631 58 42 all
1057 1637 120 50 parts
1197 1630 47 43 of
1263 1629 73 43 the
1354 1627 170 52 mouth,
1543 1625 180 58 capable

62 1704 46 42 of
126 1704 124 42 rapid
273 1703 87 43 and
382 1702 185 44 delicate
590 1707 265 39 movement,
877 1703 38 43 it
936 1703 37 43 is
996 1708 78 38 not
1097 1703 246 56 surprising
1371 1705 46 39 to
1440 1699 92 43 find
1556 1698 99 43 that
1677 1698 47 41 in

61 1776 102 52 this,
185 1776 76 43 the
282 1775 167 43 middle
479 1775 327 56 stop-position,
830 1780 87 38 two
949 1775 264 43 Additional
1245 1774 244 43 Fricatives
1522 1785 71 29 are
1625 1783 98 43 pro-

62 1849 152 52 duced,
246 1849 94 42 viz.,
362 1859 26 31 r
408 1848 88 42 and
517 1846 29 45 1.
608 1846 46 44 R
676 1848 36 42 is
735 1848 224 56 produced
988 1848 148 56 partly
1160 1848 58 42 by
1241 1847 77 43 the
1340 1859 184 44 purring
1547 1843 179 43 friction

61 1920 45 42 of
142 1921 77 42 the
253 1920 64 43 air
347 1921 48 42 in
427 1921 180 56 passing
639 1935 103 28 over
773 1920 77 43 the
880 1920 225 56 vibrating
1139 1919 66 43 tip
1241 1918 45 43 of
1320 1918 76 42 the
1431 1921 176 51 tongue,
1637 1913 88 43 and

61 1992 146 57 partly
230 1993 58 56 by
311 1992 75 43 the
420 1993 148 42 voice:
601 1994 37 41 it
669 1992 37 42 is
740 2006 25 28 a
786 1991 168 44 Voiced
986 1991 234 43 Fricative,
1243 1989 146 43 which
1422 2002 81 30 can
1535 1988 54 42 be
1626 2000 98 43 pro-

63 2065 141 42 duced
242 2065 108 42 with
389 2065 206 43 different
632 2065 177 43 degrees
847 2064 45 42 of
923 2077 253 29 roughness.
1241 2060 42 44 L
1316 2062 37 43 is
1386 2061 91 43 also
1510 2074 25 29 a
1555 2057 169 45 Voiced

64 2136 232 51 Fricative,
317 2135 223 57 produced
572 2136 58 42 by
654 2135 75 43 the
753 2134 199 44 fricative
975 2148 182 42 passage
1179 2133 45 43 of
1256 2132 64 43 air
1343 2139 108 35 with
1473 2130 124 44 voice
1620 2144 105 29 over

65 2208 75 43 the
163 2208 116 43 sides
302 2208 44 43 of
369 2208 75 43 the
465 2212 176 53 tongue,
664 2208 151 43 whilst
838 2208 75 42 the
935 2207 68 43 tip
1025 2206 37 43 is
1085 2206 47 42 in
1155 2209 175 40 contact
1348 2204 107 42 with
1479 2203 76 43 the
1577 2209 147 51 palate

63 2285 45 38 at
140 2280 76 44 the
238 2281 326 56 stop-position.
630 2281 55 42 In
708 2280 200 57 English,
929 2279 123 43 there
1075 2292 73 29 are
1172 2292 57 29 no
1261 2276 212 45 voiceless
1499 2277 225 42 fricatives

63 2353 339 57 corresponding
433 2357 46 38 to
511 2363 26 31 r
573 2353 88 43 and
698 2350 44 55 1;
775 2353 82 42 but
890 2352 47 42 in
969 2350 155 45 Welsh
1159 2350 123 43 there
1315 2350 37 43 is
1391 2364 25 28 a
1448 2349 213 45 voiceless
1689 2347 31 55 1,

61 2425 163 56 always
272 2425 238 44 succeeded
558 2425 60 43 by
655 2439 25 28 a
721 2424 156 44 voiced
924 2437 111 29 one;
1079 2437 46 29 as
1172 2422 49 43 in
1265 2422 77 43 the
1391 2422 148 43 initial
1589 2419 38 45 11
1680 2424 44 41 of

62 2496 317 56 Llangollen.
447 2497 58 44 So
528 2497 66 43 far
616 2511 48 29 as
686 2496 23 44 I
733 2512 69 28 am
826 2510 154 30 aware,
1002 2510 58 28 no
1081 2495 216 57 language
1319 2494 80 43 has
1432 2495 183 44 utilized
1648 2495 75 44 the

62 2571 210 43 voiceless
294 2581 38 32 r.

121 2643 42 42 A
181 2643 172 43 curious
370 2642 128 57 point
518 2642 48 42 in
583 2641 76 44 the
675 2641 265 57 production
958 2641 47 42 of
1018 2640 77 43 the
1112 2639 132 43 letter
1264 2649 27 32 r
1307 2638 80 44 has
1404 2639 111 44 been
1533 2640 190 58 brought

62 2715 139 43 under
222 2729 75 28 my
320 2715 146 42 notice
497 2714 60 57 by
578 2728 77 43 my
677 2714 129 57 pupil
837 2714 76 42 Mr
938 2713 190 43 Thomas
1160 2712 282 54 Macdonald,
1464 2727 79 29 son
1570 2715 45 42 of
1649 2715 73 42 the

60 2786 90 44 late
181 2788 66 42 Dr
277 2787 157 43 Angus
467 2786 279 44 Macdonald.
811 2787 45 42 It
888 2786 38 43 is
964 2785 99 44 that
1086 2785 75 43 the
1184 2785 171 57 trilling
1387 2786 169 43 motion
1579 2787 45 43 of
1647 2788 75 43 the

112 2909 12 24 1
150 2910 135 38 Babies
303 2923 61 25 are
382 2910 93 37 fond
492 2910 41 37 of
554 2910 212 50 producing
792 2914 39 34 at
854 2910 66 37 the
938 2909 75 50 lips
1031 2922 22 25 a
1071 2908 150 50 trilling
1238 2909 116 37 noise,
1373 2910 214 36 sometimes
1614 2916 108 32 with-

63 2975 65 32 out
146 2971 74 36 and
247 2973 214 36 sometimes
480 2972 95 37 with
592 2973 116 37 voice.
763 2972 112 37 Some
894 2971 224 37 authorities
1136 2971 96 37 have
1250 2971 194 36 described
1462 2971 32 36 it
1513 2981 38 28 as
1570 2984 21 24 a
1610 2971 115 37 labial

64 3030 45 48 R,
127 3032 74 36 and
220 3033 40 36 in
279 3033 191 37 Germany
487 3034 33 35 it
537 3033 31 36 is
588 3033 120 37 called
726 3032 66 38 the
810 3032 233 38 coachman's
1062 3032 44 46 R,
1126 3031 157 37 because
1302 3031 32 37 it
1353 3032 33 36 is
1404 3032 92 36 used
1514 3032 58 37 for
1590 3032 136 47 urging

63 3089 126 40 horses
206 3107 9 31 ;
241 3094 81 47 but,
336 3107 40 24 as
391 3095 31 35 it
439 3095 32 36 is
488 3098 68 33 not
574 3094 200 48 employed
793 3095 41 35 in
849 3094 201 48 European
1069 3092 147 50 speech,
1233 3093 17 36 I
1265 3092 97 37 have
1380 3097 68 32 not
1465 3093 261 37 incorporated

64 3151 30 37 it
112 3153 39 35 in
170 3153 63 37 the
252 3153 267 51 Alphabetical
539 3154 127 37 Table.
