2107 3450
953 273 147 36 INDEX.
1761 285 84 42 493

192 381 231 36 Retirement
449 381 41 35 of
514 382 270 49 word-images,
814 386 109 38 when
950 401 48 23 no
1025 390 129 46 longer
1184 396 155 45 wanted,
1367 397 90 40 266;
1486 404 59 33 too
1572 404 112 38 quick
1712 409 107 33 retire

290 444 114 40 ment,
425 439 71 36 266
514 439 77 36 and
611 440 85 36 385.
1583 422 12 28 1

196 495 200 37 Revilliod,
416 499 56 33 44.

195 553 219 46 Robertson,
437 553 43 38 G.
502 554 65 45 M.,
587 555 84 36 206.

194 611 196 46 Romanes,
411 611 45 38 G.
476 611 49 45 J.,
544 614 58 43 83,
624 616 81 44 104,
728 617 82 44 159,
835 616 78 47 163,
933 617 74 36 and
1029 621 79 34 164.

193 669 233 46 Rosenstein,
450 670 82 36 307.

192 727 103 45 Ross,
316 728 81 43 254,
417 728 83 44 274,
520 729 82 44 291,
623 729 83 46 292,
726 731 82 36 387,
828 731 75 36 and
923 732 83 37 399.

192 785 161 43 Russell,
372 786 139 45 James,
530 786 85 36 253.

192 842 160 47 Russell,
373 844 142 45 Risien,
536 845 82 36 433.

192 944 144 48 Sajous,
355 945 59 37 74.

190 1002 172 45 Sanders,
382 1004 72 35 253
472 1003 75 36 and
566 1007 81 33 484.

189 1061 204 44 Santorini,
413 1064 83 33 464.

183 1118 203 48 Scamping
404 1130 42 24 or
462 1119 213 47 smudging,
696 1120 41 35 of
751 1119 268 38 letter-sounds
1037 1121 75 36 and
1131 1122 189 47 syllables,
1343 1127 80 33 118.

186 1176 192 47 Scanning
395 1176 146 48 speech,
562 1176 40 36 of
618 1176 177 50 multiple
814 1177 182 48 sclerosis,
1016 1179 83 36 426.

187 1232 154 48 Schech,
361 1235 57 43 71,
438 1234 58 36 72,
516 1234 75 36 and
612 1237 58 34 74.

189 1290 130 47 Schiff,
339 1291 57 37 83.

188 1348 143 37 Schott,
351 1351 57 34 85.

187 1406 232 45 Schulthess,
439 1408 46 36 28
504 1407 75 37 and
598 1408 60 36 30.

182 1464 139 48 Seglas,
341 1477 49 24 on
409 1465 64 36 the
492 1465 135 48 speech
645 1465 40 37 of
701 1465 63 37 the
783 1467 142 35 insane,
950 1469 68 33 190
1036 1471 39 32 to
1095 1467 82 45 211,
1198 1468 79 36 also
1299 1470 85 36 394.

182 1522 150 47 Senion,
352 1523 54 44 F.,
427 1524 82 42 302,
530 1524 82 43 310,
633 1527 82 42 411,
735 1527 83 43 414,
839 1527 85 42 419,
945 1525 83 46 433,
1050 1525 82 46 437,
1152 1528 84 44 440,
1255 1526 76 36 and
1349 1529 82 34 441.

185 1582 127 36 Senile
330 1581 202 46 dementia,
551 1581 135 48 speech
705 1582 52 36 in,
777 1582 85 36 220.

184 1639 162 48 Sensory
364 1638 164 49 aphasia,
547 1652 50 23 see
616 1640 192 48 Auditory
826 1640 178 36 Aphasia.

185 1697 173 49 Seppilli,
378 1698 84 35 284.

183 1755 167 46 Serieux,
371 1756 82 44 336,
474 1755 82 45 339,
577 1756 82 36 349,
679 1756 76 36 and
774 1756 83 37 352.

182 1814 215 49 Shrugging
415 1813 40 36 of
470 1812 64 36 the
553 1812 207 48 shoulders,
780 1817 149 45 gesture
947 1812 48 37 of,
1015 1813 41 35 in
1075 1812 182 47 children,
1279 1817 57 34 96.

185 1871 178 48 Shyness,
382 1871 41 35 in
442 1870 182 45 children,
647 1874 59 33 95.

184 1929 142 45 Sicard,
344 1928 124 37 Abbe,
495 1929 78 35 143.

185 1987 233 49 Sigismund,
442 1987 52 44 B.,
513 1989 59 33 88.

180 2044 233 37 Skwortzoff,
435 2043 103 37 Mile.
560 2044 161 46 Nadine,
742 2045 83 45 284,
846 2045 83 43 286,
950 2045 87 35 288,
1056 2043 78 37 and
1152 2044 84 36 292.

180 2101 184 48 Slurring,
385 2102 40 36 in
452 2102 183 42 children,
666 2104 96 34 118;
790 2102 40 36 in
857 2101 204 44 imbeciles,
1095 2102 87 44 125;
1209 2101 42 36 in
1278 2101 200 45 dementia,
1507 2102 90 43 218;
1624 2102 41 35 in
1691 2104 147 45 general

278 2158 194 49 paralysis,
492 2159 93 36 224;
613 2159 199 36 definition
832 2158 47 46 of,
900 2159 92 36 258;
1019 2159 42 36 in
1081 2162 123 33 motor
1229 2158 164 48 aphasia,
1414 2158 90 44 315;
1532 2157 39 36 in
1598 2157 128 47 fevers,
1747 2161 69 35 393
1833 2174 7 30 ;

279 2216 74 37 due
371 2221 38 32 to
427 2216 120 37 lesion
567 2216 41 36 of
623 2216 64 37 the
705 2221 123 32 motor
846 2216 277 49 speech-tracts,
1146 2216 70 36 422
1236 2215 77 36 and
1332 2218 81 33 447.

184 2274 233 37 Snake-bite,
437 2287 39 24 as
493 2287 22 25 a
533 2287 109 24 cause
661 2274 39 37 of
716 2274 166 49 aphasia,
902 2275 84 36 388.

182 2332 198 49 Snuffling,
400 2332 116 37 nasal,
536 2332 96 36 from
651 2332 245 49 split-palate,
920 2333 87 35 136;
1040 2332 95 36 from
1155 2331 180 49 paralysis
1354 2330 40 37 of
1410 2329 133 49 palate,
1563 2330 83 35 442.

183 2391 179 36 Socrates,
386 2391 79 36 192.

185 2448 111 49 Song,
320 2451 80 34 170.

183 2505 161 47 Sounds,
364 2518 212 37 expressive
594 2505 251 37 inarticulate,
867 2505 40 36 of
922 2505 153 36 infants,
1095 2507 59 33 89.

183 2563 237 46 Southward,
440 2564 49 47 J.,
511 2566 79 35 174.

184 2621 193 48 Spalding,
398 2621 58 36 his
476 2634 82 24 own
580 2633 92 25 case,
691 2624 82 33 405.

184 2679 166 48 Spamer,
370 2681 83 35 253.

182 2738 163 47 Spasms,
366 2738 40 35 of
422 2738 146 47 larynx,
588 2749 80 34 etc.,
688 2736 243 48 rhythmical,
953 2737 66 44 53;
1047 2732 338 50 non-rhythmical,
1406 2735 57 35 56.

182 2795 400 48 Speech-production,
604 2795 36 35 in
662 2794 184 37 children,
870 2796 77 34 105.

183 2854 175 46 Spencer,
380 2852 174 45 Herbert,
578 2855 80 33 170.

183 2910 253 49 Split-palate,
462 2911 79 34 136.

181 2969 172 35 Staccato
379 2966 135 49 speech
535 2967 199 47 (scanning
760 2965 161 48 speech),
945 2965 38 35 in
1011 2969 177 42 multiple
1215 2960 177 45 sclerosis,
1413 2960 90 41 426;
1532 2959 39 34 in
1599 2954 239 39 Friedreich's

278 3025 154 45 disea.se,
459 3024 93 36 427;
589 3024 40 35 in
655 3022 151 49 general
837 3022 193 48 paralysis,
1062 3021 92 36 225;
1191 3024 190 31 utterance
1412 3015 210 37 sometimes
1648 3025 90 24 slow
1764 3010 73 37 and

280 3082 189 36 laborious
489 3081 39 35 in
548 3085 122 31 motor
687 3079 164 48 aphasia,
872 3080 82 36 270.

180 3139 267 48 Stammering,
468 3142 133 32 nature
619 3137 48 36 of,
687 3138 43 42 2;
758 3136 237 49 phenomena
1013 3134 48 38 of,
1083 3137 44 34 16
1146 3147 7 29 ;
1181 3132 188 37 causation
1398 3130 46 43 of,
1465 3131 45 33 22
1528 3142 6 30 ;
1565 3131 196 32 treatment
1788 3122 45 49 of,
