1899 3166
890 148 167 32 Vorwort.

178 145 56 41 VI

175 252 66 39 Sie
258 253 128 37 haben
402 252 111 38 ihren
525 251 136 41 Grund
678 254 122 48 darin,
818 255 87 39 dass
923 255 129 38 weder
1069 256 68 38 der
1150 256 254 40 Beschreiber
1420 259 98 37 noch
1534 261 103 37 seine
1654 261 120 39 Leser

175 307 64 38 die
270 305 222 39 Krankheit
521 319 70 26 vor
611 307 144 52 Augen
784 308 138 39 haben.
975 308 95 38 Was
1100 310 101 37 mich
1232 310 159 48 betrifft,
1422 325 41 25 so
1493 313 191 49 disponire
1714 315 60 37 ich

175 360 100 38 über
306 360 60 38 die
387 359 280 53 Erfahrungen
696 376 68 24 aus
796 363 106 37 einer
933 363 157 37 kleinen
1112 363 202 50 Epidemie
1345 365 121 44 (1872
1488 367 77 37 und
1589 368 117 48 1873)
1737 369 37 37 in

178 414 172 50 hiesiger
362 413 135 38 Klinik
519 415 71 37 mit
610 415 156 50 einigen
787 416 198 38 schweren
1002 416 137 38 Fällen
1159 418 79 37 und
1258 417 99 39 habe
1378 419 94 37 auch
1495 422 130 47 später
1644 420 132 51 häufig

177 467 78 39 den
275 467 162 51 Anfang
457 467 208 40 leichterer
686 469 169 39 Formen
876 469 243 39 beobachtet.
1160 470 96 39 Was
1278 472 92 37 aber
1392 473 59 37 die
1473 473 198 38 schweren
1700 476 74 35 und

177 535 91 24 zum
291 520 115 39 Theil
428 522 271 50 eigenartigen
720 523 168 39 Formen
919 524 171 50 anlangt,
1123 524 145 38 welche
1290 525 66 37 der
1378 526 303 38 Hospitalbrand
1710 541 66 23 zur

178 575 88 38 Zeit
295 575 129 38 seiner
454 582 256 44 ungestörten
741 577 143 38 Blüthe
921 577 238 38 namentlich
1203 578 53 37 im
1288 579 156 51 Anfang
1474 593 156 25 unseres
1660 580 116 38 Jahr-

178 629 190 38 hunderts
399 629 218 39 annehmen
648 631 164 45 konnte,
845 644 40 24 so
915 645 105 24 muss
1050 630 62 38 ich
1142 631 60 37 die
1232 632 175 39 Autoren
1433 635 112 48 jener
1575 634 103 38 Zeit,
1709 634 67 38 be-

178 683 163 39 sonders
362 683 232 51 Delpech,
627 684 98 38 auch
746 699 35 23 v.
804 684 138 38 Pitha
971 684 79 38 und
1070 684 156 38 Andere
1253 686 121 38 selbst
1402 687 118 38 reden
1548 687 125 39 lassen
1701 688 77 38 und

179 751 105 24 zwar
314 738 116 37 meist
459 738 39 37 in
519 737 243 39 wörtlichem
784 737 138 39 Citate,
953 751 65 24 um
1040 738 60 37 die
1124 737 254 51 Objectivität
1398 740 120 38 völlig
1543 755 46 23 zu
1610 741 166 37 wahren.

180 791 99 39 Was
310 792 70 37 auf
407 792 68 38 der
505 805 171 25 anderen
707 790 106 40 Seite
845 792 74 38 den
949 791 121 39 Leser
1099 791 168 48 betrifft,
1312 806 41 25 so
1390 793 98 39 habe
1526 795 60 37 ich
1626 795 62 37 für
1719 796 58 37 die

173 847 172 49 jüngere
369 844 240 40 Generation
631 845 59 38 die
713 845 184 51 Aufgabe
928 859 47 24 zu
1005 845 178 39 erfüllen,
1216 845 84 39 eine
1328 846 61 37 ihr
1419 861 68 24 aus
1517 848 157 50 eigener
1696 848 82 38 An-

179 899 204 51 schauung
423 899 120 38 völlig
580 899 252 38 unbekannte
864 899 222 38 Krankheit
1123 912 46 24 zu
1204 899 204 38 schildern.
1466 900 49 39 So
1550 901 118 38 leicht
1703 902 77 37 und

181 953 154 39 einfach
357 967 40 24 es
418 954 62 37 ist,
513 968 48 23 an
583 954 67 37 der
673 953 116 38 Hand
817 966 104 26 eines
950 952 237 39 reichlichen
1207 952 199 39 Materials
1436 954 119 38 selbst
1583 955 63 37 bei
1675 956 106 36 einer

177 1022 45 25 so
254 1022 320 36 vielgestaltigen
604 1007 223 38 Krankheit
858 1007 70 38 wie
960 1008 69 37 der
1059 1007 307 50 Hospitalbrand
1401 1008 97 38 nach
1533 1008 101 38 allen
1663 1008 117 38 Rich-

179 1066 152 34 tungen
352 1062 67 37 hin
440 1075 48 24 zu
508 1062 224 38 Orientiren,
763 1075 42 24 so
835 1061 209 39 schwierig
1071 1061 52 38 ist
1152 1074 52 26 es,
1236 1061 123 39 dieses
1390 1061 120 39 durch
1540 1062 84 38 eine
1654 1062 126 38 blosse

181 1116 299 39 Beschreibung
510 1130 46 23 zu
595 1115 212 38 erreichen.
866 1114 69 39 Ich
971 1129 106 24 muss
1118 1114 98 39 noch
1257 1115 70 38 auf
1366 1116 83 37 eine
1494 1116 115 38 dritte
1650 1129 131 37 grosse

181 1170 305 51 Schwierigkeit
514 1170 228 38 hinweisen,
774 1169 146 38 welche
951 1183 69 24 aus
1051 1169 225 38 demselben
1307 1169 212 39 Umstände
1550 1171 230 49 entspringt,

182 1226 90 37 dass
295 1238 71 24 wir
387 1224 115 38 keine
524 1224 337 38 Beobachtungen
890 1237 68 24 aus
988 1237 164 24 neuerer
1173 1223 86 37 Zeit
1283 1223 138 37 haben.
1461 1222 63 39 Sie
1544 1223 98 50 liegt
1661 1224 119 44 darin,

182 1280 90 38 dass
295 1279 61 38 die
378 1278 106 38 alten
505 1278 247 38 Beobachter
774 1278 85 38 dem
882 1277 112 38 Bilde
1016 1278 67 37 des
1097 1277 347 49 Hospitalbrandes
1465 1277 317 49 Erscheinungen

182 1334 81 38 und
294 1333 334 39 Complicationen
658 1332 265 38 einverleiben
952 1334 186 35 mussten,
1170 1330 144 38 welche
1344 1331 124 37 dieser
1489 1330 218 38 Krankheit
1736 1344 47 24 an

179 1388 88 39 sich
298 1401 72 38 gar
400 1387 109 38 nicht
538 1391 255 33 angehörten.
833 1385 196 38 Erinnern
1050 1385 69 37 wir
1140 1398 71 24 uns
1241 1398 71 23 nur
1343 1385 130 45 daran,
1505 1385 86 37 dass
1620 1399 88 23 man
1738 1398 44 23 zu

180 1444 115 50 jener
317 1441 87 39 Zeit
425 1442 74 37 den
521 1443 180 49 grössten
724 1439 113 39 Theil
860 1440 68 37 der
950 1438 601 39 Wundinfectionskrankheiten
1581 1437 55 39 als
1657 1438 126 38 solche

184 1511 72 37 gar
286 1496 109 38 nicht
424 1496 167 38 kannte,
632 1508 168 25 sondern
831 1494 60 37 die
921 1493 211 50 Eiterung,
1164 1493 59 37 die
1254 1492 178 50 Pyämie,
1482 1492 59 37 die
1571 1491 146 51 Sepsis,
1745 1493 40 48 ja

184 1551 100 39 auch
315 1551 68 37 das
403 1550 185 51 Erysipel
618 1549 56 38 als
705 1548 150 39 Folgen
886 1548 68 38 der
974 1547 281 38 Verwundung
1285 1560 48 23 an
1363 1559 79 24 sich
1474 1545 137 38 ansah!
1652 1545 131 38 Nach-

182 1605 174 39 träglich
375 1618 80 24 nun
476 1618 69 24 aus
562 1605 119 49 jenen
702 1606 105 35 alten
823 1602 333 38 Beobachtungen
1178 1601 59 37 die
1261 1599 522 50 Hospitalbrandsymptome

184 1674 76 25 von
293 1660 74 38 den
398 1661 188 48 eitrigen,
625 1656 255 52 pyämischen
919 1656 78 38 und
1035 1655 221 50 septischen
1287 1653 327 50 Complicationen
1651 1656 130 35 unter-

182 1715 188 38 scheiden
399 1727 47 24 zu
476 1712 152 39 wollen,
659 1725 105 24 muss
794 1710 55 38 als
880 1710 61 38 ein
971 1709 223 38 unsicheres
1227 1707 291 40 Unternehmen
1549 1708 234 38 erscheinen.

182 1770 56 38 Es
267 1769 52 38 ist
349 1769 93 37 aber
473 1766 98 39 doch
600 1767 52 37 im
683 1765 273 50 Allgemeinen
994 1777 187 25 sicherer,
1221 1762 56 38 als
1315 1775 89 24 man
1441 1775 75 24 von
1555 1761 232 38 vornherein

185 1824 173 51 glauben
379 1825 166 35 möchte,
576 1820 89 38 weil
686 1820 67 38 der
774 1818 478 51 Hospitalbrandprocess,
1284 1815 235 38 namentlich
1546 1815 52 37 im
1621 1814 165 46 Beginn,

181 1878 96 39 sehr
307 1876 203 50 auffällige
534 1875 229 50 Symptome
794 1873 204 38 darbietet,
1030 1872 78 37 und
1137 1871 133 38 ferner
1301 1870 74 37 den
1396 1869 160 38 Process
1588 1869 66 37 der
1676 1868 110 38 Eite-

183 1945 107 26 rung
328 1945 40 25 so
407 1930 312 49 zurückdrängt,
759 1928 87 37 dass
885 1940 41 25 er
964 1927 117 37 kaum
1110 1925 100 38 noch
1238 1925 40 37 in
1306 1923 188 38 Betracht
1522 1923 160 37 kommt.
1743 1921 44 38 In

181 1989 192 37 späteren
393 1985 160 39 Stadien
575 1984 67 37 der
664 1982 222 39 Krankheit
914 1980 128 38 haben
1072 1993 70 24 wir
1172 1978 210 39 allerdings
1405 1979 113 35 meist
1538 1976 249 38 Mischbilder

188 2055 75 25 von
294 2041 214 49 Eiterung,
549 2037 131 50 Sepsis
712 2049 93 26 etc.,
838 2048 146 26 welche
1014 2034 52 37 im
1097 2033 214 38 Einzelnen
1342 2045 46 24 zu
1418 2031 136 37 klären
1585 2043 70 24 wir
1684 2032 105 35 nicht

187 2096 114 38 mehr
331 2095 54 37 im
416 2093 146 39 Stande
595 2092 97 38 sind.

320 2149 90 38 Von
440 2148 129 38 diesen
603 2143 360 41 Gesichtspunkten
993 2155 68 25 aus
1100 2141 96 38 bitte
1234 2139 63 39 ich
1334 2153 48 24 an
1419 2138 60 39 die
1509 2136 280 50 Beurtheilung

185 2219 75 25 ■der
289 2203 214 40 folgenden
535 2200 139 39 Arbeit
703 2199 317 38 heranzutreten.

323 2289 144 33 Göttin
477 2298 91 32 gen,
593 2288 47 29 im
666 2285 146 32 October
837 2283 93 33 1888.

1178 2386 119 48 Prof.
1332 2384 74 48 Dr.
1443 2380 280 51 Rosenbach.
