<?xml version="1.0" encoding="UTF-8"?>
<alto xmlns="http://www.loc.gov/standards/alto/ns-v2#" xmlns:xsi="http://www.w3.org/2001/XMLSchema-instance" xsi:schemaLocation="http://www.loc.gov/standards/alto/ns-v2# http://www.loc.gov/standards/alto/alto-v2.0.xsd">
  <Description>
    <MeasurementUnit>pixel</MeasurementUnit>
    <sourceImageInformation>
      <fileName>b18035723_0024.xml</fileName>
    </sourceImageInformation>
    <OCRProcessing ID="OCR_1">
      <preProcessingStep>
        <processingDateTime>2013-03-13T03:37:30</processingDateTime>
        <processingAgency>intranda GmbH, www.intranda.com</processingAgency>
        <processingSoftware>
          <softwareCreator>intranda GmbH, Germany</softwareCreator>
          <softwareName>intranda OCR Module for TaskManager</softwareName>
          <softwareVersion>1.0r42</softwareVersion>
        </processingSoftware>
      </preProcessingStep>
      <ocrProcessingStep>
        <processingSoftware>
          <softwareCreator>ABBYY (BIT Software), Russia</softwareCreator>
          <softwareName>FineReader Engine</softwareName>
          <softwareVersion>10</softwareVersion>
        </processingSoftware>
      </ocrProcessingStep>
    </OCRProcessing>
  </Description>
  <Layout>
    <Page ID="Page_24" HEIGHT="3372" WIDTH="2411" PHYSICAL_IMG_NR="24">
      <PrintSpace ID="PrintSpace_292" HPOS="50" VPOS="86" HEIGHT="3130" WIDTH="2162">
        <TextBlock ID="TextBlock_115" HPOS="50" VPOS="86" HEIGHT="2992" WIDTH="2162">
          <TextLine ID="TextLine_756" HPOS="59" VPOS="91" HEIGHT="73" WIDTH="2137">
            <String ID="Word_6362" CONTENT="pflanzliches" HPOS="59" VPOS="99" HEIGHT="65" WIDTH="347" />
            <String ID="Word_6363" CONTENT="Gewebe" HPOS="442" VPOS="98" HEIGHT="51" WIDTH="233" />
            <String ID="Word_6364" CONTENT="unter" HPOS="709" VPOS="110" HEIGHT="38" WIDTH="163" />
            <String ID="Word_6365" CONTENT="idem" HPOS="902" VPOS="97" HEIGHT="50" WIDTH="129" />
            <String ID="Word_6366" CONTENT="Mikroskop" HPOS="1064" VPOS="96" HEIGHT="65" WIDTH="324" />
            <String ID="Word_6367" CONTENT="betrachten," HPOS="1421" VPOS="95" HEIGHT="59" WIDTH="338" />
            <String ID="Word_6368" CONTENT="es" HPOS="1793" VPOS="112" HEIGHT="31" WIDTH="53" />
            <String ID="Word_6369" CONTENT="findet" HPOS="1881" VPOS="92" HEIGHT="51" WIDTH="175" />
            <String ID="Word_6370" CONTENT="sich" HPOS="2089" VPOS="91" HEIGHT="52" WIDTH="107" />
          </TextLine>
          <TextLine ID="TextLine_757" HPOS="57" VPOS="168" HEIGHT="69" WIDTH="2141">
            <String ID="Word_6371" CONTENT="immer" HPOS="57" VPOS="179" HEIGHT="48" WIDTH="193" />
            <String ID="Word_6372" CONTENT="dieselbe," HPOS="288" VPOS="177" HEIGHT="60" WIDTH="257" />
            <String ID="Word_6373" CONTENT="feststehende" HPOS="581" VPOS="176" HEIGHT="51" WIDTH="380" />
            <String ID="Word_6374" CONTENT="Ghromosomenzahl:" HPOS="999" VPOS="173" HEIGHT="53" WIDTH="577" />
            <String ID="Word_6375" CONTENT="zweimal" HPOS="1616" VPOS="170" HEIGHT="51" WIDTH="245" />
            <String ID="Word_6376" CONTENT="2" HPOS="1897" VPOS="172" HEIGHT="47" WIDTH="28" />
            <String ID="Word_6377" CONTENT="gleich" HPOS="1964" VPOS="168" HEIGHT="65" WIDTH="167" />
            <String ID="Word_6378" CONTENT="4" HPOS="2166" VPOS="169" HEIGHT="47" WIDTH="32" />
          </TextLine>
          <TextLine ID="TextLine_758" HPOS="57" VPOS="245" HEIGHT="73" WIDTH="2140">
            <String ID="Word_6379" CONTENT="beim" HPOS="57" VPOS="256" HEIGHT="50" WIDTH="146" />
            <String ID="Word_6380" CONTENT="Spulwurm," HPOS="229" VPOS="255" HEIGHT="63" WIDTH="325" />
            <String ID="Word_6381" CONTENT="zweimal" HPOS="578" VPOS="254" HEIGHT="50" WIDTH="245" />
            <String ID="Word_6382" CONTENT="10" HPOS="850" VPOS="256" HEIGHT="47" WIDTH="64" />
            <String ID="Word_6383" CONTENT="gleich" HPOS="940" VPOS="253" HEIGHT="63" WIDTH="167" />
            <String ID="Word_6384" CONTENT="20" HPOS="1132" VPOS="255" HEIGHT="47" WIDTH="66" />
            <String ID="Word_6385" CONTENT="beim" HPOS="1223" VPOS="252" HEIGHT="50" WIDTH="146" />
            <String ID="Word_6386" CONTENT="Mais," HPOS="1392" VPOS="251" HEIGHT="59" WIDTH="157" />
            <String ID="Word_6387" CONTENT="zweimal" HPOS="1574" VPOS="248" HEIGHT="51" WIDTH="243" />
            <String ID="Word_6388" CONTENT="24" HPOS="1844" VPOS="249" HEIGHT="47" WIDTH="68" />
            <String ID="Word_6389" CONTENT="gleich" HPOS="1938" VPOS="245" HEIGHT="65" WIDTH="168" />
            <String ID="Word_6390" CONTENT="48" HPOS="2131" VPOS="246" HEIGHT="48" WIDTH="66" />
          </TextLine>
          <TextLine ID="TextLine_759" HPOS="57" VPOS="323" HEIGHT="69" WIDTH="2140">
            <String ID="Word_6391" CONTENT="beim" HPOS="57" VPOS="331" HEIGHT="52" WIDTH="146" />
            <String ID="Word_6392" CONTENT="Menschen." HPOS="239" VPOS="332" HEIGHT="51" WIDTH="309" />
            <String ID="Word_6393" CONTENT="Wie" HPOS="589" VPOS="332" HEIGHT="50" WIDTH="116" />
            <String ID="Word_6394" CONTENT="läßt" HPOS="744" VPOS="332" HEIGHT="49" WIDTH="116" />
            <String ID="Word_6395" CONTENT="sich" HPOS="899" VPOS="331" HEIGHT="51" WIDTH="106" />
            <String ID="Word_6396" CONTENT="diese" HPOS="1046" VPOS="330" HEIGHT="50" WIDTH="146" />
            <String ID="Word_6397" CONTENT="widerspruchsvolle" HPOS="1230" VPOS="326" HEIGHT="66" WIDTH="546" />
            <String ID="Word_6398" CONTENT="Tatsache" HPOS="1816" VPOS="323" HEIGHT="50" WIDTH="262" />
            <String ID="Word_6399" CONTENT="er¬" HPOS="2118" VPOS="341" HEIGHT="30" WIDTH="79" />
          </TextLine>
          <TextLine ID="TextLine_760" HPOS="56" VPOS="411" HEIGHT="49" WIDTH="227">
            <String ID="Word_6400" CONTENT="klären?" HPOS="56" VPOS="411" HEIGHT="49" WIDTH="227" />
          </TextLine>
          <TextLine ID="TextLine_761" HPOS="129" VPOS="487" HEIGHT="66" WIDTH="2068">
            <String ID="Word_6401" CONTENT="Schon" HPOS="129" VPOS="487" HEIGHT="50" WIDTH="171" />
            <String ID="Word_6402" CONTENT="1887" HPOS="344" VPOS="490" HEIGHT="48" WIDTH="136" />
            <String ID="Word_6403" CONTENT="hatte" HPOS="521" VPOS="488" HEIGHT="50" WIDTH="154" />
            <String ID="Word_6404" CONTENT="der" HPOS="720" VPOS="487" HEIGHT="50" WIDTH="97" />
            <String ID="Word_6405" CONTENT="geniale" HPOS="860" VPOS="488" HEIGHT="64" WIDTH="211" />
            <String ID="Word_6406" CONTENT="Freiburger" HPOS="1113" VPOS="487" HEIGHT="65" WIDTH="336" />
            <String ID="Word_6407" CONTENT="Zoologe" HPOS="1490" VPOS="489" HEIGHT="64" WIDTH="238" />
            <String ID="Word_6408" CONTENT="August" HPOS="1773" VPOS="488" HEIGHT="65" WIDTH="214" />
            <String ID="Word_6409" CONTENT="Weis¬" HPOS="2032" VPOS="490" HEIGHT="49" WIDTH="165" />
          </TextLine>
          <TextLine ID="TextLine_762" HPOS="59" VPOS="554" HEIGHT="70" WIDTH="2139">
            <String ID="Word_6410" CONTENT="mann" HPOS="59" VPOS="579" HEIGHT="30" WIDTH="162" />
            <String ID="Word_6411" CONTENT="eine" HPOS="261" VPOS="563" HEIGHT="47" WIDTH="120" />
            <String ID="Word_6412" CONTENT="scharfsinnige" HPOS="422" VPOS="560" HEIGHT="63" WIDTH="392" />
            <String ID="Word_6413" CONTENT="Überlegung" HPOS="854" VPOS="554" HEIGHT="70" WIDTH="352" />
            <String ID="Word_6414" CONTENT="angestellt." HPOS="1247" VPOS="561" HEIGHT="62" WIDTH="307" />
            <String ID="Word_6415" CONTENT="Wenn" HPOS="1596" VPOS="561" HEIGHT="49" WIDTH="174" />
            <String ID="Word_6416" CONTENT="die" HPOS="1812" VPOS="561" HEIGHT="50" WIDTH="84" />
            <String ID="Word_6417" CONTENT="Chromo¬" HPOS="1938" VPOS="562" HEIGHT="50" WIDTH="260" />
          </TextLine>
          <TextLine ID="TextLine_763" HPOS="59" VPOS="631" HEIGHT="65" WIDTH="2137">
            <String ID="Word_6418" CONTENT="somen" HPOS="59" VPOS="652" HEIGHT="30" WIDTH="187" />
            <String ID="Word_6419" CONTENT="das" HPOS="287" VPOS="633" HEIGHT="50" WIDTH="92" />
            <String ID="Word_6420" CONTENT="Erbgut" HPOS="419" VPOS="632" HEIGHT="64" WIDTH="211" />
            <String ID="Word_6421" CONTENT="weitergeben" HPOS="668" VPOS="631" HEIGHT="64" WIDTH="371" />
            <String ID="Word_6422" CONTENT="und" HPOS="1077" VPOS="633" HEIGHT="49" WIDTH="113" />
            <String ID="Word_6423" CONTENT="dabei" HPOS="1230" VPOS="632" HEIGHT="50" WIDTH="159" />
            <String ID="Word_6424" CONTENT="ihre" HPOS="1427" VPOS="633" HEIGHT="49" WIDTH="120" />
            <String ID="Word_6425" CONTENT="Zahl" HPOS="1586" VPOS="633" HEIGHT="49" WIDTH="132" />
            <String ID="Word_6426" CONTENT="tatsächlich" HPOS="1757" VPOS="633" HEIGHT="50" WIDTH="312" />
            <String ID="Word_6427" CONTENT="be¬" HPOS="2109" VPOS="632" HEIGHT="50" WIDTH="87" />
          </TextLine>
          <TextLine ID="TextLine_764" HPOS="58" VPOS="704" HEIGHT="64" WIDTH="2140">
            <String ID="Word_6428" CONTENT="ständig" HPOS="58" VPOS="705" HEIGHT="63" WIDTH="218" />
            <String ID="Word_6429" CONTENT="bleibt," HPOS="298" VPOS="704" HEIGHT="61" WIDTH="194" />
            <String ID="Word_6430" CONTENT="dann" HPOS="516" VPOS="705" HEIGHT="49" WIDTH="148" />
            <String ID="Word_6431" CONTENT="muß" HPOS="688" VPOS="705" HEIGHT="49" WIDTH="129" />
            <String ID="Word_6432" CONTENT="irgendwann" HPOS="839" VPOS="704" HEIGHT="64" WIDTH="361" />
            <String ID="Word_6433" CONTENT="im" HPOS="1221" VPOS="708" HEIGHT="46" WIDTH="77" />
            <String ID="Word_6434" CONTENT="Entwicklungsgang" HPOS="1321" VPOS="704" HEIGHT="64" WIDTH="549" />
            <String ID="Word_6435" CONTENT="der" HPOS="1896" VPOS="705" HEIGHT="49" WIDTH="97" />
            <String ID="Word_6436" CONTENT="Keim¬" HPOS="2015" VPOS="704" HEIGHT="50" WIDTH="183" />
          </TextLine>
          <TextLine ID="TextLine_765" HPOS="61" VPOS="776" HEIGHT="64" WIDTH="2137">
            <String ID="Word_6437" CONTENT="zellen" HPOS="61" VPOS="778" HEIGHT="50" WIDTH="174" />
            <String ID="Word_6438" CONTENT="eine" HPOS="286" VPOS="780" HEIGHT="47" WIDTH="119" />
            <String ID="Word_6439" CONTENT="Art" HPOS="457" VPOS="777" HEIGHT="50" WIDTH="104" />
            <String ID="Word_6440" CONTENT="der" HPOS="613" VPOS="777" HEIGHT="49" WIDTH="96" />
            <String ID="Word_6441" CONTENT="Kernteilung" HPOS="758" VPOS="776" HEIGHT="64" WIDTH="368" />
            <String ID="Word_6442" CONTENT="erfolgen," HPOS="1177" VPOS="777" HEIGHT="63" WIDTH="269" />
            <String ID="Word_6443" CONTENT="bei" HPOS="1495" VPOS="776" HEIGHT="50" WIDTH="90" />
            <String ID="Word_6444" CONTENT="der" HPOS="1636" VPOS="777" HEIGHT="48" WIDTH="95" />
            <String ID="Word_6445" CONTENT="die" HPOS="1783" VPOS="776" HEIGHT="50" WIDTH="85" />
            <String ID="Word_6446" CONTENT="Zahl" HPOS="1919" VPOS="777" HEIGHT="49" WIDTH="133" />
            <String ID="Word_6447" CONTENT="der" HPOS="2103" VPOS="776" HEIGHT="49" WIDTH="95" />
          </TextLine>
          <TextLine ID="TextLine_766" HPOS="61" VPOS="847" HEIGHT="64" WIDTH="2137">
            <String ID="Word_6448" CONTENT="Chromosomen" HPOS="61" VPOS="849" HEIGHT="51" WIDTH="431" />
            <String ID="Word_6449" CONTENT="auf" HPOS="537" VPOS="850" HEIGHT="48" WIDTH="94" />
            <String ID="Word_6450" CONTENT="die" HPOS="676" VPOS="849" HEIGHT="49" WIDTH="86" />
            <String ID="Word_6451" CONTENT="Hälfte" HPOS="805" VPOS="849" HEIGHT="49" WIDTH="191" />
            <String ID="Word_6452" CONTENT="herabgesetzt" HPOS="1040" VPOS="847" HEIGHT="64" WIDTH="385" />
            <String ID="Word_6453" CONTENT="wird." HPOS="1467" VPOS="848" HEIGHT="49" WIDTH="153" />
            <String ID="Word_6454" CONTENT="Eine" HPOS="1665" VPOS="848" HEIGHT="49" WIDTH="133" />
            <String ID="Word_6455" CONTENT="solche" HPOS="1844" VPOS="848" HEIGHT="50" WIDTH="176" />
            <String ID="Word_6456" CONTENT="„Re-" HPOS="2064" VPOS="848" HEIGHT="57" WIDTH="134" />
          </TextLine>
          <TextLine ID="TextLine_767" HPOS="61" VPOS="919" HEIGHT="66" WIDTH="2139">
            <String ID="Word_6457" CONTENT="duktions&quot;-Teilung" HPOS="61" VPOS="921" HEIGHT="64" WIDTH="552" />
            <String ID="Word_6458" CONTENT="machen" HPOS="651" VPOS="920" HEIGHT="50" WIDTH="224" />
            <String ID="Word_6459" CONTENT="nun" HPOS="912" VPOS="939" HEIGHT="31" WIDTH="112" />
            <String ID="Word_6460" CONTENT="sowohl" HPOS="1064" VPOS="920" HEIGHT="50" WIDTH="207" />
            <String ID="Word_6461" CONTENT="die" HPOS="1310" VPOS="920" HEIGHT="49" WIDTH="85" />
            <String ID="Word_6462" CONTENT="Samen-" HPOS="1435" VPOS="920" HEIGHT="49" WIDTH="218" />
            <String ID="Word_6463" CONTENT="wie" HPOS="1691" VPOS="922" HEIGHT="47" WIDTH="102" />
            <String ID="Word_6464" CONTENT="die" HPOS="1834" VPOS="919" HEIGHT="51" WIDTH="85" />
            <String ID="Word_6465" CONTENT="Eizellen" HPOS="1958" VPOS="920" HEIGHT="49" WIDTH="242" />
          </TextLine>
          <TextLine ID="TextLine_768" HPOS="63" VPOS="991" HEIGHT="64" WIDTH="2137">
            <String ID="Word_6466" CONTENT="tatsächlich" HPOS="63" VPOS="993" HEIGHT="50" WIDTH="308" />
            <String ID="Word_6467" CONTENT="durch." HPOS="412" VPOS="993" HEIGHT="50" WIDTH="180" />
            <String ID="Word_6468" CONTENT="Es" HPOS="631" VPOS="993" HEIGHT="50" WIDTH="68" />
            <String ID="Word_6469" CONTENT="ist" HPOS="737" VPOS="995" HEIGHT="48" WIDTH="71" />
            <String ID="Word_6470" CONTENT="das" HPOS="848" VPOS="992" HEIGHT="49" WIDTH="91" />
            <String ID="Word_6471" CONTENT="ein" HPOS="981" VPOS="994" HEIGHT="47" WIDTH="87" />
            <String ID="Word_6472" CONTENT="noch" HPOS="1105" VPOS="992" HEIGHT="50" WIDTH="135" />
            <String ID="Word_6473" CONTENT="viel" HPOS="1278" VPOS="992" HEIGHT="49" WIDTH="108" />
            <String ID="Word_6474" CONTENT="komplizierterer" HPOS="1423" VPOS="991" HEIGHT="63" WIDTH="483" />
            <String ID="Word_6475" CONTENT="Vorgang" HPOS="1942" VPOS="991" HEIGHT="64" WIDTH="258" />
          </TextLine>
          <TextLine ID="TextLine_769" HPOS="62" VPOS="1063" HEIGHT="64" WIDTH="2137">
            <String ID="Word_6476" CONTENT="als" HPOS="62" VPOS="1066" HEIGHT="52" WIDTH="74" />
            <String ID="Word_6477" CONTENT="die" HPOS="174" VPOS="1066" HEIGHT="50" WIDTH="85" />
            <String ID="Word_6478" CONTENT="mitotische" HPOS="294" VPOS="1066" HEIGHT="49" WIDTH="306" />
            <String ID="Word_6479" CONTENT="Teilung," HPOS="635" VPOS="1065" HEIGHT="62" WIDTH="247" />
            <String ID="Word_6480" CONTENT="doch" HPOS="920" VPOS="1063" HEIGHT="50" WIDTH="131" />
            <String ID="Word_6481" CONTENT="läßt" HPOS="1085" VPOS="1064" HEIGHT="49" WIDTH="116" />
            <String ID="Word_6482" CONTENT="sich" HPOS="1236" VPOS="1064" HEIGHT="49" WIDTH="105" />
            <String ID="Word_6483" CONTENT="das" HPOS="1379" VPOS="1063" HEIGHT="50" WIDTH="92" />
            <String ID="Word_6484" CONTENT="Wesentliche" HPOS="1508" VPOS="1063" HEIGHT="50" WIDTH="362" />
            <String ID="Word_6485" CONTENT="recht" HPOS="1907" VPOS="1063" HEIGHT="54" WIDTH="148" />
            <String ID="Word_6486" CONTENT="ein¬" HPOS="2091" VPOS="1065" HEIGHT="47" WIDTH="108" />
          </TextLine>
          <TextLine ID="TextLine_770" HPOS="61" VPOS="1134" HEIGHT="65" WIDTH="2140">
            <String ID="Word_6487" CONTENT="fach" HPOS="61" VPOS="1139" HEIGHT="50" WIDTH="118" />
            <String ID="Word_6488" CONTENT="darstellen:" HPOS="214" VPOS="1138" HEIGHT="52" WIDTH="317" />
            <String ID="Word_6489" CONTENT="Die" HPOS="566" VPOS="1138" HEIGHT="49" WIDTH="102" />
            <String ID="Word_6490" CONTENT="jungen" HPOS="701" VPOS="1140" HEIGHT="59" WIDTH="205" />
            <String ID="Word_6491" CONTENT="Keimzellen" HPOS="937" VPOS="1135" HEIGHT="50" WIDTH="341" />
            <String ID="Word_6492" CONTENT="haben" HPOS="1309" VPOS="1135" HEIGHT="49" WIDTH="180" />
            <String ID="Word_6493" CONTENT="an" HPOS="1523" VPOS="1155" HEIGHT="30" WIDTH="66" />
            <String ID="Word_6494" CONTENT="sich" HPOS="1622" VPOS="1135" HEIGHT="51" WIDTH="106" />
            <String ID="Word_6495" CONTENT="den" HPOS="1764" VPOS="1134" HEIGHT="50" WIDTH="104" />
            <String ID="Word_6496" CONTENT="doppelten" HPOS="1902" VPOS="1135" HEIGHT="63" WIDTH="299" />
          </TextLine>
          <TextLine ID="TextLine_771" HPOS="63" VPOS="1210" HEIGHT="66" WIDTH="2139">
            <String ID="Word_6497" CONTENT="Chromosomensatz" HPOS="63" VPOS="1213" HEIGHT="50" WIDTH="549" />
            <String ID="Word_6498" CONTENT="genau" HPOS="651" VPOS="1231" HEIGHT="45" WIDTH="175" />
            <String ID="Word_6499" CONTENT="wie" HPOS="860" VPOS="1213" HEIGHT="48" WIDTH="101" />
            <String ID="Word_6500" CONTENT="alle" HPOS="1000" VPOS="1211" HEIGHT="49" WIDTH="102" />
            <String ID="Word_6501" CONTENT="anderen" HPOS="1140" VPOS="1211" HEIGHT="49" WIDTH="242" />
            <String ID="Word_6502" CONTENT="Körperzellen" HPOS="1417" VPOS="1210" HEIGHT="63" WIDTH="402" />
            <String ID="Word_6503" CONTENT="auch." HPOS="1858" VPOS="1210" HEIGHT="49" WIDTH="146" />
            <String ID="Word_6504" CONTENT="Dann" HPOS="2041" VPOS="1210" HEIGHT="48" WIDTH="161" />
          </TextLine>
          <TextLine ID="TextLine_772" HPOS="63" VPOS="1281" HEIGHT="68" WIDTH="2137">
            <String ID="Word_6505" CONTENT="aber" HPOS="63" VPOS="1285" HEIGHT="51" WIDTH="129" />
            <String ID="Word_6506" CONTENT="gehen" HPOS="227" VPOS="1286" HEIGHT="63" WIDTH="174" />
            <String ID="Word_6507" CONTENT="sie" HPOS="434" VPOS="1287" HEIGHT="47" WIDTH="76" />
            <String ID="Word_6508" CONTENT="ihrer" HPOS="543" VPOS="1285" HEIGHT="48" WIDTH="153" />
            <String ID="Word_6509" CONTENT="Reifung" HPOS="727" VPOS="1283" HEIGHT="62" WIDTH="241" />
            <String ID="Word_6510" CONTENT="entgegen." HPOS="1002" VPOS="1294" HEIGHT="52" WIDTH="284" />
            <String ID="Word_6511" CONTENT="Die" HPOS="1322" VPOS="1283" HEIGHT="49" WIDTH="102" />
            <String ID="Word_6512" CONTENT="gleichgestalteten," HPOS="1461" VPOS="1281" HEIGHT="65" WIDTH="523" />
            <String ID="Word_6513" CONTENT="einan¬" HPOS="2019" VPOS="1283" HEIGHT="48" WIDTH="181" />
          </TextLine>
          <TextLine ID="TextLine_773" HPOS="62" VPOS="1353" HEIGHT="66" WIDTH="2140">
            <String ID="Word_6514" CONTENT="der" HPOS="62" VPOS="1358" HEIGHT="49" WIDTH="95" />
            <String ID="Word_6515" CONTENT="entsprechenden" HPOS="202" VPOS="1356" HEIGHT="63" WIDTH="471" />
            <String ID="Word_6516" CONTENT="und" HPOS="716" VPOS="1356" HEIGHT="48" WIDTH="112" />
            <String ID="Word_6517" CONTENT="ein" HPOS="871" VPOS="1358" HEIGHT="46" WIDTH="87" />
            <String ID="Word_6518" CONTENT="Paar" HPOS="1001" VPOS="1355" HEIGHT="50" WIDTH="141" />
            <String ID="Word_6519" CONTENT="bildenden" HPOS="1184" VPOS="1353" HEIGHT="51" WIDTH="299" />
            <String ID="Word_6520" CONTENT="Chromosomen" HPOS="1529" VPOS="1354" HEIGHT="50" WIDTH="432" />
            <String ID="Word_6521" CONTENT="stellen" HPOS="2007" VPOS="1353" HEIGHT="50" WIDTH="195" />
          </TextLine>
          <TextLine ID="TextLine_774" HPOS="63" VPOS="1425" HEIGHT="68" WIDTH="2139">
            <String ID="Word_6522" CONTENT="sich" HPOS="63" VPOS="1431" HEIGHT="49" WIDTH="106" />
            <String ID="Word_6523" CONTENT="sozusagen" HPOS="202" VPOS="1449" HEIGHT="44" WIDTH="296" />
            <String ID="Word_6524" CONTENT="einander" HPOS="534" VPOS="1428" HEIGHT="50" WIDTH="266" />
            <String ID="Word_6525" CONTENT="gegenüber" HPOS="834" VPOS="1426" HEIGHT="65" WIDTH="309" />
            <String ID="Word_6526" CONTENT="auf." HPOS="1178" VPOS="1427" HEIGHT="53" WIDTH="111" />
            <String ID="Word_6527" CONTENT="Aber" HPOS="1322" VPOS="1426" HEIGHT="50" WIDTH="149" />
            <String ID="Word_6528" CONTENT="nun" HPOS="1504" VPOS="1446" HEIGHT="29" WIDTH="113" />
            <String ID="Word_6529" CONTENT="werden" HPOS="1651" VPOS="1425" HEIGHT="50" WIDTH="218" />
            <String ID="Word_6530" CONTENT="nicht," HPOS="1905" VPOS="1426" HEIGHT="58" WIDTH="164" />
            <String ID="Word_6531" CONTENT="wie" HPOS="2102" VPOS="1427" HEIGHT="46" WIDTH="100" />
          </TextLine>
          <TextLine ID="TextLine_775" HPOS="67" VPOS="1500" HEIGHT="66" WIDTH="964">
            <String ID="Word_6532" CONTENT="bei" HPOS="67" VPOS="1502" HEIGHT="50" WIDTH="90" />
            <String ID="Word_6533" CONTENT="der" HPOS="197" VPOS="1502" HEIGHT="51" WIDTH="98" />
            <String ID="Word_6534" CONTENT="gewöhnlichen" HPOS="334" VPOS="1500" HEIGHT="66" WIDTH="409" />
            <String ID="Word_6535" CONTENT="Teilung," HPOS="780" VPOS="1500" HEIGHT="63" WIDTH="251" />
          </TextLine>
          <TextLine ID="TextLine_776" HPOS="70" VPOS="1571" HEIGHT="64" WIDTH="960">
            <String ID="Word_6536" CONTENT="die" HPOS="70" VPOS="1575" HEIGHT="50" WIDTH="87" />
            <String ID="Word_6537" CONTENT="Chromosomen" HPOS="236" VPOS="1574" HEIGHT="50" WIDTH="433" />
            <String ID="Word_6538" CONTENT="gespalten" HPOS="747" VPOS="1571" HEIGHT="64" WIDTH="283" />
          </TextLine>
          <TextLine ID="TextLine_777" HPOS="67" VPOS="1645" HEIGHT="64" WIDTH="1062">
            <String ID="Word_6539" CONTENT="und" HPOS="67" VPOS="1646" HEIGHT="50" WIDTH="112" />
            <String ID="Word_6540" CONTENT="die" HPOS="213" VPOS="1646" HEIGHT="50" WIDTH="87" />
            <String ID="Word_6541" CONTENT="Spalthälften" HPOS="334" VPOS="1645" HEIGHT="64" WIDTH="377" />
            <String ID="Word_6542" CONTENT="auseinan-" HPOS="744" VPOS="1646" HEIGHT="47" WIDTH="283" />
            <String ID="Word_6543" CONTENT=";" HPOS="1121" VPOS="1663" HEIGHT="41" WIDTH="8" />
          </TextLine>
          <TextLine ID="TextLine_778" HPOS="69" VPOS="1715" HEIGHT="67" WIDTH="960">
            <String ID="Word_6544" CONTENT="dergezogen," HPOS="69" VPOS="1719" HEIGHT="63" WIDTH="358" />
            <String ID="Word_6545" CONTENT="vielmehr" HPOS="484" VPOS="1717" HEIGHT="50" WIDTH="269" />
            <String ID="Word_6546" CONTENT="werden" HPOS="809" VPOS="1715" HEIGHT="50" WIDTH="220" />
          </TextLine>
          <TextLine ID="TextLine_779" HPOS="65" VPOS="1787" HEIGHT="66" WIDTH="963">
            <String ID="Word_6547" CONTENT="jetzt" HPOS="65" VPOS="1793" HEIGHT="60" WIDTH="138" />
            <String ID="Word_6548" CONTENT="die" HPOS="248" VPOS="1790" HEIGHT="50" WIDTH="88" />
            <String ID="Word_6549" CONTENT="ungeteilten" HPOS="381" VPOS="1789" HEIGHT="64" WIDTH="344" />
            <String ID="Word_6550" CONTENT="Chromo¬" HPOS="769" VPOS="1787" HEIGHT="51" WIDTH="259" />
          </TextLine>
          <TextLine ID="TextLine_780" HPOS="68" VPOS="1860" HEIGHT="64" WIDTH="962">
            <String ID="Word_6551" CONTENT="somen" HPOS="68" VPOS="1881" HEIGHT="31" WIDTH="188" />
            <String ID="Word_6552" CONTENT="voneinander" HPOS="315" VPOS="1860" HEIGHT="51" WIDTH="381" />
            <String ID="Word_6553" CONTENT="getrennt," HPOS="758" VPOS="1871" HEIGHT="53" WIDTH="272" />
          </TextLine>
          <TextLine ID="TextLine_781" HPOS="69" VPOS="1931" HEIGHT="59" WIDTH="961">
            <String ID="Word_6554" CONTENT="so" HPOS="69" VPOS="1954" HEIGHT="29" WIDTH="56" />
            <String ID="Word_6555" CONTENT="daß" HPOS="178" VPOS="1934" HEIGHT="49" WIDTH="106" />
            <String ID="Word_6556" CONTENT="die" HPOS="337" VPOS="1933" HEIGHT="50" WIDTH="87" />
            <String ID="Word_6557" CONTENT="in" HPOS="476" VPOS="1936" HEIGHT="46" WIDTH="56" />
            <String ID="Word_6558" CONTENT="dieser" HPOS="584" VPOS="1932" HEIGHT="50" WIDTH="179" />
            <String ID="Word_6559" CONTENT="„Reife¬" HPOS="813" VPOS="1931" HEIGHT="59" WIDTH="217" />
          </TextLine>
          <TextLine ID="TextLine_782" HPOS="69" VPOS="2003" HEIGHT="66" WIDTH="962">
            <String ID="Word_6560" CONTENT="teilung&quot;" HPOS="69" VPOS="2005" HEIGHT="64" WIDTH="243" />
            <String ID="Word_6561" CONTENT="entstehenden" HPOS="383" VPOS="2003" HEIGHT="51" WIDTH="403" />
            <String ID="Word_6562" CONTENT="reifen" HPOS="852" VPOS="2003" HEIGHT="50" WIDTH="179" />
          </TextLine>
          <TextLine ID="TextLine_783" HPOS="67" VPOS="2076" HEIGHT="51" WIDTH="962">
            <String ID="Word_6563" CONTENT="Keimzellen" HPOS="67" VPOS="2077" HEIGHT="50" WIDTH="346" />
            <String ID="Word_6564" CONTENT="nur" HPOS="453" VPOS="2096" HEIGHT="30" WIDTH="104" />
            <String ID="Word_6565" CONTENT="noch" HPOS="596" VPOS="2076" HEIGHT="50" WIDTH="135" />
            <String ID="Word_6566" CONTENT="den" HPOS="773" VPOS="2076" HEIGHT="49" WIDTH="105" />
            <String ID="Word_6567" CONTENT="ein¬" HPOS="920" VPOS="2077" HEIGHT="47" WIDTH="109" />
          </TextLine>
          <TextLine ID="TextLine_784" HPOS="70" VPOS="2148" HEIGHT="60" WIDTH="959">
            <String ID="Word_6568" CONTENT="fachen" HPOS="70" VPOS="2148" HEIGHT="51" WIDTH="193" />
            <String ID="Word_6569" CONTENT="Satz" HPOS="292" VPOS="2149" HEIGHT="50" WIDTH="124" />
            <String ID="Word_6570" CONTENT="enthalten;" HPOS="446" VPOS="2148" HEIGHT="60" WIDTH="310" />
            <String ID="Word_6571" CONTENT="die" HPOS="787" VPOS="2149" HEIGHT="50" WIDTH="87" />
            <String ID="Word_6572" CONTENT="For¬" HPOS="902" VPOS="2148" HEIGHT="49" WIDTH="127" />
          </TextLine>
          <TextLine ID="TextLine_785" HPOS="68" VPOS="2219" HEIGHT="65" WIDTH="962">
            <String ID="Word_6573" CONTENT="schung" HPOS="68" VPOS="2221" HEIGHT="63" WIDTH="199" />
            <String ID="Word_6574" CONTENT="nennt" HPOS="320" VPOS="2234" HEIGHT="37" WIDTH="173" />
            <String ID="Word_6575" CONTENT="diesen" HPOS="546" VPOS="2221" HEIGHT="49" WIDTH="189" />
            <String ID="Word_6576" CONTENT="Zustand" HPOS="787" VPOS="2219" HEIGHT="51" WIDTH="243" />
          </TextLine>
          <TextLine ID="TextLine_786" HPOS="67" VPOS="2292" HEIGHT="64" WIDTH="965">
            <String ID="Word_6577" CONTENT="haploid," HPOS="67" VPOS="2292" HEIGHT="64" WIDTH="248" />
            <String ID="Word_6578" CONTENT="vom" HPOS="425" VPOS="2312" HEIGHT="30" WIDTH="129" />
            <String ID="Word_6579" CONTENT="griechischen" HPOS="668" VPOS="2292" HEIGHT="63" WIDTH="364" />
          </TextLine>
          <TextLine ID="TextLine_787" HPOS="67" VPOS="2363" HEIGHT="66" WIDTH="964">
            <String ID="Word_6580" CONTENT="haploos," HPOS="67" VPOS="2363" HEIGHT="66" WIDTH="251" />
            <String ID="Word_6581" CONTENT="einfach," HPOS="353" VPOS="2364" HEIGHT="60" WIDTH="233" />
            <String ID="Word_6582" CONTENT="im" HPOS="619" VPOS="2367" HEIGHT="47" WIDTH="75" />
            <String ID="Word_6583" CONTENT="Gegensatz" HPOS="726" VPOS="2363" HEIGHT="64" WIDTH="305" />
          </TextLine>
          <TextLine ID="TextLine_788" HPOS="70" VPOS="2435" HEIGHT="65" WIDTH="959">
            <String ID="Word_6584" CONTENT="zum" HPOS="70" VPOS="2456" HEIGHT="30" WIDTH="121" />
            <String ID="Word_6585" CONTENT="diploiden" HPOS="217" VPOS="2437" HEIGHT="63" WIDTH="288" />
            <String ID="Word_6586" CONTENT="Satz" HPOS="531" VPOS="2436" HEIGHT="50" WIDTH="123" />
            <String ID="Word_6587" CONTENT="der" HPOS="679" VPOS="2436" HEIGHT="50" WIDTH="98" />
            <String ID="Word_6588" CONTENT="Körper¬" HPOS="788" VPOS="2435" HEIGHT="64" WIDTH="241" />
          </TextLine>
          <TextLine ID="TextLine_789" HPOS="69" VPOS="2507" HEIGHT="60" WIDTH="961">
            <String ID="Word_6589" CONTENT="zellen." HPOS="69" VPOS="2509" HEIGHT="49" WIDTH="193" />
            <String ID="Word_6590" CONTENT="Und" HPOS="298" VPOS="2508" HEIGHT="50" WIDTH="127" />
            <String ID="Word_6591" CONTENT="nun" HPOS="463" VPOS="2528" HEIGHT="29" WIDTH="113" />
            <String ID="Word_6592" CONTENT="ist" HPOS="609" VPOS="2510" HEIGHT="47" WIDTH="74" />
            <String ID="Word_6593" CONTENT="auch" HPOS="723" VPOS="2508" HEIGHT="49" WIDTH="130" />
            <String ID="Word_6594" CONTENT="klar," HPOS="891" VPOS="2507" HEIGHT="60" WIDTH="139" />
          </TextLine>
          <TextLine ID="TextLine_790" HPOS="69" VPOS="2580" HEIGHT="65" WIDTH="961">
            <String ID="Word_6595" CONTENT="wie" HPOS="69" VPOS="2583" HEIGHT="48" WIDTH="99" />
            <String ID="Word_6596" CONTENT="die" HPOS="207" VPOS="2580" HEIGHT="50" WIDTH="87" />
            <String ID="Word_6597" CONTENT="immer" HPOS="327" VPOS="2583" HEIGHT="47" WIDTH="199" />
            <String ID="Word_6598" CONTENT="gleichbleibende" HPOS="561" VPOS="2580" HEIGHT="65" WIDTH="469" />
          </TextLine>
          <TextLine ID="TextLine_791" HPOS="70" VPOS="2652" HEIGHT="64" WIDTH="962">
            <String ID="Word_6599" CONTENT="doppelte" HPOS="70" VPOS="2652" HEIGHT="64" WIDTH="265" />
            <String ID="Word_6600" CONTENT="Chromosomenzahl" HPOS="375" VPOS="2653" HEIGHT="50" WIDTH="561" />
            <String ID="Word_6601" CONTENT="in" HPOS="975" VPOS="2655" HEIGHT="46" WIDTH="57" />
          </TextLine>
          <TextLine ID="TextLine_792" HPOS="70" VPOS="2723" HEIGHT="66" WIDTH="961">
            <String ID="Word_6602" CONTENT="den" HPOS="70" VPOS="2723" HEIGHT="51" WIDTH="105" />
            <String ID="Word_6603" CONTENT="Körpenzellen" HPOS="200" VPOS="2724" HEIGHT="65" WIDTH="402" />
            <String ID="Word_6604" CONTENT="entsteht:" HPOS="629" VPOS="2725" HEIGHT="50" WIDTH="264" />
            <String ID="Word_6605" CONTENT="Der" HPOS="919" VPOS="2725" HEIGHT="50" WIDTH="112" />
          </TextLine>
          <TextLine ID="TextLine_793" HPOS="70" VPOS="2797" HEIGHT="50" WIDTH="961">
            <String ID="Word_6606" CONTENT="einfache" HPOS="70" VPOS="2797" HEIGHT="50" WIDTH="246" />
            <String ID="Word_6607" CONTENT="Chromosomensatz" HPOS="370" VPOS="2797" HEIGHT="50" WIDTH="552" />
            <String ID="Word_6608" CONTENT="in" HPOS="974" VPOS="2798" HEIGHT="47" WIDTH="57" />
          </TextLine>
          <TextLine ID="TextLine_794" HPOS="71" VPOS="2868" HEIGHT="52" WIDTH="960">
            <String ID="Word_6609" CONTENT="der" HPOS="71" VPOS="2868" HEIGHT="51" WIDTH="96" />
            <String ID="Word_6610" CONTENT="Eizelle" HPOS="214" VPOS="2869" HEIGHT="51" WIDTH="207" />
            <String ID="Word_6611" CONTENT="und" HPOS="471" VPOS="2869" HEIGHT="51" WIDTH="113" />
            <String ID="Word_6612" CONTENT="der" HPOS="635" VPOS="2869" HEIGHT="51" WIDTH="98" />
            <String ID="Word_6613" CONTENT="einfache" HPOS="784" VPOS="2868" HEIGHT="51" WIDTH="247" />
          </TextLine>
          <TextLine ID="TextLine_795" HPOS="71" VPOS="2940" HEIGHT="65" WIDTH="959">
            <String ID="Word_6614" CONTENT="in" HPOS="71" VPOS="2943" HEIGHT="47" WIDTH="54" />
            <String ID="Word_6615" CONTENT="der" HPOS="178" VPOS="2941" HEIGHT="51" WIDTH="97" />
            <String ID="Word_6616" CONTENT="Samenzelle" HPOS="327" VPOS="2940" HEIGHT="52" WIDTH="337" />
            <String ID="Word_6617" CONTENT="vereinigen" HPOS="714" VPOS="2944" HEIGHT="61" WIDTH="316" />
          </TextLine>
          <TextLine ID="TextLine_796" HPOS="72" VPOS="3012" HEIGHT="65" WIDTH="1061">
            <String ID="Word_6618" CONTENT="sich" HPOS="72" VPOS="3013" HEIGHT="50" WIDTH="101" />
            <String ID="Word_6619" CONTENT="bei" HPOS="196" VPOS="3013" HEIGHT="51" WIDTH="89" />
            <String ID="Word_6620" CONTENT="der" HPOS="312" VPOS="3013" HEIGHT="51" WIDTH="97" />
            <String ID="Word_6621" CONTENT="Verschmelzung," HPOS="421" VPOS="3012" HEIGHT="65" WIDTH="478" />
            <String ID="Word_6622" CONTENT="und" HPOS="920" VPOS="3012" HEIGHT="50" WIDTH="111" />
            <String ID="Word_6623" CONTENT="'" HPOS="1126" VPOS="3028" HEIGHT="7" WIDTH="7" />
          </TextLine>
        </TextBlock>
        <TextBlock ID="TextBlock_117" HPOS="50" VPOS="86" HEIGHT="3130" WIDTH="2162">
          <TextLine ID="TextLine_797" HPOS="1106" VPOS="3158" HEIGHT="52" WIDTH="63">
            <String ID="Word_6624" CONTENT="21" HPOS="1106" VPOS="3158" HEIGHT="52" WIDTH="63" />
          </TextLine>
        </TextBlock>
      </PrintSpace>
    </Page>
  </Layout>
</alto>

