1895 3217
1483 279 60 46 SI

732 287 239 36 MONKEYS,

172 431 225 31 instances
415 421 112 56 they
545 414 130 46 reach
696 414 148 55 India,
863 414 90 46 and
970 414 79 45 the
1066 414 204 61 Barbary
1289 429 83 46 ape
1395 430 152 45 passes

171 494 80 45 the
270 494 237 44 European
531 493 251 60 boundary,
808 492 91 45 and
921 507 111 45 may
1054 491 56 46 be
1132 491 162 46 looked
1317 506 56 30 on
1397 506 48 30 as
1469 492 80 44 the

174 586 200 30 extreme
403 570 120 45 limit
547 569 50 46 of
622 570 79 45 the
735 567 163 63 family
931 568 48 45 in
1013 568 102 46 that
1151 568 229 46 direction.
1451 569 99 45 The

174 646 111 46 form
311 647 130 45 again
465 652 118 39 most
606 646 172 61 typical
801 652 46 39 to
872 646 148 54 India,
1057 646 38 45 is
1120 661 105 30 seen
1249 645 48 45 in
1320 645 80 45 the
1422 645 128 62 long-

175 725 153 44 armed
352 739 104 30 apes
480 739 47 30 or
545 722 215 56 Gibbons,
784 722 283 60 {H^lohates,
1086 722 192 62 Illiger,)
1306 724 245 60 approach-

175 801 75 61 ing
264 808 78 38 the
358 816 156 31 orangs
531 806 249 39 somewhat
796 799 46 45 in
861 805 237 49 structure,
1117 799 139 46 found
1270 800 282 61 exclusively

175 877 47 46 in
251 878 78 45 the
363 878 170 45 islands
557 877 89 45 and
669 883 247 49 continent,
949 878 246 60 stretching
1218 877 263 46 northward
1504 878 47 44 in

175 955 79 44 the
278 954 193 46 Chinese
507 952 265 55 dominions,
808 954 84 44 but
928 959 77 39 not
1038 953 195 61 existing
1255 953 48 45 in
1327 969 93 46 any
1443 954 109 45 land

175 1037 104 39 that
304 1047 82 30 can
408 1032 55 45 be
488 1029 135 47 allied
645 1035 46 40 to
715 1036 79 38 the
818 1036 232 39 continent
1076 1028 50 47 of
1141 1029 170 46 Africa.

242 1109 98 44 The
375 1107 165 46 Indian
573 1106 170 46 islands
776 1122 171 45 possess
983 1113 188 39 another
1204 1123 110 45 very
1355 1123 199 30 singular

178 1184 170 46 animal
370 1185 48 44 in
440 1190 79 39 the
549 1198 219 46 proboscis
791 1184 213 60 monkey,
1029 1183 242 57 (Nasalis,
1298 1184 253 54 Geoffroy,)

179 1261 164 54 which,
368 1268 47 38 to
438 1260 78 45 the
545 1259 112 46 form
682 1258 50 47 of
756 1265 78 39 the
869 1274 171 47 orangs,
1060 1260 119 61 joins
1203 1276 28 29 a
1253 1262 301 44 considerable

178 1338 156 45 length
358 1337 51 46 of
422 1336 114 54 tail;
562 1338 82 44 but
662 1342 78 40 the
756 1342 194 55 greatest
968 1336 268 62 peculiarity
1254 1336 37 46 is
1314 1343 79 39 the
1417 1353 137 45 shape

179 1414 51 46 of
254 1421 78 38 the
356 1428 119 39 nose,
512 1412 150 45 which
695 1412 38 45 is
766 1413 239 60 prolonged
1037 1419 48 39 to
1119 1428 59 30 an
1213 1414 342 61 extraordinary

180 1491 171 61 degree,
384 1490 90 45 and
497 1504 82 30 can
602 1491 55 43 be
681 1490 235 45 compared
948 1496 47 39 to
1025 1490 190 61 nothing
1239 1505 45 30 so
1314 1491 165 61 justly,
1505 1506 49 30 as

181 1583 121 30 some
336 1566 49 46 of
415 1573 79 39 the
527 1566 267 61 pasteboard
823 1581 169 40 masks,
1027 1567 149 44 which
1210 1582 109 46 may
1344 1569 56 43 be
1430 1567 124 61 daily

181 1660 103 30 seen
308 1649 47 40 at
378 1650 78 38 the
481 1643 216 45 windows
722 1642 50 46 of
794 1658 78 30 our
896 1642 133 62 fancy
1051 1644 229 60 toyshops.
1349 1645 207 44 Plxtend-

180 1720 76 62 ing
279 1737 78 30 om’
378 1720 250 45 researches
651 1719 169 46 farther
841 1719 47 45 in
911 1720 78 45 the
1015 1719 176 47 Asiatic
1214 1728 247 47 continent,
1487 1737 70 29 we

180 1797 110 54 find,
316 1797 48 45 in
387 1804 78 37 the
490 1803 193 38 western
708 1796 173 45 district
906 1795 50 46 of
982 1797 162 54 China,
1171 1804 188 39 another
1382 1798 175 45 curious

182 1873 126 55 form,
334 1873 232 45 furnished
590 1873 114 45 with
730 1874 105 60 long
858 1888 119 30 arms
1001 1873 91 45 and
1114 1873 98 54 tail,
1237 1875 83 44 but
1345 1873 50 46 of
1408 1875 152 44 rather

183 1949 195 61 graceful
422 1955 292 54 proportions,
762 1948 115 45 with
921 1964 28 29 a
993 1949 72 44 fur
1104 1949 50 45 of
1184 1949 94 45 rich
1319 1950 238 54 colouring,

186 2027 218 43 destitute
428 2024 49 46 of
502 2025 79 44 the
614 2026 105 43 bare
749 2024 252 54 callosities,
1027 2026 90 43 and
1139 2040 249 46 possessing
1416 2041 145 30 some-

186 2103 126 44 what
351 2102 79 44 the
470 2100 219 45 flattened
727 2099 94 46 face
858 2099 50 46 of
935 2100 78 45 the
1048 2100 242 46 American
1326 2103 234 60 monkeys.

186 2180 46 44 It
247 2179 36 44 is
298 2179 78 44 the
395 2178 191 45 Chinese
605 2191 212 47 monkey,
835 2177 90 45 and
940 2176 264 47 constitutes
1221 2178 187 62 Illiger’s
1422 2195 140 45 genus

188 2254 274 60 Lasiopaga.
546 2254 132 46 Some
723 2254 232 45 zoologists
1000 2254 166 45 ascribe
1211 2255 79 45 the
1330 2255 155 45 Island
1522 2254 48 47 of

188 2332 293 45 Madagascar
506 2346 48 29 as
578 2337 189 40 another
797 2332 141 44 abode
967 2329 51 47 of
1043 2331 92 45 this
1159 2331 185 55 animal,
1378 2334 83 43 but
1494 2349 70 29 we

190 2414 200 54 strongly
415 2413 191 54 suspect,
630 2407 118 53 that,
774 2407 210 45 however
1012 2408 136 45 allied
1176 2408 47 45 in
1246 2409 316 53 resemblance,

190 2484 37 45 it
251 2484 95 45 will
369 2498 133 47 prove
526 2483 196 45 distinct.
793 2484 93 44 But
915 2490 79 39 the
1023 2490 118 40 most
1165 2484 266 62 interesting
1453 2485 112 45 form

192 2567 47 39 to
268 2567 126 39 these
425 2559 269 55 continents,
732 2559 38 46 is
803 2566 79 40 the
917 2575 171 41 orangs,
1121 2576 205 31 common
1359 2567 46 40 to
1440 2562 124 52 both.
