1895 3217
1429 299 60 47 49

685 306 236 32 MONKEYS.

113 433 139 47 uvxila
266 448 57 32 on
339 434 77 46 the
431 434 113 46 hind
564 432 93 47 side
678 449 108 30 runs
803 448 109 47 very
932 432 236 62 evidently
1184 432 302 54 downwards,

111 512 83 45 but
217 518 79 39 not
319 512 196 45 beneath
538 518 78 38 the
639 526 175 31 margin
839 510 50 47 of
905 517 77 39 the
1014 509 87 47 soft
1136 510 167 61 palate.
1374 509 113 46 This

111 589 151 60 palate
298 603 200 46 appears,
528 588 223 54 however,
777 603 122 31 more
931 589 183 44 capable
1145 587 115 45 than
1290 586 49 46 in
1363 586 129 46 other

113 666 193 46 animals
330 665 51 47 of
395 667 133 60 being
551 666 302 46 contracted.”

178 744 56 45 In
258 750 128 39 other
408 750 91 39 two
524 759 156 30 orangs
714 749 31 20 “
767 750 128 38 there
919 758 94 30 was
1042 757 174 47 merely
1240 757 83 31 one
1347 742 143 60 single

114 822 119 54 sack,
265 822 168 60 having
455 827 92 40 two
582 821 67 46 air
681 827 147 48 tubes,
862 820 151 46 which
1035 819 160 47 united
1219 819 274 46 themselves

115 899 113 45 with
251 905 78 39 the
353 905 92 40 two
470 899 172 45 splits.”
713 899 128 54 This,
866 899 58 45 he
948 898 171 54 thinks,
1146 897 91 46 had
1267 899 113 44 been
1404 896 89 47 for-

114 977 146 60 merly
283 983 107 47 two,
480 977 83 45 but
593 976 103 46 that
728 976 79 46 the
838 982 92 40 two
955 991 127 30 sacks
1107 991 118 30 were
1249 991 113 46 gone
1387 991 104 30 over

115 1054 96 46 into
235 1055 126 45 one.”

171 1132 55 45 In
245 1147 82 32 one
346 1131 50 47 of
406 1139 78 39 the
499 1131 210 55 animals,
782 1133 77 45 the
876 1134 176 44 bottom
1071 1131 73 61 (of
1150 1140 78 38 the
1248 1131 128 61 sack)
1398 1147 95 30 rose

116 1210 157 60 nearly
298 1216 46 39 to
369 1217 78 38 the
470 1210 89 46 end
581 1209 51 48 of
657 1210 78 46 the
765 1211 150 45 breast
947 1211 128 54 bone,
1109 1210 91 45 and
1224 1225 94 30 was
1342 1209 152 61 partly

118 1287 185 45 covered
327 1288 62 60 by
412 1287 79 45 the
514 1288 149 45 breast
682 1287 223 54 muscles;
931 1294 79 39 the
1034 1288 106 44 sack
1163 1303 95 29 rose
1281 1287 214 61 upwards

119 1366 140 44 above
284 1372 77 39 the
385 1365 243 45 clavicular
650 1366 150 52 bones,
834 1366 89 44 and
956 1365 114 45 with
1101 1371 79 38 the
1211 1365 283 59 appendages

119 1442 92 44 still
244 1457 122 30 more
400 1443 256 53 backward,
690 1457 46 31 so
767 1449 103 38 that
900 1443 93 45 this
1018 1443 105 44 sack
1147 1441 267 62 penetrated
1438 1456 57 30 on

122 1520 106 45 each
252 1519 94 46 side
370 1519 111 62 deep
505 1519 144 45 under
670 1525 79 39 the
773 1519 315 46 monk’s-hood
1119 1518 210 56 muscles,
1355 1533 49 31 as
1427 1517 68 46 far

121 1612 48 29 as
193 1597 168 45 behind
382 1612 121 30 upon
527 1603 77 39 the
629 1596 209 46 shoulder
860 1596 197 46 blades.”

186 1675 192 45 Camper
395 1673 38 46 is
451 1673 50 47 of
516 1673 195 62 opinion,
729 1674 102 45 that
855 1675 93 45 this
967 1675 105 45 sack
1091 1673 219 47 increases
1334 1673 49 46 in
1407 1673 90 46 size

121 1752 114 45 with
258 1758 80 40 the
361 1767 80 30 age
465 1749 50 48 of
528 1758 79 39 the
630 1751 200 55 animal;
857 1752 91 46 and
970 1758 103 40 that
1091 1752 79 45 the
1188 1750 207 47 frequent
1414 1767 82 30 ex-

122 1829 187 61 pansion
332 1830 63 60 by
418 1835 79 39 the
520 1828 80 55 air,
626 1828 38 46 is
687 1836 78 39 the
790 1845 130 30 cause
945 1828 50 47 of
1010 1830 78 44 the
1111 1829 211 45 increase.

192 1912 30 20 “
255 1907 97 44 The
389 1921 136 47 orang
560 1921 99 40 can,
697 1907 49 45 in
785 1915 79 37 the
896 1923 133 29 mean
1059 1914 129 46 time,
1220 1906 282 60 voluntarily

127 1984 126 45 swell
278 1999 59 45 up
361 1991 127 37 these
516 1999 142 37 sacks,
685 1999 47 29 or
759 1984 93 44 this
876 1983 160 46 united
1061 1999 119 38 sack,
1201 1983 242 45 whenever
1465 1983 37 45 it

127 2068 107 38 tries
259 2075 47 30 or
329 2066 219 40 attempts
571 2066 46 40 to
639 2075 123 46 press
785 2067 78 38 the
888 2060 201 62 strongly
1113 2060 185 45 inhaled
1316 2075 66 30 air
1401 2067 103 39 out-

129 2138 162 53 wards,
333 2137 91 45 and
462 2152 171 46 presses
672 2144 111 39 then
819 2144 79 40 the
934 2137 224 62 epiglottis
1194 2144 198 39 towards
1425 2139 80 45 the

130 2214 211 62 openings
366 2213 50 47 of
441 2215 79 46 the
553 2215 181 61 larynx,
768 2230 48 32 or
843 2216 142 46 bends
1014 2215 36 46 it
1075 2231 107 46 only
1206 2231 27 30 a
1254 2215 136 46 little.
1460 2216 45 44 It

130 2309 82 30 can
247 2308 92 30 also
375 2300 156 54 empty
566 2299 127 39 them
727 2300 49 39 at
809 2294 205 61 pleasure
1050 2295 62 60 by
1148 2309 158 29 means
1347 2292 50 47 of
1428 2294 78 44 the

132 2370 136 46 broad
290 2385 193 31 muscles
506 2369 51 47 of
570 2377 78 39 the
671 2371 129 54 neck,
819 2372 63 61 by
906 2378 127 39 those
1057 2371 50 46 of
1122 2371 78 45 the
1224 2372 165 54 breast,
1416 2371 91 45 and

133 2449 61 59 by
218 2454 79 38 the
320 2462 244 40 cuculares,
590 2462 42 31 oi
659 2449 322 45 monk’s-hood
1004 2464 253 30 muscles.”’

201 2525 56 45 In
281 2523 78 47 the
391 2525 132 45 black
557 2540 150 47 orang,
742 2525 233 63 according
1008 2532 46 40 to
1085 2527 67 45 Dr
1183 2526 139 54 Trail,
1348 2532 79 38 the
1462 2541 47 30 os

137 2602 186 62 hyoides
347 2601 185 48 differed
555 2600 113 50 from
689 2608 104 42 that
811 2601 52 48 of
888 2618 124 40 man,
1037 2603 48 47 in
1102 2604 134 60 being
1266 2607 247 61 anteriorly
