1933 3302
242 138 50 40 12

697 142 99 32 Rand
821 143 59 32 des
904 144 499 35 Hospitalbrandgeschwüres.

373 246 102 39 Der
517 246 149 41 Rand
715 249 91 40 des
849 251 806 54 Hospitalbrandgeschwüres
1702 267 149 34 verhält

241 299 84 40 sich
345 301 91 38 sehr
456 302 369 53 verschiedenartig.
869 305 143 39 Sobald
1041 307 67 38 ihn
1130 308 66 37 der
1216 308 146 40 Zerfall
1392 312 175 46 erreicht,
1599 315 76 36 und
1706 329 47 24 an
1783 317 67 37 der

241 352 139 48 Stelle,
417 368 60 24 wo
514 355 80 38 dies
631 358 219 48 geschieht,
887 361 207 37 entzündet
1128 374 40 25 er
1198 362 82 38 sich
1309 365 75 36 und
1414 365 156 38 verfällt
1597 367 113 38 meist
1738 370 111 37 rasch

242 408 68 37 der
338 408 392 53 hospitalbrandigen
759 411 250 52 Zerstörung.
1067 414 48 38 Je
1144 415 188 39 nachdem
1366 418 102 38 diese
1504 431 74 25 von
1609 421 121 38 einem
1759 423 91 37 oder

241 462 254 38 mehrfachen
531 464 92 38 oder
659 465 90 38 sehr
783 465 249 40 zahlreichen
1062 467 166 40 Centren
1263 471 181 50 ausgeht,
1481 473 200 38 entstehen
1716 476 131 45 runde,

240 515 377 53 kleeblattförmige,
648 519 205 38 mehrfach
882 521 302 49 ausgebuchtete
1203 522 166 40 Formen
1398 525 59 38 bis
1483 539 46 24 zu
1551 526 72 38 den
1644 526 205 49 Conturen,

240 569 147 39 welche
426 584 77 25 von
537 571 337 40 Mäusezähnchen
912 578 218 47 ausgenagt
1166 589 45 24 zu
1248 577 82 38 sein
1367 578 193 41 scheinen.
1621 579 84 39 Auf
1734 582 115 49 jeden

239 622 89 39 Fall
360 624 94 38 wird
485 625 60 38 die
575 625 109 38 Haut
712 627 41 37 in
783 627 67 38 der
878 627 332 49 Nachbarschaft,
1255 632 134 37 sobald
1424 633 67 37 der
1519 633 112 38 Rand
1671 635 179 38 ergriffen

240 676 63 48 ist,
334 678 194 50 geröthet,
560 693 43 24 so
625 680 87 37 dass
743 680 67 38 das
830 680 121 39 Ulcus
980 682 41 37 in
1048 683 52 37 all
1120 683 131 38 seinen
1272 684 340 52 Configurationen
1630 701 76 25 von
1726 688 124 38 einem

239 733 294 48 purpurrothen
563 732 141 39 Saume
734 747 189 37 umzogen
952 735 108 47 wird,
1093 737 136 38 dessen
1258 737 130 40 Breite
1419 740 119 38 durch
1567 740 60 39 die
1645 741 206 39 Intensität

241 785 69 38 der
329 786 242 51 Zerstörung
591 787 202 39 bestimmt
812 789 62 37 ist.
923 790 71 37 Bei
1015 790 67 38 der
1101 790 202 39 ulcerösen
1322 792 117 39 Form
1467 794 51 37 ist
1539 807 40 25 er
1598 808 72 24 nur
1690 796 158 46 schmal,

239 839 65 39 bei
334 840 67 38 der
429 840 193 51 pulpösen
650 842 116 37 meist
785 842 78 38 viel
882 843 144 39 breiter
1051 845 79 37 und
1150 844 175 47 dunkler,
1356 847 220 39 ausserdem
1595 847 51 39 ist
1665 849 60 38 die
1744 848 107 39 Haut

239 894 112 38 mehr
381 895 93 37 oder
502 895 172 50 weniger
703 896 174 38 infiltrirt
905 898 79 37 und
1013 898 64 38 bei
1096 897 234 52 Berührung
1360 900 89 38 sehr
1478 901 269 39 schmerzhaft.
1796 902 55 38 Ist

240 948 69 38 der
347 947 302 40 Gewebszerfall
695 964 62 24 am
794 950 206 39 Hautrand
1047 952 120 38 selbst
1206 953 219 45 erheblich,
1480 968 41 24 so
1562 955 189 38 umkreist
1791 956 59 38 die

239 1002 160 38 Wunde
419 1003 188 38 zunächst
637 1004 60 37 die
718 1004 351 51 bräunlich-graue
1090 1006 103 38 Zone
1214 1006 67 38 der
1301 1008 259 38 zerfallenden
1580 1008 122 46 Haut;
1733 1009 117 38 daran

241 1056 182 39 schliesst
455 1057 84 38 sich
569 1057 62 38 ein
652 1061 172 35 äusserst
845 1059 306 50 empfindlicher,
1180 1060 324 39 dunkelvioletter
1525 1061 128 47 Saum,
1685 1063 166 38 welcher

239 1124 78 25 von
347 1111 87 38 dem
454 1111 207 47 breiteren,
693 1112 139 38 rothen
862 1113 186 38 begrenzt
1067 1114 61 37 ist.
1168 1113 258 52 Brugmans
1457 1116 252 38 beobachtete
1739 1117 111 38 einen

241 1164 288 39 dunkelrothen
554 1166 127 46 Kreis,
713 1166 167 39 welcher
909 1168 83 37 sich
1020 1168 40 37 in
1081 1168 147 51 einiger
1248 1169 247 50 Entfernung
1515 1182 74 26 von
1609 1170 67 38 der
1696 1170 154 38 Wunde

239 1218 148 39 bildete
403 1220 79 37 und
499 1220 38 37 in
559 1220 213 50 parallelen
789 1220 168 40 Streifen
976 1222 111 37 mehr
1106 1223 79 36 und
1204 1222 110 39 mehr
1333 1223 267 38 verbreiterte;
1624 1224 66 37 der
1705 1223 144 39 Grenz-

239 1273 91 51 ring
359 1273 150 39 blutete
538 1274 65 38 bei
633 1275 67 37 der
730 1275 230 51 geringsten
988 1275 248 52 Berührung.
1293 1276 205 39 Hennen
1537 1277 173 38 erwähnt
1747 1277 104 38 einer

239 1327 315 52 Blasenbildung
591 1328 71 38 auf
688 1329 67 38 der
785 1332 260 36 entzündeten
1073 1329 107 39 Haut
1207 1330 108 38 rings
1347 1344 67 24 um
1449 1330 59 38 die
1536 1331 155 38 Wunde
1730 1329 119 51 (siehe

239 1382 207 51 folgendes
462 1381 131 51 Citat),
612 1383 97 38 doch
727 1383 130 38 dürfte
878 1384 196 38 vielleicht
1087 1384 62 38 ein
1164 1384 155 38 rasches
1335 1397 231 25 subcutanes
1576 1384 273 39 Fortkriechen

241 1436 67 39 des
343 1436 205 39 Processes
578 1437 126 38 dieser
731 1437 276 39 Erscheinung
1035 1451 47 24 zu
1112 1436 155 40 Grunde
1294 1438 141 38 liegen.
1490 1437 120 39 Nicht
1638 1438 123 38 selten
1788 1438 61 37 in-

239 1490 137 39 filtrirt
405 1491 84 38 sich
519 1491 143 50 gerade
693 1491 67 38 der
780 1490 113 39 Rand
923 1492 65 38 des
1010 1491 252 39 Geschwüres
1291 1492 79 38 und
1398 1491 236 39 namentlich
1663 1492 66 38 das
1749 1491 100 39 Sub-

241 1546 281 50 cutangewebe
566 1547 115 37 unter
726 1546 223 38 demselben
996 1546 72 38 mit
1111 1546 362 38 serös-fibrinösem
1517 1546 184 38 Exsudat.
1772 1546 79 37 Der

240 1598 115 39 Rand
384 1613 96 25 wird
519 1599 172 39 dadurch
727 1599 41 38 in
807 1600 82 38 sich
917 1600 193 46 verdickt,
1156 1602 100 37 starr
1294 1600 78 38 und
1410 1600 328 50 emporgehoben;
1783 1600 66 37 das

240 1653 124 40 Ulcus
387 1653 196 39 erscheint
613 1654 89 38 sehr
721 1654 159 38 vertieft
899 1655 79 37 und
991 1655 201 37 bekommt
1208 1654 133 38 scharf
1351 1654 316 38 abgeschnittene
1681 1652 167 39 Ränder.

240 1708 75 39 Die
354 1708 301 38 mechanischen
686 1708 269 38 Verhältnisse
998 1709 156 37 können
1192 1721 116 37 sogar
1345 1708 265 38 veranlassen,
1655 1708 86 37 dass
1785 1707 67 37 der

241 1762 116 39 Rand
385 1763 181 37 ringsum
586 1762 153 38 seitlich
762 1763 255 51 abgedrängt,
1045 1763 42 49 ja
1105 1763 100 37 nach
1226 1775 137 25 aussen
1382 1762 234 50 umgekehrt
1634 1761 106 46 wird,
1770 1774 80 24 wo-

242 1817 123 38 durch
405 1817 60 38 die
496 1816 157 39 Wunde
692 1816 60 38 ein
791 1816 350 39 tassenköpfchen-
1180 1817 92 38 oder
1305 1815 328 51 becherförmiges
1665 1813 184 51 (cuplike)

239 1871 208 39 Aussehen
478 1870 136 39 erhält.
674 1870 196 39 Hennen
899 1871 107 51 giebt
1034 1870 183 51 folgende
1237 1870 310 49 Beschreibung:
1584 1869 92 45 „Die
1697 1868 154 38 Wunde

240 1926 99 38 wird
382 1925 187 51 plötzlich
612 1925 246 51 geschwellt,
902 1924 278 39 schmerzhaft,
1224 1924 157 39 verliert
1416 1924 62 37 ihr
1513 1923 211 38 blühendes
1767 1921 83 38 An-

241 1980 122 40 sehen
391 1980 80 38 und
500 1979 202 38 bekommt
733 1979 112 38 einen
873 1980 224 44 trockenen,
1129 1981 151 48 glatten
1307 1977 216 40 Ueberzug.
1572 1977 113 38 Dann
1714 1989 138 24 nimmt

241 2035 62 38 die
333 2034 246 39 umliegende
601 2033 108 38 Haut
739 2034 83 38 eine
851 2033 214 39 hochrothe
1085 2032 187 51 Färbung
1301 2046 59 24 an,
1391 2044 145 26 welche
1564 2030 91 38 bald
1675 2029 175 46 dunkler,

242 2090 104 38 dann
388 2088 175 39 bläulich
603 2088 80 38 und
724 2088 142 38 zuletzt
909 2088 172 37 schwarz
1121 2088 116 37 wird,
1280 2086 78 37 und
1394 2085 180 38 Tendenz
1609 2098 45 23 zu
1688 2083 161 38 Blasen-

241 2144 166 50 bildung
436 2143 81 38 hat,
547 2142 186 38 während
769 2142 68 38 der
872 2142 138 37 übrige
1041 2140 114 38 Theil
1190 2142 65 36 des
1286 2139 153 39 Gliedes
1475 2152 46 24 zu
1551 2137 144 39 Oedem
1730 2150 119 37 neigt.

240 2198 93 39 Alle
364 2198 104 38 diese
499 2197 226 38 drohenden
753 2195 324 39 Erscheinungen
1107 2194 172 39 bildeten
1308 2193 83 39 sich
1419 2193 39 38 in
1489 2192 50 37 24
1569 2191 173 39 Stunden
1771 2204 79 24 aus.

240 2253 75 39 Die
347 2252 83 38 sich
457 2251 303 39 vergrössernde
797 2248 465 41 becherähnliche
1292 2247 187 50 Höhlung
1507 2246 90 38 füllt
1627 2245 80 38 sich
1738 2258 114 37 sogar

241 2307 61 38 bis
332 2307 98 38 über
460 2306 61 37 die
549 2305 158 38 Ränder
741 2305 150 37 hinaus.
950 2304 73 38 Die
1060 2303 286 51 erysipelatöse,
1378 2301 116 38 livide
1524 2300 127 38 Röthe
1679 2312 173 37 ringsum

241 2364 74 36 mit
354 2361 188 50 Neigung
584 2373 67 24 zur
688 2359 310 49 Blasenbildung
1035 2357 121 51 greift
1189 2370 67 25 um
1293 2355 93 39 sich.
1420 2385 7 7 .
1553 2353 298 39 Thomson's

242 2415 298 50 Beschreibung
561 2412 281 51 (Washington
863 2412 119 50 1862)
1015 2424 215 26 entspricht
1259 2410 87 38 dem
1374 2407 278 40 Durchschnitt
1681 2407 66 37 der
1776 2405 75 38 Be-

243 2470 288 39 obachtungen.
571 2468 56 38 Er
647 2467 70 38 sah
738 2468 75 37 den
833 2466 88 39 steil
943 2479 320 38 aufgerichteten,
1294 2463 225 40 verdickten
1539 2462 78 37 und
1647 2459 206 40 evertirten

241 2524 115 39 Rand
400 2522 187 40 zunächst
626 2535 76 24 von
746 2534 105 25 einer
894 2520 199 39 schmalen
1135 2519 112 38 Linie
1289 2517 139 39 livider
1464 2516 124 38 Rothe
1630 2526 220 32 eingefasst,

241 2579 149 39 welche
427 2590 85 26 eine
546 2576 125 38 breite
706 2575 105 39 Zone
845 2574 283 51 purpurrother
1165 2571 284 52 Congestionen
1483 2570 228 49 begrenzte;
1749 2566 103 39 diese

242 2633 131 39 verlor
401 2631 84 40 sich
515 2629 241 39 schliesslich
784 2629 41 38 in
856 2629 84 39 eine
969 2627 305 39 bronzefarbene
1304 2624 261 50 Schattirung.

538 2787 371 43 Hämorrhagische
942 2787 114 40 Form
1088 2785 73 40 des
1194 2780 376 52 Hospitalbrandes.

378 2898 129 41 Schon
534 2899 63 39 bei
617 2900 67 37 der
704 2896 366 40 Charakterisirung
1091 2894 68 38 der
1177 2890 221 41 Krankheit
1425 2890 79 38 und
1533 2890 128 37 ferner
1689 2886 61 38 bei
1781 2886 72 38 den

244 2954 308 40 beschriebenen
572 2953 167 38 Formen
765 2953 173 36 mussten
966 2963 71 25 wir
1068 2948 69 39 auf
1154 2946 60 39 die
1236 2944 199 40 derselben
1457 2956 132 38 eigene
1610 2940 178 39 Tendenz
1808 2952 45 25 zu
