1933 3217
737 331 214 32 SYNOPSIS
975 331 52 32 OF
1052 331 91 31 THE
1169 330 226 32 SIMIAD/E.

369 324 84 39 210

492 463 35 36 5.
568 462 41 38 C.
639 474 205 33 PiLEATus,
868 461 192 37 Bonneted
1081 461 168 37 Monkey
1317 461 113 38 Simla
1448 465 144 45 pileata,
1616 464 133 40 Shaw.

545 528 158 37 Guenon
733 541 219 32 couronnee,
978 529 135 35 Desm.
1144 529 168 35 Mamm.
1338 541 33 34 p.
1402 529 61 38 57.
1520 529 95 37 Hair
1641 532 110 35 abovtf

543 594 356 47 brownish-yellow;
925 594 158 36 beneath
1108 594 144 36 whitish
1267 607 12 32 ;
1307 595 169 35 forehead
1492 596 158 35 adonied
1666 597 87 35 with

542 660 88 47 long
664 660 95 35 hairs
791 665 98 31 erect
915 661 39 34 in
986 672 21 23 a
1039 661 82 35 tuft.
1202 659 138 37 Native
1372 672 154 36 country
1554 662 200 36 unknown.

547 723 147 52 (Allied
715 731 36 30 to
771 724 221 38 Cercocebus
1011 723 163 52 sinicus.)

390 791 134 38 Plate
565 791 37 36 X
673 790 41 38 C.
754 803 125 34 mona,
914 790 135 37 Varied
1087 790 169 38 Monkey
1323 790 115 38 Simla
1473 804 122 33 mona,
1631 792 123 36 Linn.

546 856 158 37 Guenon
735 869 123 32 mone,
892 857 134 35 Desm.
1053 855 165 38 Mamm.
1252 870 33 34 p.
1324 857 62 36 58.
1461 856 129 48 Upper
1616 864 80 40 part
1721 860 36 34 of

545 922 64 36 the
620 922 107 44 head,
742 923 120 45 bright
876 922 313 47 yelloAvish-green
1206 935 11 32 ;
1235 922 80 36 hair
1333 924 40 34 of
1381 929 61 29 the
1454 923 133 36 cheeks
1598 923 158 47 yellow;

545 989 96 46 body
660 989 90 45 deep
768 987 182 46 chestnut,
969 1000 21 23 a
1007 988 111 36 white
1137 994 78 29 spot
1234 1001 45 22 on
1300 988 87 36 each
1398 989 164 35 buttock.
1618 988 138 37 Native

545 1066 154 35 country
717 1059 201 39 uncertain,
937 1060 95 29 most
1048 1054 175 47 probably
1242 1052 136 38 Africa.

495 1119 36 40 7.
560 1118 41 39 C.
622 1131 227 33 NicTiTANs,
869 1118 262 38 White-nosed
1158 1119 169 36 Monkey
1394 1118 157 37 Guenon
1575 1120 176 46 hocheur,

545 1187 135 35 Desm.
702 1182 165 39 Mamm.
888 1197 33 35 p.
943 1184 62 37 58.
1046 1184 53 38 Le
1118 1185 175 46 hocheur,
1311 1184 153 37 Audeb.
1503 1184 105 49 Body
1631 1185 123 46 black,

544 1252 186 47 sprinkled
762 1251 88 36 with
878 1252 268 46 greenish-gray
1164 1264 12 32 ;
1217 1252 224 35 extremities
1471 1252 108 35 black
1614 1264 113 23 above
1744 1265 11 30 ;

545 1317 114 37 lower
685 1323 80 42 part
795 1318 40 35 of
859 1323 63 29 the
951 1317 84 35 chin
1063 1317 110 36 white
1191 1330 11 32 ;
1243 1330 86 23 nose
1362 1329 100 23 more
1492 1323 90 29 than
1610 1317 144 47 usually

542 1384 102 47 long,
666 1385 121 34 white.
844 1382 167 36 Inhabits
1030 1389 62 29 the
1115 1388 97 31 coast
1231 1384 41 34 of
1286 1382 154 37 Guinea.

498 1451 34 35 8.
563 1448 41 38 C.
639 1461 258 32 PETAURiSTA,
926 1447 179 49 Vaulting
1137 1448 169 36 Monkey
1399 1446 114 38 Simla
1546 1454 208 41 petaurista,

545 1515 123 37 Linn.
726 1515 53 35 Le
799 1516 106 34 blanc
932 1527 79 33 nez,
1039 1515 71 35 and
1137 1527 161 34 ascagne,
1325 1513 153 37 Audeb.
1533 1513 95 37 Hair
1645 1515 112 35 above

546 1583 158 44 reddish,
726 1581 109 36 white
861 1581 118 35 below
995 1594 12 31 ;
1035 1593 105 23 outer
1157 1586 80 42 part
1255 1581 41 35 of
1311 1586 61 30 the
1392 1581 224 36 extremities
1633 1593 124 34 green-

544 1649 69 44 ish,
631 1648 114 35 inside
763 1659 84 34 gray
864 1660 12 31 ;
913 1646 113 37 lower
1051 1652 77 41 part
1156 1647 41 35 of
1220 1652 62 30 the
1307 1658 85 24 nose
1413 1647 120 35 white.
1592 1646 166 36 Inhabits

547 1719 96 30 coast
662 1714 40 34 of
717 1711 154 37 Guinea.

390 1779 134 38 Plate
553 1778 63 36 XI
688 1778 33 36 9.
756 1776 41 38 C.
836 1789 147 32 ruber,
1019 1777 63 35 the
1115 1776 83 36 Red
1227 1776 170 37 Monkey
1463 1776 84 36 Red
1577 1777 174 45 monkey,

547 1845 132 36 Penn.
731 1842 157 37 Guenon
918 1849 111 41 patas,
1057 1843 135 36 Desm.
1223 1841 181 47 Mamm.^
1435 1855 35 35 p.
1501 1843 63 37 59.
1626 1841 132 39 Above

545 1912 157 43 reddish,
720 1922 86 35 gray
825 1909 156 35 beneath
996 1921 12 32 ;
1033 1908 79 36 hair
1136 1910 41 35 of
1198 1916 62 30 the
1286 1922 132 23 cheeks
1432 1909 87 47 long
1536 1922 12 32 •,
1576 1921 21 23 a
1614 1921 140 24 narrow

547 1977 96 35 band
661 1977 113 35 above
795 1982 61 29 the
876 1987 83 23 eyes
978 1975 119 35 black.
1154 1975 167 36 Inhabits
1342 1974 166 48 Senegal.

499 2042 58 36 10.
588 2041 41 38 C.
665 2041 146 45 Diana,
841 2040 120 36 Diana
986 2053 40 23 or
1054 2040 168 38 Palatine
1252 2041 168 36 Monkey
1488 2039 114 38 Simia
1622 2038 131 46 Diana,

546 2109 124 36 Linn.
735 2108 181 46 Exquina,
963 2105 234 47 Margrave.
1252 2106 158 37 Guenon
1451 2106 131 45 Diane,
1622 2106 134 36 Desm.

547 2175 167 35 Mamm.
735 2187 33 34 p.
789 2173 60 35 60.
897 2172 94 37 Hair
1006 2174 40 35 of
1059 2186 21 22 a
1099 2174 89 46 deep
1203 2173 168 36 chestnut
1391 2185 46 24 on
1458 2172 61 36 the
1537 2172 107 44 back,
1668 2172 89 35 dark

546 2253 87 35 gray
648 2253 46 22 on
715 2240 61 35 the
795 2240 129 44 flanks,
943 2239 88 36 with
1047 2252 46 23 an
1109 2239 143 36 oblique
1267 2239 94 35 light
1378 2239 76 35 line
1475 2250 46 24 on
1535 2238 61 36 the
1612 2237 119 47 thighs
1746 2251 10 29 ;

546 2306 172 36 forehead
737 2306 159 34 adorned
916 2305 87 35 Avith
1023 2317 21 23 a
1062 2305 110 36 Avhite
1191 2304 310 36 crescent-shaped
1519 2304 97 35 band
1632 2316 12 31 ;
1673 2304 84 35 chin

548 2373 72 34 and
639 2371 121 36 throat
777 2372 121 35 white.
956 2370 167 36 Inhabits
1142 2369 123 37 Congo
1280 2371 71 35 and
1371 2370 62 35 the
1454 2368 144 37 Guinea
1616 2375 108 29 coast.

500 2436 59 39 11.
591 2436 41 38 C.
667 2449 310 32 albocinereus.
1020 2435 99 48 Grey
1146 2434 370 49 guenon—Guenon
1561 2436 191 45 grisblanc,

548 2504 134 36 Desm.
711 2503 167 35 Mamm..
905 2503 127 46 Supp.
1062 2515 33 34 p.
1117 2501 88 37 534.
1261 2500 94 37 Hair
1380 2514 86 34 gray
1493 2501 125 45 above,
1645 2500 112 36 lower

549 2582 95 35 parts
664 2569 142 36 whitish
823 2581 12 31 ;
862 2581 21 23 a
901 2569 95 34 band
1022 2569 41 35 of
1087 2568 107 35 black
1223 2579 132 24 crosses
1378 2567 62 35 the
1467 2567 170 35 forehead
1655 2578 11 32 ;
1694 2577 62 24 ex-

550 2635 174 38 tremities
743 2634 106 36 black
867 2646 11 34 ;
906 2634 64 36 tail
990 2635 134 36 brown.
1178 2633 166 37 Inhabits
1365 2632 126 37 Island
1513 2633 40 36 of
1569 2630 183 39 Sumatra*
