2113 3404
335 151 80 40 102

831 162 85 35 TUB
951 163 239 38 DfSGKDffiUS
1223 170 52 30 OF
1307 168 173 35 &PEECH.

334 279 262 43 understand
605 282 70 53 in*,'
697 282 45 41 of
772 283 116 41 what
919 284 36 41 is
977 286 162 54 spoken
1162 286 131 42 keeps
1316 287 65 41 far
1401 287 134 41 ahead
1563 288 42 40 of
1638 287 72 43 the
1742 303 137 40 power
1898 299 44 40 of

333 350 338 58 independently
694 353 238 56 producing
953 356 162 54 spoken
1139 357 147 41 words.

392 420 53 42 In
476 426 112 38 most
618 421 208 54 children,
849 425 72 41 the
953 426 341 55 understanding
1326 427 43 41 of
1400 428 159 41 certain
1594 429 138 41 words
1764 430 43 40 in
1842 446 98 42 very

332 492 190 41 familiar
558 507 86 36 use,
677 494 105 41 such
820 508 45 27 as
901 505 139 42 papa
1076 496 85 41 and
1197 507 187 38 mama,
1416 509 136 29 seems
1589 502 44 36 to
1670 498 122 42 dawn
1832 514 107 29 upon

334 560 74 42 the
460 561 115 42 child
629 562 182 42 towards
863 563 74 42 the
988 564 83 41 end
1119 565 46 40 of
1207 565 73 41 the
1314 564 93 41 first
1452 579 112 40 year,
1609 580 47 27 or
1698 568 128 41 about
1871 571 68 43 the

335 631 233 55 beginning
589 632 45 40 of
655 632 72 41 the
750 632 165 42 second.
979 632 158 56 Preyer
1158 638 122 37 notes
1303 633 105 42 that,
1430 634 44 41 in
1497 635 73 42 the
1592 636 168 42 twelfth
1794 641 145 41 month

335 700 119 42 there
489 715 86 27 was
609 702 66 40 for
708 701 74 41 the
818 703 93 40 first
944 703 104 41 time
1084 702 235 43 developed
1352 704 46 40 in
1434 704 67 42 his
1534 705 83 55 boy
1651 720 54 27 an
1727 707 148 55 ability
1904 716 36 36 to

334 772 290 40 discriminate
647 771 135 40 words
801 771 141 42 heard.
1005 776 20 16 "
1041 772 89 41 The
1148 772 115 42 child
1289 779 121 36 turns
1432 774 136 42 round
1591 773 122 43 when
1731 775 67 42 his
1820 790 121 31 name

333 842 37 41 is
392 841 161 54 spoken
586 840 44 41 in
654 854 24 27 a
709 839 103 42 loud
846 841 141 42 voice:
1021 841 54 42 he
1107 841 101 42 does
1240 842 98 42 this,
1361 843 35 41 it
1417 844 37 41 is
1477 848 107 38 true,
1614 850 46 36 at
1689 845 123 42 other
1841 846 99 44 loud

333 911 160 42 sounds
511 911 101 48 also,
630 911 76 40 but
725 910 105 41 then
849 911 103 41 with
972 925 24 28 a
1013 911 200 42 different
1230 914 257 53 expression.
1546 915 53 40 In
1617 915 73 42 the
1708 915 230 45 thirteenth

334 980 163 51 month,
529 980 73 41 the
640 980 115 41 word
790 991 187 40 mama,
1011 981 140 41 which
1187 983 201 54 formerly
1422 984 83 41 had
1543 985 116 41 often
1698 986 104 41 been
1839 989 100 41 used

332 1051 58 53 by
412 1049 73 41 the
508 1048 116 42 child
648 1050 42 39 in
716 1050 67 42 his
812 1050 217 55 babbling,
1050 1051 36 41 is
1118 1066 96 27 now
1239 1053 63 40 for
1334 1053 72 41 the
1428 1053 92 42 first
1550 1055 105 41 time
1686 1056 181 41 referred
1898 1062 42 37 to

332 1121 69 41 his
424 1119 200 42 mother."
686 1121 161 42 Preyer
878 1121 190 41 remarks
1092 1122 96 41 that
1218 1122 43 41 in
1286 1122 86 42 this
1395 1124 163 49 month,
1580 1125 72 41 the
1675 1126 92 41 first
1797 1125 43 41 of
1871 1127 69 42 the

334 1189 156 44 second
525 1203 112 41 year,
672 1189 73 43 the
779 1195 113 36 most
925 1191 238 54 important
1195 1192 189 42 advance
1420 1194 212 41 consisted
1667 1194 45 40 in
1744 1194 72 42 the
1848 1209 91 27 now

334 1259 231 42 awakened
594 1258 341 57 understanding
957 1261 46 40 of
1031 1261 162 54 spoken
1218 1262 146 42 words.
1425 1267 20 16 "
1465 1264 88 41 The
1575 1264 152 55 ability
1749 1269 43 37 to
1814 1264 126 52 learn,

334 1345 46 26 or
403 1330 73 41 the
498 1329 235 55 capability
756 1330 45 41 of
819 1330 129 54 being
969 1330 179 42 trained,
1170 1331 76 41 has
1269 1331 195 55 emerged
1487 1331 155 43 almost
1662 1346 45 27 as
1729 1332 35 41 if
1794 1333 36 40 it
1859 1332 80 42 had

334 1416 119 29 come
474 1402 45 41 in
552 1416 24 27 a
599 1402 133 55 night.
795 1402 89 42 The
916 1402 115 41 child
1064 1403 35 41 is
1132 1417 95 26 now
1260 1404 134 54 easily
1416 1405 153 40 taught
1600 1409 43 36 to
1674 1403 102 41 hold
1799 1418 56 40 up
1877 1403 63 43 his

334 1488 124 27 arms,
482 1473 122 40 when
640 1472 71 42 the
742 1473 199 54 question
962 1473 35 40 is
1020 1473 143 41 asked,
1186 1473 134 41 'How
1339 1473 79 41 tall
1439 1474 37 40 is
1498 1473 86 41 this
1602 1475 116 39 child
1735 1471 37 43 ?'
1795 1472 84 41 and
1900 1478 40 36 to

333 1544 115 41 hand
481 1543 178 55 prettily
682 1557 53 26 an
769 1543 122 54 ivory
913 1543 96 54 ring
1041 1548 42 36 to
1117 1543 66 41 his
1214 1543 150 42 father,
1387 1543 123 41 when
1534 1543 143 41 asked,
1699 1542 179 40 'Where
1907 1543 33 41 is

333 1616 74 40 the
438 1613 151 56 ring?'
651 1613 53 41 If,
727 1613 124 41 when
884 1613 52 41 he
959 1613 36 41 is
1027 1613 180 41 holding
1237 1627 25 27 a
1295 1613 158 41 biscuit
1483 1617 44 36 to
1548 1613 68 41 his
1648 1612 163 50 mouth,
1832 1612 53 41 he
1906 1613 34 41 is

333 1684 132 42 asked
500 1689 44 36 to
565 1683 109 54 give,
695 1683 54 41 he
783 1682 124 42 holds
929 1682 73 42 the
1033 1683 161 41 biscuit
1216 1688 42 36 to
1281 1683 73 41 the
1384 1683 85 54 lips
1501 1683 45 41 of
1577 1682 73 42 the
1676 1696 149 41 person
1852 1683 88 40 who

333 1769 99 28 asks
454 1753 127 41 him."

394 1824 52 41 In
470 1823 73 41 the
586 1822 245 41 fourteenth
866 1822 165 49 month,
1063 1822 72 42 the
1172 1822 340 42 understanding
1554 1822 45 41 of
1639 1822 135 41 words
1816 1822 124 41 heard

334 1895 37 41 is
408 1893 136 42 found
575 1897 44 37 to
651 1893 109 40 have
798 1892 91 41 still
922 1892 165 42 further
1119 1893 229 41 advanced.
1410 1893 71 40 He
1513 1892 150 41 knows
1701 1892 140 41 where
1873 1891 69 42 the

336 1964 302 54 clothes-press
671 1963 60 40 is;
764 1961 85 41 and
882 1967 124 37 turns
1038 1962 67 42 his
1138 1962 108 41 head
1275 1963 45 39 in
1354 1962 72 41 the
1459 1962 113 54 right
1593 1962 205 41 direction
1826 1962 115 41 when

336 2034 144 42 asked,
501 2039 21 14 "
537 2034 159 40 Where
719 2033 35 40 is
772 2033 447 53 papamamathe
1236 2032 111 55 light
1364 2036 14 38 ?
1394 2032 17 16 "
1472 2032 142 41 When
1634 2032 130 41 asked
1781 2036 43 36 to
1848 2032 95 54 play

337 2105 72 41 the
431 2117 141 41 piano,
594 2103 53 42 he
679 2103 120 41 beats
831 2102 67 42 his
930 2102 137 41 hands
1091 2117 54 26 on
1178 2102 73 42 the
1283 2103 124 41 table.
1470 2103 43 40 If
1534 2116 166 40 anyone
1723 2102 151 53 speaks
1903 2107 40 35 to

337 2176 90 39 him
460 2174 44 41 of
537 2174 72 41 the
642 2187 113 27 nose,
778 2171 52 43 he
863 2177 155 37 snorts.
1081 2172 142 42 When
1260 2173 104 49 'No,
1393 2172 77 41 no,'
1502 2172 37 41 is
1572 2171 93 42 said
1695 2175 44 37 to
1772 2171 100 50 him,
1893 2171 50 41 he

336 2259 156 28 shakes
525 2243 68 41 his
625 2243 112 41 head
775 2243 107 40 from
919 2243 91 41 side
1044 2247 44 36 to
1123 2243 100 41 side.
1285 2243 98 42 Yet,
1417 2248 105 35 with
1560 2242 55 41 all
1655 2242 87 41 this
1778 2243 166 53 rapidly

337 2328 242 40 advancing
610 2313 343 41 understanding
986 2313 45 40 of
1060 2313 162 54 spoken
1246 2313 149 41 words,
1418 2313 119 41 there
1569 2313 47 49 is,
1638 2317 44 36 at
1713 2313 86 40 this
1833 2313 112 49 time,

338 2400 54 27 no
415 2397 143 43 power
580 2383 44 41 of
648 2382 237 55 producing
917 2383 154 54 speech
1094 2383 199 54 properly
1318 2397 45 27 so
1396 2383 146 41 called.
1604 2383 88 40 The
1714 2383 114 40 child
1852 2397 92 27 can-

339 2461 76 36 not
446 2468 107 28 even
575 2458 147 37 repeat
754 2452 108 41 'Pa'
898 2465 48 28 or
977 2452 122 41 'Ma'
1134 2467 46 27 or
1212 2452 70 42 'o'
1318 2453 137 41 or'e,'
1488 2452 84 42 and
1604 2453 74 41 the
1711 2453 101 41 only
1836 2453 107 40 word

339 2525 140 41 which
516 2524 55 41 he
608 2522 194 55 employs
839 2522 106 41 with
978 2537 24 26 a
1038 2523 176 42 definite
1247 2524 202 41 meaning
1480 2526 36 38 is
1557 2537 80 27 one
1674 2524 45 40 of
1752 2524 66 40 his
1854 2537 91 27 own

338 2593 240 49 invention,
599 2593 91 48 viz.,
712 2593 128 42 atta,
864 2591 139 42 which
1028 2592 104 41 with
1156 2593 88 40 him
1269 2593 187 54 signifies
1479 2605 155 33 away
1656 2610 44 26 or
1720 2608 139 41 gone.

397 2665 55 41 In
474 2664 73 41 the
570 2663 198 41 fifteenth
801 2662 164 42 month,
988 2661 124 42 when
1136 2663 210 54 coughing
1378 2665 36 41 is
1437 2666 162 53 spoken
1623 2667 46 40 of
1695 2666 53 42 he
1771 2678 175 36 coughs;

339 2735 125 42 when
487 2734 200 53 blowing,
708 2734 54 41 he
784 2734 158 42 blows;
974 2733 123 41 when
1128 2733 189 55 kicking,
1339 2735 52 41 he
1414 2737 206 42 stretches
1643 2742 75 37 out
1749 2737 66 41 his
1836 2736 110 52 legs;

338 2804 84 42 and
447 2803 122 42 when
594 2803 74 41 the
691 2816 137 28 moon,
851 2804 73 40 the
959 2802 133 42 clock,
1125 2802 71 42 the
1218 2816 88 41 eye,
1340 2818 47 27 or
1416 2805 72 42 the
1510 2820 101 28 nose
1634 2807 36 41 is
1693 2802 252 50 mentioned,

338 2875 54 40 he
430 2873 131 42 raises
599 2887 51 27 an
691 2887 103 36 arm,
829 2872 173 42 spreads
1037 2872 72 41 the
1143 2872 165 54 fingers,
1343 2873 84 42 and
1461 2874 121 42 looks
1616 2876 43 40 in
1695 2876 72 42 the
1800 2887 145 43 proper

339 2945 221 42 direction.
623 2943 70 43 He
715 2942 89 43 also
825 2943 119 56 gives
967 2942 66 42 his
1055 2942 114 42 hand
1195 2942 122 43 when
1342 2944 129 42 asked
1496 2949 43 38 to
1562 2945 53 42 do
1637 2959 56 29 so.
