2125 3612
1645 221 53 41 01

247 239 156 30 POINTS
439 237 43 31 IN
518 236 88 31 TUB
639 233 282 33 PHYSIOLOGY
955 232 54 32 OF
1041 232 133 32 VOICB
1206 232 297 32 PRODUCTION.

105 360 91 42 The
236 357 213 57 Carrying
486 371 48 27 or
565 354 252 56 Travelling
849 367 147 42 power
1033 352 45 42 of
1115 351 158 56 speecli
1307 352 197 55 depends
1541 358 161 36 almost

44 430 187 55 entirely
262 443 117 27 upon
412 428 74 42 the
526 441 338 43 predominance
898 425 47 41 of
973 424 58 42 its
1066 423 122 42 vocal
1222 423 204 43 element.
1490 424 42 41 A
1569 430 133 36 shout

45 500 144 42 would
212 501 52 41 be
287 514 55 27 no
364 504 132 38 shout
518 498 189 43 without
730 512 56 27 an
810 501 224 51 emphatic
1057 495 262 56 production
1342 495 48 41 of
1411 495 135 51 voice,
1568 495 87 42 and
1677 510 26 28 a

42 571 149 55 public
213 571 184 42 speaker
422 570 90 42 will
536 570 52 42 be
613 569 99 43 well
745 568 136 43 heard
913 568 47 42 in
993 582 25 28 a
1055 567 117 55 large
1210 566 92 43 hall
1340 567 105 56 only
1479 567 129 43 when
1646 567 56 42 he

42 643 149 42 makes
215 657 24 28 a
261 656 209 29 sonorous
493 656 77 28 use
592 642 46 41 of
669 641 70 42 his
766 654 122 29 voice
921 640 46 43 in
1001 639 224 57 speaking.
1288 639 85 42 We
1406 639 104 51 find,
1533 639 47 41 in
1611 639 93 43 like

40 728 195 29 manner,
258 719 97 38 that
377 713 74 43 the
473 713 154 43 letters
650 713 46 42 of
716 712 76 43 the
816 711 325 57 Physiological
1159 711 227 57 Alphabet
1410 710 144 43 which
1579 725 125 41 carry

41 787 97 42 best
176 792 44 36 to
258 800 25 28 a
319 785 198 43 distance
554 799 72 29 are
664 784 126 43 those
830 784 144 42 which
1013 784 179 43 contain
1230 788 116 39 most
1384 783 45 42 of
1466 783 76 43 the
1580 783 125 42 vocal

39 873 192 27 element
253 857 47 43 in
324 858 116 42 their
462 865 302 48 composition.
827 856 120 43 Thus
970 856 75 43 the
1075 855 165 44 vowels
1272 871 124 28 carry
1419 856 98 42 best
1543 856 47 42 of
1619 855 87 54 all;

38 935 109 36 next
169 929 120 43 them
313 929 75 43 the
417 929 124 42 nasal
573 933 258 38 resonants;
864 934 108 37 next
1003 928 125 43 these
1161 929 75 42 the
1270 928 153 43 voiced
1456 928 250 54 fricatives;

38 1007 109 37 next
180 1001 121 43 these
335 1001 75 43 the
443 1001 154 43 voiced
631 1001 274 56 explosives;
947 1001 87 42 and
1073 1001 114 42 after
1222 1001 122 43 these
1383 1001 75 42 the
1491 1000 213 43 voiceless

39 1088 247 41 explosives
309 1073 87 43 and
421 1074 235 42 fricatives,
675 1073 142 42 which
842 1087 124 42 carry
985 1078 133 38 worst
1139 1073 45 43 of
1206 1072 71 44 all.
1341 1072 258 43 Helmholtz
1623 1072 79 43 has

39 1146 126 43 made
188 1160 119 29 some
329 1146 194 42 remarks
546 1159 121 29 upon
690 1145 88 42 this
802 1145 181 42 subject.
1047 1145 72 42 He
1142 1159 114 42 says,
1278 1150 20 16 "
1316 1145 44 42 It
1381 1145 36 42 is
1441 1145 264 55 interesting

38 1219 47 41 in
109 1218 113 43 calm
246 1219 190 42 weather
460 1225 44 35 to
527 1218 134 42 listen
684 1222 45 37 to
753 1217 75 42 the
852 1217 144 41 voices
1019 1217 45 42 of
1092 1232 102 27 men
1218 1218 98 41 who
1339 1231 73 28 are
1434 1217 269 56 descending

39 1291 112 40 from
175 1290 106 56 high
304 1290 104 42 hills
431 1295 45 37 to
498 1289 77 43 the
598 1289 155 56 plains.
817 1287 160 43 Words
1000 1302 80 28 can
1104 1303 56 27 no
1184 1288 153 56 longer
1359 1289 53 42 be
1435 1289 270 50 recognised,

38 1376 48 27 or
108 1366 46 37 at
175 1366 115 37 most
311 1361 105 42 such
442 1375 46 27 as
511 1374 72 28 are
606 1359 233 43 composed
861 1360 45 41 of
928 1369 65 40 m,
1018 1369 47 40 n,
1100 1360 88 42 and
1214 1359 174 43 vowels,
1420 1374 46 28 as
1500 1361 203 50 'Mama,'

37 1437 7 17 '
63 1432 78 43 no.'
205 1431 92 43 But
320 1433 75 42 the
426 1446 163 28 vowels
622 1431 236 43 contained
890 1432 47 42 in
970 1432 76 43 the
1079 1432 169 42 spoken
1281 1432 143 42 words
1457 1446 73 29 are
1562 1433 141 55 easily

35 1504 334 56 distinguished.
433 1504 123 42 They
573 1504 112 42 form
709 1518 25 27 a
756 1507 176 39 strange
956 1504 132 42 series
1112 1505 47 41 of
1178 1503 259 43 alterations
1461 1504 45 42 of
1527 1505 175 57 quality

34 1577 86 41 and
143 1576 198 43 singular
362 1576 234 42 inflexions
619 1575 46 43 of
687 1580 116 46 tone,
826 1575 198 43 wanting
1048 1575 74 43 the
1146 1575 155 43 thread
1325 1575 144 43 which
1493 1582 210 38 connects

33 1649 123 42 them
178 1649 94 42 into
306 1662 140 29 words
478 1647 88 43 and
598 1646 292 44 sentences."1
953 1647 168 43 Sitting
1152 1648 49 42 in
1234 1662 75 42 my
1342 1662 122 28 room
1497 1648 90 44 late
1619 1663 83 29 one

33 1722 138 56 night,
195 1735 128 28 when
346 1720 201 43 working
569 1726 45 37 at
637 1720 89 43 this
749 1720 185 56 subject,
957 1720 23 42 I
1008 1720 191 43 listened
1230 1725 46 38 to
1309 1735 25 28 a
1366 1721 148 43 singer
1539 1721 106 43 with
1677 1737 26 27 a

30 1794 112 57 good
167 1794 131 42 voice,
319 1807 48 29 as
388 1793 55 43 he
465 1793 159 56 passed
646 1792 131 43 along
798 1792 76 43 the
898 1797 135 38 street
1055 1807 56 28 on
1134 1793 70 42 his
1227 1807 98 43 way
1347 1793 141 44 home.
1551 1793 151 44 When

31 1866 55 43 he
109 1881 88 28 was
219 1865 141 43 under
381 1879 75 42 my
480 1865 200 43 window,
703 1865 23 42 I
750 1864 130 44 could
904 1865 128 43 make
1055 1870 79 38 out
1166 1865 234 57 distinctly
1423 1880 134 29 every
1580 1867 121 42 word

32 1940 47 41 of
98 1939 69 42 his
189 1952 119 42 song,
331 1937 81 43 but
432 1937 56 43 he
511 1936 305 56 immediately
840 1936 160 43 turned
1023 1951 25 28 a
1069 1951 153 29 corner
1253 1938 47 42 of
1331 1937 76 44 the
1440 1943 149 38 street,
1613 1939 88 42 and

34 2011 75 42 the
146 2010 142 43 words
320 2010 176 42 became
529 2008 343 56 unintelligible,
903 2014 116 37 most
1051 2009 45 42 of
1127 2009 77 43 the
1236 2015 267 38 consonants
1535 2011 167 56 having

32 2084 113 41 been
176 2083 87 42 lost
294 2096 58 28 on
385 2081 74 43 the
492 2095 97 42 way
622 2085 46 37 to
700 2094 77 42 my
810 2095 85 30 ear.
959 2080 116 44 Still,
1107 2081 66 42 for
1206 2096 119 29 some
1358 2082 121 43 time,
1513 2083 22 42 I
1568 2084 132 42 could

34 2154 232 43 distinctly
286 2154 128 42 make
437 2158 78 37 out
538 2152 76 43 the
635 2152 164 44 vowels
821 2153 48 41 in
893 2152 76 44 the
992 2153 142 43 words
1157 2153 55 43 he
1234 2168 89 29 was
1346 2155 200 56 singing;
1569 2157 130 52 until,

34 2241 128 29 when
185 2226 56 42 he
265 2239 87 29 was
382 2224 168 44 farther
580 2224 48 42 in
662 2224 76 43 the
770 2225 213 43 distance,
1006 2225 76 43 the
1115 2226 163 43 vowels
1310 2227 185 43 reached
1529 2242 75 43 my
1627 2243 73 29 ear

31 2299 132 43 shorn
187 2299 46 42 of
254 2298 73 42 the
350 2296 251 44 harmonics
625 2302 46 37 to
693 2296 146 43 which
863 2297 106 57 they
987 2312 93 29 owe
1103 2298 115 43 their
1239 2299 177 56 specific
1439 2306 259 47 characters,

30 2383 47 28 so
113 2369 98 43 that
246 2370 22 42 I
304 2369 129 43 could
468 2383 57 29 no
559 2368 153 57 longer
747 2368 272 58 distinguish
1054 2384 83 29 one
1174 2371 143 43 vowel
1354 2371 112 43 from
1501 2373 196 44 another.

29 2441 88 44 Yet
139 2442 75 43 the
238 2441 307 43 fundamental
569 2455 116 38 note,
708 2441 109 42 with
840 2441 60 43 its
923 2441 124 57 pitch
1070 2442 180 44 derived
1273 2443 111 43 from
1416 2444 76 44 the
1523 2444 176 56 larynx,

29 2514 186 43 enabled
238 2528 70 29 me
330 2518 44 38 to
398 2513 149 42 follow
571 2514 76 42 the
670 2513 178 57 melody
870 2513 120 43 until
1012 2514 36 43 it
1071 2515 153 57 finally
1248 2515 102 44 died
1372 2530 136 30 awa}'.

87 2586 245 43 Musicians
365 2585 81 44 tell
478 2600 53 29 us
564 2585 100 43 that
698 2585 76 44 the
807 2586 98 42 four
937 2586 119 43 chief
1088 2588 246 56 properties
1377 2589 46 43 of
1454 2590 124 44 voice
1611 2605 84 38 are,

27 2658 238 57 Intensity,
288 2658 225 57 Compass,
535 2658 276 57 Flexibility,
834 2658 87 43 and
944 2659 204 44 Timbre;
1181 2660 88 43 and
1297 2661 100 44 that
1429 2661 76 45 the
1536 2662 89 44 last
1650 2663 46 43 of

25 2730 137 54 these,
183 2730 145 43 which
362 2745 100 41 may
486 2730 54 43 be
563 2729 248 44 translated
832 2734 23 17 "
870 2730 212 57 quality,"
1105 2732 38 42 is
1166 2732 76 43 the
1275 2738 117 38 most
1418 2735 210 42 essential
1651 2736 46 42 of

25 2802 71 51 all,
119 2803 35 41 if
192 2802 75 43 the
290 2802 122 43 voice
450 2803 37 42 is
524 2807 46 38 to
607 2803 100 55 give
745 2802 201 56 pleasure
982 2803 48 42 in
1053 2818 119 43 song.
1236 2805 213 58 Training
1470 2806 79 44 has
1571 2813 125 51 great

27 2889 52 40 po
90 2889 80 28 wer
191 2875 47 42 in
270 2874 251 57 enhancing
553 2874 60 43 all
640 2874 45 43 of
718 2874 136 54 these,
877 2875 243 57 especially
1144 2877 130 43 when
1297 2878 173 44 Nature
1495 2879 78 44 has
1596 2895 98 42 pro-

25 2947 131 43 vided
198 2961 56 29 an
298 2947 235 57 originally
568 2947 111 57 good
723 2961 147 43 organ,
907 2947 90 44 and
1034 2963 26 28 a
1097 2949 112 57 good
1250 2951 186 43 musical
1474 2966 83 28 ear.
1623 2953 68 56 By

438 3098 12 22 1
479 3095 233 38 Helmholtz,
732 3095 207 38 Sensations
957 3096 41 48 of
1014 3097 102 47 Tone,
1136 3110 34 36 p.
1196 3099 77 36 111.
