2113 3404
934 279 86 35 THE
1053 279 242 39 DISORDERS
1328 286 52 32 OF
1413 287 173 33 SPEECH.

433 262 83 42 232

433 392 110 51 blue,
576 408 46 28 or
655 397 154 55 yellow
829 413 9 38 ;
874 413 47 29 or
951 401 106 43 such
1088 403 203 55 qualities
1318 419 46 30 as
1395 407 233 55 prettiness
1662 423 47 28 or
1747 410 215 55 ugliness;
1998 426 47 28 or

428 464 106 43 such
567 468 211 44 emotions
809 484 46 28 as
887 472 198 43 affection
1117 488 46 28 or
1195 489 264 42 anger,—we
1491 478 124 42 could
1638 484 85 50 yet,
1745 480 110 42 after
1882 481 159 56 having

429 533 85 44 had
533 537 200 56 frequent
755 542 251 54 experience
1024 544 45 41 of
1084 544 132 57 them,
1238 547 131 41 recall
1391 548 117 42 them
1526 553 43 37 to
1592 549 132 51 mind,
1745 550 85 42 and
1851 551 128 42 think
2001 553 45 41 of

432 605 131 53 them,
586 608 185 44 without
792 610 73 44 the
887 612 70 42 aid
985 614 45 40 of
1060 615 147 42 words.
1270 617 88 42 The
1391 618 88 42 fact
1509 618 95 42 that
1635 619 121 43 those
1787 620 257 44 deaf-mutes

435 677 93 43 who
565 679 111 43 have
703 684 74 39 not
809 682 108 42 been
949 683 208 43 educated
1191 692 42 35 to
1266 687 131 55 speak
1432 702 78 28 can
1542 693 86 50 yet,
1660 703 46 29 as
1737 690 113 42 their
1881 691 162 43 actions

433 745 130 53 show,
596 747 130 44 think
758 750 244 55 rationally,
1029 751 161 56 though
1226 759 73 36 not
1330 756 274 55 profoundly,
1636 771 152 40 proves
1824 757 96 42 that
1956 759 86 41 this

433 822 118 37 must
573 818 52 42 be
648 818 72 42 the
742 833 108 28 case.

491 886 92 44 But
603 889 121 42 there
756 903 69 28 are
848 904 117 28 some
988 891 130 43 forms
1140 893 44 42 of
1216 894 184 56 thought
1422 897 95 42 that
1538 902 158 38 cannot
1718 899 51 43 be
1795 901 161 42 carried
1987 915 54 28 on

431 958 186 42 without
639 959 72 42 the
733 960 72 42 aid
827 960 45 42 of
889 961 148 42 verbal
1059 964 201 54 symbols.
1323 966 162 43 Names
1507 967 46 42 of
1571 973 195 39 concrete
1788 970 160 55 objects
1971 985 70 28 are

431 1028 75 42 the
527 1029 147 42 verbal
697 1031 191 54 symbols
911 1032 44 41 of
977 1032 73 42 the
1073 1033 196 55 simplest
1290 1035 116 43 ideas
1439 1051 63 28 we
1533 1038 109 42 have
1674 1040 46 41 of
1749 1040 154 55 things,
1925 1041 117 42 ideas

432 1112 46 28 so
501 1099 155 56 simple
679 1100 96 42 that
797 1101 103 56 they
922 1116 79 28 can
1023 1104 52 41 be
1097 1104 135 56 easily
1253 1107 180 55 grasped
1457 1108 56 55 by
1531 1109 71 41 the
1626 1109 119 43 mind
1768 1111 182 42 without
1971 1111 73 43 the

433 1168 71 42 aid
526 1170 46 41 of
593 1170 111 42 their
733 1171 145 42 verbal
910 1173 200 54 symbols.
1174 1175 89 42 But
1294 1190 63 28 we
1389 1177 108 41 have
1529 1177 89 42 also
1654 1193 24 27 a
1715 1179 100 54 long
1851 1194 120 28 array
2003 1183 44 39 of

433 1253 149 28 names
605 1254 47 28 or
673 1255 139 28 nouns
836 1242 94 42 that
962 1256 71 29 are
1066 1243 72 43 the
1170 1245 203 55 symbols,
1395 1251 76 37 not
1502 1247 44 41 of
1576 1253 196 37 concrete
1802 1250 243 41 individual

434 1311 159 56 things,
616 1312 78 42 but
726 1313 43 41 of
801 1313 155 43 classes
988 1314 46 42 of
1063 1314 158 56 things,
1243 1329 45 29 as
1321 1316 98 42 well
1450 1331 45 28 as
1528 1332 130 42 many
1680 1333 139 28 nouns
1850 1320 94 41 that
1974 1334 71 28 are

434 1382 74 42 the
550 1383 191 55 symbols
783 1384 47 42 of
868 1384 188 42 abstract
1096 1386 230 54 qualities;
1371 1387 85 41 and
1497 1388 105 41 such
1644 1402 139 28 nouns
1829 1403 68 28 are
1941 1403 102 41 very

432 1453 163 55 largely
627 1454 107 42 used
775 1468 108 29 even
926 1455 45 42 in
1013 1455 201 56 ordinary
1256 1459 306 41 conversation.
1625 1459 134 41 These
1802 1473 139 27 nouns
1977 1473 70 28 are

433 1523 74 43 the
541 1524 204 55 products
779 1526 45 40 of
856 1526 95 41 that
985 1526 123 41 effort
1145 1532 42 36 to
1220 1527 174 55 classify
1429 1528 144 55 tilings
1606 1529 140 41 which
1779 1529 75 42 has
1886 1529 160 55 always

438 1594 104 42 been
566 1595 162 41 carried
750 1609 55 27 on
828 1595 58 56 by
908 1595 73 42 the
1005 1596 163 42 human
1190 1597 130 41 mind.
1383 1597 102 55 Any
1504 1598 300 41 classification
1827 1598 46 41 of
1891 1599 156 49 things,

436 1664 197 42 however
655 1665 117 51 rude,
790 1670 239 50 represents
1052 1667 130 41 much
1204 1666 149 42 labour
1375 1667 43 41 of
1440 1668 268 41 observation
1731 1669 84 40 and
1838 1669 208 54 compari-

434 1749 88 27 son.
588 1735 207 43 Concrete
818 1737 161 41 objects
1001 1737 108 41 have
1133 1737 105 42 been
1261 1737 149 54 placed
1433 1737 90 42 side
1545 1738 56 55 by
1624 1738 102 50 side,
1748 1738 84 42 and
1865 1738 72 42 the
1960 1738 86 42 like

436 1806 108 42 have
583 1807 107 42 been
727 1806 224 43 separated
984 1807 110 41 from
1127 1807 73 42 the
1235 1807 175 42 unlike;
1444 1807 84 41 and
1566 1807 124 42 when
1728 1822 24 27 a
1788 1809 181 41 number
2005 1808 46 42 of

437 1877 163 53 objects
624 1877 95 42 that
739 1891 71 28 are
832 1877 163 42 related
1017 1882 43 37 to
1083 1877 103 42 each
1209 1877 123 42 other
1352 1878 45 41 in
1427 1877 112 42 their
1569 1878 201 54 qualities
1802 1879 108 42 have
1941 1878 106 43 been

434 1947 191 54 grouped
649 1946 204 56 together,
876 1961 24 27 a
923 1961 124 27 name
1070 1947 36 41 is
1135 1947 126 55 given
1295 1953 43 35 to
1370 1947 220 55 designate
1622 1947 73 43 the
1725 1961 143 42 group.
1930 1948 118 42 Then

434 2031 158 38 groups
635 2032 72 27 are
744 2017 238 55 compared,
1015 2017 84 42 and
1136 2032 69 27 are
1239 2017 209 42 classified
1490 2018 92 41 into
1618 2031 154 42 groups
1805 2019 45 40 of
1881 2032 169 42 groups,

435 2087 86 41 and
543 2101 45 28 so
611 2102 68 36 on,
701 2088 112 41 until
838 2088 116 41 ideas
987 2088 46 41 of
1061 2087 146 42 things
1238 2087 44 42 in
1312 2087 173 56 general
1516 2088 109 42 have
1658 2087 131 42 fallen
1819 2088 92 41 into
1933 2102 116 28 some

435 2158 107 42 kind
565 2158 43 42 of
641 2159 121 42 order
793 2158 45 43 in
871 2159 73 42 the
978 2159 162 41 human
1172 2158 131 41 mind.
1366 2158 102 42 This
1499 2157 37 43 is
1568 2172 24 26 a
1627 2171 169 42 process
1831 2159 96 41 that
1963 2158 87 51 has,

435 2229 301 43 instinctively
754 2230 85 41 and
862 2243 157 29 almost
1040 2228 344 56 unconsciously,
1398 2229 107 41 been
1529 2229 161 41 carried
1712 2243 56 27 on
1789 2228 261 56 throughout

436 2300 162 42 human
621 2301 191 55 history;
834 2301 36 42 it
892 2301 35 41 is
950 2314 89 28 also
1062 2300 74 42 the
1158 2313 168 41 process
1350 2300 95 42 that
1462 2300 35 42 is
1515 2300 161 42 carried
1699 2315 54 27 on
1771 2300 279 50 consciously,

435 2370 86 42 and
554 2371 103 42 with
694 2386 25 27 a
752 2372 175 41 definite
961 2371 110 41 view
1109 2375 42 37 to
1183 2370 313 50 classification,
1528 2370 56 55 by
1616 2370 73 42 the
1725 2370 251 42 cultivators
2008 2371 45 41 of

435 2455 130 41 every
588 2442 161 41 branch
773 2443 45 40 of
836 2441 173 42 natural
1031 2454 175 28 science.
1267 2440 64 42 As
1354 2440 72 42 the
1449 2441 273 54 conceptions
1744 2440 81 42 rise
1848 2441 105 41 from
1978 2441 71 42 the

435 2512 235 54 particular
692 2516 43 38 to
758 2512 72 42 the
852 2511 184 56 general,
1059 2525 24 27 a
1105 2524 125 28 name
1252 2511 36 41 is
1309 2510 129 56 given
1461 2515 43 37 to
1528 2511 120 41 mark
1671 2511 102 41 each
1795 2516 93 37 step
1910 2511 44 41 in
1977 2511 72 42 the

436 2594 195 41 process;
673 2581 83 41 and
790 2581 72 41 the
899 2595 116 27 more
1046 2579 172 56 general
1250 2579 84 42 and
1365 2580 190 42 abstract
1586 2580 72 42 the
1691 2581 261 54 conception,
1977 2581 71 41 the

435 2664 118 29 more
575 2665 225 28 necessary
823 2651 36 41 is
882 2651 35 41 it
938 2650 64 42 for
1025 2650 72 41 the
1129 2649 120 42 mind
1281 2653 44 38 to
1356 2649 152 42 invent
1539 2663 24 27 a
1594 2663 124 28 name
1751 2650 95 41 that
1879 2663 95 28 may
1997 2649 51 42 be

437 2721 118 43 used,
576 2722 45 41 in
648 2722 73 42 the
743 2735 216 42 processes
982 2722 45 41 of
1045 2720 184 42 thought
1251 2719 84 42 and
1358 2719 166 56 speech,
1545 2733 45 29 as
1622 2734 24 27 a
1677 2719 175 43 definite
1883 2719 167 55 symbol

437 2792 65 42 for
530 2806 25 28 a
586 2796 181 39 concept
797 2791 97 43 that
925 2791 36 43 is
992 2790 130 43 itself,
1144 2790 44 42 of
1219 2795 225 49 necessity,
1466 2789 223 43 indefinite
1721 2789 83 42 and
1837 2788 211 55 shadowy.

436 2860 79 43 "A
543 2860 116 42 word
693 2874 46 27 or
769 2859 130 56 sign,"
931 2873 98 28 says
1061 2858 68 43 Sir
1158 2857 196 43 William
1386 2857 241 42 Hamilton,
1657 2857 72 42 "is
1761 2870 222 29 necessary
2007 2860 43 37 to

437 2930 97 56 give
556 2930 195 43 stability
776 2935 42 36 to
840 2943 78 28 our
939 2927 269 44 intellectual
1230 2941 205 42 progress,
1457 2931 43 37 to
1522 2925 206 44 establish
1751 2925 102 43 each
1885 2931 93 49 step
2004 2925 45 41 in

437 3015 77 28 our
536 3001 190 42 advance
749 3014 44 28 as
816 3014 24 28 a
871 3012 95 30 new
998 2998 184 55 starting
1213 2997 125 57 point
1368 2997 65 42 for
1463 3011 77 28 our
1571 2996 189 42 advance
1792 3000 42 37 to
1871 2995 177 42 another

437 3071 183 57 beyond.
682 3071 40 42 A
744 3075 182 50 country
948 3083 100 28 may
1070 3069 51 42 be
1144 3081 220 30 overcome
1386 3067 57 56 by
1465 3081 54 28 an
1541 3066 143 43 armed
1712 3066 106 50 host,
1840 3065 79 42 but
1948 3065 36 41 it
2013 3064 37 42 is
