1933 3302
869 149 96 31 Inhal
971 150 268 32 tsverzeichniss.

249 148 35 39 X

382 253 296 41 Beziehungen
697 254 70 31 des
785 254 130 31 krank
927 255 349 41 heiterregenden
1295 255 138 43 Agens
1451 257 68 31 des
1537 258 203 32 Hospitai-

426 296 182 31 brandes
634 306 43 21 zu
702 298 18 29 d
733 307 57 21 em
809 299 200 39 gewisser
1027 298 73 30 and
1113 308 90 20 erer
1220 298 520 36 Infectionskrankheiten
1808 304 40 32 99

450 339 241 41 Beziehungen
718 340 176 31 desselben
921 351 59 19 zur
1004 341 356 41 llachendiphtheritis
1809 347 39 32 99

384 382 179 31 Verlauf
584 383 72 30 der
678 383 576 40 Hospitalbrandepidemien
1791 390 59 32 10:3

384 425 345 41 Geographische
755 426 282 41 Verbreitung
1061 426 69 31 des
1155 427 189 41 Hospital
1357 429 173 30 brandes
1577 453 165 8 ....
1791 433 60 31 104

254 493 69 30 XI.
348 492 275 30 llistorisclie
648 492 253 30 Ucbcrsiclit
1792 496 59 32 104

449 543 232 41 Hippokrates
1792 548 59 33 104

449 586 130 40 Galen,
602 587 140 38 Aetius,
768 587 143 38 Paulus,
936 587 193 39 Rolandus,
1155 588 192 40 Avicenna,
1379 590 145 39 Rhaces,
1549 590 197 40 Abulkasis,

493 630 156 41 Argelas,
673 629 111 32 Guido
809 630 42 30 de
876 629 173 41 Gauliaco,
1074 631 195 31 Paracelsus
1792 633 60 33 105

450 674 96 31 Pare,
571 673 176 31 Fabricius
773 673 167 30 Hildanus
1794 677 59 32 106

449 716 271 32 Hospitalbrand
755 717 34 29 in
824 717 251 30 französischen
1109 717 219 40 Hospitälern
1352 718 94 32 Ende
1471 719 83 32 1500
1578 719 51 31 bis
1654 719 92 31 Ende

497 760 94 32 1700.
638 759 50 30 De
713 759 34 30 la
770 759 123 38 Motte,
931 759 172 40 Pouteau,
1138 760 227 41 Dussaussoy.
1411 761 264 41 Hospitalbrand
1711 764 33 28 in

495 802 236 31 Deutschland
756 803 46 29 im
827 802 181 41 7jährigen
1032 803 124 41 Kriege
1794 805 59 33 107

452 845 271 32 Hospitalbrand
747 846 35 30 in
807 845 156 41 England
989 846 70 30 und
1083 846 121 30 Italien
1237 847 48 30 im
1313 847 123 31 letzten
1463 847 126 31 Viertel
1615 847 57 31 des
1698 848 48 32 18.

496 889 72 30 und
593 890 47 29 im
666 889 132 40 Beginn
824 889 58 30 des
910 889 48 31 19.
975 889 262 31 Jahrhunderts.
1278 889 267 41 Hospitalbrand
1569 892 45 28 im
1638 892 110 38 spani-

498 933 103 30 schen
627 931 336 41 Befreiungskriege,
986 933 34 29 in
1046 932 65 31 den
1135 932 296 40 Napoleonischen
1450 933 156 30 Kriegen.
1641 933 106 30 Wirk-

498 976 148 30 samkeit
668 975 179 41 Delpech's
1797 976 58 33 108

453 1018 153 40 Gerson,
630 1018 139 31 Kieser,
792 1019 179 30 Werneck.
1018 1019 266 40 Einbürgerung
1316 1020 34 29 in
1384 1019 54 31 die
1463 1018 285 41 Civilhospitäler.

492 1062 270 31 Hospitalbrand
786 1062 34 30 in
846 1062 60 30 der
929 1061 155 31 Berliner
1109 1060 136 32 Charitd
1796 1062 60 32 109

453 1105 268 32 Hospitalbrand
755 1106 46 30 im
836 1105 125 41 Prager
993 1105 79 41 allg.
1098 1104 288 32 Krankenhause,
1423 1107 33 29 in
1494 1105 252 31 französischen

496 1149 230 40 Hospitälern.
774 1147 153 36 Ollivier,
952 1148 99 31 Roze,
1075 1148 101 31 Racle
1795 1148 61 33 110

450 1192 268 32 Hospitalbrand
742 1193 35 29 in
802 1191 156 32 England
982 1193 47 28 im
1053 1191 177 31 indischen
1256 1191 123 32 Kriege
1405 1191 64 31 und
1497 1193 34 29 in
1556 1192 62 30 den
1643 1190 99 31 Givil-

496 1236 210 31 hospitälern
731 1235 124 31 vorher
877 1234 70 31 und
971 1234 150 31 nachher
1791 1234 62 32 110

453 1278 270 32 Hospitalbrand
746 1279 34 29 in
798 1278 133 31 Italien,
954 1279 35 29 in
1008 1278 137 40 Ungarn
1163 1278 52 31 bis
1233 1278 93 30 Mitte
1343 1278 58 31 des
1421 1278 49 32 19.
1483 1277 261 31 Jahrhunderts.

498 1322 267 31 Hospitalbrand
788 1323 48 29 im
860 1321 215 31 Krimkriege
1794 1319 62 33 110

454 1365 267 32 Hospitalbrand
747 1366 35 29 in
800 1365 115 30 Bei-lin
934 1365 94 32 1856,
1052 1366 46 29 im
1124 1363 464 31 italienisch-französischen
1612 1363 134 37 Kriege,

500 1411 45 29 im
565 1408 297 31 amerikanischen
879 1407 326 41 Secessionskriege,
1227 1409 45 28 im
1292 1405 460 42 schleswig-holsteinischen

502 1453 134 40 Kriege,
662 1454 45 28 im
733 1452 125 40 Kriege
884 1451 93 32 1866.
1009 1450 204 39 Dresdener,
1237 1450 247 40 Heidelberger
1507 1449 198 32 Epidemien
1745 1472 6 8 .
1800 1449 57 31 III

458 1495 270 32 Hospitalbrand
756 1497 45 29 im
828 1494 424 31 dentsch-französischen,
1277 1495 46 29 im
1348 1492 404 41 bulgarisch-serbischen

501 1540 125 30 Kriege
1800 1535 60 31 112

457 1583 216 31 Nachschrift
1800 1579 61 32 113
