2113 3404
853 183 86 33 THE
972 185 240 31 DISOItDKUS
1244 186 53 30 OF
1329 186 173 30 Sl'KKCIf.

371 170 56 41 94

372 298 74 47 fall
469 305 74 37 out
566 302 43 40 of
632 301 71 43 the
728 303 148 42 mouth
900 317 98 42 may
1021 304 169 55 explain
1217 304 92 40 how
1334 304 34 41 it
1390 304 35 41 is
1449 304 95 40 that
1561 304 150 55 lolling
1733 310 75 37 out
1838 306 43 41 of
1913 308 67 43 the

371 374 159 51 tongue
553 372 266 57 universally
841 387 142 29 serves
1005 388 45 28 as
1074 388 23 27 a
1118 374 93 41 sign
1234 374 46 40 of
1298 382 221 32 contempt
1545 373 84 41 and
1651 373 159 44 hatred.

431 442 75 52 (d.)
540 442 462 43 Sulkiness.—Darwin
1038 444 55 54 (p.
1118 444 101 40 242)
1244 456 138 28 shows
1415 442 96 41 that
1531 443 214 42 sulkiness
1768 445 45 40 in
1843 459 140 44 young

372 511 195 42 children
590 513 35 40 is
648 513 148 41 shown
812 513 55 55 hy
885 513 193 55 pouting,
1096 527 57 27 or,
1171 527 45 27 as
1235 513 33 41 it
1287 513 34 41 is
1343 512 245 42 sometimes
1606 513 148 41 called,
1774 518 20 17 "
1814 516 170 56 making

372 595 25 27 a
418 582 163 41 snout."
642 587 20 16 "
678 582 142 42 When
856 583 71 41 the
950 596 170 28 corners
1152 582 43 41 of
1219 582 72 41 the
1324 581 150 41 mouth
1497 596 69 27 are
1598 583 128 41 much
1749 583 234 43 depressed,

373 651 73 42 the
468 651 131 42 lower
622 652 60 54 lip
704 653 35 41 is
762 666 24 27 a
808 652 112 42 little
943 653 172 41 everted
1147 651 85 42 and
1256 651 243 54 protruded,
1521 652 84 41 and
1629 652 86 42 this
1738 653 36 42 is
1796 653 188 47 likewise

372 721 138 42 called
541 735 25 27 a
596 726 115 50 pout.
775 722 87 41 But
893 722 73 41 the
997 722 183 54 pouting
1210 721 101 41 here
1342 721 186 41 referred
1552 727 42 36 to
1625 723 181 42 consists
1838 724 43 40 in
1913 725 71 43 the

373 791 243 54 protrusion
639 791 45 41 of
713 791 102 41 both
840 791 82 54 lips
946 791 90 40 into
1067 805 25 27 a
1115 791 174 41 tubular
1313 791 121 47 form,
1455 792 245 42 sometimes
1723 799 42 35 to
1797 794 104 41 such
1931 809 53 29 an

373 866 151 36 extent
545 875 45 27 as
614 868 42 34 to
689 861 164 54 project
874 874 46 28 as
952 860 64 41 far
1037 874 45 28 as
1106 860 72 42 the
1202 860 83 41 end
1307 861 47 40 of
1382 860 73 42 the
1478 874 112 29 nose,
1613 862 33 40 if
1668 861 87 43 this
1784 863 51 41 be
1857 870 127 36 short.

373 930 189 55 Pouting
583 931 35 40 is
640 930 220 56 generally
883 930 305 54 accompanied
1220 930 54 54 by
1300 931 220 55 frowning,
1543 932 82 40 and
1653 934 245 41 sometimes
1928 934 56 54 by

373 1000 73 41 the
479 1006 221 35 utterance
732 1001 44 39 of
807 1014 24 27 a
855 1001 154 54 booing
1041 1014 45 26 or
1118 1000 198 56 whooing
1348 1001 128 42 noise.
1537 1002 103 42 This
1672 1004 246 53 expression
1949 1005 35 42 is

372 1070 266 42 remarkable
675 1084 45 28 as
752 1070 157 41 almost
944 1070 73 41 the
1054 1069 88 43 sole
1175 1084 90 28 one,
1303 1084 45 28 as
1380 1071 64 41 far
1475 1085 45 28 as
1552 1072 21 41 I
1609 1072 137 50 know,
1779 1073 140 41 which
1948 1075 36 41 is

372 1140 222 41 exhibited
619 1154 115 28 more
766 1140 167 55 plainly
956 1140 156 55 during
1134 1140 241 42 childhood,
1398 1146 45 36 at
1463 1141 108 42 least
1603 1142 103 41 with
1729 1143 255 42 Europeans,

371 1210 106 41 than
499 1210 157 55 during
688 1210 220 54 maturity.
971 1211 135 41 There
1138 1211 48 51 is,
1208 1210 208 51 however,
1447 1225 116 28 some
1595 1212 212 42 tendency
1843 1220 39 34 to
1915 1214 69 42 the

371 1282 246 53 protrusion
654 1281 46 41 of
733 1281 73 41 the
842 1280 84 55 lips
964 1280 104 42 with
1107 1281 73 41 the
1218 1281 143 41 adults
1398 1282 46 40 of
1481 1281 59 41 all
1581 1296 115 28 races
1738 1283 135 41 under
1913 1284 69 41 the

372 1351 213 41 influence
616 1352 46 40 of
690 1356 119 49 great
840 1365 107 40 rage.
1010 1351 125 42 Some
1167 1351 195 42 children
1385 1358 105 47 pout
1523 1352 124 42 when
1680 1352 102 42 they
1804 1367 68 27 are
1895 1353 88 50 shy,

372 1422 85 41 and
479 1422 102 41 they
605 1435 79 27 can
707 1421 154 41 hardly
884 1422 101 40 then
1012 1421 51 41 be
1086 1421 137 42 called
1246 1420 169 56 sulky."

431 1493 64 52 (e.)
523 1492 147 53 Guilty
685 1492 501 54 Expression.—Darwin
1207 1492 54 54 (p.
1282 1493 103 53 275)
1402 1497 122 37 notes
1542 1492 94 42 that
1654 1492 52 42 he
1735 1493 202 41 observed
1959 1507 23 27 a

370 1563 141 55 guilty
548 1563 249 41 expression
830 1562 183 41 without
1049 1576 24 27 a
1109 1562 131 41 shade
1277 1563 46 40 of
1357 1563 89 40 fear
1482 1564 44 39 in
1564 1577 116 27 some
1717 1563 45 40 of
1789 1563 68 41 his
1888 1577 93 27 own

372 1633 192 41 children
589 1639 44 34 at
654 1647 24 26 a
699 1647 106 40 very
822 1632 117 55 early
956 1646 85 41 age.
1103 1636 21 17 "
1141 1633 54 40 In
1218 1646 79 28 one
1319 1633 193 41 instance
1536 1633 72 41 the
1630 1633 246 42 expression
1899 1647 82 28 was

371 1703 325 41 unmistakably
714 1703 111 41 clear
846 1703 46 40 in
913 1716 25 27 a
959 1702 118 42 child
1101 1707 83 36 two
1206 1717 124 40 years
1347 1703 85 41 and
1454 1717 130 27 seven
1607 1703 172 42 months
1801 1703 81 41 old,
1899 1703 83 41 and

370 1773 70 41 led
473 1778 43 36 to
548 1773 73 41 the
652 1773 216 41 detection
898 1773 45 40 of
972 1773 67 41 his
1071 1772 114 42 little
1223 1773 265 41 crime—the
1524 1773 150 41 taking
1707 1774 43 40 of
1785 1775 196 53 pounded

371 1857 127 28 sugar
530 1843 139 41 which
701 1843 53 41 he
787 1843 83 41 had
902 1843 108 41 been
1043 1842 91 42 told
1165 1847 77 36 not
1273 1848 43 36 to
1350 1843 109 41 take.
1522 1844 44 40 It
1599 1857 82 28 was
1713 1844 158 50 shown,
1894 1858 44 27 as
1964 1845 17 39 I

370 1914 146 42 record
537 1914 46 40 in
617 1928 72 26 my
710 1926 123 28 notes
856 1912 124 42 made
1012 1917 45 37 at
1087 1913 75 41 the
1185 1913 116 49 time,
1322 1913 58 41 by
1402 1927 55 27 an
1489 1914 233 40 unnatural
1745 1914 236 41 brightness

370 1984 44 41 of
436 1984 72 41 the
531 1997 99 28 eyes
662 1983 85 42 and
769 1983 56 41 by
848 1997 54 27 an
935 1983 84 41 odd
1041 1983 180 41 affected
1244 1997 177 27 manner
1445 1983 248 54 impossible
1715 1988 43 36 to
1781 1983 198 42 describe.

369 2055 64 41 As
454 2055 54 41 he
530 2054 85 41 had
647 2067 131 28 never
808 2054 109 41 been
949 2053 46 41 in
1027 2067 84 41 any
1135 2067 95 41 way
1252 2052 226 55 punished,
1501 2053 65 42 his
1589 2053 82 41 odd
1699 2068 176 26 manner
1898 2067 81 27 was

369 2125 211 42 certainly
603 2129 76 36 not
710 2124 83 41 due
816 2128 42 37 to
882 2124 100 41 fear,
1004 2124 85 41 and
1112 2124 22 41 I
1163 2137 184 41 suppose
1370 2123 36 42 it
1429 2138 86 27 was
1537 2123 266 56 pleasurable
1825 2129 153 36 excite-

371 2201 120 36 ment
512 2195 239 48 struggling
774 2194 105 42 with
901 2194 286 42 conscience."

428 2266 76 54 (/.)
531 2264 381 44 Surprise.—Both
935 2264 178 41 Darwin
1135 2264 83 41 and
1241 2265 159 40 Preyer
1421 2264 169 41 remark
1612 2278 55 27 on
1689 2264 73 42 the
1784 2278 193 28 elevated

369 2349 218 29 eyebrows
619 2334 84 42 and
726 2348 109 27 open
868 2333 151 42 mouth
1041 2348 44 27 as
1108 2333 260 42 indications
1389 2335 46 40 of
1453 2334 209 55 surprise;
1692 2334 84 41 and
1805 2334 171 41 Darwin

368 2406 100 41 tells
505 2420 55 26 an
596 2409 205 37 anecdote
839 2403 141 41 which
1009 2403 139 42 shows
1186 2404 95 40 that
1318 2403 193 42 children
1548 2409 43 36 at
1623 2418 24 27 a
1678 2404 191 42 distance
1903 2418 75 28 can

369 2477 211 40 interpret
611 2475 74 41 the
716 2474 147 54 lifting
895 2487 57 41 up
975 2473 44 42 of
1049 2473 74 41 the
1154 2473 150 42 hands,
1327 2474 105 40 with
1465 2474 154 55 fingers
1653 2474 210 42 extended
1896 2474 80 41 and

369 2546 152 55 spread
544 2549 133 50 apart,
700 2557 45 27 as
768 2557 55 27 an
845 2542 237 42 indication
1105 2543 42 40 of
1169 2543 325 43 astonishment.

426 2616 74 55 (g.)
532 2614 339 54 Fear.—Preyer
892 2612 101 55 (vol.
1016 2613 56 50 ii.,
1092 2626 38 41 p.
1156 2613 101 54 132)
1281 2619 122 36 notes
1425 2615 237 54 screaming
1694 2629 46 27 as
1772 2629 24 27 a
1821 2615 95 41 sign
1936 2614 44 41 of

367 2688 100 41 fear,
489 2685 142 42 which
654 2685 45 40 in
731 2683 67 41 his
820 2683 117 41 child
962 2696 84 28 was
1067 2688 114 36 most
1209 2683 224 55 markedly
1457 2685 212 53 produced
1693 2685 55 54 by
1770 2685 204 54 anticipa-

366 2760 91 40 tion
481 2758 46 40 of
546 2756 71 41 the
640 2754 95 42 cold
758 2753 128 52 bath;
917 2752 82 42 and
1033 2752 53 42 he
1107 2753 196 40 observes
1327 2753 55 54 (p.
1419 2754 100 54 131)
1544 2754 95 41 that
1669 2755 87 41 fear
1777 2755 36 41 is
1835 2769 79 27 one
1935 2754 43 41 of

367 2829 73 42 the
462 2826 147 43 moods
632 2825 46 41 of
706 2823 120 42 mind
861 2822 139 42 which
1034 2822 72 41 the
1139 2821 116 42 child
1287 2822 147 42 makes
1456 2823 134 54 easily
1613 2824 285 54 recognisable
1921 2824 53 53 by

365 2900 75 42 the
468 2911 220 29 character
718 2895 47 42 of
793 2894 55 41 its
882 2892 246 55 screaming.
1191 2892 190 49 Darwin,
1415 2906 45 28 as
1497 2893 35 41 is
1566 2893 97 42 well
1701 2895 167 40 known,
1902 2894 72 40 has

366 2985 102 41 very
493 2967 111 44 fully
627 2964 218 44 described
870 2963 72 42 the
964 2962 258 42 indications
1245 2963 43 40 of
1310 2962 89 42 fear
1415 2963 44 41 in
1479 2977 97 28 man
1594 2964 85 41 and
1696 2964 42 41 in
1758 2965 71 40 the
1853 2964 121 41 lower
