2125 3524
899 300 86 31 THE
1018 300 243 32 DISOLiDEKS
1293 303 68 35 OF,
1376 301 173 36 SPEECH.

410 281 22 43 8

406 413 67 41 for
490 427 31 32 o
538 415 87 43 and
646 426 35 32 U
699 416 199 58 (English
921 420 96 54 oo).
1072 419 89 43 The
1179 420 228 42 difference
1426 424 44 39 in
1489 422 72 42 the
1579 422 221 44 chambers
1818 425 63 41 for
1897 437 31 32 o
1944 424 85 42 and

405 484 69 42 for
493 495 36 31 u
552 484 101 54 (oo)
680 488 36 42 is
738 489 97 42 that
857 489 45 42 in
925 489 73 43 the
1020 500 36 31 u
1076 488 100 53 (oo)
1200 489 138 42 souud
1361 490 73 42 the
1458 492 190 41 rounded
1680 493 130 42 labial
1843 494 185 44 opening

406 556 37 42 is
461 557 44 41 of
528 558 176 42 smaller
725 559 85 42 size
828 559 106 42 than
954 559 93 42 that
1066 560 43 40 in
1129 560 71 41 the
1219 569 30 32 O
1268 560 149 42 sound.
1470 560 90 41 The
1579 561 121 41 order
1717 561 100 43 thus
1835 562 192 42 becomes

407 627 28 48 i,
458 638 39 40 e,
521 638 44 37 a,
589 627 112 52 0,'u.
759 629 103 55 Any
885 643 92 28 one,
1000 629 123 42 when
1146 629 282 55 deliberately
1451 631 295 53 pronouncing
1778 632 72 41 the
1872 632 155 41 vowel-

406 700 162 42 sounds
591 714 80 28 one
693 700 110 42 after
825 700 73 41 the
920 699 124 42 other
1075 698 45 44 in
1143 700 87 42 this
1253 701 134 41 order,
1408 699 85 42 and
1516 700 126 55 using
1671 700 73 42 the
1776 701 125 41 Latin
1932 715 94 41 pro-

406 771 266 41 nunciation,
690 784 80 28 can
793 769 108 41 from
923 769 69 42 his
1015 783 95 28 own
1135 771 240 41 sensations
1398 769 152 43 realize
1574 770 96 42 that
1691 770 73 42 the
1782 772 245 53 resonating

406 840 203 42 chamber
632 840 153 42 within
819 839 73 42 the
915 840 163 50 mouth,
1101 854 103 41 very
1228 842 113 40 tight
1366 841 86 41 and
1483 855 165 27 narrow
1673 840 123 42 when
1831 841 72 41 the
1933 842 93 40 first

405 910 139 42 vowel
575 911 36 41 is
633 910 130 55 being
785 909 205 51 sounded,
1012 923 132 41 opens
1167 925 58 40 up
1248 925 115 27 more
1394 911 86 41 and
1510 924 115 28 more
1658 911 107 41 with
1797 911 102 42 each
1931 924 95 28 suc-

407 982 179 54 ceeding
608 980 149 50 vowel,
779 979 128 42 until,
929 979 105 41 with
1061 979 75 42 the
1158 981 102 40 final
1283 991 30 31 o
1336 981 84 41 and
1441 991 35 30 u
1496 979 113 54 (oo),
1632 980 73 42 the
1728 981 200 41 chamber
1951 982 73 40 has

407 1050 193 42 attained
622 1050 56 40 its
700 1049 157 41 largest
881 1048 275 42 dimensions.

465 1121 45 41 It
531 1119 155 43 should
707 1120 53 41 be
782 1117 209 43 carefully
1014 1119 130 41 noted
1166 1119 95 41 that
1282 1120 46 40 in
1351 1133 54 27 no
1427 1133 80 27 one
1538 1120 46 41 of
1613 1120 119 42 these
1760 1134 105 41 pure
1889 1121 135 40 vowel

406 1204 162 30 sounds
608 1190 37 42 is
688 1189 133 49 there,
863 1188 263 42 throughout
1172 1189 74 41 the
1288 1189 90 41 oral
1420 1190 156 54 cavity,
1616 1203 86 41 any
1744 1195 277 36 constriction

407 1262 218 42 sufficient
660 1266 45 36 to
741 1273 97 42 give
873 1259 85 41 rise
994 1263 44 37 to
1076 1259 172 42 audible
1285 1260 175 41 friction
1493 1260 110 40 from
1635 1260 73 41 the
1739 1260 174 54 passing
1949 1260 69 42 air.

406 1333 80 41 Let
508 1331 104 43 such
636 1330 174 41 friction
836 1328 52 42 be
920 1328 150 42 added,
1088 1329 85 41 and
1205 1330 46 40 in
1283 1343 117 28 some
1431 1329 217 41 instances
1679 1328 73 42 the
1774 1328 136 42 vowel
1932 1330 88 39 will

404 1404 177 41 become
603 1416 25 27 a
649 1403 247 40 consonant.
959 1399 101 41 This
1082 1399 36 41 is
1141 1413 100 28 seen
1265 1399 124 42 when
1411 1400 73 41 the
1506 1398 133 42 vowel
1665 1398 138 42 sound
1833 1397 17 42 i
1875 1397 88 52 (ee)
1985 1399 36 41 is

404 1472 279 57 pronounced
706 1471 106 41 with
834 1470 106 42 such
962 1471 340 53 accompanying
1327 1470 172 41 friction
1531 1469 46 41 of
1604 1469 72 41 air.
1740 1469 44 41 It
1815 1470 104 41 then
1950 1469 70 41 be-

405 1559 143 28 comes
570 1544 74 42 the
666 1542 138 43 sound
825 1541 44 42 of
890 1540 74 42 the
985 1540 146 41 initial
1149 1550 37 41 y
1201 1541 47 39 in
1270 1540 105 41 such
1393 1554 24 27 a
1436 1539 115 41 word
1572 1553 45 27 as
1637 1549 103 42 yes.
1802 1539 66 50 So,
1887 1539 137 50 again,

405 1616 128 41 when
555 1615 74 41 the
649 1628 106 41 pure
778 1611 297 44 vowel-sound
1095 1622 36 30 u
1152 1611 98 54 (oo)
1271 1610 37 42 is
1332 1611 122 41 made
1476 1615 43 37 to
1542 1625 98 40 pass
1667 1609 183 43 through
1873 1623 24 26 a
1918 1621 104 40 very

407 1687 127 43 small
554 1685 133 43 labial
709 1685 154 42 orifice,
885 1685 35 41 it
942 1684 196 42 becomes
1161 1682 229 42 converted
1412 1683 56 41 by
1486 1682 73 41 the
1583 1681 138 42 added
1743 1681 171 41 friction
1931 1680 90 40 into

406 1774 25 27 a
450 1770 62 32 w,
537 1773 46 28 as
604 1758 46 41 in
673 1757 73 41 the
769 1756 115 41 word
907 1765 189 31 weary.
1156 1750 45 42 Y
1224 1767 97 38 may
1345 1752 208 42 therefore
1586 1753 52 41 be
1670 1750 221 43 described
1921 1764 45 27 as
1998 1764 24 26 a

407 1831 114 44 tight
546 1828 17 42 i
587 1826 102 55 (ee),
714 1827 86 42 and
828 1837 51 31 w
900 1841 46 27 as
968 1841 24 27 a
1014 1825 113 42 tight
1146 1834 37 31 u
1204 1821 114 54 (oo).
1380 1823 135 41 These
1546 1826 86 37 two
1664 1825 256 38 consonants
1952 1833 69 27 are

407 1903 103 41 thus
532 1913 159 29 closely
714 1897 162 42 related
897 1901 44 37 to
963 1897 74 41 the
1060 1894 169 43 vowels,
1251 1893 85 41 and
1360 1906 100 41 may
1481 1893 52 41 be
1554 1891 205 55 regarded
1790 1904 46 27 as
1867 1890 153 40 transi-

406 1974 172 52 tionary
600 1975 117 37 steps
749 1983 46 27 or
825 1980 368 42 stepping-stones
1225 1964 196 41 between
1453 1962 159 41 vowels
1643 1961 85 42 and
1749 1964 271 37 consonants.

405 2043 122 42 They
549 2055 70 28 are
642 2039 105 42 both
769 2036 203 43 obtained
1006 2036 112 41 from
1149 2033 159 42 vowels
1340 2033 56 54 by
1419 2031 74 42 the
1525 2030 152 54 simple
1710 2029 193 41 addition
1924 2029 46 39 of
1997 2042 23 26 a

405 2111 196 43 fricative
635 2123 198 28 element,
856 2106 83 42 due
975 2111 42 36 to
1052 2105 74 41 the
1163 2102 174 42 friction
1370 2101 46 41 of
1446 2101 73 41 the
1553 2112 199 41 escaping
1785 2097 71 41 air.
1918 2096 102 41 This

405 2181 285 44 relationship
713 2179 43 42 of
774 2187 37 42 y
831 2176 86 43 and
936 2185 52 32 W
1008 2180 44 36 to
1073 2174 75 41 the
1170 2171 159 43 vowels
1350 2171 36 42 is
1408 2169 220 43 described
1649 2169 57 54 by
1727 2163 199 46 Merkel.1
1978 2166 42 40 It

406 2255 38 41 is
465 2250 276 45 represented
762 2250 46 41 in
830 2248 74 42 the
927 2243 287 45 alphabetical
1237 2241 125 42 table.
1423 2240 64 41 As
1509 2244 43 37 to
1574 2239 74 41 the
1670 2251 181 28 number
1876 2236 45 40 of
1949 2235 72 41 the

405 2335 175 31 vowels,
602 2321 36 41 it
659 2333 99 28 may
780 2319 52 41 be
854 2313 223 45 remarked
1099 2317 96 37 that
1218 2311 119 41 there
1360 2323 69 27 are
1452 2321 129 41 many
1598 2305 184 57 possible
1806 2304 151 41 shades
1979 2305 46 39 of

407 2392 183 43 breadth
612 2391 47 42 in
680 2390 74 42 the
776 2384 335 59 pronunciation
1133 2382 46 41 of
1205 2380 114 43 each,
1341 2378 85 42 and
1447 2377 95 42 that
1573 2377 121 41 these
1725 2375 139 55 might
1896 2373 124 55 fairly

403 2464 157 56 justify
584 2476 24 27 a
630 2456 294 47 considerable
957 2467 293 30 enlargement
1282 2450 45 40 of
1355 2449 73 40 the
1459 2447 74 41 list
1563 2447 57 54 by
1642 2445 73 41 the
1746 2444 211 42 insertion
1978 2443 46 41 of

409 2549 24 28 a
470 2546 183 29 number
690 2530 43 41 of
766 2541 96 28 new
895 2522 310 44 vowel-letters
1238 2523 44 37 to
1319 2517 175 55 provide
1528 2516 67 42 for
1634 2515 130 51 them,
1796 2515 81 41 but
1913 2513 104 42 such

407 2603 154 42 shades
584 2601 42 42 of
647 2597 182 44 breadth
863 2608 69 28 are
964 2593 45 40 in
1042 2591 73 41 the
1147 2591 173 52 present
1352 2584 242 44 connexion
1625 2588 77 36 not
1733 2582 43 42 of
1807 2581 213 42 sufficient

405 2673 268 41 importance
707 2673 43 36 to
781 2667 53 40 be
865 2664 101 41 here
999 2657 221 45 described
1250 2657 47 40 in
1329 2655 143 42 detail.
1549 2652 196 51 Further,
1776 2651 36 41 it
1842 2662 176 42 appears

405 2754 226 42 necessary
669 2738 103 43 only
809 2740 44 37 to
889 2746 114 28 refer
1035 2729 46 43 in
1112 2743 24 27 a
1169 2726 115 42 word
1327 2731 43 36 to
1402 2737 236 29 variations
1678 2718 46 47 in
1765 2719 159 55 length,
1960 2718 58 55 by

405 2811 247 44 reminding
693 2808 75 42 the
809 2817 149 31 reader
1000 2805 95 37 that
1140 2798 74 42 the
1256 2809 116 29 same
1414 2793 138 43 vowel
1592 2805 99 42 may
1733 2791 52 41 be
1831 2789 100 55 long
1972 2802 47 27 or

405 2896 131 29 short.

467 2942 507 51 Consonants.Coming
1003 2952 96 28 now
1131 2942 44 37 to
1207 2936 74 42 the
1312 2935 75 41 list
1418 2933 44 42 of
1496 2927 437 49 Consonant-sounds,
1956 2938 62 28 we

405 3020 104 44 find,
530 3033 55 29 on
608 3027 293 34 examination
924 3010 43 43 of
997 3007 74 43 the
1093 3003 288 58 alphabetical
1401 3001 127 51 table,
1550 3006 95 37 that
1676 2999 102 55 they
1801 3011 68 28 are
1902 2995 117 41 there

757 3090 11 26 1
796 3085 219 51 Physiologie
1032 3083 58 36 der
1108 3080 256 38 Menschlichen
1382 3077 162 47 Sjirache,
1561 3086 33 38 p.
1616 3078 57 34 80.
