1817 3171
941 245 82 53 132

306 820 132 45 THE
475 819 321 46 MONKEYS
833 818 77 45 OF
946 818 215 46 SOUTH
1198 818 330 55 AMERICA;
1574 820 96 52 OR,

502 909 206 46 THOSE
745 908 79 46 OF
861 908 131 45 THE
1030 909 156 46 NEW
1221 910 250 45 WORLD.

373 1064 103 43 The
514 1062 133 46 forms
687 1061 237 46 contained
962 1062 47 45 in
1048 1061 91 46 this
1175 1062 193 45 division
1402 1078 74 29 are
1510 1078 164 29 almost

305 1139 193 61 entirely
516 1138 203 46 confined
741 1145 46 39 to
810 1145 78 38 the
906 1139 185 45 tropical
1105 1154 171 29 regions
1293 1137 49 46 of
1356 1139 78 44 the
1450 1139 223 46 Southern

305 1216 290 46 Continent.*
681 1216 131 60 They
827 1215 128 45 differ
973 1216 46 43 in
1039 1231 26 29 a
1082 1216 279 45 remarkable
1380 1216 154 44 degree
1558 1215 114 45 from

305 1293 61 44 all
389 1299 127 39 those
536 1308 68 29 we
628 1293 116 44 have
767 1292 227 45 described
1017 1292 47 45 in
1082 1299 78 39 the
1179 1308 205 45 previous
1403 1299 99 54 part
1518 1291 49 46 of
1582 1291 90 46 this

305 1385 193 38 volume,
535 1370 90 44 and
655 1369 48 45 in
733 1385 57 30 no
814 1369 201 45 instance
1049 1385 83 29 can
1162 1371 78 43 the
1264 1369 143 46 South
1432 1369 242 45 American

306 1446 164 60 species
504 1448 55 43 be
591 1446 171 45 classed
785 1446 114 45 with
930 1447 78 44 the
1036 1446 280 45 inhabitants
1340 1445 50 46 of
1406 1447 78 44 the
1509 1445 165 45 Indian

305 1539 47 29 or
375 1522 185 47 African
585 1523 281 46 Continents.
949 1524 98 44 The
1083 1529 116 39 most
1241 1523 189 61 striking
1468 1523 207 45 outward

304 1600 272 53 differences,
618 1616 74 29 are
730 1606 79 39 the
849 1601 181 44 smaller
1069 1601 89 44 size
1203 1601 90 45 and
1338 1600 85 44 less
1463 1598 211 47 ferocious

303 1693 209 32 manners
552 1676 49 46 of
629 1684 78 37 the
742 1692 172 46 greater
943 1678 205 52 number,
1185 1683 79 38 the
1299 1677 250 59 prehensile
1585 1676 83 44 tail

302 1753 52 46 of
380 1770 156 45 many,
573 1754 90 45 and
696 1759 78 39 the
803 1759 125 39 want
958 1754 48 44 in
1035 1753 61 45 all
1124 1752 49 46 of
1199 1760 78 38 the
1311 1768 357 45 cheek-pouches

304 1832 90 50 and
427 1832 149 44 naked
600 1831 251 45 callosities.
920 1831 269 60 Internally,
1218 1831 80 44 the
1332 1831 166 44 larynx
1534 1830 38 44 is
1602 1845 71 29 re-

304 1909 232 44 markable
560 1907 64 46 for
652 1908 59 45 its
734 1914 124 55 great
877 1908 354 60 developement,
1248 1907 90 45 and
1351 1913 79 39 the
1452 1907 126 44 teeth
1602 1922 73 29 are

305 1984 241 45 thirty-six
587 1984 177 45 instead
798 1984 50 46 of
872 1985 280 60 thirty-two,
1188 1985 104 53 and,
1328 1983 187 54 besides,
1549 1983 128 46 differ

305 2061 308 61 considerably
637 2061 47 45 in
710 2062 119 44 their
852 2067 237 48 structure,
1106 2077 48 29 as
1180 2061 95 45 will
1296 2062 55 45 be
1374 2060 232 62 perceived
1629 2060 46 45 in

304 2144 79 39 the
408 2139 227 45 woodcuts
660 2154 69 29 we
751 2139 118 45 have
892 2138 276 46 introduced.

371 2215 55 45 In
449 2221 78 39 the
551 2221 313 55 arrangement
888 2214 50 47 of
962 2216 92 44 this
1083 2216 306 61 geographical
1417 2231 153 45 group,
1607 2231 69 29 we

305 2292 118 45 have
445 2291 205 47 followed
673 2293 102 44 that
799 2291 50 46 of
864 2291 212 62 Geoffroy
1099 2292 130 47 Samt
1253 2291 188 55 Hilaire,
1462 2291 114 46 with
1598 2291 78 46 the

306 2375 234 55 exception
564 2368 50 47 of
628 2368 176 62 placing
826 2369 79 45 the
928 2369 191 46 howlers
1137 2368 244 63 {Mycetes)
1398 2368 112 55 first,
1527 2384 48 31 as
1598 2368 78 46 the

668 2523 147 38 Named
834 2523 255 48 Platyrrhim
1109 2524 49 48 by
1177 2522 184 50 Geoffroy.
