2113 3404
923 266 86 31 THE
1041 266 242 38 DISORDERS
1316 270 52 30 OF
1402 271 173 31 SPEF.CII.

443 249 84 40 2U

441 376 208 58 thought;
670 381 181 45 because
874 384 133 44 books
1030 390 75 38 not
1134 387 101 55 only
1269 388 158 56 supplv
1461 389 263 56 knowledge,
1755 390 73 44 the
1866 393 193 41 material

442 447 64 42 for
534 449 197 58 thought,
760 454 76 42 but
875 455 88 42 also
1001 456 54 42 do
1092 457 129 42 much
1259 463 44 37 to
1341 459 112 42 train
1491 460 73 42 the
1602 460 118 42 mind
1759 466 43 36 to
1840 461 140 43 habits
2017 464 46 40 of

445 526 198 39 accurate
676 522 214 48 thinking.

942 644 162 43 Mental
1130 646 182 56 Percejits
1332 649 50 54 of
1406 649 156 41 Words.

501 738 54 42 In
577 739 74 42 the
680 740 219 57 foregoing
926 744 192 42 remarks
1150 745 23 41 I
1205 745 109 43 have
1347 747 164 41 treated
1543 747 44 41 of
1620 747 72 41 the
1726 751 151 37 nature
1909 747 43 41 of
1984 760 76 28 our

440 810 164 41 mental
621 816 197 49 percepts
836 813 44 41 of
901 813 176 55 objects,
1094 815 85 41 and
1201 815 110 43 have
1333 817 132 42 noted
1488 815 150 57 briefly
1657 831 115 27 some
1795 817 43 41 of
1859 817 73 41 the
1954 817 105 42 rela-

440 880 115 42 tions
578 881 190 55 existing
790 882 195 42 between
1008 883 186 56 thought
1215 886 84 41 and
1322 887 167 54 speech.
1552 887 22 41 I
1596 901 96 28 now
1716 887 107 41 wish
1841 891 43 37 to
1907 887 153 42 devote

441 965 25 27 a
486 951 116 42 little
625 952 216 42 attention
864 953 210 57 specially
1096 959 44 37 to
1163 955 74 43 the
1259 957 395 54 question—What
1676 958 36 41 is
1735 958 71 41 the
1838 961 149 38 nature
2019 958 45 41 of

441 1021 75 42 the
539 1022 166 42 mental
726 1028 176 49 percept
924 1023 96 43 that
1037 1038 63 29 we
1123 1026 107 42 form
1254 1027 44 41 of
1319 1040 24 28 a
1364 1027 115 42 word
1498 1029 13 39 ?

500 1092 84 43 We
606 1092 110 43 have
740 1107 101 28 seen
862 1094 97 42 that
980 1095 127 42 when
1129 1096 74 43 the
1226 1097 117 42 child
1366 1097 129 42 smelt
1519 1097 72 43 the
1614 1097 125 56 apple
1761 1112 24 27 a
1816 1102 172 51 percept
2019 1099 45 40 of

439 1163 75 43 the
537 1163 142 56 object
700 1177 87 28 was
810 1164 296 57 immediately
1131 1167 163 41 formed
1316 1167 46 41 in
1384 1167 68 42 his
1474 1167 134 52 mind,
1630 1168 58 54 by
1719 1167 73 42 the
1823 1167 165 42 revival
2018 1168 44 40 of

441 1249 24 26 a
486 1248 135 41 group
645 1235 46 41 of
708 1235 162 56 images
893 1250 46 28 or
960 1237 251 53 memories;
1233 1238 84 42 and
1341 1252 61 28 we
1425 1239 109 41 have
1559 1252 98 29 seen
1681 1238 96 42 that
1807 1239 87 42 this
1925 1252 135 42 group

441 1305 209 55 probably
673 1306 204 42 included
900 1312 139 37 motor
1061 1321 45 29 as
1130 1308 98 42 well
1251 1322 44 28 as
1319 1322 176 42 sensory
1517 1309 218 42 elements.
1798 1309 98 49 But,
1918 1322 143 42 along-

442 1376 91 42 side
555 1376 47 42 of
620 1375 86 44 this
729 1382 176 49 percept
928 1378 43 41 of
994 1378 73 42 the
1089 1378 151 57 object,
1265 1379 121 42 there
1418 1393 119 28 arose
1568 1379 45 41 in
1645 1379 67 42 his
1746 1379 132 41 mind,
1910 1384 46 36 at
1986 1379 74 42 the

445 1461 116 28 same
583 1447 118 52 time,
725 1452 117 37 what
864 1446 23 43 I
910 1448 111 42 shall
1043 1453 180 38 venture
1246 1453 43 38 to
1313 1449 83 42 call
1418 1464 28 27 a
1476 1450 143 42 second
1648 1455 167 46 percejjt,
1845 1449 92 51 viz.,
1969 1449 95 42 that

441 1518 46 41 of
506 1518 73 41 the
602 1518 148 41 verbal
773 1519 170 41 symbol
966 1519 43 41 of
1030 1520 74 41 the
1127 1520 151 54 object,
1301 1520 74 42 the
1398 1520 115 41 word
1530 1523 21 19 "
1566 1520 137 54 apple.
1722 1520 19 15 "
1803 1520 121 41 Now,
1947 1525 115 36 what

442 1589 37 41 is
501 1588 75 41 the
598 1592 153 38 nature
775 1589 43 41 of
840 1589 89 42 this
961 1590 158 42 second
1150 1595 176 50 percept
1348 1592 14 40 ?
1422 1591 89 41 The
1543 1591 214 41 tendency
1790 1590 46 41 of
1864 1590 72 41 the
1970 1590 92 42 best

440 1658 312 56 physiological
775 1660 84 41 and
882 1660 319 55 psychological
1224 1661 194 42 research
1436 1675 135 27 seems
1590 1665 42 37 to
1653 1661 50 41 be
1721 1665 43 37 to
1788 1674 166 28 answer
1976 1662 86 39 this

442 1729 201 55 question
665 1729 58 55 by
745 1730 154 55 saying
921 1731 96 40 that
1039 1731 73 41 the
1136 1731 164 41 mental
1323 1735 173 50 percept
1518 1731 46 41 of
1587 1745 24 27 a
1643 1730 115 42 word
1789 1730 49 51 is,
1869 1730 88 42 like
1992 1731 71 41 the

443 1799 165 42 mental
630 1804 175 50 percept
827 1800 44 41 of
892 1815 55 27 an
972 1801 154 54 object,
1143 1815 23 27 a
1183 1801 207 42 blending
1407 1801 43 41 of
1474 1801 223 41 memories
1719 1815 47 27 or
1787 1800 160 55 images
1970 1799 94 44 that

442 1871 112 41 have
576 1871 109 41 been
708 1870 143 43 stored
873 1885 58 40 up
954 1870 46 43 in
1023 1871 160 54 special
1206 1875 167 38 centres
1397 1871 43 41 of
1462 1871 72 42 the
1554 1871 186 42 cerebral
1760 1875 155 38 cortex.
1977 1871 88 42 The

447 1941 225 42 memories
695 1955 70 28 are
790 1945 84 37 two
896 1941 46 41 in
965 1941 194 42 number,
1182 1955 24 27 a
1228 1955 176 28 sensory
1427 1942 83 41 and
1533 1955 24 28 a
1580 1945 144 38 motor.

506 2013 54 41 In
584 2013 73 41 the
679 2012 214 56 language
916 2012 47 42 of
980 2026 25 28 a
1026 2012 148 42 nation
1199 2026 24 28 a
1246 2013 160 41 certain
1430 2012 226 42 articulate
1677 2011 137 43 sound
1840 2011 76 42 has
1948 2026 117 27 come

445 2089 45 38 to
512 2085 54 42 be
588 2085 74 43 the
685 2084 211 57 symbolic
918 2085 339 54 representative
1279 2085 44 41 of
1344 2099 25 27 a
1401 2085 160 42 certain
1594 2084 174 42 definite
1800 2084 104 41 idea.
1966 2083 101 41 This

446 2155 135 42 sound
607 2155 36 42 is
665 2154 176 43 learned
862 2155 59 41 by
938 2154 104 42 each
1066 2154 117 42 child
1206 2155 46 41 of
1272 2154 72 42 the
1368 2155 174 40 nation;
1574 2158 44 37 at
1640 2154 103 41 first,
1760 2153 36 41 it
1816 2167 99 41 may
1938 2153 62 50 be,
2021 2166 45 28 as

445 2241 25 27 a
492 2240 115 28 mere
629 2225 149 52 sound,
800 2226 80 42 but
902 2225 224 56 presently
1148 2240 45 27 as
1217 2240 24 27 a
1262 2225 171 42 symbol
1454 2224 100 42 also.
1617 2224 44 41 It
1682 2224 36 41 is
1736 2224 45 40 in
1800 2223 71 42 the
1894 2223 172 42 cortical

449 2311 143 29 centre
614 2297 67 42 for
703 2295 178 44 hearing
903 2296 97 42 that
1031 2296 72 42 the
1136 2296 139 42 sound
1306 2296 37 42 is
1377 2296 90 42 first
1499 2299 241 51 registered.
1803 2293 263 55 By-and-by,

448 2382 137 28 under
615 2367 75 43 the
722 2367 211 55 guidance
965 2367 44 41 of
1040 2367 73 42 the
1151 2367 200 55 auditory
1388 2370 156 38 centre,
1576 2365 72 41 the
1681 2364 116 42 child
1829 2365 133 40 trains
1993 2364 73 41 the

449 2443 139 38 motor
611 2442 144 38 centre
777 2442 44 37 to
843 2437 233 42 reproduce
1098 2437 74 42 the
1196 2437 115 42 word
1334 2437 155 41 heard;
1519 2436 86 41 and
1627 2436 55 53 by
1707 2435 83 41 this
1823 2433 186 57 training
2034 2433 32 42 it

450 2508 194 42 acquires
677 2521 25 27 a
743 2507 157 42 second
929 2507 139 55 image
1102 2520 46 28 or
1179 2520 203 41 memory,
1415 2505 140 42 which
1587 2505 36 41 is
1656 2503 232 55 imprinted
1920 2508 44 36 at
1995 2503 73 42 the

451 2593 141 28 motor
647 2591 157 29 centre.
882 2577 229 42 Presently
1157 2577 87 41 this
1291 2590 139 28 motor
1476 2579 300 38 reproduction
1823 2574 46 41 of
1910 2573 157 42 sounds

451 2652 197 41 becomes
670 2663 46 28 so
741 2648 256 43 interesting
1029 2661 54 28 an
1115 2647 187 43 exercise
1334 2651 43 37 to
1410 2646 72 42 the
1515 2646 127 49 child,
1676 2644 104 50 that,
1812 2658 45 28 as
1889 2657 62 28 we
1982 2657 85 27 saw

450 2718 217 56 formerly,
688 2717 54 42 he
763 2716 256 56 reproduces
1042 2731 130 27 many
1195 2716 137 42 words
1364 2714 95 42 that
1489 2714 54 42 he
1575 2713 134 50 hears,
1741 2714 43 40 in
1818 2713 251 54 parrot-like

451 2788 182 52 fashion,
657 2787 57 55 by
736 2786 233 42 Echolalia,
992 2786 186 42 without
1200 2786 176 54 making
1398 2798 84 41 any
1515 2788 186 49 attempt
1733 2788 42 36 to
1807 2795 261 28 understand

452 2860 128 41 them.
661 2857 92 43 But
793 2857 144 42 before
972 2857 74 42 the
1085 2861 118 37 stage
1240 2857 36 40 is
1314 2854 179 43 reached
1531 2858 45 37 at
1613 2852 139 42 which
1789 2851 207 43 echolalia
2031 2851 36 41 is

452 2926 235 46 exhibited,
709 2925 85 43 and
816 2926 155 47 before,
993 2925 169 43 indeed,
1193 2925 73 43 the
1298 2924 117 43 child
1448 2937 76 29 can
1559 2921 224 43 articulate
1814 2934 85 41 any
1930 2919 136 56 single

451 2999 129 44 word,
602 3013 24 27 a
648 2997 182 42 number
851 2997 46 41 of
925 2996 364 42 word-memories
1311 2995 109 41 have
1449 2994 108 42 been
1581 2991 234 57 imprinted
1846 3003 114 42 upon
1993 2989 72 42 the

449 3071 199 55 auditory
671 3073 157 38 centre,
850 3067 84 43 and
957 3068 109 43 have
1089 3082 107 29 even
1226 3067 107 42 been
1366 3063 234 45 associated
1634 3068 103 36 with
1771 3061 111 42 their
1914 3074 152 41 proper
