2113 3404
432 215 86 41 398

933 231 87 31 THE
1052 233 240 33 DISORDERS
1324 236 53 29 OF
1408 237 174 32 SPEECH.

432 344 119 43 voice
585 359 245 41 pronounce
853 350 73 42 the
950 352 149 51 words,
1122 356 20 19 "
1158 359 134 37 est-tu
1322 355 111 52 bien,
1455 370 100 28 raon
1589 356 145 55 petit."
1793 358 127 42 From
1951 359 95 42 that

432 421 204 46 moment,
653 417 76 43 she
746 419 126 43 could
894 421 133 55 speak
1045 424 206 53 perfectly
1270 425 120 42 well:
1423 425 74 43 she
1515 426 73 42 did
1606 433 75 35 not
1698 441 105 28 even
1822 432 226 49 stammer;

432 486 86 42 and
540 486 77 43 her
638 489 119 43 voice
781 504 85 29 was
889 505 54 27 no
966 492 147 56 longer
1135 495 144 55 rough.
1341 495 89 42 The
1452 496 101 54 pain
1574 497 85 41 and
1690 497 185 55 tingling
1905 498 44 41 in
1972 498 75 42 her

432 555 122 55 head,
577 559 84 41 and
684 560 74 43 the
780 562 256 42 anaesthesia
1068 563 46 42 of
1142 564 72 42 the
1246 563 114 58 right
1392 566 90 42 side
1514 567 43 41 of
1592 567 70 42 the
1696 568 122 54 body,
1839 568 90 42 also
1962 569 84 41 dis-

431 629 213 53 appeared
660 645 8 37 ;
699 631 85 42 and
809 632 124 42 when
955 632 66 42 Dr
1042 633 187 43 Ladame
1251 648 87 28 saw
1360 635 76 42 her
1467 642 104 35 next
1602 637 82 55 day
1708 638 52 42 he
1792 639 133 41 found
1953 643 95 38 that

433 697 73 43 the
528 699 265 55 pharyngeal
826 703 131 41 reflex
987 703 84 42 had
1093 705 227 52 returned;
1351 705 85 42 and
1466 706 96 41 that
1592 706 74 43 she
1698 708 125 42 could
1856 723 94 27 now
1973 715 76 37 not

433 769 103 55 only
559 772 146 53 speak,
734 772 78 41 but
834 773 122 41 write
988 774 121 54 quite
1132 774 106 42 well.
1301 776 22 20 "
1338 775 53 40 In
1423 789 24 27 a
1469 776 150 52 word,"
1641 791 97 41 says
1760 779 65 40 Dr
1848 777 199 54 Ladame,

434 843 20 17 "
469 840 76 42 she
567 842 193 42 retained
784 857 110 28 none
916 843 43 41 of
981 843 72 42 the
1076 844 203 54 stigmata
1301 845 43 41 of
1367 845 75 41 her
1463 845 225 42 hysteria."

491 910 56 42 In
569 913 293 55 commenting
893 928 55 26 on
982 914 72 41 the
1087 928 106 36 case,
1215 915 64 40 Dr
1301 915 184 42 Ladame
1518 915 148 43 recalls
1689 917 73 42 the
1784 918 195 56 dialogue
2001 920 43 40 in

432 981 217 43 Moliere's
681 983 56 41 Le
769 983 185 42 Meclecin
986 984 159 54 malgre
1177 985 76 41 lui,
1281 985 45 41 in
1360 985 137 42 which
1532 1000 55 27 an
1623 986 188 56 hysteric
1844 989 137 41 emits,
2002 990 45 40 in

431 1051 124 55 reply
578 1056 43 37 to
644 1052 59 41 all
724 1053 236 54 questions,
985 1053 73 42 the
1080 1054 159 42 sounds
1262 1055 121 41 "han
1415 1055 46 41 hi
1492 1055 82 41 hon
1604 1056 87 41 han
1723 1058 87 40 han
1835 1059 47 40 hi
1902 1059 145 51 hon;"

433 1123 85 41 and
539 1122 54 41 he
615 1123 151 41 thinks
790 1123 95 42 that
906 1124 182 42 Moliere
1117 1129 130 37 must,
1271 1129 44 37 at
1346 1139 117 28 some
1496 1126 117 50 time,
1635 1126 108 43 have
1777 1132 88 38 met
1887 1128 103 42 with
2022 1143 24 27 a

433 1191 87 41 real
562 1205 94 28 case
698 1192 46 41 of
781 1191 231 56 hysterical
1056 1193 190 42 mutism,
1288 1207 45 28 as
1375 1193 72 42 the
1489 1194 159 42 sounds
1688 1195 88 41 han
1817 1196 81 40 hon
1939 1210 108 27 were

434 1262 73 42 the
530 1276 104 41 very
657 1262 161 42 sounds
840 1262 96 42 that
959 1277 109 28 were,
1090 1264 179 41 emitted
1292 1264 56 41 by
1372 1263 67 42 his
1471 1278 94 27 own
1589 1265 176 53 patient.
1828 1265 43 41 It
1893 1266 152 42 should

433 1333 52 41 be
508 1333 304 51 remembered,
830 1333 210 42 however,
1062 1334 96 41 that
1180 1334 88 42 this
1291 1335 167 41 variety
1480 1335 43 40 of
1544 1334 231 54 hysterical
1797 1336 188 41 mutism,
2001 1337 45 40 in

435 1403 139 42 which
598 1403 73 42 the
694 1404 89 41 oral
805 1404 273 42 articulative
1100 1404 264 42 mechanism
1396 1405 36 41 is
1466 1405 203 41 disabled,
1691 1405 35 41 is
1749 1420 101 27 rare.
1912 1406 134 42 Much

435 1488 118 27 more
576 1488 197 27 common
796 1475 36 41 is
854 1475 74 41 the
959 1475 122 41 other
1104 1474 177 55 variety,
1304 1475 45 40 in
1374 1473 139 43 which
1546 1475 72 41 the
1645 1475 116 42 vocal
1783 1476 263 42 mechanism

432 1545 38 42 is
492 1545 314 51 disabled,—so
829 1545 258 55 completely
1111 1545 93 41 that
1227 1545 72 42 the
1330 1545 168 55 patient
1520 1549 156 38 cannot
1698 1560 107 27 even
1828 1546 123 41 make
1974 1547 72 41 the

434 1615 221 55 laryngeal
677 1615 119 42 noise
819 1616 95 41 that
935 1616 36 41 is
994 1615 199 42 required
1216 1615 65 41 for
1304 1615 267 42 whispering.
1632 1615 88 42 The
1743 1621 82 36 two
1849 1622 198 36 varieties

436 1686 111 42 have
569 1686 175 42 already
768 1687 108 41 been
909 1686 222 42 described
1160 1686 45 40 in
1232 1686 73 41 the
1328 1685 154 42 second
1507 1686 184 54 chapter.
1753 1687 89 41 The
1864 1687 122 54 point
2007 1688 43 40 of

435 1757 180 42 interest
637 1757 46 41 in
705 1757 88 41 this
816 1770 95 28 case
933 1757 37 40 is
993 1756 72 42 the
1088 1755 447 56 similarity—almost
1565 1756 209 54 complete
1803 1757 246 55 identity—

437 1828 46 42 of
502 1828 73 42 the
597 1832 240 51 symptoms
861 1827 104 41 with
990 1827 122 42 those
1133 1827 44 41 of
1207 1841 55 27 an
1294 1827 202 41 ordinary
1518 1840 95 28 case
1634 1827 43 41 of
1705 1832 138 36 motor
1863 1828 185 41 aphasia.

436 1899 135 41 There
593 1898 49 42 is,
667 1899 63 40 for
751 1897 208 55 example,
983 1897 72 41 the
1078 1897 220 41 recurring
1329 1901 221 37 utterance
1581 1897 89 40 han
1690 1896 97 41 han.
1848 1896 134 42 There
2013 1897 37 41 is

436 1968 90 41 also
549 1982 25 27 a
595 1968 111 41 form
728 1968 44 41 of
793 1967 228 56 agraphia;
1054 1966 163 42 though
1239 1967 73 41 the
1337 1966 216 42 specimen
1583 1966 45 41 of
1657 1966 171 56 writing
1855 1966 126 56 given
2003 1966 46 41 in

437 2039 75 42 the
540 2053 133 41 paper
701 2039 101 42 does
831 2042 77 38 not
936 2038 120 42 show
1080 2038 72 41 the
1175 2040 20 19 "
1211 2037 219 55 recurring
1452 2037 147 41 letters
1614 2036 20 16 "
1656 2037 96 41 that
1773 2051 70 27 are
1865 2050 45 28 so
1932 2042 116 36 often

438 2110 221 42 exhibited
702 2110 43 40 in
790 2123 138 28 motor
969 2108 187 42 aphasia.
1235 2108 44 41 It
1321 2108 36 41 is
1399 2107 188 55 illegible
1629 2106 163 57 largely
1828 2107 107 41 from
1978 2107 73 41 the

437 2180 339 42 tremulousness
799 2181 46 40 of
863 2180 74 42 the
959 2179 300 55 handwriting.

498 2253 22 41 I
543 2266 99 27 may
666 2252 99 41 here
787 2251 84 41 add
893 2265 24 27 a
949 2250 169 41 remark
1149 2263 47 27 or
1230 2254 84 36 two
1345 2247 226 56 regarding
1594 2248 72 41 the
1688 2247 154 43 speech
1866 2247 185 41 disturb-

438 2337 128 29 ances
603 2326 76 38 apt
716 2326 43 37 to
793 2335 126 28 occur
949 2321 46 41 in
1028 2320 162 42 certain
1223 2319 123 41 other
1377 2318 244 42 conditions
1656 2332 157 28 closely
1846 2317 131 42 allied
2010 2322 42 36 to

441 2393 220 57 Hysteria,
697 2393 98 49 viz.,
833 2391 231 55 Catalepsy
1098 2390 85 42 and
1225 2390 193 53 Ecstasy,
1454 2388 86 42 and
1581 2388 73 42 the
1696 2388 219 41 condition
1957 2401 95 27 now

443 2464 164 42 termed
629 2463 175 42 Astasia
824 2462 173 41 Abasia.

499 2535 54 41 In
575 2535 217 41 reference
813 2536 44 38 to
890 2531 231 55 Catalepsy
1143 2530 84 42 and
1258 2530 192 53 Ecstasy,
1472 2528 238 42 Kussmaul
1737 2529 56 53 (p.
1818 2528 103 54 801)
1943 2542 109 37 says,

439 2610 20 17 "
476 2605 54 42 In
553 2604 230 55 catalepsy,
806 2603 72 42 the
901 2616 143 41 power
1075 2601 47 41 of
1148 2600 156 42 speech
1336 2600 36 41 is
1404 2599 84 42 lost
1519 2599 155 55 during
1695 2598 73 42 the
1790 2599 156 51 attack,
1968 2599 83 41 and

441 2677 73 42 the
552 2690 116 28 same
700 2675 126 55 thing
857 2687 99 41 may
989 2673 172 54 happen
1199 2671 45 40 in
1282 2669 202 43 ecstasy."
1556 2670 163 41 Future
1749 2669 303 56 investigation

442 2747 102 42 will,
566 2760 55 28 no
644 2746 146 41 doubt,
811 2744 118 42 show
953 2748 43 36 to
1022 2756 114 27 what
1165 2740 160 56 special
1355 2753 147 29 causes
1530 2739 72 42 the
1631 2739 86 43 loss
1749 2740 43 41 of
1822 2740 153 54 speech
2006 2739 49 51 is,

440 2818 47 42 in
518 2818 122 42 these
669 2821 84 37 two
783 2813 257 45 conditions,
1061 2812 92 42 due.
1217 2811 190 55 Perhaps
1439 2810 44 41 in
1516 2809 217 56 catalepsy
1765 2811 36 40 it
1830 2810 36 42 is
1897 2809 82 42 due
2011 2813 43 37 to

440 2894 246 50 temporary
721 2885 287 43 disablement
1042 2883 44 42 of
1118 2882 73 42 the
1225 2895 139 28 motor
1397 2885 191 48 centres;
1623 2880 84 42 and
1739 2881 43 40 in
1815 2886 166 49 ecstasy
2011 2883 44 38 to

441 2960 75 42 the
539 2957 322 44 concentration
884 2955 46 43 of
948 2954 74 43 the
1045 2953 212 43 attention
1280 2966 118 41 upon
1431 2965 23 27 a
1476 2951 136 55 single
1635 2950 112 43 fixed
1769 2950 82 42 and
1884 2950 169 41 absorb-

440 3031 75 41 ing
537 3030 105 42 idea.
