2107 3450
567 314 395 33 INFRA-PICTORIAL
994 318 229 34 AUDITORY
1259 322 201 34 APHASIA.

1752 320 85 42 455

186 432 20 17 "
220 429 132 37 Before
370 441 65 36 my
450 429 147 49 speech,
612 428 126 37 before
756 429 112 38 this."
932 432 120 37 When
1072 446 54 24 we
1142 440 64 43 got
1223 435 82 37 him
1323 441 37 32 to
1378 443 161 44 attempt
1556 441 64 37 the
1638 446 200 34 repetition

184 488 42 36 of
238 499 22 25 a
276 491 88 33 note
382 499 96 36 sung
496 491 38 32 to
552 486 92 47 him,
660 486 48 37 he
722 499 76 24 was
811 487 141 49 always
965 490 115 35 much
1096 496 65 31 out
1176 492 40 36 of
1226 497 91 33 tune
1335 508 7 30 ;
1369 496 75 36 and
1459 497 109 36 when
1583 511 54 24 we
1651 500 135 47 played
1801 507 37 32 to

184 544 81 36 him
283 556 101 36 upon
404 544 64 36 the
487 556 112 36 piano
615 543 65 37 the
698 548 107 32 notes
823 544 41 37 of
888 547 20 18 "
921 546 107 36 Auld
1054 546 90 50 lang
1161 549 124 47 syne,"
1311 550 47 36 he
1377 552 89 36 said,
1492 555 18 17 "
1525 554 102 37 Hear
1644 556 63 36 the
1725 559 113 46 noise,

185 614 119 24 canna
330 601 89 36 hear
437 601 64 37 the
518 605 92 33 tune
636 601 122 36 now."
811 602 61 36 He
898 603 110 37 made
1034 616 66 24 use
1126 605 41 36 of
1189 606 65 36 the
1279 619 92 36 very
1387 621 100 24 same
1515 611 119 37 words
1657 613 110 37 when
1792 615 47 36 he

186 659 114 48 spoke
320 659 40 36 of
373 659 182 48 listening
572 662 39 33 to
630 658 65 36 the
713 658 140 48 hymns
871 659 48 37 he
936 659 77 37 had
1030 661 115 37 heard
1164 674 96 37 sung
1277 665 40 35 in
1336 665 64 37 the
1420 666 201 50 Infirmary
1640 671 141 36 chapel.

235 774 396 49 Commentary.—The
650 774 163 37 element
830 775 43 35 in
889 775 78 37 this
986 788 91 34 case,
1097 777 126 37 which
1241 779 129 36 makes
1391 785 105 32 exact
1513 782 186 49 diagnosis
1716 785 126 36 rather

183 831 171 48 difficult,
373 833 31 36 is
422 833 64 36 the
511 833 187 36 existence
726 833 41 36 of
790 843 22 27 a
838 833 257 37 considerable
1123 834 132 49 degree
1273 835 41 37 of
1337 837 125 37 actual
1487 839 181 48 deafness,
1686 843 74 35 and
1778 843 63 36 the

183 901 173 36 presence
382 890 41 36 in
446 889 66 37 the
536 902 78 24 ears
633 890 41 36 of
699 889 63 36 the
786 889 285 38 abnormalities
1098 893 218 36 mentioned
1340 894 41 36 in
1406 894 55 36 Dr
1485 896 197 38 M'Bride's
1705 904 133 33 report.

184 947 76 36 But
285 960 49 23 no
361 960 70 24 one
457 948 183 48 studying
665 946 66 38 the
757 959 81 25 case
864 948 95 35 with
987 960 81 25 care
1095 961 68 25 can
1187 950 96 37 have
1307 950 65 37 the
1395 952 172 48 slightest
1592 955 184 37 difficulty
1799 957 40 35 in

182 1004 227 48 concluding
435 1005 83 36 that
544 1005 65 36 the
636 1004 120 37 defect
784 1004 40 37 of
847 1004 158 50 hearing
1030 1006 32 36 is
1089 1006 103 37 little
1217 1020 103 25 more
1345 1009 94 37 than
1466 1023 48 24 an
1532 1013 169 36 accident
1718 1014 40 35 in
1776 1014 64 36 the

185 1074 89 34 ra^e,
293 1062 113 49 being
423 1064 42 34 in
483 1062 105 37 itself
602 1066 68 33 not
696 1066 39 32 at
753 1062 53 36 all
829 1063 154 47 capable
1007 1063 41 36 of
1071 1064 220 48 explaining
1316 1066 65 36 the
1406 1068 173 47 patient's
1597 1070 186 37 difficulty
1800 1072 41 35 in

183 1119 248 50 interpreting
461 1120 145 49 speech,
633 1124 39 33 to
703 1132 66 35 say
795 1119 163 50 nothing
985 1120 41 37 of
1052 1121 65 37 the
1147 1122 139 36 defects
1316 1124 41 35 in
1389 1125 48 35 its
1463 1126 232 47 production.
1761 1128 80 37 The

185 1177 145 48 patient
356 1190 69 24 can
450 1178 92 37 hear
566 1178 66 37 the
657 1178 149 47 ticking
833 1178 40 36 of
896 1191 22 23 a
944 1179 121 36 watch
1093 1179 90 37 held
1208 1185 39 32 at
1273 1181 65 36 the
1356 1182 166 37 distance
1541 1183 39 37 of
1601 1185 102 48 eight
1720 1198 41 23 or
1777 1190 65 32 ten

182 1235 129 37 inches
328 1235 97 37 from
443 1235 60 37 his
520 1236 103 48 right
642 1249 69 23 ear.
768 1237 37 34 It
824 1236 82 36 will
923 1237 46 36 be
995 1237 258 37 remembered
1278 1239 84 36 that
1387 1252 22 24 a
1435 1241 168 37 deafness
1622 1255 94 24 even
1733 1244 108 36 twice

181 1306 38 23 as
238 1294 155 36 marked
411 1307 39 24 as
467 1294 78 37 this
564 1295 87 36 does
671 1299 68 32 not
760 1294 218 48 materially
995 1295 178 37 interfere
1199 1296 95 36 with
1320 1297 66 37 the
1411 1299 191 48 reception
1627 1300 75 36 and
1726 1301 114 36 inter-

179 1353 188 47 pretation
381 1352 41 37 of
436 1353 144 48 speech,
596 1353 32 36 if
643 1352 65 37 the
721 1365 136 36 person
874 1353 201 36 addressed
1092 1353 47 36 be
1157 1353 135 49 loudly
1309 1355 145 48 spoken
1472 1360 48 32 to.
1574 1357 209 38 Therefore,
1798 1360 43 35 in

180 1410 155 47 looking
352 1410 57 36 for
432 1423 49 24 an
507 1411 244 48 explanation
774 1411 41 36 of
836 1410 65 37 the
928 1411 319 37 Word-Deafness
1274 1412 193 50 (auditory
1492 1414 254 50 logamnesia),
1766 1418 74 35 and

180 1468 64 36 the
263 1468 107 37 other
387 1473 209 43 symptoms
615 1468 40 37 of
669 1468 78 37 this
766 1480 91 35 case,
876 1481 57 24 we
950 1473 104 32 must
1071 1468 90 37 look
1186 1469 152 49 beyond
1363 1470 65 37 the
1453 1483 102 25 mere
1580 1472 138 48 partial
1740 1473 99 37 deaf-

179 1538 85 25 ness
282 1526 40 37 of
336 1526 65 36 the
419 1526 157 49 patient.

232 1584 19 36 I
269 1583 115 37 think
402 1584 31 36 it
451 1584 81 36 will
550 1583 90 49 help
658 1583 66 37 the
747 1584 132 37 reader
905 1587 38 33 to
971 1584 234 36 understand
1230 1584 66 37 the
1322 1584 135 49 theory
1475 1585 41 37 of
1537 1586 66 37 the
1629 1600 79 24 case
1735 1589 19 35 I
1781 1602 61 24 am

178 1641 115 38 about
307 1646 38 32 to
360 1642 101 46 offer,
476 1642 32 36 if
519 1641 47 37 he
581 1642 81 36 will
676 1642 96 36 refer
785 1646 39 32 to
841 1642 79 48 Fig.
941 1645 42 32 15
999 1641 263 48 (Lichtheim's
1277 1642 195 49 diagram),
1488 1645 42 35 in
1545 1644 165 49 Chapter
1722 1647 117 37 XIII.

228 1700 81 36 The
326 1699 175 49 patient's
519 1700 215 36 difficulties
752 1700 116 48 being
892 1700 136 47 chiefly
1045 1700 107 36 those
1171 1700 41 36 of
1233 1702 193 47 reception
1444 1702 75 35 and
1542 1702 298 37 interpretation,

179 1770 57 24 we
252 1763 103 31 must
373 1758 66 36 ask
459 1757 334 37 ourselves—with
819 1758 66 36 the
911 1758 169 36 diagram
1107 1757 125 37 before
1259 1758 266 37 us—whether
1542 1759 65 37 the
1625 1772 80 24 case
1722 1761 32 36 is
1773 1774 69 24 one

181 1815 39 36 of
236 1815 177 36 Pictorial
428 1815 192 48 Auditory
635 1815 169 49 Aphasia
822 1815 88 48 (No.
934 1815 48 48 1),
998 1828 41 23 or
1055 1814 298 48 Infra-pictorial
1366 1816 190 48 Auditory
1570 1816 168 48 Aphasia
1752 1819 87 47 (No.

179 1874 50 47 4),
249 1885 41 24 or
314 1873 40 36 of
377 1873 316 49 Supra-pictorial
718 1874 193 46 Auditory
937 1873 170 48 Aphasia
1134 1873 89 48 (No.
1250 1873 48 48 5).
1354 1873 69 48 My
1442 1886 85 23 own
1549 1874 118 37 belief
1688 1876 32 35 is
1747 1876 92 46 that,

180 1931 227 49 essentially,
422 1931 66 36 the
503 1944 80 24 case
597 1932 31 35 is
643 1944 70 23 one
730 1931 41 37 of
784 1931 299 49 Infra-pictorial
1094 1931 192 48 Auditory
1304 1931 165 48 Aphasia
1483 1931 88 48 (No.
1589 1932 58 48 4);
1674 1933 70 36 but
1757 1934 84 36 that

178 1990 32 36 it
234 1990 78 36 also
340 1990 169 36 contains
535 2002 22 24 a
583 1989 117 37 slight
727 1994 164 32 element
918 1989 40 37 of
982 1989 181 37 Pictorial
1188 1988 193 49 Auditory
1398 1989 170 48 Aphasia
1597 1991 87 47 (No.
1716 1991 48 48 1).
1822 1993 17 35 I

180 2048 116 36 think
314 2047 65 36 the
398 2052 125 32 centre
547 2048 37 36 A
608 2047 106 37 itself
736 2053 104 32 must
865 2048 48 36 be
939 2047 158 49 slightly
1117 2047 192 48 damaged,
1339 2048 155 36 because
1520 2047 106 37 there
1650 2048 32 36 is
1708 2049 41 35 in
1775 2049 64 37 the

178 2117 81 25 case
285 2105 208 37 occasional
521 2105 239 49 Paraphasia,
787 2118 40 25 as
857 2105 89 37 well
976 2118 39 24 as
1043 2118 22 24 a
1091 2105 256 37 considerable
1379 2105 132 48 degree
1538 2105 40 36 of
1604 2106 236 37 articulative

177 2163 176 37 amnesia.
406 2162 19 36 I
445 2163 48 36 do
511 2167 68 32 not
597 2163 114 36 think
729 2163 107 36 there
851 2176 69 23 can
934 2163 47 36 be
995 2176 76 23 any
1086 2162 164 37 element
1264 2162 40 37 of
1320 2162 312 48 Supra-pictorial
1651 2163 190 49 Auditory

178 2221 168 49 Aphasia
364 2221 88 48 (No.
473 2221 50 48 5),
540 2221 157 36 because
715 2221 65 36 the
799 2221 291 36 interpretation
1104 2220 40 37 of
1158 2220 153 48 printed
1329 2219 134 49 speech
1477 2220 31 36 is
1526 2220 88 36 well
1630 2223 206 45 preserved.

228 2280 18 35 I
265 2278 157 47 believe,
441 2278 104 47 then,
565 2278 83 37 that
663 2278 65 37 the
747 2278 121 37 lesion
885 2279 33 36 is
936 2291 40 24 so
995 2279 165 36 situated
1185 2290 39 24 as
1248 2282 39 32 to
1306 2282 63 32 cut
1395 2289 119 25 across
1541 2277 64 37 the
1623 2282 112 32 tracts
1754 2291 84 24 con-

176 2337 152 37 necting
346 2336 65 36 the
430 2341 125 32 centre
573 2338 37 35 A
629 2336 93 37 with
741 2337 94 36 both
853 2349 91 24 ears,
959 2337 75 36 and
1048 2341 39 31 to
1102 2336 181 37 encroach
1298 2348 103 24 upon
1418 2335 76 37 and
1511 2335 158 49 slightly
1686 2335 154 38 damage

178 2394 64 37 the
269 2399 126 32 centre
420 2395 36 35 A
482 2395 113 37 itself.
647 2395 70 37 We
744 2395 48 36 do
818 2398 68 33 not
912 2398 66 45 yet
1006 2394 116 37 know
1152 2393 150 38 enough
1331 2405 117 24 about
1480 2392 65 37 the
1572 2392 205 49 pathology
1803 2393 41 37 of

178 2452 297 49 Infra-pictorial
488 2453 194 48 Auditory
696 2453 170 36 Aphasia
880 2457 38 32 to
933 2453 47 36 be
994 2453 86 36 able
1094 2457 38 32 to
1147 2465 65 35 say
1226 2451 183 49 precisely
1423 2451 123 36 where
1560 2451 41 35 in
1615 2451 65 36 the
1697 2451 108 36 brain
1819 2464 21 24 a

175 2511 120 37 lesion
308 2511 211 48 producing
533 2511 31 36 it
578 2515 104 32 must
695 2510 47 37 be
754 2515 176 32 situated.
988 2509 201 48 Probably,
1204 2509 185 46 however,
1402 2509 32 35 it
1445 2512 102 32 must
1560 2508 47 36 be
1624 2508 162 36 situated
1798 2509 40 36 in

174 2570 66 36 the
257 2569 115 36 white
387 2574 137 31 matter
537 2568 164 37 beneath
718 2568 64 37 the
801 2581 125 24 centre
945 2569 46 36 A.
1048 2569 38 35 If
1101 2569 32 35 it
1151 2568 31 35 is
1201 2580 39 24 so
1259 2567 175 47 situated,
1448 2578 57 25 we
1523 2578 69 25 can
1608 2571 232 33 understand

174 2626 96 37 how,
289 2631 39 32 at
346 2627 65 36 the
429 2639 101 25 same
548 2628 104 36 time,
671 2627 66 37 the
755 2632 127 32 centre
900 2628 37 36 A
955 2627 105 37 itself
1072 2639 88 24 may
1178 2626 78 36 also
1275 2626 45 36 be
1340 2637 102 25 more
1461 2637 41 24 or
1519 2624 72 37 less
1609 2624 187 37 involved.

224 2684 100 37 That
343 2684 64 37 the
425 2697 81 24 case
529 2686 32 35 is
580 2685 218 37 essentially
817 2698 71 24 one
909 2685 41 37 of
966 2683 298 50 Infra-pictorial
1283 2683 190 48 Auditory
1491 2682 178 48 Aphasia,
1690 2683 17 35 I
1728 2683 113 36 think

177 2755 56 24 we
266 2748 103 31 must
399 2743 193 37 conclude,
624 2743 157 37 because
809 2743 113 37 along
948 2743 96 37 with
1078 2742 66 37 the
1174 2754 91 35 very
1297 2741 162 48 striking
1489 2740 185 47 difficulty
1704 2740 40 36 in
1776 2740 64 37 the

176 2802 193 35 reception
388 2801 40 36 of
442 2801 145 49 spoken
604 2801 133 37 words,
757 2801 127 37 which
910 2801 32 36 is
960 2801 65 36 the
1043 2800 152 47 leading
1216 2803 203 44 symptom,
1438 2799 105 35 there
1568 2798 32 36 is
1627 2797 89 47 only
1734 2798 107 47 alight

175 2858 233 49 paraphasia,
443 2859 171 49 showing
648 2859 85 37 that
768 2859 65 37 the
868 2863 127 32 centre
1032 2859 36 35 A
1104 2862 137 32 cannot
1280 2857 47 36 be
1361 2856 115 37 much
1510 2854 178 37 involved
1706 2855 133 44 ;—and

175 2916 157 37 because
361 2917 66 36 the
457 2917 291 37 interpretation
777 2917 40 37 of
844 2916 154 50 printed
1029 2915 146 50 speech,
1197 2914 126 38 which
1350 2915 32 35 is
1413 2926 85 35 easy
1525 2917 51 33 to.
1593 2912 64 36 the
1684 2912 155 47 patient,

176 2974 126 37 would
322 2974 95 37 have
434 2975 95 37 been
549 2975 218 48 impossible
787 2980 37 31 to
843 2975 82 36 him
944 2974 75 36 had
1037 2974 59 36 his
1115 2986 80 24 case
1214 2973 96 36 been
1329 2971 217 47 essentially
1564 2982 69 24 one
1659 2969 120 35 either
1804 2969 40 35 of

177 3032 177 37 Pictorial
373 3045 41 24 or
431 3033 315 49 Supra-pictorial
766 3033 192 46 Auditory
976 3031 178 37 Aphasia.

225 3090 110 38 With
354 3091 131 48 regard
503 3097 38 31 to
560 3091 65 37 the
651 3090 75 38 loss
753 3091 41 37 of
816 3090 66 37 the
909 3089 161 37 Musical
1098 3089 115 36 Sense
1234 3086 123 37 which
1383 3085 67 36 has
1477 3085 94 35 been
1598 3082 167 37 inflicted
1791 3095 48 25 on

173 3147 76 38 this
268 3149 147 49 patient
441 3148 52 51 by
510 3149 60 37 his
597 3148 170 38 ailment,
789 3148 31 36 it
846 3148 31 36 is
904 3147 222 37 interesting
1153 3149 37 33 to
1219 3144 76 36 find
1323 3146 83 34 that
1430 3142 42 37 in
1497 3141 64 37 the
1583 3145 73 33 two
1680 3152 98 25 cases
1804 3139 40 37 of
