1895 3217
1441 259 54 46 19

548 264 185 33 MEMOIR
766 266 54 31 OF
854 267 198 31 BUFFON.

133 392 166 45 tended
307 391 79 46 the
403 387 191 49 funeral:
616 392 138 44 above
764 395 338 57 20,000people
1119 407 118 30 'were
1252 394 247 45 assembled

132 475 46 39 to
195 483 71 31 see
283 468 37 45 it
334 483 122 46 pass:
494 482 28 31 a
539 472 268 41 monument
825 481 95 32 -was
938 468 176 45 erected
1122 474 46 40 to
1182 468 72 45 his
1271 483 229 40 memory;

134 545 90 45 and
261 544 172 46 though
464 544 128 45 there
624 542 38 47 is
695 543 137 45 much
865 549 47 40 to
946 544 150 45 blame
1129 543 49 46 in
1214 550 80 39 the
1327 552 175 53 private

135 622 226 45 character
399 621 51 46 of
480 620 180 54 Buffon,
701 621 71 45 his
811 636 135 30 name
984 636 50 30 as
1073 636 27 30 a
1132 620 243 46 naturalist
1409 622 95 44 'will

134 700 103 59 long
260 704 208 40 continue
491 704 46 39 to
559 699 56 44 be
637 698 318 45 remembered.

202 774 163 46 Buffon
386 775 82 44 left
491 789 82 31 one
597 789 79 30 son
700 774 101 45 who
824 770 227 49 inherited
1076 771 303 48 considerable
1408 773 96 45 abi-

136 851 133 54 lities,
295 851 90 45 and
408 865 185 46 appears
615 856 47 40 to
684 850 118 45 have
816 851 113 45 been
951 849 158 63 fondly
1132 850 212 46 attached
1365 855 47 40 to
1435 850 70 44 his

137 933 172 55 parent.
376 927 75 45 He
487 927 183 45 entered
702 932 79 40 the
815 942 146 46 army,
987 927 90 46 and
1104 942 96 30 rose
1222 932 47 40 to
1292 932 78 39 the
1392 926 114 44 rank

139 1003 50 46 of
203 1003 141 62 major
365 1003 49 45 in
434 1010 80 39 the
531 1002 218 46 regiment
768 1002 51 46 of
834 1002 292 62 Angoumois.
1194 1003 76 45 He
1288 1017 93 30 was
1406 1003 100 45 des-

139 1080 139 53 tined,
303 1080 222 54 however,
549 1086 47 39 to
618 1079 91 45 live
726 1079 48 46 in
791 1095 28 30 a
832 1095 121 30 more
975 1080 229 45 unsettled
1226 1076 165 64 period,
1417 1078 90 45 and

141 1157 160 60 during
328 1156 78 44 the
429 1156 271 45 Revolution
731 1172 94 29 was
854 1156 276 45 condemned
1158 1162 46 39 to
1235 1156 151 52 death,
1418 1155 89 45 and

140 1232 207 60 perished
382 1247 56 30 on
471 1238 79 39 the
584 1231 194 46 scaffold.
848 1233 98 44 The
970 1231 192 46 abilities
1186 1230 50 47 of
1260 1232 79 44 the
1362 1230 147 46 father

142 1323 115 29 were
280 1323 57 30 no
362 1307 232 46 safeguard
626 1307 65 45 for
723 1314 78 39 the
835 1323 112 38 son;
988 1323 80 29 nor
1106 1323 94 30 was
1233 1314 78 38 the
1350 1308 157 60 utility

143 1383 50 45 of
211 1384 69 45 his
304 1400 102 30 own
440 1399 160 39 works,
626 1399 47 31 or
700 1385 69 44 his
804 1385 213 44 kindness
1052 1385 161 60 during
1245 1385 77 44 life
1354 1390 47 39 to
1437 1384 70 44 his

143 1467 228 48 retainers,
405 1477 27 29 a
460 1476 173 45 greater
660 1467 246 54 protection
937 1460 264 46 afterwards
1230 1468 46 39 to
1305 1462 69 44 his
1407 1476 101 30 own

144 1553 208 38 remains,
383 1537 174 46 against
585 1543 79 39 the
693 1537 194 45 ruthless
920 1537 146 46 hands
1098 1537 51 46 of
1175 1538 188 60 popular
1388 1536 119 62 fury.

149 1614 96 45 The
268 1614 162 44 hatred
451 1620 46 39 to
520 1620 79 39 the
628 1615 202 44 noblesse
861 1614 90 45 and
975 1613 267 62 aristocracy
1265 1613 49 46 of
1340 1614 170 45 France

145 1705 94 29 was
271 1691 134 44 borne
438 1691 62 59 by
525 1705 46 30 so
604 1689 171 46 violent
810 1705 27 29 a
869 1690 110 55 tide,
1004 1696 102 40 that
1134 1697 78 38 the
1242 1705 195 30 remains
1464 1691 51 45 of

145 1765 92 45 this
268 1765 245 46 illustrious
541 1766 243 45 naturalist
815 1781 117 30 were
965 1772 101 39 tom
1097 1783 62 44 up
1191 1766 90 45 and
1310 1766 84 45 left
1424 1781 88 29 un-

146 1842 172 53 buried,
355 1842 79 44 the
466 1842 161 45 leaden
661 1843 131 44 coffin
829 1843 169 44 earned
1032 1842 73 54 off,
1139 1843 71 44 his
1244 1848 266 39 monument

147 1918 134 45 razed
310 1924 46 39 to
387 1925 79 37 the
499 1933 186 45 ground,
718 1919 90 44 and
837 1919 108 52 this,
977 1919 63 59 by
1062 1924 102 54 part
1199 1917 49 45 of
1276 1924 78 38 the
1389 1932 122 29 same

149 1998 174 39 20,000
369 1999 242 54 spectators
651 1993 102 45 who
797 1993 91 44 had
927 1992 211 62 formerly
1178 1992 215 46 attended
1433 1993 79 43 the

149 2067 231 47 mournful
402 2068 247 61 procession
672 2074 46 40 to
741 2074 78 40 the
842 2085 134 45 grave
997 2069 41 43 !*

207 2221 20 20 •
258 2220 37 37 A
323 2222 129 35 citizen
471 2222 81 36 who
572 2222 108 36 loved
706 2228 62 30 the
794 2235 169 33 sciences,
986 2223 71 35 and
1076 2222 94 46 who,
1189 2222 188 35 indignant
1396 2226 36 30 at
1452 2220 62 36 the

152 2286 220 45 profanation
387 2287 41 35 of
440 2299 137 35 genius,
592 2293 99 30 went
709 2293 38 30 to
767 2286 102 37 Paris
890 2293 37 30 to
946 2287 180 36 complain
1142 2288 41 35 of
1196 2288 42 44 it,
1257 2287 71 34 and
1343 2286 171 47 proposed

153 2357 35 28 to
218 2351 62 36 the
312 2350 221 38 Committee
567 2353 40 35 of
628 2351 132 37 Public
792 2351 225 37 Instruction
1047 2358 37 30 to
1106 2364 101 35 place
1235 2350 135 37 Buffon
1394 2351 39 34 in
1453 2350 62 35 the

155 2414 200 37 Pantheon.
413 2413 88 40 This
520 2422 164 42 attempt,
702 2417 182 44 however,
907 2429 71 24 was
998 2418 220 46 unavailing,
1237 2416 72 35 and
1327 2415 63 35 the
1407 2413 107 37 Com-

156 2481 122 35 mittee
310 2492 93 25 were
435 2483 255 46 unanimously
722 2483 41 34 of
791 2483 158 46 opinion,
980 2487 80 31 that
1089 2487 64 31 the
1185 2481 101 48 place
1315 2480 122 36 would
1472 2480 44 34 be

149 2545 173 47 profaned
355 2546 47 45 by
435 2552 61 30 the
529 2559 167 35 presence
731 2548 40 34 of
798 2559 20 23 a
851 2559 84 23 man
972 2558 81 25 who
1090 2559 71 24 was
1193 2545 210 45 connected,
1440 2543 75 36 like
