1949 3178
355 294 90 46 124

733 309 93 31 THE
851 309 242 32 ENTELLUS
1119 310 217 33 MONKEY.

350 434 88 47 few
450 435 105 62 long
576 435 119 47 hairs
718 452 197 46 running
933 443 78 39 out
1034 436 95 47 into
1153 452 27 31 a
1196 436 114 48 kind
1327 436 51 48 of
1391 437 140 62 point,
1548 440 82 46 but
1648 446 80 41 not

350 512 191 64 forming
563 529 27 30 a
607 512 109 47 tuft.
784 515 98 45 The
905 530 144 30 under
1073 513 170 47 surface
1267 514 50 46 of
1333 515 77 46 the
1433 517 119 61 body
1575 516 38 47 is
1636 520 56 46 of
1702 534 27 30 a

352 592 141 61 dingy
511 591 436 62 yellowish-white;
984 592 91 46 and
1092 592 79 45 the
1189 591 251 56 fore-arms,
1459 593 161 55 hands,
1639 595 90 45 and

353 668 106 54 feet,
486 685 74 30 are
584 668 51 47 of
650 685 26 29 a
700 670 150 61 dusky
865 669 145 46 black.
1080 670 98 45 The
1201 668 162 63 fingers
1381 669 51 47 of
1446 671 109 45 both
1579 678 146 39 extre-

353 747 152 45 mities
540 763 74 29 are
648 762 112 46 very
793 747 117 61 long,
936 747 91 45 and
1060 753 79 39 the
1166 747 188 46 thumbs
1378 749 352 61 comparatively

354 825 135 44 short.
560 824 97 46 The
681 823 110 56 face,
812 824 149 46 which
985 824 37 46 is
1045 825 147 54 black,
1218 824 115 46 with
1358 826 250 45 somewhat
1632 825 50 47 of
1702 841 28 31 a

354 902 137 45 violet
520 902 139 61 tinge,
684 901 38 46 is
747 908 308 48 surmounted,
1081 903 139 45 above
1242 909 80 39 the
1353 904 246 60 eyebrows,
1624 905 62 61 by
1704 919 27 30 a

353 979 92 45 line
479 978 51 46 of
554 979 104 62 long
692 978 101 46 stiff
816 980 131 44 black
969 980 136 54 hairs,
1142 979 150 48 which
1309 987 167 54 project
1499 980 228 52 forwards,

356 1057 90 44 and
483 1057 187 61 slightly
709 1057 225 60 upwards.
1004 1057 74 46 On
1116 1063 80 39 the
1230 1057 116 46 sides
1380 1057 51 46 of
1457 1065 78 39 the
1569 1060 161 44 cheeks

356 1135 91 44 and
476 1134 196 46 beneath
708 1140 78 39 the
818 1134 118 54 chin,
974 1133 37 46 it
1044 1134 38 46 is
1112 1134 233 62 margined
1371 1136 63 60 by
1464 1151 26 29 a
1521 1136 138 45 beard
1689 1135 50 46 of

355 1213 350 61 grayish-white
735 1227 182 47 passing
946 1212 132 62 along
1105 1212 80 46 the
1207 1213 91 45 line
1323 1212 49 46 of
1387 1213 78 45 the
1481 1213 132 59 jaws,
1643 1216 88 44 and

357 1290 247 61 extending
626 1290 212 45 upwards
862 1289 48 46 in
933 1289 117 47 front
1075 1288 50 47 of
1130 1296 79 39 the
1224 1305 111 38 ears,
1353 1290 148 45 which
1520 1306 74 30 are
1610 1295 122 57 large

357 1369 90 44 and
460 1367 270 62 prominent,
751 1368 90 45 and
859 1366 51 48 of
915 1374 79 39 the
1010 1383 122 30 same
1151 1383 147 30 colour
1315 1383 48 30 as
1378 1367 78 46 the
1475 1366 107 48 face.
1634 1369 97 45 The

356 1446 121 45 hairs
502 1444 50 47 of
577 1445 79 46 the
690 1445 90 46 fore
803 1451 101 55 part
940 1443 51 48 of
1009 1445 79 46 the
1116 1446 150 45 breast
1295 1461 165 45 appear
1481 1451 46 40 to
1552 1445 179 62 diverge

357 1521 113 47 from
494 1539 27 29 a
544 1538 204 31 common
772 1528 163 41 centre.
1006 1522 98 46 The
1126 1522 157 62 height
1307 1522 50 47 of
1376 1538 80 31 our
1489 1537 240 39 specimen,

357 1601 150 45 which
531 1616 94 30 was
658 1606 79 40 not
771 1607 80 55 yet
883 1601 145 53 adult,
1060 1600 135 46 when
1218 1599 48 47 in
1296 1616 27 30 a
1352 1599 158 63 sitting
1531 1606 196 55 posture,

359 1678 221 46 exceeded
605 1684 93 39 two
721 1677 119 54 feet;
877 1678 90 45 and
990 1678 71 45 his
1084 1677 98 55 tail,
1209 1677 148 46 which
1379 1677 58 46 he
1460 1678 148 61 rarely
1639 1677 93 46 dis-

358 1756 166 61 played
547 1761 47 39 at
617 1755 58 45 its
699 1753 83 47 full
805 1755 171 61 length,
996 1756 84 45 but
1102 1770 122 30 more
1247 1755 182 62 usually
1447 1755 109 45 kept
1580 1769 152 31 curled

358 1850 61 45 up
443 1833 47 45 in
515 1849 27 30 a
565 1833 139 45 single
728 1832 96 54 coil,
849 1832 239 46 measured
1109 1832 158 62 nearly
1289 1833 170 45 three.”

426 1911 98 45 The
554 1910 222 62 foregoing
810 1910 161 45 details
995 1909 95 46 will
1119 1909 128 62 point
1282 1915 79 41 out
1382 1916 80 39 the
1486 1924 248 32 characters

361 1993 43 43 of
425 1989 91 45 this
540 2003 151 47 group.
762 1988 145 46 Three
926 1993 127 40 other
1071 1986 166 47 species
1255 2002 74 31 are
1353 1986 264 47 introduced
1639 1987 95 46 into

361 2066 273 45 Desmarets’
675 2080 137 39 work,
857 2065 90 46 and
987 2064 48 47 in
1070 2065 223 46 Griffith’s
1333 2065 231 61 Synopsis,
1593 2080 144 30 under

360 2150 78 38 the
461 2158 157 30 names
642 2141 51 47 of
710 2143 49 45 S.
776 2158 214 38 comatus,
1011 2142 250 47 somewhat
1284 2142 136 47 allied
1436 2148 47 40 to
1506 2149 102 39 that
1632 2158 103 30 now

361 2220 243 53 described,
637 2219 49 46 S.
714 2235 264 44 pruinores^
1014 2220 299 61 approaching
1344 2226 47 39 to
1435 2220 78 45 the
1540 2220 195 45 Semno-

354 2298 206 59 pithecits
584 2312 195 30 maurus
802 2295 50 48 of
867 2298 66 44 Dr
959 2296 240 55 Horsfield,
1226 2297 149 45 which
1399 2312 70 31 we
1493 2297 115 45 shall
1630 2311 105 31 now

363 2374 159 46 notice.

431 2451 99 46 The
555 2451 150 46 Negro
734 2451 213 62 monkey,
972 2451 92 46 like
1087 2451 59 47 its
1181 2466 252 48 congeners,
1462 2451 38 47 is
1531 2467 28 30 a
1580 2450 156 47 native

365 2528 50 45 of
445 2528 121 47 Java
604 2529 90 46 and
727 2529 227 47 Sumatra.
1039 2530 99 46 The
1167 2530 156 46 length
1360 2529 51 47 of
1437 2530 78 44 the
1550 2529 119 60 body
1696 2527 38 45 is

366 2606 138 47 about
544 2612 90 40 two
668 2605 90 47 feet
786 2607 129 46 three
944 2606 168 56 inches,
1144 2607 102 46 that
1278 2605 50 49 of
1356 2607 79 46 the
1463 2605 82 47 tail
1574 2605 160 61 nearly
