1895 3217
1505 300 88 41 193

604 310 90 32 THE
718 309 241 32 ENTELLUS
983 308 213 33 MONKEY.

228 439 218 51 Gardens,
467 452 105 46 only
592 435 208 47 survived
818 452 27 29 a
860 436 119 45 short
996 435 150 62 period
1164 434 113 46 after
1294 435 118 45 their
1428 436 165 45 arrival

224 516 48 45 in
305 516 208 60 Europe;
572 514 91 45 and
702 529 83 30 one
814 513 260 46 mentioned
1104 514 62 60 by
1202 514 243 59 Thunberg
1486 529 104 30 soon

226 593 103 45 died
367 591 51 47 of
443 592 97 45 cold
578 591 48 45 in
664 597 80 39 the
777 590 351 62 comparatively
1152 605 142 30 warm
1329 590 181 45 climate
1550 590 48 46 of

225 670 78 45 the
327 669 122 47 Cape
472 667 50 47 of
537 669 128 45 Good
689 669 144 60 Hope.

290 747 97 45 The
410 747 155 45 height
589 745 50 46 of
664 746 78 45 the
767 745 208 46 Entellus
999 744 228 46 described
1249 746 62 60 by
1335 745 51 45 F.
1408 744 181 52 Cuvier,

220 824 39 45 is
283 825 136 44 about
450 839 82 30 one
562 822 90 46 foot
682 822 88 46 five
803 822 182 54 inches;
1030 823 79 44 the
1137 822 157 61 length
1325 821 50 47 of
1394 829 79 38 the
1506 823 85 44 tail

221 902 138 44 about
397 906 92 40 two
527 899 103 47 feet.
717 900 97 46 The
854 899 266 46 description
1161 899 49 46 of
1237 906 79 39 the
1361 900 225 60 specimen

221 978 149 44 which
393 977 103 46 died
518 976 48 46 in
588 977 79 46 the
691 977 249 46 Zoological
963 977 219 54 Gardens^
1207 978 63 60 by
1295 978 75 44 Mr
1394 978 191 53 Bennet,

219 1054 38 46 is
281 1070 48 30 as
352 1053 171 48 follows
542 1071 14 38 ;
593 1055 91 45 and
705 1054 38 46 it
765 1070 110 45 may
897 1056 55 44 be
974 1055 250 53 remarked,
1248 1060 103 39 that
1377 1060 79 39 the
1480 1055 108 60 only

219 1131 223 46 variation
464 1131 150 46 which
638 1147 142 30 seems
803 1131 199 46 incident
1025 1138 46 39 to
1093 1132 128 44 them
1244 1131 37 45 is
1305 1147 27 29 a
1354 1131 164 61 yellow
1541 1147 48 30 or

218 1209 158 45 redder
397 1215 123 39 tinge
544 1207 50 47 of
607 1215 79 39 the
710 1208 185 46 whitish
918 1207 84 46 fur.

340 1287 155 44 When
528 1292 138 38 taken
700 1292 49 38 at
782 1300 60 30 an
876 1300 125 45 early
1035 1300 80 30 age
1149 1292 113 54 they
1298 1300 74 30 are
1410 1285 174 61 readily

216 1363 169 53 tamed,
426 1364 179 43 become
638 1361 177 61 playful
851 1363 89 44 and
976 1361 208 54 familiar,
1222 1377 75 30 are
1334 1362 250 60 extremely

215 1438 129 61 agile,
386 1439 216 60 although
641 1439 229 60 generally
907 1454 116 29 calm
1068 1439 90 45 and
1202 1445 290 39 circumspect
1536 1438 48 46 in

214 1517 119 45 their
355 1522 207 48 motions,
588 1515 90 46 and
699 1516 123 45 learn
837 1522 46 39 to
898 1531 190 45 perfoiTn
1112 1531 27 29 a
1161 1515 177 61 variety
1362 1515 50 46 of
1426 1516 153 52 tricks,

216 1593 146 45 which
386 1600 111 54 they
515 1608 185 30 execute
719 1592 113 45 with
854 1607 57 31 no
934 1593 118 45 little
1068 1608 197 46 cunning
1281 1593 90 45 and
1386 1593 194 45 address.

213 1670 133 45 After
379 1685 27 30 a
438 1670 126 54 time,
599 1669 223 54 however,
856 1670 119 44 their
1007 1668 278 62 playfulness
1314 1685 142 30 wears
1487 1670 92 53 off;

209 1747 118 45 their
341 1746 251 46 confidence
615 1746 39 45 is
677 1746 240 46 succeeded
933 1748 63 59 by
1011 1746 238 53 mistrust;
1285 1747 118 44 their
1420 1746 160 61 agility

210 1824 154 45 settles
397 1824 133 44 down
562 1823 96 45 into
691 1838 28 30 a
751 1823 163 45 listless
947 1829 207 54 apathy;
1189 1824 106 53 and,
1330 1823 177 45 instead
1537 1823 51 47 of

208 1906 217 54 resorting
447 1915 48 30 as
518 1901 146 44 before
686 1906 47 39 to
755 1906 79 39 the
864 1915 221 29 resources
1120 1898 50 46 of
1190 1899 119 46 their
1338 1899 240 61 ingenuity

210 1975 66 45 for
309 1991 205 45 carrying
536 1991 92 45 any
651 1975 243 61 particular
926 1975 141 61 point,
1091 1976 112 61 they
1226 1977 117 44 have
1375 1992 201 30 recourse

209 2059 48 38 to
291 2051 79 45 the
404 2053 128 44 brute
565 2051 113 46 force
713 2052 147 45 which
893 2052 112 61 they
1038 2053 116 45 have
1188 2052 208 46 acquired
1429 2053 47 45 in
1515 2053 59 45 its

209 2129 140 44 stead.
417 2129 67 45 At
518 2128 155 46 length
705 2129 113 61 they
851 2131 179 44 become
1067 2145 48 29 as
1145 2129 312 55 mischievous,
1483 2130 89 45 and

207 2211 255 40 sometimes
477 2221 113 30 even
613 2221 49 31 as
685 2206 260 62 dangerous,
962 2221 48 31 as
1028 2222 91 45 any
1138 2205 51 47 of
1202 2212 126 39 those
1350 2208 221 58 monkeys

207 2281 148 46 which
378 2281 47 46 in
447 2283 119 45 their
587 2299 152 45 young
756 2290 118 39 state
898 2283 105 46 offer
1024 2299 57 30 no
1105 2284 108 45 such
1237 2283 266 47 indications
1528 2281 50 48 of

205 2359 111 60 good
337 2365 173 39 temper
532 2360 90 44 and
645 2359 293 62 intelligence.

326 2435 44 45 It
399 2434 38 46 is
471 2434 50 47 of
546 2450 27 30 a
595 2435 192 47 uniform
811 2452 250 46 ashy-gi’ay
1083 2453 56 29 on
1163 2444 77 39 the
1262 2454 142 45 upper
1425 2445 137 53 parts,

203 2510 231 62 becoming
457 2511 158 46 darker
644 2527 58 32 on
730 2519 79 39 the
831 2513 97 54 tail,
955 2514 148 46 which
1126 2514 36 46 is
1185 2515 376 60 grayish-brown,

204 2586 52 47 of
283 2587 134 61 equal
449 2588 228 48 thickness
708 2590 288 61 throughout,
1026 2591 89 47 and
1148 2591 272 46 terminated
1450 2592 62 62 by
1534 2607 25 31 a
