<?xml version="1.0" encoding="UTF-8"?>
<alto xmlns="http://www.loc.gov/standards/alto/ns-v2#" xmlns:xsi="http://www.w3.org/2001/XMLSchema-instance" xsi:schemaLocation="http://www.loc.gov/standards/alto/ns-v2# http://www.loc.gov/standards/alto/alto.xsd">
  <Description>
    <MeasurementUnit>pixel</MeasurementUnit>
    <sourceImageInformation>
      <fileName>b21273911_abbyy.xml</fileName>
    </sourceImageInformation>
    <OCRProcessing ID="OCR_1">
      <preProcessingStep>
        <processingDateTime>2014-10-24T02:15:27</processingDateTime>
        <processingAgency>intranda GmbH, www.intranda.com</processingAgency>
        <processingSoftware>
          <softwareCreator>intranda GmbH, Germany</softwareCreator>
          <softwareName>intranda OCR Module for TaskManager</softwareName>
          <softwareVersion>1.0r42</softwareVersion>
        </processingSoftware>
      </preProcessingStep>
      <ocrProcessingStep>
        <processingSoftware>
          <softwareCreator>ABBYY (BIT Software), Russia</softwareCreator>
          <softwareName>FineReader Engine</softwareName>
          <softwareVersion>10</softwareVersion>
        </processingSoftware>
      </ocrProcessingStep>
    </OCRProcessing>
  </Description>
  <Layout>
    <Page PHYSICAL_IMG_NR="327" ID="PAGE_327" WIDTH="2107" HEIGHT="3450">
      <TopMargin ID="TopMargin_1" HPOS="688" VPOS="253" WIDTH="1166" HEIGHT="55">
        <TextBlock ID="TextBlock_1024" HPOS="688" VPOS="253" WIDTH="1166" HEIGHT="55">
          <TextLine ID="TextLine_12305" HPOS="1772" VPOS="254" WIDTH="82" HEIGHT="39">
            <String ID="Word_124668" HPOS="1772" VPOS="254" WIDTH="82" HEIGHT="39" CONTENT="311" />
          </TextLine>
          <TextLine ID="TextLine_12304" HPOS="688" VPOS="253" WIDTH="674" HEIGHT="55">
            <String ID="Word_124665" HPOS="688" VPOS="266" WIDTH="151" HEIGHT="32" CONTENT="MOTOR" />
            <SP ID="SP_112367" HPOS="839" VPOS="265" WIDTH="34" HEIGHT="0" />
            <String ID="Word_124666" HPOS="873" VPOS="265" WIDTH="197" HEIGHT="31" CONTENT="APHASIA" />
            <SP ID="SP_112368" HPOS="1070" VPOS="253" WIDTH="35" HEIGHT="0" />
            <String ID="Word_124667" HPOS="1105" VPOS="253" WIDTH="257" HEIGHT="55" CONTENT="(APHKMIA)." />
          </TextLine>
        </TextBlock>
      </TopMargin>
      <PrintSpace ID="PrintSpace_328" HPOS="193" VPOS="388" WIDTH="1691" HEIGHT="2816">
        <TextBlock ID="TextBlock_1023" HPOS="193" VPOS="388" WIDTH="1691" HEIGHT="2816">
          <TextLine ID="TextLine_12306" HPOS="198" VPOS="394" WIDTH="1662" HEIGHT="56">
            <String ID="Word_124669" HPOS="198" VPOS="401" WIDTH="46" HEIGHT="42" CONTENT="of" />
            <SP ID="SP_112369" HPOS="244" VPOS="400" WIDTH="33" HEIGHT="0" />
            <String ID="Word_124670" HPOS="277" VPOS="400" WIDTH="71" HEIGHT="43" CONTENT="the" />
            <SP ID="SP_112370" HPOS="348" VPOS="399" WIDTH="34" HEIGHT="0" />
            <String ID="Word_124671" HPOS="382" VPOS="399" WIDTH="139" HEIGHT="43" CONTENT="words" />
            <SP ID="SP_112371" HPOS="521" VPOS="399" WIDTH="22" HEIGHT="0" />
            <String ID="Word_124672" HPOS="543" VPOS="399" WIDTH="99" HEIGHT="42" CONTENT="that" />
            <SP ID="SP_112372" HPOS="642" VPOS="399" WIDTH="22" HEIGHT="0" />
            <String ID="Word_124673" HPOS="664" VPOS="412" WIDTH="70" HEIGHT="29" CONTENT="are" />
            <SP ID="SP_112373" HPOS="734" VPOS="396" WIDTH="23" HEIGHT="0" />
            <String ID="Word_124674" HPOS="757" VPOS="396" WIDTH="212" HEIGHT="44" CONTENT="retained," />
            <SP ID="SP_112374" HPOS="969" VPOS="395" WIDTH="24" HEIGHT="0" />
            <String ID="Word_124675" HPOS="993" VPOS="395" WIDTH="107" HEIGHT="44" CONTENT="such" />
            <SP ID="SP_112375" HPOS="1100" VPOS="395" WIDTH="25" HEIGHT="0" />
            <String ID="Word_124676" HPOS="1125" VPOS="409" WIDTH="46" HEIGHT="29" CONTENT="as" />
            <SP ID="SP_112376" HPOS="1171" VPOS="394" WIDTH="30" HEIGHT="0" />
            <String ID="Word_124677" HPOS="1201" VPOS="394" WIDTH="75" HEIGHT="43" CONTENT="the" />
            <SP ID="SP_112377" HPOS="1276" VPOS="394" WIDTH="22" HEIGHT="0" />
            <String ID="Word_124678" HPOS="1298" VPOS="394" WIDTH="227" HEIGHT="56" CONTENT="recurring" />
            <SP ID="SP_112378" HPOS="1525" VPOS="394" WIDTH="23" HEIGHT="0" />
            <String ID="Word_124679" HPOS="1548" VPOS="398" WIDTH="264" HEIGHT="47" CONTENT="utterances," />
            <SP ID="SP_112379" HPOS="1812" VPOS="398" WIDTH="23" HEIGHT="0" />
            <String ID="Word_124680" HPOS="1835" VPOS="408" WIDTH="25" HEIGHT="28" CONTENT="a" />
          </TextLine>
          <TextLine ID="TextLine_12307" HPOS="200" VPOS="466" WIDTH="1659" HEIGHT="61">
            <String ID="Word_124681" HPOS="200" VPOS="472" WIDTH="83" HEIGHT="42" CONTENT="few" />
            <SP ID="SP_112380" HPOS="283" VPOS="471" WIDTH="35" HEIGHT="0" />
            <String ID="Word_124682" HPOS="318" VPOS="471" WIDTH="139" HEIGHT="43" CONTENT="words" />
            <SP ID="SP_112381" HPOS="457" VPOS="471" WIDTH="23" HEIGHT="0" />
            <String ID="Word_124683" HPOS="480" VPOS="471" WIDTH="47" HEIGHT="42" CONTENT="in" />
            <SP ID="SP_112382" HPOS="527" VPOS="471" WIDTH="23" HEIGHT="0" />
            <String ID="Word_124684" HPOS="550" VPOS="484" WIDTH="107" HEIGHT="29" CONTENT="very" />
            <SP ID="SP_112383" HPOS="657" VPOS="482" WIDTH="23" HEIGHT="0" />
            <String ID="Word_124685" HPOS="680" VPOS="483" WIDTH="202" HEIGHT="30" CONTENT="common" />
            <SP ID="SP_112384" HPOS="882" VPOS="482" WIDTH="23" HEIGHT="0" />
            <String ID="Word_124686" HPOS="905" VPOS="483" WIDTH="89" HEIGHT="28" CONTENT="use," />
            <SP ID="SP_112385" HPOS="994" VPOS="467" WIDTH="24" HEIGHT="0" />
            <String ID="Word_124687" HPOS="1018" VPOS="467" WIDTH="110" HEIGHT="43" CONTENT="such" />
            <SP ID="SP_112386" HPOS="1128" VPOS="467" WIDTH="23" HEIGHT="0" />
            <String ID="Word_124688" HPOS="1151" VPOS="481" WIDTH="47" HEIGHT="29" CONTENT="as" />
            <SP ID="SP_112387" HPOS="1198" VPOS="481" WIDTH="22" HEIGHT="0" />
            <String ID="Word_124689" HPOS="1220" VPOS="481" WIDTH="68" HEIGHT="41" CONTENT="yes" />
            <SP ID="SP_112388" HPOS="1288" VPOS="466" WIDTH="22" HEIGHT="0" />
            <String ID="Word_124690" HPOS="1310" VPOS="466" WIDTH="87" HEIGHT="43" CONTENT="and" />
            <SP ID="SP_112389" HPOS="1397" VPOS="466" WIDTH="22" HEIGHT="0" />
            <String ID="Word_124691" HPOS="1419" VPOS="479" WIDTH="67" HEIGHT="40" CONTENT="no," />
            <SP ID="SP_112390" HPOS="1486" VPOS="466" WIDTH="24" HEIGHT="0" />
            <String ID="Word_124692" HPOS="1510" VPOS="466" WIDTH="86" HEIGHT="42" CONTENT="and" />
            <SP ID="SP_112391" HPOS="1596" VPOS="466" WIDTH="24" HEIGHT="0" />
            <String ID="Word_124693" HPOS="1620" VPOS="466" WIDTH="239" HEIGHT="42" CONTENT="emotional" />
          </TextLine>
          <TextLine ID="TextLine_12308" HPOS="200" VPOS="537" WIDTH="1662" HEIGHT="59">
            <String ID="Word_124694" HPOS="200" VPOS="548" WIDTH="259" HEIGHT="37" CONTENT="utterances," />
            <SP ID="SP_112392" HPOS="459" VPOS="541" WIDTH="18" HEIGHT="0" />
            <String ID="Word_124695" HPOS="477" VPOS="541" WIDTH="108" HEIGHT="44" CONTENT="such" />
            <SP ID="SP_112393" HPOS="585" VPOS="541" WIDTH="23" HEIGHT="0" />
            <String ID="Word_124696" HPOS="608" VPOS="555" WIDTH="46" HEIGHT="29" CONTENT="as" />
            <SP ID="SP_112394" HPOS="654" VPOS="541" WIDTH="24" HEIGHT="0" />
            <String ID="Word_124697" HPOS="678" VPOS="541" WIDTH="137" HEIGHT="43" CONTENT="oaths." />
            <SP ID="SP_112395" HPOS="815" VPOS="540" WIDTH="65" HEIGHT="0" />
            <String ID="Word_124698" HPOS="880" VPOS="540" WIDTH="91" HEIGHT="42" CONTENT="The" />
            <SP ID="SP_112396" HPOS="971" VPOS="539" WIDTH="18" HEIGHT="0" />
            <String ID="Word_124699" HPOS="989" VPOS="539" WIDTH="173" HEIGHT="57" CONTENT="patient" />
            <SP ID="SP_112397" HPOS="1162" VPOS="539" WIDTH="17" HEIGHT="0" />
            <String ID="Word_124700" HPOS="1179" VPOS="552" WIDTH="101" HEIGHT="43" CONTENT="may" />
            <SP ID="SP_112398" HPOS="1280" VPOS="537" WIDTH="18" HEIGHT="0" />
            <String ID="Word_124701" HPOS="1298" VPOS="537" WIDTH="199" HEIGHT="57" CONTENT="possibly" />
            <SP ID="SP_112399" HPOS="1497" VPOS="537" WIDTH="20" HEIGHT="0" />
            <String ID="Word_124702" HPOS="1517" VPOS="537" WIDTH="52" HEIGHT="43" CONTENT="be" />
            <SP ID="SP_112400" HPOS="1569" VPOS="537" WIDTH="23" HEIGHT="0" />
            <String ID="Word_124703" HPOS="1592" VPOS="537" WIDTH="98" HEIGHT="42" CONTENT="able" />
            <SP ID="SP_112401" HPOS="1690" VPOS="537" WIDTH="23" HEIGHT="0" />
            <String ID="Word_124704" HPOS="1713" VPOS="542" WIDTH="44" HEIGHT="38" CONTENT="to" />
            <SP ID="SP_112402" HPOS="1757" VPOS="537" WIDTH="20" HEIGHT="0" />
            <String ID="Word_124705" HPOS="1777" VPOS="537" WIDTH="85" HEIGHT="43" CONTENT="call" />
          </TextLine>
          <TextLine ID="TextLine_12309" HPOS="199" VPOS="609" WIDTH="1664" HEIGHT="61">
            <String ID="Word_124706" HPOS="199" VPOS="628" WIDTH="60" HEIGHT="42" CONTENT="up" />
            <SP ID="SP_112403" HPOS="259" VPOS="615" WIDTH="23" HEIGHT="0" />
            <String ID="Word_124707" HPOS="282" VPOS="615" WIDTH="125" HEIGHT="41" CONTENT="other" />
            <SP ID="SP_112404" HPOS="407" VPOS="613" WIDTH="28" HEIGHT="0" />
            <String ID="Word_124708" HPOS="435" VPOS="613" WIDTH="139" HEIGHT="43" CONTENT="words" />
            <SP ID="SP_112405" HPOS="574" VPOS="613" WIDTH="32" HEIGHT="0" />
            <String ID="Word_124709" HPOS="606" VPOS="613" WIDTH="47" HEIGHT="41" CONTENT="in" />
            <SP ID="SP_112406" HPOS="653" VPOS="613" WIDTH="34" HEIGHT="0" />
            <String ID="Word_124710" HPOS="687" VPOS="613" WIDTH="68" HEIGHT="42" CONTENT="his" />
            <SP ID="SP_112407" HPOS="755" VPOS="611" WIDTH="35" HEIGHT="0" />
            <String ID="Word_124711" HPOS="790" VPOS="611" WIDTH="136" HEIGHT="53" CONTENT="mind," />
            <SP ID="SP_112408" HPOS="926" VPOS="611" WIDTH="24" HEIGHT="0" />
            <String ID="Word_124712" HPOS="950" VPOS="612" WIDTH="57" HEIGHT="42" CONTENT="by" />
            <SP ID="SP_112409" HPOS="1007" VPOS="611" WIDTH="24" HEIGHT="0" />
            <String ID="Word_124713" HPOS="1031" VPOS="611" WIDTH="169" HEIGHT="42" CONTENT="revival" />
            <SP ID="SP_112410" HPOS="1200" VPOS="611" WIDTH="33" HEIGHT="0" />
            <String ID="Word_124714" HPOS="1233" VPOS="611" WIDTH="47" HEIGHT="42" CONTENT="of" />
            <SP ID="SP_112411" HPOS="1280" VPOS="610" WIDTH="30" HEIGHT="0" />
            <String ID="Word_124715" HPOS="1310" VPOS="610" WIDTH="116" HEIGHT="43" CONTENT="their" />
            <SP ID="SP_112412" HPOS="1426" VPOS="609" WIDTH="32" HEIGHT="0" />
            <String ID="Word_124716" HPOS="1458" VPOS="609" WIDTH="204" HEIGHT="56" CONTENT="auditory" />
            <SP ID="SP_112413" HPOS="1662" VPOS="609" WIDTH="23" HEIGHT="0" />
            <String ID="Word_124717" HPOS="1685" VPOS="609" WIDTH="178" HEIGHT="43" CONTENT="images," />
          </TextLine>
          <TextLine ID="TextLine_12310" HPOS="201" VPOS="681" WIDTH="1666" HEIGHT="57">
            <String ID="Word_124718" HPOS="201" VPOS="686" WIDTH="91" HEIGHT="42" CONTENT="but," />
            <SP ID="SP_112414" HPOS="292" VPOS="686" WIDTH="22" HEIGHT="0" />
            <String ID="Word_124719" HPOS="314" VPOS="686" WIDTH="35" HEIGHT="42" CONTENT="if" />
            <SP ID="SP_112415" HPOS="349" VPOS="686" WIDTH="21" HEIGHT="0" />
            <String ID="Word_124720" HPOS="370" VPOS="699" WIDTH="59" HEIGHT="30" CONTENT="so," />
            <SP ID="SP_112416" HPOS="429" VPOS="686" WIDTH="23" HEIGHT="0" />
            <String ID="Word_124721" HPOS="452" VPOS="686" WIDTH="54" HEIGHT="42" CONTENT="he" />
            <SP ID="SP_112417" HPOS="506" VPOS="686" WIDTH="33" HEIGHT="0" />
            <String ID="Word_124722" HPOS="539" VPOS="690" WIDTH="161" HEIGHT="38" CONTENT="cannot" />
            <SP ID="SP_112418" HPOS="700" VPOS="690" WIDTH="33" HEIGHT="0" />
            <String ID="Word_124723" HPOS="733" VPOS="690" WIDTH="120" HEIGHT="37" CONTENT="utter" />
            <SP ID="SP_112419" HPOS="853" VPOS="683" WIDTH="32" HEIGHT="0" />
            <String ID="Word_124724" HPOS="885" VPOS="683" WIDTH="132" HEIGHT="43" CONTENT="them." />
            <SP ID="SP_112420" HPOS="1017" VPOS="683" WIDTH="66" HEIGHT="0" />
            <String ID="Word_124725" HPOS="1083" VPOS="683" WIDTH="72" HEIGHT="43" CONTENT="He" />
            <SP ID="SP_112421" HPOS="1155" VPOS="683" WIDTH="23" HEIGHT="0" />
            <String ID="Word_124726" HPOS="1178" VPOS="689" WIDTH="160" HEIGHT="37" CONTENT="cannot" />
            <SP ID="SP_112422" HPOS="1338" VPOS="687" WIDTH="34" HEIGHT="0" />
            <String ID="Word_124727" HPOS="1372" VPOS="687" WIDTH="118" HEIGHT="38" CONTENT="utter" />
            <SP ID="SP_112423" HPOS="1490" VPOS="681" WIDTH="29" HEIGHT="0" />
            <String ID="Word_124728" HPOS="1519" VPOS="681" WIDTH="152" HEIGHT="52" CONTENT="words," />
            <SP ID="SP_112424" HPOS="1671" VPOS="681" WIDTH="23" HEIGHT="0" />
            <String ID="Word_124729" HPOS="1694" VPOS="696" WIDTH="111" HEIGHT="29" CONTENT="even" />
            <SP ID="SP_112425" HPOS="1805" VPOS="682" WIDTH="23" HEIGHT="0" />
            <String ID="Word_124730" HPOS="1828" VPOS="682" WIDTH="39" HEIGHT="42" CONTENT="if" />
          </TextLine>
          <TextLine ID="TextLine_12311" HPOS="200" VPOS="755" WIDTH="1663" HEIGHT="59">
            <String ID="Word_124731" HPOS="200" VPOS="758" WIDTH="106" HEIGHT="56" CONTENT="they" />
            <SP ID="SP_112426" HPOS="306" VPOS="758" WIDTH="21" HEIGHT="0" />
            <String ID="Word_124732" HPOS="327" VPOS="772" WIDTH="71" HEIGHT="29" CONTENT="are" />
            <SP ID="SP_112427" HPOS="398" VPOS="757" WIDTH="22" HEIGHT="0" />
            <String ID="Word_124733" HPOS="420" VPOS="757" WIDTH="167" HEIGHT="43" CONTENT="spoken" />
            <SP ID="SP_112428" HPOS="587" VPOS="757" WIDTH="35" HEIGHT="0" />
            <String ID="Word_124734" HPOS="622" VPOS="763" WIDTH="44" HEIGHT="36" CONTENT="to" />
            <SP ID="SP_112429" HPOS="666" VPOS="755" WIDTH="33" HEIGHT="0" />
            <String ID="Word_124735" HPOS="699" VPOS="755" WIDTH="93" HEIGHT="45" CONTENT="him" />
            <SP ID="SP_112430" HPOS="792" VPOS="755" WIDTH="34" HEIGHT="0" />
            <String ID="Word_124736" HPOS="826" VPOS="756" WIDTH="87" HEIGHT="43" CONTENT="and" />
            <SP ID="SP_112431" HPOS="913" VPOS="756" WIDTH="34" HEIGHT="0" />
            <String ID="Word_124737" HPOS="947" VPOS="756" WIDTH="54" HEIGHT="43" CONTENT="he" />
            <SP ID="SP_112432" HPOS="1001" VPOS="756" WIDTH="23" HEIGHT="0" />
            <String ID="Word_124738" HPOS="1024" VPOS="756" WIDTH="36" HEIGHT="43" CONTENT="is" />
            <SP ID="SP_112433" HPOS="1060" VPOS="755" WIDTH="24" HEIGHT="0" />
            <String ID="Word_124739" HPOS="1084" VPOS="755" WIDTH="135" HEIGHT="44" CONTENT="asked" />
            <SP ID="SP_112434" HPOS="1219" VPOS="755" WIDTH="31" HEIGHT="0" />
            <String ID="Word_124740" HPOS="1250" VPOS="760" WIDTH="45" HEIGHT="38" CONTENT="to" />
            <SP ID="SP_112435" HPOS="1295" VPOS="760" WIDTH="23" HEIGHT="0" />
            <String ID="Word_124741" HPOS="1318" VPOS="760" WIDTH="151" HEIGHT="38" CONTENT="repeat" />
            <SP ID="SP_112436" HPOS="1469" VPOS="755" WIDTH="22" HEIGHT="0" />
            <String ID="Word_124742" HPOS="1491" VPOS="755" WIDTH="133" HEIGHT="43" CONTENT="them." />
            <SP ID="SP_112437" HPOS="1624" VPOS="755" WIDTH="65" HEIGHT="0" />
            <String ID="Word_124743" HPOS="1689" VPOS="755" WIDTH="61" HEIGHT="42" CONTENT="To" />
            <SP ID="SP_112438" HPOS="1750" VPOS="755" WIDTH="24" HEIGHT="0" />
            <String ID="Word_124744" HPOS="1774" VPOS="755" WIDTH="89" HEIGHT="42" CONTENT="this" />
          </TextLine>
          <TextLine ID="TextLine_12312" HPOS="201" VPOS="827" WIDTH="1662" HEIGHT="58">
            <String ID="Word_124745" HPOS="201" VPOS="830" WIDTH="291" HEIGHT="42" CONTENT="disablement" />
            <SP ID="SP_112439" HPOS="492" VPOS="830" WIDTH="23" HEIGHT="0" />
            <String ID="Word_124746" HPOS="515" VPOS="830" WIDTH="47" HEIGHT="41" CONTENT="of" />
            <SP ID="SP_112440" HPOS="562" VPOS="829" WIDTH="19" HEIGHT="0" />
            <String ID="Word_124747" HPOS="581" VPOS="829" WIDTH="75" HEIGHT="43" CONTENT="the" />
            <SP ID="SP_112441" HPOS="656" VPOS="829" WIDTH="24" HEIGHT="0" />
            <String ID="Word_124748" HPOS="680" VPOS="843" WIDTH="146" HEIGHT="42" CONTENT="power" />
            <SP ID="SP_112442" HPOS="826" VPOS="829" WIDTH="23" HEIGHT="0" />
            <String ID="Word_124749" HPOS="849" VPOS="829" WIDTH="46" HEIGHT="42" CONTENT="of" />
            <SP ID="SP_112443" HPOS="895" VPOS="829" WIDTH="20" HEIGHT="0" />
            <String ID="Word_124750" HPOS="915" VPOS="829" WIDTH="245" HEIGHT="56" CONTENT="producing" />
            <SP ID="SP_112444" HPOS="1160" VPOS="829" WIDTH="24" HEIGHT="0" />
            <String ID="Word_124751" HPOS="1184" VPOS="843" WIDTH="46" HEIGHT="27" CONTENT="or" />
            <SP ID="SP_112445" HPOS="1230" VPOS="829" WIDTH="23" HEIGHT="0" />
            <String ID="Word_124752" HPOS="1253" VPOS="829" WIDTH="198" HEIGHT="55" CONTENT="uttering" />
            <SP ID="SP_112446" HPOS="1451" VPOS="827" WIDTH="24" HEIGHT="0" />
            <String ID="Word_124753" HPOS="1475" VPOS="827" WIDTH="153" HEIGHT="52" CONTENT="words," />
            <SP ID="SP_112447" HPOS="1628" VPOS="827" WIDTH="24" HEIGHT="0" />
            <String ID="Word_124754" HPOS="1652" VPOS="827" WIDTH="74" HEIGHT="43" CONTENT="the" />
            <SP ID="SP_112448" HPOS="1726" VPOS="827" WIDTH="24" HEIGHT="0" />
            <String ID="Word_124755" HPOS="1750" VPOS="832" WIDTH="113" HEIGHT="38" CONTENT="term" />
          </TextLine>
          <TextLine ID="TextLine_12313" HPOS="201" VPOS="900" WIDTH="1663" HEIGHT="58">
            <String ID="Word_124756" HPOS="201" VPOS="902" WIDTH="164" HEIGHT="42" CONTENT="Ataxia" />
            <SP ID="SP_112449" HPOS="365" VPOS="901" WIDTH="22" HEIGHT="0" />
            <String ID="Word_124757" HPOS="387" VPOS="901" WIDTH="203" HEIGHT="43" CONTENT="Verbalis" />
            <SP ID="SP_112450" HPOS="590" VPOS="901" WIDTH="24" HEIGHT="0" />
            <String ID="Word_124758" HPOS="614" VPOS="902" WIDTH="79" HEIGHT="42" CONTENT="has" />
            <SP ID="SP_112451" HPOS="693" VPOS="902" WIDTH="18" HEIGHT="0" />
            <String ID="Word_124759" HPOS="711" VPOS="902" WIDTH="110" HEIGHT="43" CONTENT="been" />
            <SP ID="SP_112452" HPOS="821" VPOS="902" WIDTH="18" HEIGHT="0" />
            <String ID="Word_124760" HPOS="839" VPOS="902" WIDTH="179" HEIGHT="56" CONTENT="applied" />
            <SP ID="SP_112453" HPOS="1018" VPOS="902" WIDTH="17" HEIGHT="0" />
            <String ID="Word_124761" HPOS="1035" VPOS="917" WIDTH="9" HEIGHT="39" CONTENT=";" />
            <SP ID="SP_112454" HPOS="1044" VPOS="902" WIDTH="22" HEIGHT="0" />
            <String ID="Word_124762" HPOS="1066" VPOS="902" WIDTH="85" HEIGHT="42" CONTENT="and" />
            <SP ID="SP_112455" HPOS="1151" VPOS="902" WIDTH="20" HEIGHT="0" />
            <String ID="Word_124763" HPOS="1171" VPOS="906" WIDTH="141" HEIGHT="37" CONTENT="motor" />
            <SP ID="SP_112456" HPOS="1312" VPOS="900" WIDTH="18" HEIGHT="0" />
            <String ID="Word_124764" HPOS="1330" VPOS="900" WIDTH="181" HEIGHT="43" CONTENT="aphasia" />
            <SP ID="SP_112457" HPOS="1511" VPOS="900" WIDTH="17" HEIGHT="0" />
            <String ID="Word_124765" HPOS="1528" VPOS="900" WIDTH="37" HEIGHT="43" CONTENT="is" />
            <SP ID="SP_112458" HPOS="1565" VPOS="900" WIDTH="18" HEIGHT="0" />
            <String ID="Word_124766" HPOS="1583" VPOS="901" WIDTH="281" HEIGHT="56" CONTENT="accordingly" />
          </TextLine>
          <TextLine ID="TextLine_12314" HPOS="201" VPOS="972" WIDTH="1663" HEIGHT="58">
            <String ID="Word_124767" HPOS="201" VPOS="979" WIDTH="122" HEIGHT="37" CONTENT="often" />
            <SP ID="SP_112459" HPOS="323" VPOS="973" WIDTH="24" HEIGHT="0" />
            <String ID="Word_124768" HPOS="347" VPOS="973" WIDTH="167" HEIGHT="43" CONTENT="termed" />
            <SP ID="SP_112460" HPOS="514" VPOS="973" WIDTH="32" HEIGHT="0" />
            <String ID="Word_124769" HPOS="546" VPOS="974" WIDTH="165" HEIGHT="42" CONTENT="Ataxic" />
            <SP ID="SP_112461" HPOS="711" VPOS="974" WIDTH="32" HEIGHT="0" />
            <String ID="Word_124770" HPOS="743" VPOS="974" WIDTH="210" HEIGHT="56" CONTENT="Aphasia." />
            <SP ID="SP_112462" HPOS="953" VPOS="974" WIDTH="66" HEIGHT="0" />
            <String ID="Word_124771" HPOS="1019" VPOS="974" WIDTH="44" HEIGHT="42" CONTENT="It" />
            <SP ID="SP_112463" HPOS="1063" VPOS="974" WIDTH="30" HEIGHT="0" />
            <String ID="Word_124772" HPOS="1093" VPOS="978" WIDTH="162" HEIGHT="38" CONTENT="cannot" />
            <SP ID="SP_112464" HPOS="1255" VPOS="973" WIDTH="22" HEIGHT="0" />
            <String ID="Word_124773" HPOS="1277" VPOS="973" WIDTH="53" HEIGHT="42" CONTENT="be" />
            <SP ID="SP_112465" HPOS="1330" VPOS="972" WIDTH="23" HEIGHT="0" />
            <String ID="Word_124774" HPOS="1353" VPOS="972" WIDTH="95" HEIGHT="43" CONTENT="said" />
            <SP ID="SP_112466" HPOS="1448" VPOS="972" WIDTH="23" HEIGHT="0" />
            <String ID="Word_124775" HPOS="1471" VPOS="973" WIDTH="98" HEIGHT="42" CONTENT="that" />
            <SP ID="SP_112467" HPOS="1569" VPOS="972" WIDTH="22" HEIGHT="0" />
            <String ID="Word_124776" HPOS="1591" VPOS="972" WIDTH="76" HEIGHT="43" CONTENT="the" />
            <SP ID="SP_112468" HPOS="1667" VPOS="972" WIDTH="25" HEIGHT="0" />
            <String ID="Word_124777" HPOS="1692" VPOS="977" WIDTH="110" HEIGHT="38" CONTENT="term" />
            <SP ID="SP_112469" HPOS="1802" VPOS="973" WIDTH="25" HEIGHT="0" />
            <String ID="Word_124778" HPOS="1827" VPOS="973" WIDTH="37" HEIGHT="42" CONTENT="is" />
          </TextLine>
          <TextLine ID="TextLine_12315" HPOS="204" VPOS="1046" WIDTH="1662" HEIGHT="57">
            <String ID="Word_124779" HPOS="204" VPOS="1059" WIDTH="21" HEIGHT="29" CONTENT="a" />
            <SP ID="SP_112470" HPOS="225" VPOS="1046" WIDTH="25" HEIGHT="0" />
            <String ID="Word_124780" HPOS="250" VPOS="1046" WIDTH="149" HEIGHT="55" CONTENT="happy" />
            <SP ID="SP_112471" HPOS="399" VPOS="1046" WIDTH="23" HEIGHT="0" />
            <String ID="Word_124781" HPOS="422" VPOS="1060" WIDTH="94" HEIGHT="38" CONTENT="one," />
            <SP ID="SP_112472" HPOS="516" VPOS="1047" WIDTH="22" HEIGHT="0" />
            <String ID="Word_124782" HPOS="538" VPOS="1047" WIDTH="149" HEIGHT="56" CONTENT="seeing" />
            <SP ID="SP_112473" HPOS="687" VPOS="1047" WIDTH="24" HEIGHT="0" />
            <String ID="Word_124783" HPOS="711" VPOS="1052" WIDTH="107" HEIGHT="47" CONTENT="that," />
            <SP ID="SP_112474" HPOS="818" VPOS="1046" WIDTH="23" HEIGHT="0" />
            <String ID="Word_124784" HPOS="841" VPOS="1046" WIDTH="207" HEIGHT="56" CONTENT="literally," />
            <SP ID="SP_112475" HPOS="1048" VPOS="1046" WIDTH="18" HEIGHT="0" />
            <String ID="Word_124785" HPOS="1066" VPOS="1047" WIDTH="147" HEIGHT="41" CONTENT="ataxia" />
            <SP ID="SP_112476" HPOS="1213" VPOS="1047" WIDTH="19" HEIGHT="0" />
            <String ID="Word_124786" HPOS="1232" VPOS="1060" WIDTH="151" HEIGHT="28" CONTENT="means" />
            <SP ID="SP_112477" HPOS="1383" VPOS="1050" WIDTH="25" HEIGHT="0" />
            <String ID="Word_124787" HPOS="1408" VPOS="1050" WIDTH="119" HEIGHT="38" CONTENT="want" />
            <SP ID="SP_112478" HPOS="1527" VPOS="1046" WIDTH="22" HEIGHT="0" />
            <String ID="Word_124788" HPOS="1549" VPOS="1046" WIDTH="47" HEIGHT="41" CONTENT="of" />
            <SP ID="SP_112479" HPOS="1596" VPOS="1046" WIDTH="20" HEIGHT="0" />
            <String ID="Word_124789" HPOS="1616" VPOS="1046" WIDTH="138" HEIGHT="42" CONTENT="order," />
            <SP ID="SP_112480" HPOS="1754" VPOS="1046" WIDTH="23" HEIGHT="0" />
            <String ID="Word_124790" HPOS="1777" VPOS="1046" WIDTH="89" HEIGHT="42" CONTENT="and" />
          </TextLine>
          <TextLine ID="TextLine_12316" HPOS="204" VPOS="1117" WIDTH="1661" HEIGHT="58">
            <String ID="Word_124791" HPOS="204" VPOS="1117" WIDTH="110" HEIGHT="43" CONTENT="that," />
            <SP ID="SP_112481" HPOS="314" VPOS="1117" WIDTH="32" HEIGHT="0" />
            <String ID="Word_124792" HPOS="346" VPOS="1119" WIDTH="46" HEIGHT="41" CONTENT="in" />
            <SP ID="SP_112482" HPOS="392" VPOS="1119" WIDTH="34" HEIGHT="0" />
            <String ID="Word_124793" HPOS="426" VPOS="1123" WIDTH="143" HEIGHT="38" CONTENT="motor" />
            <SP ID="SP_112483" HPOS="569" VPOS="1119" WIDTH="32" HEIGHT="0" />
            <String ID="Word_124794" HPOS="601" VPOS="1119" WIDTH="191" HEIGHT="55" CONTENT="aphasia," />
            <SP ID="SP_112484" HPOS="792" VPOS="1119" WIDTH="34" HEIGHT="0" />
            <String ID="Word_124795" HPOS="826" VPOS="1119" WIDTH="74" HEIGHT="42" CONTENT="the" />
            <SP ID="SP_112485" HPOS="900" VPOS="1119" WIDTH="34" HEIGHT="0" />
            <String ID="Word_124796" HPOS="934" VPOS="1119" WIDTH="177" HEIGHT="42" CONTENT="leading" />
            <SP ID="SP_112486" HPOS="1111" VPOS="1119" WIDTH="29" HEIGHT="0" />
            <String ID="Word_124797" HPOS="1140" VPOS="1119" WIDTH="168" HEIGHT="42" CONTENT="feature" />
            <SP ID="SP_112487" HPOS="1308" VPOS="1118" WIDTH="23" HEIGHT="0" />
            <String ID="Word_124798" HPOS="1331" VPOS="1118" WIDTH="38" HEIGHT="42" CONTENT="is" />
            <SP ID="SP_112488" HPOS="1369" VPOS="1118" WIDTH="23" HEIGHT="0" />
            <String ID="Word_124799" HPOS="1392" VPOS="1123" WIDTH="78" HEIGHT="37" CONTENT="not" />
            <SP ID="SP_112489" HPOS="1470" VPOS="1118" WIDTH="23" HEIGHT="0" />
            <String ID="Word_124800" HPOS="1493" VPOS="1118" WIDTH="208" HEIGHT="42" CONTENT="disorder," />
            <SP ID="SP_112490" HPOS="1701" VPOS="1118" WIDTH="25" HEIGHT="0" />
            <String ID="Word_124801" HPOS="1726" VPOS="1119" WIDTH="79" HEIGHT="41" CONTENT="but" />
            <SP ID="SP_112491" HPOS="1805" VPOS="1119" WIDTH="24" HEIGHT="0" />
            <String ID="Word_124802" HPOS="1829" VPOS="1119" WIDTH="36" HEIGHT="42" CONTENT="is" />
          </TextLine>
          <TextLine ID="TextLine_12317" HPOS="205" VPOS="1189" WIDTH="1662" HEIGHT="57">
            <String ID="Word_124803" HPOS="205" VPOS="1190" WIDTH="304" HEIGHT="43" CONTENT="disablement." />
            <SP ID="SP_112492" HPOS="509" VPOS="1190" WIDTH="65" HEIGHT="0" />
            <String ID="Word_124804" HPOS="574" VPOS="1191" WIDTH="23" HEIGHT="41" CONTENT="I" />
            <SP ID="SP_112493" HPOS="597" VPOS="1191" WIDTH="33" HEIGHT="0" />
            <String ID="Word_124805" HPOS="630" VPOS="1191" WIDTH="131" HEIGHT="41" CONTENT="think" />
            <SP ID="SP_112494" HPOS="761" VPOS="1191" WIDTH="33" HEIGHT="0" />
            <String ID="Word_124806" HPOS="794" VPOS="1191" WIDTH="35" HEIGHT="41" CONTENT="it" />
            <SP ID="SP_112495" HPOS="829" VPOS="1191" WIDTH="23" HEIGHT="0" />
            <String ID="Word_124807" HPOS="852" VPOS="1206" WIDTH="24" HEIGHT="26" CONTENT="a" />
            <SP ID="SP_112496" HPOS="876" VPOS="1190" WIDTH="25" HEIGHT="0" />
            <String ID="Word_124808" HPOS="901" VPOS="1190" WIDTH="94" HEIGHT="56" CONTENT="pity" />
            <SP ID="SP_112497" HPOS="995" VPOS="1190" WIDTH="25" HEIGHT="0" />
            <String ID="Word_124809" HPOS="1020" VPOS="1190" WIDTH="97" HEIGHT="42" CONTENT="that" />
            <SP ID="SP_112498" HPOS="1117" VPOS="1190" WIDTH="27" HEIGHT="0" />
            <String ID="Word_124810" HPOS="1144" VPOS="1190" WIDTH="74" HEIGHT="42" CONTENT="the" />
            <SP ID="SP_112499" HPOS="1218" VPOS="1190" WIDTH="23" HEIGHT="0" />
            <String ID="Word_124811" HPOS="1241" VPOS="1195" WIDTH="111" HEIGHT="37" CONTENT="term" />
            <SP ID="SP_112500" HPOS="1352" VPOS="1189" WIDTH="23" HEIGHT="0" />
            <String ID="Word_124812" HPOS="1375" VPOS="1189" WIDTH="251" HEIGHT="56" CONTENT="Asynergia" />
            <SP ID="SP_112501" HPOS="1626" VPOS="1189" WIDTH="22" HEIGHT="0" />
            <String ID="Word_124813" HPOS="1648" VPOS="1190" WIDTH="219" HEIGHT="53" CONTENT="Verbalis," />
          </TextLine>
          <TextLine ID="TextLine_12318" HPOS="205" VPOS="1262" WIDTH="1662" HEIGHT="57">
            <String ID="Word_124814" HPOS="205" VPOS="1263" WIDTH="234" HEIGHT="56" CONTENT="originally" />
            <SP ID="SP_112502" HPOS="439" VPOS="1263" WIDTH="38" HEIGHT="0" />
            <String ID="Word_124815" HPOS="477" VPOS="1263" WIDTH="214" HEIGHT="56" CONTENT="proposed" />
            <SP ID="SP_112503" HPOS="691" VPOS="1263" WIDTH="38" HEIGHT="0" />
            <String ID="Word_124816" HPOS="729" VPOS="1264" WIDTH="58" HEIGHT="41" CONTENT="by" />
            <SP ID="SP_112504" HPOS="787" VPOS="1263" WIDTH="38" HEIGHT="0" />
            <String ID="Word_124817" HPOS="825" VPOS="1263" WIDTH="162" HEIGHT="42" CONTENT="Lordat" />
            <SP ID="SP_112505" HPOS="987" VPOS="1262" WIDTH="37" HEIGHT="0" />
            <String ID="Word_124818" HPOS="1024" VPOS="1262" WIDTH="48" HEIGHT="42" CONTENT="in" />
            <SP ID="SP_112506" HPOS="1072" VPOS="1262" WIDTH="38" HEIGHT="0" />
            <String ID="Word_124819" HPOS="1110" VPOS="1262" WIDTH="128" HEIGHT="42" CONTENT="1843," />
            <SP ID="SP_112507" HPOS="1238" VPOS="1262" WIDTH="39" HEIGHT="0" />
            <String ID="Word_124820" HPOS="1277" VPOS="1262" WIDTH="78" HEIGHT="42" CONTENT="has" />
            <SP ID="SP_112508" HPOS="1355" VPOS="1262" WIDTH="37" HEIGHT="0" />
            <String ID="Word_124821" HPOS="1392" VPOS="1267" WIDTH="77" HEIGHT="37" CONTENT="not" />
            <SP ID="SP_112509" HPOS="1469" VPOS="1262" WIDTH="32" HEIGHT="0" />
            <String ID="Word_124822" HPOS="1501" VPOS="1262" WIDTH="111" HEIGHT="42" CONTENT="been" />
            <SP ID="SP_112510" HPOS="1612" VPOS="1262" WIDTH="42" HEIGHT="0" />
            <String ID="Word_124823" HPOS="1654" VPOS="1262" WIDTH="213" HEIGHT="51" CONTENT="retained," />
          </TextLine>
          <TextLine ID="TextLine_12319" HPOS="206" VPOS="1334" WIDTH="1662" HEIGHT="57">
            <String ID="Word_124824" HPOS="206" VPOS="1336" WIDTH="120" HEIGHT="42" CONTENT="since" />
            <SP ID="SP_112511" HPOS="326" VPOS="1336" WIDTH="33" HEIGHT="0" />
            <String ID="Word_124825" HPOS="359" VPOS="1336" WIDTH="228" HEIGHT="55" CONTENT="asynergia" />
            <SP ID="SP_112512" HPOS="587" VPOS="1335" WIDTH="23" HEIGHT="0" />
            <String ID="Word_124826" HPOS="610" VPOS="1335" WIDTH="139" HEIGHT="55" CONTENT="(want" />
            <SP ID="SP_112513" HPOS="749" VPOS="1334" WIDTH="33" HEIGHT="0" />
            <String ID="Word_124827" HPOS="782" VPOS="1334" WIDTH="47" HEIGHT="42" CONTENT="of" />
            <SP ID="SP_112514" HPOS="829" VPOS="1334" WIDTH="27" HEIGHT="0" />
            <String ID="Word_124828" HPOS="856" VPOS="1335" WIDTH="74" HEIGHT="42" CONTENT="the" />
            <SP ID="SP_112515" HPOS="930" VPOS="1335" WIDTH="33" HEIGHT="0" />
            <String ID="Word_124829" HPOS="963" VPOS="1348" WIDTH="148" HEIGHT="42" CONTENT="power" />
            <SP ID="SP_112516" HPOS="1111" VPOS="1335" WIDTH="37" HEIGHT="0" />
            <String ID="Word_124830" HPOS="1148" VPOS="1335" WIDTH="45" HEIGHT="40" CONTENT="of" />
            <SP ID="SP_112517" HPOS="1193" VPOS="1334" WIDTH="39" HEIGHT="0" />
            <String ID="Word_124831" HPOS="1232" VPOS="1334" WIDTH="199" HEIGHT="55" CONTENT="working" />
            <SP ID="SP_112518" HPOS="1431" VPOS="1334" WIDTH="38" HEIGHT="0" />
            <String ID="Word_124832" HPOS="1469" VPOS="1334" WIDTH="216" HEIGHT="55" CONTENT="together)" />
            <SP ID="SP_112519" HPOS="1685" VPOS="1334" WIDTH="37" HEIGHT="0" />
            <String ID="Word_124833" HPOS="1722" VPOS="1334" WIDTH="146" HEIGHT="42" CONTENT="would" />
          </TextLine>
          <TextLine ID="TextLine_12320" HPOS="208" VPOS="1405" WIDTH="1660" HEIGHT="57">
            <String ID="Word_124834" HPOS="208" VPOS="1407" WIDTH="110" HEIGHT="42" CONTENT="have" />
            <SP ID="SP_112520" HPOS="318" VPOS="1407" WIDTH="38" HEIGHT="0" />
            <String ID="Word_124835" HPOS="356" VPOS="1407" WIDTH="110" HEIGHT="42" CONTENT="been" />
            <SP ID="SP_112521" HPOS="466" VPOS="1407" WIDTH="39" HEIGHT="0" />
            <String ID="Word_124836" HPOS="505" VPOS="1421" WIDTH="25" HEIGHT="27" CONTENT="a" />
            <SP ID="SP_112522" HPOS="530" VPOS="1421" WIDTH="37" HEIGHT="0" />
            <String ID="Word_124837" HPOS="567" VPOS="1421" WIDTH="118" HEIGHT="28" CONTENT="more" />
            <SP ID="SP_112523" HPOS="685" VPOS="1406" WIDTH="38" HEIGHT="0" />
            <String ID="Word_124838" HPOS="723" VPOS="1406" WIDTH="278" HEIGHT="56" CONTENT="appropriate" />
            <SP ID="SP_112524" HPOS="1001" VPOS="1406" WIDTH="39" HEIGHT="0" />
            <String ID="Word_124839" HPOS="1040" VPOS="1410" WIDTH="110" HEIGHT="38" CONTENT="term" />
            <SP ID="SP_112525" HPOS="1150" VPOS="1406" WIDTH="35" HEIGHT="0" />
            <String ID="Word_124840" HPOS="1185" VPOS="1406" WIDTH="66" HEIGHT="42" CONTENT="for" />
            <SP ID="SP_112526" HPOS="1251" VPOS="1406" WIDTH="34" HEIGHT="0" />
            <String ID="Word_124841" HPOS="1285" VPOS="1406" WIDTH="88" HEIGHT="41" CONTENT="this" />
            <SP ID="SP_112527" HPOS="1373" VPOS="1405" WIDTH="24" HEIGHT="0" />
            <String ID="Word_124842" HPOS="1397" VPOS="1405" WIDTH="297" HEIGHT="43" CONTENT="disablement" />
            <SP ID="SP_112528" HPOS="1694" VPOS="1405" WIDTH="22" HEIGHT="0" />
            <String ID="Word_124843" HPOS="1716" VPOS="1406" WIDTH="47" HEIGHT="41" CONTENT="of" />
            <SP ID="SP_112529" HPOS="1763" VPOS="1406" WIDTH="31" HEIGHT="0" />
            <String ID="Word_124844" HPOS="1794" VPOS="1406" WIDTH="74" HEIGHT="42" CONTENT="the" />
          </TextLine>
          <TextLine ID="TextLine_12321" HPOS="205" VPOS="1477" WIDTH="1664" HEIGHT="58">
            <String ID="Word_124845" HPOS="205" VPOS="1479" WIDTH="201" HEIGHT="43" CONTENT="complex" />
            <SP ID="SP_112530" HPOS="406" VPOS="1479" WIDTH="35" HEIGHT="0" />
            <String ID="Word_124846" HPOS="441" VPOS="1483" WIDTH="142" HEIGHT="38" CONTENT="motor" />
            <SP ID="SP_112531" HPOS="583" VPOS="1478" WIDTH="34" HEIGHT="0" />
            <String ID="Word_124847" HPOS="617" VPOS="1478" WIDTH="294" HEIGHT="43" CONTENT="mechanisms" />
            <SP ID="SP_112532" HPOS="911" VPOS="1478" WIDTH="34" HEIGHT="0" />
            <String ID="Word_124848" HPOS="945" VPOS="1478" WIDTH="47" HEIGHT="42" CONTENT="of" />
            <SP ID="SP_112533" HPOS="992" VPOS="1478" WIDTH="28" HEIGHT="0" />
            <String ID="Word_124849" HPOS="1020" VPOS="1478" WIDTH="159" HEIGHT="42" CONTENT="speech" />
            <SP ID="SP_112534" HPOS="1179" VPOS="1477" WIDTH="28" HEIGHT="0" />
            <String ID="Word_124850" HPOS="1207" VPOS="1477" WIDTH="109" HEIGHT="43" CONTENT="than" />
            <SP ID="SP_112535" HPOS="1316" VPOS="1477" WIDTH="24" HEIGHT="0" />
            <String ID="Word_124851" HPOS="1340" VPOS="1478" WIDTH="172" HEIGHT="42" CONTENT="ataxia;" />
            <SP ID="SP_112536" HPOS="1512" VPOS="1478" WIDTH="33" HEIGHT="0" />
            <String ID="Word_124852" HPOS="1545" VPOS="1478" WIDTH="87" HEIGHT="42" CONTENT="and" />
            <SP ID="SP_112537" HPOS="1632" VPOS="1477" WIDTH="24" HEIGHT="0" />
            <String ID="Word_124853" HPOS="1656" VPOS="1477" WIDTH="75" HEIGHT="43" CONTENT="the" />
            <SP ID="SP_112538" HPOS="1731" VPOS="1477" WIDTH="25" HEIGHT="0" />
            <String ID="Word_124854" HPOS="1756" VPOS="1483" WIDTH="113" HEIGHT="37" CONTENT="term" />
          </TextLine>
          <TextLine ID="TextLine_12322" HPOS="203" VPOS="1550" WIDTH="1666" HEIGHT="57">
            <String ID="Word_124855" HPOS="203" VPOS="1550" WIDTH="245" HEIGHT="57" CONTENT="Asynergic" />
            <SP ID="SP_112539" HPOS="448" VPOS="1550" WIDTH="21" HEIGHT="0" />
            <String ID="Word_124856" HPOS="469" VPOS="1550" WIDTH="199" HEIGHT="42" CONTENT="Aphasia" />
            <SP ID="SP_112540" HPOS="668" VPOS="1550" WIDTH="25" HEIGHT="0" />
            <String ID="Word_124857" HPOS="693" VPOS="1550" WIDTH="144" HEIGHT="42" CONTENT="would" />
            <SP ID="SP_112541" HPOS="837" VPOS="1550" WIDTH="23" HEIGHT="0" />
            <String ID="Word_124858" HPOS="860" VPOS="1550" WIDTH="112" HEIGHT="42" CONTENT="have" />
            <SP ID="SP_112542" HPOS="972" VPOS="1550" WIDTH="24" HEIGHT="0" />
            <String ID="Word_124859" HPOS="996" VPOS="1550" WIDTH="107" HEIGHT="42" CONTENT="been" />
            <SP ID="SP_112543" HPOS="1103" VPOS="1550" WIDTH="26" HEIGHT="0" />
            <String ID="Word_124860" HPOS="1129" VPOS="1564" WIDTH="120" HEIGHT="28" CONTENT="more" />
            <SP ID="SP_112544" HPOS="1249" VPOS="1550" WIDTH="19" HEIGHT="0" />
            <String ID="Word_124861" HPOS="1268" VPOS="1550" WIDTH="267" HEIGHT="43" CONTENT="descriptive" />
            <SP ID="SP_112545" HPOS="1535" VPOS="1550" WIDTH="24" HEIGHT="0" />
            <String ID="Word_124862" HPOS="1559" VPOS="1550" WIDTH="44" HEIGHT="41" CONTENT="of" />
            <SP ID="SP_112546" HPOS="1603" VPOS="1550" WIDTH="22" HEIGHT="0" />
            <String ID="Word_124863" HPOS="1625" VPOS="1550" WIDTH="76" HEIGHT="42" CONTENT="the" />
            <SP ID="SP_112547" HPOS="1701" VPOS="1550" WIDTH="19" HEIGHT="0" />
            <String ID="Word_124864" HPOS="1720" VPOS="1552" WIDTH="149" HEIGHT="40" CONTENT="condi-" />
          </TextLine>
          <TextLine ID="TextLine_12323" HPOS="205" VPOS="1619" WIDTH="1665" HEIGHT="56">
            <String ID="Word_124865" HPOS="205" VPOS="1620" WIDTH="93" HEIGHT="42" CONTENT="tion" />
            <SP ID="SP_112548" HPOS="298" VPOS="1620" WIDTH="24" HEIGHT="0" />
            <String ID="Word_124866" HPOS="322" VPOS="1620" WIDTH="107" HEIGHT="42" CONTENT="than" />
            <SP ID="SP_112549" HPOS="429" VPOS="1619" WIDTH="24" HEIGHT="0" />
            <String ID="Word_124867" HPOS="453" VPOS="1619" WIDTH="74" HEIGHT="43" CONTENT="the" />
            <SP ID="SP_112550" HPOS="527" VPOS="1619" WIDTH="23" HEIGHT="0" />
            <String ID="Word_124868" HPOS="550" VPOS="1624" WIDTH="111" HEIGHT="38" CONTENT="term" />
            <SP ID="SP_112551" HPOS="661" VPOS="1619" WIDTH="26" HEIGHT="0" />
            <String ID="Word_124869" HPOS="687" VPOS="1619" WIDTH="147" HEIGHT="43" CONTENT="ataxic" />
            <SP ID="SP_112552" HPOS="834" VPOS="1619" WIDTH="21" HEIGHT="0" />
            <String ID="Word_124870" HPOS="855" VPOS="1619" WIDTH="193" HEIGHT="55" CONTENT="aphasia." />
            <SP ID="SP_112553" HPOS="1048" VPOS="1619" WIDTH="65" HEIGHT="0" />
            <String ID="Word_124871" HPOS="1113" VPOS="1619" WIDTH="338" HEIGHT="56" CONTENT="Theoretically," />
            <SP ID="SP_112554" HPOS="1451" VPOS="1619" WIDTH="18" HEIGHT="0" />
            <String ID="Word_124872" HPOS="1469" VPOS="1619" WIDTH="37" HEIGHT="42" CONTENT="it" />
            <SP ID="SP_112555" HPOS="1506" VPOS="1619" WIDTH="24" HEIGHT="0" />
            <String ID="Word_124873" HPOS="1530" VPOS="1633" WIDTH="140" HEIGHT="28" CONTENT="seems" />
            <SP ID="SP_112556" HPOS="1670" VPOS="1633" WIDTH="24" HEIGHT="0" />
            <String ID="Word_124874" HPOS="1694" VPOS="1633" WIDTH="176" HEIGHT="29" CONTENT="reason-" />
          </TextLine>
          <TextLine ID="TextLine_12324" HPOS="204" VPOS="1690" WIDTH="1667" HEIGHT="56">
            <String ID="Word_124875" HPOS="204" VPOS="1691" WIDTH="98" HEIGHT="42" CONTENT="able" />
            <SP ID="SP_112557" HPOS="302" VPOS="1691" WIDTH="24" HEIGHT="0" />
            <String ID="Word_124876" HPOS="326" VPOS="1695" WIDTH="43" HEIGHT="38" CONTENT="to" />
            <SP ID="SP_112558" HPOS="369" VPOS="1690" WIDTH="24" HEIGHT="0" />
            <String ID="Word_124877" HPOS="393" VPOS="1690" WIDTH="168" HEIGHT="43" CONTENT="believe" />
            <SP ID="SP_112559" HPOS="561" VPOS="1690" WIDTH="34" HEIGHT="0" />
            <String ID="Word_124878" HPOS="595" VPOS="1690" WIDTH="98" HEIGHT="43" CONTENT="that" />
            <SP ID="SP_112560" HPOS="693" VPOS="1690" WIDTH="32" HEIGHT="0" />
            <String ID="Word_124879" HPOS="725" VPOS="1691" WIDTH="229" HEIGHT="55" CONTENT="asynergia" />
            <SP ID="SP_112561" HPOS="954" VPOS="1690" WIDTH="33" HEIGHT="0" />
            <String ID="Word_124880" HPOS="987" VPOS="1690" WIDTH="192" HEIGHT="44" CONTENT="verbalis" />
            <SP ID="SP_112562" HPOS="1179" VPOS="1690" WIDTH="34" HEIGHT="0" />
            <String ID="Word_124881" HPOS="1213" VPOS="1705" WIDTH="103" HEIGHT="28" CONTENT="may" />
            <SP ID="SP_112563" HPOS="1316" VPOS="1691" WIDTH="23" HEIGHT="0" />
            <String ID="Word_124882" HPOS="1339" VPOS="1691" WIDTH="54" HEIGHT="42" CONTENT="be" />
            <SP ID="SP_112564" HPOS="1393" VPOS="1690" WIDTH="35" HEIGHT="0" />
            <String ID="Word_124883" HPOS="1428" VPOS="1690" WIDTH="86" HEIGHT="43" CONTENT="due" />
            <SP ID="SP_112565" HPOS="1514" VPOS="1690" WIDTH="24" HEIGHT="0" />
            <String ID="Word_124884" HPOS="1538" VPOS="1690" WIDTH="154" HEIGHT="43" CONTENT="either," />
            <SP ID="SP_112566" HPOS="1692" VPOS="1690" WIDTH="23" HEIGHT="0" />
            <String ID="Word_124885" HPOS="1715" VPOS="1705" WIDTH="55" HEIGHT="28" CONTENT="on" />
            <SP ID="SP_112567" HPOS="1770" VPOS="1691" WIDTH="26" HEIGHT="0" />
            <String ID="Word_124886" HPOS="1796" VPOS="1691" WIDTH="75" HEIGHT="43" CONTENT="the" />
          </TextLine>
          <TextLine ID="TextLine_12325" HPOS="205" VPOS="1763" WIDTH="1667" HEIGHT="57">
            <String ID="Word_124887" HPOS="205" VPOS="1778" WIDTH="82" HEIGHT="28" CONTENT="one" />
            <SP ID="SP_112568" HPOS="287" VPOS="1763" WIDTH="22" HEIGHT="0" />
            <String ID="Word_124888" HPOS="309" VPOS="1763" WIDTH="131" HEIGHT="53" CONTENT="hand," />
            <SP ID="SP_112569" HPOS="440" VPOS="1763" WIDTH="23" HEIGHT="0" />
            <String ID="Word_124889" HPOS="463" VPOS="1768" WIDTH="45" HEIGHT="37" CONTENT="to" />
            <SP ID="SP_112570" HPOS="508" VPOS="1764" WIDTH="25" HEIGHT="0" />
            <String ID="Word_124890" HPOS="533" VPOS="1764" WIDTH="73" HEIGHT="42" CONTENT="the" />
            <SP ID="SP_112571" HPOS="606" VPOS="1763" WIDTH="25" HEIGHT="0" />
            <String ID="Word_124891" HPOS="631" VPOS="1763" WIDTH="283" HEIGHT="43" CONTENT="obliteration" />
            <SP ID="SP_112572" HPOS="914" VPOS="1763" WIDTH="24" HEIGHT="0" />
            <String ID="Word_124892" HPOS="938" VPOS="1763" WIDTH="44" HEIGHT="42" CONTENT="of" />
            <SP ID="SP_112573" HPOS="982" VPOS="1763" WIDTH="34" HEIGHT="0" />
            <String ID="Word_124893" HPOS="1016" VPOS="1763" WIDTH="123" HEIGHT="44" CONTENT="those" />
            <SP ID="SP_112574" HPOS="1139" VPOS="1763" WIDTH="29" HEIGHT="0" />
            <String ID="Word_124894" HPOS="1168" VPOS="1763" WIDTH="333" HEIGHT="57" CONTENT="psycho-motor" />
            <SP ID="SP_112575" HPOS="1501" VPOS="1763" WIDTH="23" HEIGHT="0" />
            <String ID="Word_124895" HPOS="1524" VPOS="1764" WIDTH="165" HEIGHT="56" CONTENT="images" />
            <SP ID="SP_112576" HPOS="1689" VPOS="1764" WIDTH="25" HEIGHT="0" />
            <String ID="Word_124896" HPOS="1714" VPOS="1764" WIDTH="158" HEIGHT="53" CONTENT="which," />
          </TextLine>
          <TextLine ID="TextLine_12326" HPOS="204" VPOS="1836" WIDTH="1668" HEIGHT="56">
            <String ID="Word_124897" HPOS="204" VPOS="1836" WIDTH="48" HEIGHT="42" CONTENT="in" />
            <SP ID="SP_112577" HPOS="252" VPOS="1836" WIDTH="23" HEIGHT="0" />
            <String ID="Word_124898" HPOS="275" VPOS="1836" WIDTH="75" HEIGHT="43" CONTENT="the" />
            <SP ID="SP_112578" HPOS="350" VPOS="1836" WIDTH="23" HEIGHT="0" />
            <String ID="Word_124899" HPOS="373" VPOS="1836" WIDTH="263" HEIGHT="56" CONTENT="production" />
            <SP ID="SP_112579" HPOS="636" VPOS="1836" WIDTH="33" HEIGHT="0" />
            <String ID="Word_124900" HPOS="669" VPOS="1837" WIDTH="47" HEIGHT="41" CONTENT="of" />
            <SP ID="SP_112580" HPOS="716" VPOS="1836" WIDTH="31" HEIGHT="0" />
            <String ID="Word_124901" HPOS="747" VPOS="1836" WIDTH="151" HEIGHT="52" CONTENT="words," />
            <SP ID="SP_112581" HPOS="898" VPOS="1836" WIDTH="22" HEIGHT="0" />
            <String ID="Word_124902" HPOS="920" VPOS="1850" WIDTH="74" HEIGHT="29" CONTENT="are" />
            <SP ID="SP_112582" HPOS="994" VPOS="1836" WIDTH="33" HEIGHT="0" />
            <String ID="Word_124903" HPOS="1027" VPOS="1836" WIDTH="211" HEIGHT="43" CONTENT="essential" />
            <SP ID="SP_112583" HPOS="1238" VPOS="1836" WIDTH="32" HEIGHT="0" />
            <String ID="Word_124904" HPOS="1270" VPOS="1836" WIDTH="66" HEIGHT="42" CONTENT="for" />
            <SP ID="SP_112584" HPOS="1336" VPOS="1836" WIDTH="33" HEIGHT="0" />
            <String ID="Word_124905" HPOS="1369" VPOS="1836" WIDTH="76" HEIGHT="43" CONTENT="the" />
            <SP ID="SP_112585" HPOS="1445" VPOS="1836" WIDTH="32" HEIGHT="0" />
            <String ID="Word_124906" HPOS="1477" VPOS="1836" WIDTH="217" HEIGHT="56" CONTENT="guidance" />
            <SP ID="SP_112586" HPOS="1694" VPOS="1836" WIDTH="23" HEIGHT="0" />
            <String ID="Word_124907" HPOS="1717" VPOS="1837" WIDTH="45" HEIGHT="42" CONTENT="of" />
            <SP ID="SP_112587" HPOS="1762" VPOS="1837" WIDTH="32" HEIGHT="0" />
            <String ID="Word_124908" HPOS="1794" VPOS="1837" WIDTH="78" HEIGHT="42" CONTENT="the" />
          </TextLine>
          <TextLine ID="TextLine_12327" HPOS="206" VPOS="1908" WIDTH="1667" HEIGHT="57">
            <String ID="Word_124909" HPOS="206" VPOS="1909" WIDTH="230" HEIGHT="43" CONTENT="executive" />
            <SP ID="SP_112588" HPOS="436" VPOS="1909" WIDTH="34" HEIGHT="0" />
            <String ID="Word_124910" HPOS="470" VPOS="1914" WIDTH="140" HEIGHT="37" CONTENT="motor" />
            <SP ID="SP_112589" HPOS="610" VPOS="1908" WIDTH="33" HEIGHT="0" />
            <String ID="Word_124911" HPOS="643" VPOS="1908" WIDTH="131" HEIGHT="54" CONTENT="cells;" />
            <SP ID="SP_112590" HPOS="774" VPOS="1923" WIDTH="33" HEIGHT="0" />
            <String ID="Word_124912" HPOS="807" VPOS="1923" WIDTH="57" HEIGHT="37" CONTENT="or," />
            <SP ID="SP_112591" HPOS="864" VPOS="1923" WIDTH="25" HEIGHT="0" />
            <String ID="Word_124913" HPOS="889" VPOS="1923" WIDTH="55" HEIGHT="28" CONTENT="on" />
            <SP ID="SP_112592" HPOS="944" VPOS="1909" WIDTH="34" HEIGHT="0" />
            <String ID="Word_124914" HPOS="978" VPOS="1909" WIDTH="76" HEIGHT="42" CONTENT="the" />
            <SP ID="SP_112593" HPOS="1054" VPOS="1908" WIDTH="33" HEIGHT="0" />
            <String ID="Word_124915" HPOS="1087" VPOS="1908" WIDTH="126" HEIGHT="43" CONTENT="other" />
            <SP ID="SP_112594" HPOS="1213" VPOS="1908" WIDTH="31" HEIGHT="0" />
            <String ID="Word_124916" HPOS="1244" VPOS="1908" WIDTH="270" HEIGHT="53" CONTENT="hand,—the" />
            <SP ID="SP_112595" HPOS="1514" VPOS="1908" WIDTH="23" HEIGHT="0" />
            <String ID="Word_124917" HPOS="1537" VPOS="1913" WIDTH="336" HEIGHT="52" CONTENT="psycho-motor" />
          </TextLine>
          <TextLine ID="TextLine_12328" HPOS="206" VPOS="1981" WIDTH="1667" HEIGHT="57">
            <String ID="Word_124918" HPOS="206" VPOS="1982" WIDTH="165" HEIGHT="56" CONTENT="images" />
            <SP ID="SP_112596" HPOS="371" VPOS="1981" WIDTH="35" HEIGHT="0" />
            <String ID="Word_124919" HPOS="406" VPOS="1981" WIDTH="128" HEIGHT="56" CONTENT="being" />
            <SP ID="SP_112597" HPOS="534" VPOS="1981" WIDTH="33" HEIGHT="0" />
            <String ID="Word_124920" HPOS="567" VPOS="1981" WIDTH="259" HEIGHT="43" CONTENT="intact,—to" />
            <SP ID="SP_112598" HPOS="826" VPOS="1981" WIDTH="35" HEIGHT="0" />
            <String ID="Word_124921" HPOS="861" VPOS="1981" WIDTH="74" HEIGHT="43" CONTENT="the" />
            <SP ID="SP_112599" HPOS="935" VPOS="1981" WIDTH="34" HEIGHT="0" />
            <String ID="Word_124922" HPOS="969" VPOS="1981" WIDTH="272" HEIGHT="42" CONTENT="destruction" />
            <SP ID="SP_112600" HPOS="1241" VPOS="1981" WIDTH="34" HEIGHT="0" />
            <String ID="Word_124923" HPOS="1275" VPOS="1982" WIDTH="46" HEIGHT="41" CONTENT="of" />
            <SP ID="SP_112601" HPOS="1321" VPOS="1981" WIDTH="36" HEIGHT="0" />
            <String ID="Word_124924" HPOS="1357" VPOS="1981" WIDTH="87" HEIGHT="43" CONTENT="the'" />
            <SP ID="SP_112602" HPOS="1444" VPOS="1981" WIDTH="21" HEIGHT="0" />
            <String ID="Word_124925" HPOS="1465" VPOS="1982" WIDTH="230" HEIGHT="42" CONTENT="executive" />
            <SP ID="SP_112603" HPOS="1695" VPOS="1982" WIDTH="33" HEIGHT="0" />
            <String ID="Word_124926" HPOS="1728" VPOS="1987" WIDTH="145" HEIGHT="38" CONTENT="motor" />
          </TextLine>
          <TextLine ID="TextLine_12329" HPOS="207" VPOS="2053" WIDTH="1665" HEIGHT="52">
            <String ID="Word_124927" HPOS="207" VPOS="2053" WIDTH="117" HEIGHT="43" CONTENT="cells." />
            <SP ID="SP_112604" HPOS="324" VPOS="2053" WIDTH="64" HEIGHT="0" />
            <String ID="Word_124928" HPOS="388" VPOS="2053" WIDTH="200" HEIGHT="52" CONTENT="Further," />
            <SP ID="SP_112605" HPOS="588" VPOS="2053" WIDTH="22" HEIGHT="0" />
            <String ID="Word_124929" HPOS="610" VPOS="2054" WIDTH="36" HEIGHT="41" CONTENT="it" />
            <SP ID="SP_112606" HPOS="646" VPOS="2053" WIDTH="23" HEIGHT="0" />
            <String ID="Word_124930" HPOS="669" VPOS="2053" WIDTH="158" HEIGHT="43" CONTENT="should" />
            <SP ID="SP_112607" HPOS="827" VPOS="2053" WIDTH="23" HEIGHT="0" />
            <String ID="Word_124931" HPOS="850" VPOS="2054" WIDTH="53" HEIGHT="42" CONTENT="be" />
            <SP ID="SP_112608" HPOS="903" VPOS="2053" WIDTH="23" HEIGHT="0" />
            <String ID="Word_124932" HPOS="926" VPOS="2053" WIDTH="134" HEIGHT="43" CONTENT="noted" />
            <SP ID="SP_112609" HPOS="1060" VPOS="2053" WIDTH="24" HEIGHT="0" />
            <String ID="Word_124933" HPOS="1084" VPOS="2053" WIDTH="98" HEIGHT="42" CONTENT="that" />
            <SP ID="SP_112610" HPOS="1182" VPOS="2053" WIDTH="22" HEIGHT="0" />
            <String ID="Word_124934" HPOS="1204" VPOS="2068" WIDTH="24" HEIGHT="28" CONTENT="a" />
            <SP ID="SP_112611" HPOS="1228" VPOS="2053" WIDTH="23" HEIGHT="0" />
            <String ID="Word_124935" HPOS="1251" VPOS="2053" WIDTH="294" HEIGHT="43" CONTENT="disablement" />
            <SP ID="SP_112612" HPOS="1545" VPOS="2053" WIDTH="22" HEIGHT="0" />
            <String ID="Word_124936" HPOS="1567" VPOS="2055" WIDTH="47" HEIGHT="41" CONTENT="of" />
            <SP ID="SP_112613" HPOS="1614" VPOS="2055" WIDTH="30" HEIGHT="0" />
            <String ID="Word_124937" HPOS="1644" VPOS="2059" WIDTH="228" HEIGHT="40" CONTENT="utterance" />
          </TextLine>
          <TextLine ID="TextLine_12330" HPOS="208" VPOS="2124" WIDTH="1664" HEIGHT="57">
            <String ID="Word_124938" HPOS="208" VPOS="2126" WIDTH="44" HEIGHT="42" CONTENT="of" />
            <SP ID="SP_112614" HPOS="252" VPOS="2125" WIDTH="33" HEIGHT="0" />
            <String ID="Word_124939" HPOS="285" VPOS="2125" WIDTH="90" HEIGHT="43" CONTENT="like" />
            <SP ID="SP_112615" HPOS="375" VPOS="2125" WIDTH="32" HEIGHT="0" />
            <String ID="Word_124940" HPOS="407" VPOS="2125" WIDTH="234" HEIGHT="43" CONTENT="character," />
            <SP ID="SP_112616" HPOS="641" VPOS="2125" WIDTH="24" HEIGHT="0" />
            <String ID="Word_124941" HPOS="665" VPOS="2126" WIDTH="86" HEIGHT="41" CONTENT="and" />
            <SP ID="SP_112617" HPOS="751" VPOS="2126" WIDTH="36" HEIGHT="0" />
            <String ID="Word_124942" HPOS="787" VPOS="2140" WIDTH="46" HEIGHT="28" CONTENT="as" />
            <SP ID="SP_112618" HPOS="833" VPOS="2125" WIDTH="36" HEIGHT="0" />
            <String ID="Word_124943" HPOS="869" VPOS="2125" WIDTH="217" HEIGHT="43" CONTENT="complete" />
            <SP ID="SP_112619" HPOS="1086" VPOS="2125" WIDTH="24" HEIGHT="0" />
            <String ID="Word_124944" HPOS="1110" VPOS="2140" WIDTH="46" HEIGHT="28" CONTENT="as" />
            <SP ID="SP_112620" HPOS="1156" VPOS="2124" WIDTH="23" HEIGHT="0" />
            <String ID="Word_124945" HPOS="1179" VPOS="2124" WIDTH="45" HEIGHT="44" CONTENT="in" />
            <SP ID="SP_112621" HPOS="1224" VPOS="2124" WIDTH="25" HEIGHT="0" />
            <String ID="Word_124946" HPOS="1249" VPOS="2126" WIDTH="142" HEIGHT="42" CONTENT="either" />
            <SP ID="SP_112622" HPOS="1391" VPOS="2126" WIDTH="23" HEIGHT="0" />
            <String ID="Word_124947" HPOS="1414" VPOS="2126" WIDTH="44" HEIGHT="42" CONTENT="of" />
            <SP ID="SP_112623" HPOS="1458" VPOS="2126" WIDTH="24" HEIGHT="0" />
            <String ID="Word_124948" HPOS="1482" VPOS="2126" WIDTH="123" HEIGHT="43" CONTENT="these" />
            <SP ID="SP_112624" HPOS="1605" VPOS="2126" WIDTH="24" HEIGHT="0" />
            <String ID="Word_124949" HPOS="1629" VPOS="2132" WIDTH="87" HEIGHT="37" CONTENT="two" />
            <SP ID="SP_112625" HPOS="1716" VPOS="2132" WIDTH="23" HEIGHT="0" />
            <String ID="Word_124950" HPOS="1739" VPOS="2141" WIDTH="133" HEIGHT="40" CONTENT="cases," />
          </TextLine>
          <TextLine ID="TextLine_12331" HPOS="210" VPOS="2198" WIDTH="1661" HEIGHT="56">
            <String ID="Word_124951" HPOS="210" VPOS="2198" WIDTH="92" HEIGHT="42" CONTENT="will" />
            <SP ID="SP_112626" HPOS="302" VPOS="2198" WIDTH="22" HEIGHT="0" />
            <String ID="Word_124952" HPOS="324" VPOS="2198" WIDTH="140" HEIGHT="43" CONTENT="result" />
            <SP ID="SP_112627" HPOS="464" VPOS="2198" WIDTH="22" HEIGHT="0" />
            <String ID="Word_124953" HPOS="486" VPOS="2198" WIDTH="37" HEIGHT="41" CONTENT="if" />
            <SP ID="SP_112628" HPOS="523" VPOS="2198" WIDTH="20" HEIGHT="0" />
            <String ID="Word_124954" HPOS="543" VPOS="2198" WIDTH="73" HEIGHT="43" CONTENT="the" />
            <SP ID="SP_112629" HPOS="616" VPOS="2198" WIDTH="23" HEIGHT="0" />
            <String ID="Word_124955" HPOS="639" VPOS="2198" WIDTH="267" HEIGHT="43" CONTENT="conducting" />
            <SP ID="SP_112630" HPOS="906" VPOS="2198" WIDTH="22" HEIGHT="0" />
            <String ID="Word_124956" HPOS="928" VPOS="2199" WIDTH="129" HEIGHT="42" CONTENT="fibres" />
            <SP ID="SP_112631" HPOS="1057" VPOS="2198" WIDTH="18" HEIGHT="0" />
            <String ID="Word_124957" HPOS="1075" VPOS="2198" WIDTH="176" HEIGHT="43" CONTENT="leading" />
            <SP ID="SP_112632" HPOS="1251" VPOS="2198" WIDTH="23" HEIGHT="0" />
            <String ID="Word_124958" HPOS="1274" VPOS="2199" WIDTH="113" HEIGHT="42" CONTENT="from" />
            <SP ID="SP_112633" HPOS="1387" VPOS="2199" WIDTH="26" HEIGHT="0" />
            <String ID="Word_124959" HPOS="1413" VPOS="2199" WIDTH="73" HEIGHT="43" CONTENT="the" />
            <SP ID="SP_112634" HPOS="1486" VPOS="2199" WIDTH="24" HEIGHT="0" />
            <String ID="Word_124960" HPOS="1510" VPOS="2200" WIDTH="232" HEIGHT="43" CONTENT="executive" />
            <SP ID="SP_112635" HPOS="1742" VPOS="2200" WIDTH="24" HEIGHT="0" />
            <String ID="Word_124961" HPOS="1766" VPOS="2201" WIDTH="105" HEIGHT="43" CONTENT="cells" />
          </TextLine>
          <TextLine ID="TextLine_12332" HPOS="208" VPOS="2271" WIDTH="944" HEIGHT="56">
            <String ID="Word_124962" HPOS="208" VPOS="2285" WIDTH="73" HEIGHT="28" CONTENT="are" />
            <SP ID="SP_112636" HPOS="281" VPOS="2277" WIDTH="23" HEIGHT="0" />
            <String ID="Word_124963" HPOS="304" VPOS="2277" WIDTH="75" HEIGHT="36" CONTENT="cut" />
            <SP ID="SP_112637" HPOS="379" VPOS="2277" WIDTH="22" HEIGHT="0" />
            <String ID="Word_124964" HPOS="401" VPOS="2285" WIDTH="144" HEIGHT="28" CONTENT="across" />
            <SP ID="SP_112638" HPOS="545" VPOS="2271" WIDTH="23" HEIGHT="0" />
            <String ID="Word_124965" HPOS="568" VPOS="2271" WIDTH="58" HEIGHT="56" CONTENT="by" />
            <SP ID="SP_112639" HPOS="626" VPOS="2271" WIDTH="23" HEIGHT="0" />
            <String ID="Word_124966" HPOS="649" VPOS="2285" WIDTH="25" HEIGHT="28" CONTENT="a" />
            <SP ID="SP_112640" HPOS="674" VPOS="2271" WIDTH="22" HEIGHT="0" />
            <String ID="Word_124967" HPOS="696" VPOS="2271" WIDTH="283" HEIGHT="43" CONTENT="sub-cortical" />
            <SP ID="SP_112641" HPOS="979" VPOS="2271" WIDTH="24" HEIGHT="0" />
            <String ID="Word_124968" HPOS="1003" VPOS="2271" WIDTH="149" HEIGHT="43" CONTENT="lesion." />
          </TextLine>
          <TextLine ID="TextLine_12333" HPOS="269" VPOS="2343" WIDTH="1603" HEIGHT="60">
            <String ID="Word_124969" HPOS="269" VPOS="2343" WIDTH="287" HEIGHT="43" CONTENT="Destruction" />
            <SP ID="SP_112642" HPOS="556" VPOS="2343" WIDTH="23" HEIGHT="0" />
            <String ID="Word_124970" HPOS="579" VPOS="2344" WIDTH="45" HEIGHT="43" CONTENT="of" />
            <SP ID="SP_112643" HPOS="624" VPOS="2344" WIDTH="32" HEIGHT="0" />
            <String ID="Word_124971" HPOS="656" VPOS="2344" WIDTH="75" HEIGHT="43" CONTENT="the" />
            <SP ID="SP_112644" HPOS="731" VPOS="2344" WIDTH="32" HEIGHT="0" />
            <String ID="Word_124972" HPOS="763" VPOS="2344" WIDTH="333" HEIGHT="56" CONTENT="psycho-motor" />
            <SP ID="SP_112645" HPOS="1096" VPOS="2344" WIDTH="22" HEIGHT="0" />
            <String ID="Word_124973" HPOS="1118" VPOS="2344" WIDTH="163" HEIGHT="56" CONTENT="images" />
            <SP ID="SP_112646" HPOS="1281" VPOS="2344" WIDTH="24" HEIGHT="0" />
            <String ID="Word_124974" HPOS="1305" VPOS="2359" WIDTH="48" HEIGHT="28" CONTENT="or" />
            <SP ID="SP_112647" HPOS="1353" VPOS="2345" WIDTH="29" HEIGHT="0" />
            <String ID="Word_124975" HPOS="1382" VPOS="2345" WIDTH="232" HEIGHT="43" CONTENT="memories" />
            <SP ID="SP_112648" HPOS="1614" VPOS="2345" WIDTH="24" HEIGHT="0" />
            <String ID="Word_124976" HPOS="1638" VPOS="2345" WIDTH="154" HEIGHT="58" CONTENT="might," />
            <SP ID="SP_112649" HPOS="1792" VPOS="2345" WIDTH="23" HEIGHT="0" />
            <String ID="Word_124977" HPOS="1815" VPOS="2362" WIDTH="57" HEIGHT="29" CONTENT="no" />
          </TextLine>
          <TextLine ID="TextLine_12334" HPOS="209" VPOS="2415" WIDTH="1664" HEIGHT="55">
            <String ID="Word_124978" HPOS="209" VPOS="2415" WIDTH="150" HEIGHT="55" CONTENT="doubt," />
            <SP ID="SP_112650" HPOS="359" VPOS="2415" WIDTH="23" HEIGHT="0" />
            <String ID="Word_124979" HPOS="382" VPOS="2416" WIDTH="53" HEIGHT="43" CONTENT="be" />
            <SP ID="SP_112651" HPOS="435" VPOS="2416" WIDTH="29" HEIGHT="0" />
            <String ID="Word_124980" HPOS="464" VPOS="2416" WIDTH="168" HEIGHT="44" CONTENT="classed" />
            <SP ID="SP_112652" HPOS="632" VPOS="2416" WIDTH="33" HEIGHT="0" />
            <String ID="Word_124981" HPOS="665" VPOS="2431" WIDTH="46" HEIGHT="29" CONTENT="as" />
            <SP ID="SP_112653" HPOS="711" VPOS="2431" WIDTH="33" HEIGHT="0" />
            <String ID="Word_124982" HPOS="744" VPOS="2431" WIDTH="25" HEIGHT="28" CONTENT="a" />
            <SP ID="SP_112654" HPOS="769" VPOS="2416" WIDTH="33" HEIGHT="0" />
            <String ID="Word_124983" HPOS="802" VPOS="2416" WIDTH="112" HEIGHT="43" CONTENT="form" />
            <SP ID="SP_112655" HPOS="914" VPOS="2416" WIDTH="35" HEIGHT="0" />
            <String ID="Word_124984" HPOS="949" VPOS="2417" WIDTH="44" HEIGHT="42" CONTENT="of" />
            <SP ID="SP_112656" HPOS="993" VPOS="2417" WIDTH="31" HEIGHT="0" />
            <String ID="Word_124985" HPOS="1024" VPOS="2417" WIDTH="215" HEIGHT="43" CONTENT="Amnesia" />
            <SP ID="SP_112657" HPOS="1239" VPOS="2417" WIDTH="21" HEIGHT="0" />
            <String ID="Word_124986" HPOS="1260" VPOS="2417" WIDTH="218" HEIGHT="44" CONTENT="Verbalis," />
            <SP ID="SP_112658" HPOS="1478" VPOS="2417" WIDTH="23" HEIGHT="0" />
            <String ID="Word_124987" HPOS="1501" VPOS="2418" WIDTH="35" HEIGHT="42" CONTENT="if" />
            <SP ID="SP_112659" HPOS="1536" VPOS="2418" WIDTH="31" HEIGHT="0" />
            <String ID="Word_124988" HPOS="1567" VPOS="2433" WIDTH="64" HEIGHT="28" CONTENT="we" />
            <SP ID="SP_112660" HPOS="1631" VPOS="2419" WIDTH="33" HEIGHT="0" />
            <String ID="Word_124989" HPOS="1664" VPOS="2419" WIDTH="130" HEIGHT="44" CONTENT="chose" />
            <SP ID="SP_112661" HPOS="1794" VPOS="2419" WIDTH="33" HEIGHT="0" />
            <String ID="Word_124990" HPOS="1827" VPOS="2425" WIDTH="46" HEIGHT="39" CONTENT="to" />
          </TextLine>
          <TextLine ID="TextLine_12335" HPOS="209" VPOS="2486" WIDTH="1663" HEIGHT="62">
            <String ID="Word_124991" HPOS="209" VPOS="2486" WIDTH="174" HEIGHT="57" CONTENT="employ" />
            <SP ID="SP_112662" HPOS="383" VPOS="2486" WIDTH="24" HEIGHT="0" />
            <String ID="Word_124992" HPOS="407" VPOS="2487" WIDTH="98" HEIGHT="43" CONTENT="that" />
            <SP ID="SP_112663" HPOS="505" VPOS="2487" WIDTH="34" HEIGHT="0" />
            <String ID="Word_124993" HPOS="539" VPOS="2494" WIDTH="110" HEIGHT="37" CONTENT="term" />
            <SP ID="SP_112664" HPOS="649" VPOS="2488" WIDTH="34" HEIGHT="0" />
            <String ID="Word_124994" HPOS="683" VPOS="2488" WIDTH="47" HEIGHT="43" CONTENT="in" />
            <SP ID="SP_112665" HPOS="730" VPOS="2488" WIDTH="34" HEIGHT="0" />
            <String ID="Word_124995" HPOS="764" VPOS="2489" WIDTH="57" HEIGHT="42" CONTENT="its" />
            <SP ID="SP_112666" HPOS="821" VPOS="2488" WIDTH="35" HEIGHT="0" />
            <String ID="Word_124996" HPOS="856" VPOS="2488" WIDTH="156" HEIGHT="44" CONTENT="widest" />
            <SP ID="SP_112667" HPOS="1012" VPOS="2488" WIDTH="22" HEIGHT="0" />
            <String ID="Word_124997" HPOS="1034" VPOS="2503" WIDTH="137" HEIGHT="29" CONTENT="sense," />
            <SP ID="SP_112668" HPOS="1171" VPOS="2503" WIDTH="24" HEIGHT="0" />
            <String ID="Word_124998" HPOS="1195" VPOS="2503" WIDTH="46" HEIGHT="28" CONTENT="as" />
            <SP ID="SP_112669" HPOS="1241" VPOS="2503" WIDTH="37" HEIGHT="0" />
            <String ID="Word_124999" HPOS="1278" VPOS="2504" WIDTH="132" HEIGHT="42" CONTENT="many" />
            <SP ID="SP_112670" HPOS="1410" VPOS="2489" WIDTH="23" HEIGHT="0" />
            <String ID="Word_125000" HPOS="1433" VPOS="2489" WIDTH="113" HEIGHT="44" CONTENT="have" />
            <SP ID="SP_112671" HPOS="1546" VPOS="2489" WIDTH="24" HEIGHT="0" />
            <String ID="Word_125001" HPOS="1570" VPOS="2491" WIDTH="233" HEIGHT="55" CONTENT="employed" />
            <SP ID="SP_112672" HPOS="1803" VPOS="2491" WIDTH="22" HEIGHT="0" />
            <String ID="Word_125002" HPOS="1825" VPOS="2492" WIDTH="47" HEIGHT="45" CONTENT="it." />
          </TextLine>
          <TextLine ID="TextLine_12336" HPOS="209" VPOS="2560" WIDTH="1666" HEIGHT="62">
            <String ID="Word_125003" HPOS="209" VPOS="2560" WIDTH="100" HEIGHT="52" CONTENT="But," />
            <SP ID="SP_112673" HPOS="309" VPOS="2560" WIDTH="24" HEIGHT="0" />
            <String ID="Word_125004" HPOS="333" VPOS="2574" WIDTH="46" HEIGHT="29" CONTENT="as" />
            <SP ID="SP_112674" HPOS="379" VPOS="2560" WIDTH="23" HEIGHT="0" />
            <String ID="Word_125005" HPOS="402" VPOS="2560" WIDTH="24" HEIGHT="42" CONTENT="I" />
            <SP ID="SP_112675" HPOS="426" VPOS="2560" WIDTH="25" HEIGHT="0" />
            <String ID="Word_125006" HPOS="451" VPOS="2560" WIDTH="111" HEIGHT="44" CONTENT="have" />
            <SP ID="SP_112676" HPOS="562" VPOS="2560" WIDTH="33" HEIGHT="0" />
            <String ID="Word_125007" HPOS="595" VPOS="2560" WIDTH="177" HEIGHT="44" CONTENT="already" />
            <SP ID="SP_112677" HPOS="772" VPOS="2560" WIDTH="24" HEIGHT="0" />
            <String ID="Word_125008" HPOS="796" VPOS="2561" WIDTH="223" HEIGHT="43" CONTENT="indicated" />
            <SP ID="SP_112678" HPOS="1019" VPOS="2561" WIDTH="33" HEIGHT="0" />
            <String ID="Word_125009" HPOS="1052" VPOS="2561" WIDTH="47" HEIGHT="43" CONTENT="in" />
            <SP ID="SP_112679" HPOS="1099" VPOS="2561" WIDTH="23" HEIGHT="0" />
            <String ID="Word_125010" HPOS="1122" VPOS="2561" WIDTH="75" HEIGHT="43" CONTENT="the" />
            <SP ID="SP_112680" HPOS="1197" VPOS="2561" WIDTH="34" HEIGHT="0" />
            <String ID="Word_125011" HPOS="1231" VPOS="2561" WIDTH="86" HEIGHT="43" CONTENT="last" />
            <SP ID="SP_112681" HPOS="1317" VPOS="2561" WIDTH="23" HEIGHT="0" />
            <String ID="Word_125012" HPOS="1340" VPOS="2576" WIDTH="147" HEIGHT="42" CONTENT="paper," />
            <SP ID="SP_112682" HPOS="1487" VPOS="2563" WIDTH="23" HEIGHT="0" />
            <String ID="Word_125013" HPOS="1510" VPOS="2563" WIDTH="37" HEIGHT="42" CONTENT="it" />
            <SP ID="SP_112683" HPOS="1547" VPOS="2563" WIDTH="21" HEIGHT="0" />
            <String ID="Word_125014" HPOS="1568" VPOS="2563" WIDTH="37" HEIGHT="43" CONTENT="is" />
            <SP ID="SP_112684" HPOS="1605" VPOS="2563" WIDTH="24" HEIGHT="0" />
            <String ID="Word_125015" HPOS="1629" VPOS="2565" WIDTH="246" HEIGHT="57" CONTENT="extremely" />
          </TextLine>
          <TextLine ID="TextLine_12337" HPOS="209" VPOS="2631" WIDTH="1665" HEIGHT="50">
            <String ID="Word_125016" HPOS="209" VPOS="2631" WIDTH="215" HEIGHT="45" CONTENT="desirable" />
            <SP ID="SP_112685" HPOS="424" VPOS="2631" WIDTH="25" HEIGHT="0" />
            <String ID="Word_125017" HPOS="449" VPOS="2633" WIDTH="97" HEIGHT="43" CONTENT="that" />
            <SP ID="SP_112686" HPOS="546" VPOS="2633" WIDTH="24" HEIGHT="0" />
            <String ID="Word_125018" HPOS="570" VPOS="2633" WIDTH="75" HEIGHT="44" CONTENT="the" />
            <SP ID="SP_112687" HPOS="645" VPOS="2633" WIDTH="19" HEIGHT="0" />
            <String ID="Word_125019" HPOS="664" VPOS="2638" WIDTH="112" HEIGHT="38" CONTENT="term" />
            <SP ID="SP_112688" HPOS="776" VPOS="2634" WIDTH="23" HEIGHT="0" />
            <String ID="Word_125020" HPOS="799" VPOS="2634" WIDTH="215" HEIGHT="43" CONTENT="Amnesia" />
            <SP ID="SP_112689" HPOS="1014" VPOS="2634" WIDTH="16" HEIGHT="0" />
            <String ID="Word_125021" HPOS="1030" VPOS="2634" WIDTH="207" HEIGHT="43" CONTENT="Verbalis" />
            <SP ID="SP_112690" HPOS="1237" VPOS="2634" WIDTH="24" HEIGHT="0" />
            <String ID="Word_125022" HPOS="1261" VPOS="2634" WIDTH="157" HEIGHT="43" CONTENT="should" />
            <SP ID="SP_112691" HPOS="1418" VPOS="2634" WIDTH="26" HEIGHT="0" />
            <String ID="Word_125023" HPOS="1444" VPOS="2635" WIDTH="54" HEIGHT="43" CONTENT="be" />
            <SP ID="SP_112692" HPOS="1498" VPOS="2635" WIDTH="22" HEIGHT="0" />
            <String ID="Word_125024" HPOS="1520" VPOS="2635" WIDTH="108" HEIGHT="43" CONTENT="used" />
            <SP ID="SP_112693" HPOS="1628" VPOS="2635" WIDTH="18" HEIGHT="0" />
            <String ID="Word_125025" HPOS="1646" VPOS="2635" WIDTH="45" HEIGHT="43" CONTENT="in" />
            <SP ID="SP_112694" HPOS="1691" VPOS="2635" WIDTH="20" HEIGHT="0" />
            <String ID="Word_125026" HPOS="1711" VPOS="2650" WIDTH="25" HEIGHT="29" CONTENT="a" />
            <SP ID="SP_112695" HPOS="1736" VPOS="2649" WIDTH="19" HEIGHT="0" />
            <String ID="Word_125027" HPOS="1755" VPOS="2651" WIDTH="119" HEIGHT="30" CONTENT="more" />
          </TextLine>
          <TextLine ID="TextLine_12338" HPOS="210" VPOS="2704" WIDTH="1665" HEIGHT="60">
            <String ID="Word_125028" HPOS="210" VPOS="2704" WIDTH="229" HEIGHT="43" CONTENT="restricted" />
            <SP ID="SP_112696" HPOS="439" VPOS="2704" WIDTH="23" HEIGHT="0" />
            <String ID="Word_125029" HPOS="462" VPOS="2719" WIDTH="138" HEIGHT="39" CONTENT="sense," />
            <SP ID="SP_112697" HPOS="600" VPOS="2719" WIDTH="23" HEIGHT="0" />
            <String ID="Word_125030" HPOS="623" VPOS="2719" WIDTH="46" HEIGHT="29" CONTENT="as" />
            <SP ID="SP_112698" HPOS="669" VPOS="2705" WIDTH="24" HEIGHT="0" />
            <String ID="Word_125031" HPOS="693" VPOS="2705" WIDTH="76" HEIGHT="44" CONTENT="the" />
            <SP ID="SP_112699" HPOS="769" VPOS="2705" WIDTH="24" HEIGHT="0" />
            <String ID="Word_125032" HPOS="793" VPOS="2712" WIDTH="112" HEIGHT="37" CONTENT="term" />
            <SP ID="SP_112700" HPOS="905" VPOS="2707" WIDTH="35" HEIGHT="0" />
            <String ID="Word_125033" HPOS="940" VPOS="2707" WIDTH="66" HEIGHT="42" CONTENT="for" />
            <SP ID="SP_112701" HPOS="1006" VPOS="2707" WIDTH="22" HEIGHT="0" />
            <String ID="Word_125034" HPOS="1028" VPOS="2721" WIDTH="82" HEIGHT="28" CONTENT="one" />
            <SP ID="SP_112702" HPOS="1110" VPOS="2707" WIDTH="24" HEIGHT="0" />
            <String ID="Word_125035" HPOS="1134" VPOS="2707" WIDTH="47" HEIGHT="42" CONTENT="of" />
            <SP ID="SP_112703" HPOS="1181" VPOS="2707" WIDTH="29" HEIGHT="0" />
            <String ID="Word_125036" HPOS="1210" VPOS="2707" WIDTH="75" HEIGHT="42" CONTENT="the" />
            <SP ID="SP_112704" HPOS="1285" VPOS="2707" WIDTH="35" HEIGHT="0" />
            <String ID="Word_125037" HPOS="1320" VPOS="2712" WIDTH="114" HEIGHT="38" CONTENT="most" />
            <SP ID="SP_112705" HPOS="1434" VPOS="2707" WIDTH="23" HEIGHT="0" />
            <String ID="Word_125038" HPOS="1457" VPOS="2707" WIDTH="245" HEIGHT="57" CONTENT="important" />
            <SP ID="SP_112706" HPOS="1702" VPOS="2707" WIDTH="23" HEIGHT="0" />
            <String ID="Word_125039" HPOS="1725" VPOS="2710" WIDTH="45" HEIGHT="42" CONTENT="of" />
            <SP ID="SP_112707" HPOS="1770" VPOS="2710" WIDTH="29" HEIGHT="0" />
            <String ID="Word_125040" HPOS="1799" VPOS="2711" WIDTH="76" HEIGHT="42" CONTENT="the" />
          </TextLine>
          <TextLine ID="TextLine_12339" HPOS="211" VPOS="2778" WIDTH="1665" HEIGHT="58">
            <String ID="Word_125041" HPOS="211" VPOS="2782" WIDTH="245" HEIGHT="49" CONTENT="symptoms" />
            <SP ID="SP_112708" HPOS="456" VPOS="2778" WIDTH="39" HEIGHT="0" />
            <String ID="Word_125042" HPOS="495" VPOS="2778" WIDTH="44" HEIGHT="41" CONTENT="of" />
            <SP ID="SP_112709" HPOS="539" VPOS="2778" WIDTH="38" HEIGHT="0" />
            <String ID="Word_125043" HPOS="577" VPOS="2778" WIDTH="193" HEIGHT="56" CONTENT="aphasia," />
            <SP ID="SP_112710" HPOS="770" VPOS="2778" WIDTH="38" HEIGHT="0" />
            <String ID="Word_125044" HPOS="808" VPOS="2778" WIDTH="94" HEIGHT="43" CONTENT="viz.," />
            <SP ID="SP_112711" HPOS="902" VPOS="2778" WIDTH="38" HEIGHT="0" />
            <String ID="Word_125045" HPOS="940" VPOS="2778" WIDTH="99" HEIGHT="43" CONTENT="that" />
            <SP ID="SP_112712" HPOS="1039" VPOS="2778" WIDTH="35" HEIGHT="0" />
            <String ID="Word_125046" HPOS="1074" VPOS="2779" WIDTH="332" HEIGHT="57" CONTENT="Forgetfulness" />
            <SP ID="SP_112713" HPOS="1406" VPOS="2779" WIDTH="38" HEIGHT="0" />
            <String ID="Word_125047" HPOS="1444" VPOS="2780" WIDTH="47" HEIGHT="42" CONTENT="of" />
            <SP ID="SP_112714" HPOS="1491" VPOS="2780" WIDTH="33" HEIGHT="0" />
            <String ID="Word_125048" HPOS="1524" VPOS="2780" WIDTH="163" HEIGHT="44" CONTENT="Words" />
            <SP ID="SP_112715" HPOS="1687" VPOS="2780" WIDTH="46" HEIGHT="0" />
            <String ID="Word_125049" HPOS="1733" VPOS="2783" WIDTH="143" HEIGHT="42" CONTENT="which" />
          </TextLine>
          <TextLine ID="TextLine_12340" HPOS="213" VPOS="2848" WIDTH="1663" HEIGHT="61">
            <String ID="Word_125050" HPOS="213" VPOS="2848" WIDTH="175" HEIGHT="56" CONTENT="betrays" />
            <SP ID="SP_112716" HPOS="388" VPOS="2848" WIDTH="32" HEIGHT="0" />
            <String ID="Word_125051" HPOS="420" VPOS="2849" WIDTH="123" HEIGHT="43" CONTENT="itself" />
            <SP ID="SP_112717" HPOS="543" VPOS="2848" WIDTH="18" HEIGHT="0" />
            <String ID="Word_125052" HPOS="561" VPOS="2848" WIDTH="45" HEIGHT="45" CONTENT="in" />
            <SP ID="SP_112718" HPOS="606" VPOS="2848" WIDTH="25" HEIGHT="0" />
            <String ID="Word_125053" HPOS="631" VPOS="2850" WIDTH="74" HEIGHT="43" CONTENT="the" />
            <SP ID="SP_112719" HPOS="705" VPOS="2850" WIDTH="35" HEIGHT="0" />
            <String ID="Word_125054" HPOS="740" VPOS="2850" WIDTH="88" HEIGHT="44" CONTENT="loss" />
            <SP ID="SP_112720" HPOS="828" VPOS="2850" WIDTH="23" HEIGHT="0" />
            <String ID="Word_125055" HPOS="851" VPOS="2851" WIDTH="47" HEIGHT="42" CONTENT="of" />
            <SP ID="SP_112721" HPOS="898" VPOS="2851" WIDTH="33" HEIGHT="0" />
            <String ID="Word_125056" HPOS="931" VPOS="2851" WIDTH="74" HEIGHT="43" CONTENT="the" />
            <SP ID="SP_112722" HPOS="1005" VPOS="2851" WIDTH="33" HEIGHT="0" />
            <String ID="Word_125057" HPOS="1038" VPOS="2865" WIDTH="146" HEIGHT="43" CONTENT="power" />
            <SP ID="SP_112723" HPOS="1184" VPOS="2852" WIDTH="34" HEIGHT="0" />
            <String ID="Word_125058" HPOS="1218" VPOS="2852" WIDTH="44" HEIGHT="42" CONTENT="of" />
            <SP ID="SP_112724" HPOS="1262" VPOS="2851" WIDTH="33" HEIGHT="0" />
            <String ID="Word_125059" HPOS="1295" VPOS="2851" WIDTH="164" HEIGHT="58" CONTENT="calling" />
            <SP ID="SP_112725" HPOS="1459" VPOS="2851" WIDTH="21" HEIGHT="0" />
            <String ID="Word_125060" HPOS="1480" VPOS="2867" WIDTH="61" HEIGHT="42" CONTENT="up" />
            <SP ID="SP_112726" HPOS="1541" VPOS="2853" WIDTH="24" HEIGHT="0" />
            <String ID="Word_125061" HPOS="1565" VPOS="2853" WIDTH="143" HEIGHT="44" CONTENT="words" />
            <SP ID="SP_112727" HPOS="1708" VPOS="2853" WIDTH="22" HEIGHT="0" />
            <String ID="Word_125062" HPOS="1730" VPOS="2854" WIDTH="48" HEIGHT="43" CONTENT="in" />
            <SP ID="SP_112728" HPOS="1778" VPOS="2854" WIDTH="23" HEIGHT="0" />
            <String ID="Word_125063" HPOS="1801" VPOS="2855" WIDTH="75" HEIGHT="43" CONTENT="the" />
          </TextLine>
          <TextLine ID="TextLine_12341" HPOS="212" VPOS="2920" WIDTH="1665" HEIGHT="61">
            <String ID="Word_125064" HPOS="212" VPOS="2920" WIDTH="137" HEIGHT="53" CONTENT="mind," />
            <SP ID="SP_112729" HPOS="349" VPOS="2920" WIDTH="26" HEIGHT="0" />
            <String ID="Word_125065" HPOS="375" VPOS="2921" WIDTH="125" HEIGHT="42" CONTENT="when" />
            <SP ID="SP_112730" HPOS="500" VPOS="2921" WIDTH="25" HEIGHT="0" />
            <String ID="Word_125066" HPOS="525" VPOS="2922" WIDTH="105" HEIGHT="57" CONTENT="they" />
            <SP ID="SP_112731" HPOS="630" VPOS="2922" WIDTH="23" HEIGHT="0" />
            <String ID="Word_125067" HPOS="653" VPOS="2937" WIDTH="72" HEIGHT="29" CONTENT="are" />
            <SP ID="SP_112732" HPOS="725" VPOS="2923" WIDTH="23" HEIGHT="0" />
            <String ID="Word_125068" HPOS="748" VPOS="2923" WIDTH="175" HEIGHT="43" CONTENT="wanted" />
            <SP ID="SP_112733" HPOS="923" VPOS="2923" WIDTH="24" HEIGHT="0" />
            <String ID="Word_125069" HPOS="947" VPOS="2924" WIDTH="66" HEIGHT="42" CONTENT="for" />
            <SP ID="SP_112734" HPOS="1013" VPOS="2924" WIDTH="21" HEIGHT="0" />
            <String ID="Word_125070" HPOS="1034" VPOS="2938" WIDTH="213" HEIGHT="42" CONTENT="purposes" />
            <SP ID="SP_112735" HPOS="1247" VPOS="2925" WIDTH="23" HEIGHT="0" />
            <String ID="Word_125071" HPOS="1270" VPOS="2925" WIDTH="45" HEIGHT="42" CONTENT="of" />
            <SP ID="SP_112736" HPOS="1315" VPOS="2925" WIDTH="33" HEIGHT="0" />
            <String ID="Word_125072" HPOS="1348" VPOS="2929" WIDTH="227" HEIGHT="39" CONTENT="utterance" />
            <SP ID="SP_112737" HPOS="1575" VPOS="2929" WIDTH="22" HEIGHT="0" />
            <String ID="Word_125073" HPOS="1597" VPOS="2939" WIDTH="47" HEIGHT="29" CONTENT="or" />
            <SP ID="SP_112738" HPOS="1644" VPOS="2926" WIDTH="23" HEIGHT="0" />
            <String ID="Word_125074" HPOS="1667" VPOS="2926" WIDTH="47" HEIGHT="42" CONTENT="of" />
            <SP ID="SP_112739" HPOS="1714" VPOS="2926" WIDTH="29" HEIGHT="0" />
            <String ID="Word_125075" HPOS="1743" VPOS="2927" WIDTH="134" HEIGHT="44" CONTENT="silent" />
          </TextLine>
          <TextLine ID="TextLine_12342" HPOS="214" VPOS="2993" WIDTH="1664" HEIGHT="62">
            <String ID="Word_125076" HPOS="214" VPOS="2993" WIDTH="199" HEIGHT="57" CONTENT="thought." />
            <SP ID="SP_112740" HPOS="413" VPOS="2993" WIDTH="65" HEIGHT="0" />
            <String ID="Word_125077" HPOS="478" VPOS="2994" WIDTH="82" HEIGHT="43" CONTENT="We" />
            <SP ID="SP_112741" HPOS="560" VPOS="2994" WIDTH="25" HEIGHT="0" />
            <String ID="Word_125078" HPOS="585" VPOS="2994" WIDTH="110" HEIGHT="43" CONTENT="have" />
            <SP ID="SP_112742" HPOS="695" VPOS="2994" WIDTH="26" HEIGHT="0" />
            <String ID="Word_125079" HPOS="721" VPOS="3010" WIDTH="53" HEIGHT="27" CONTENT="no" />
            <SP ID="SP_112743" HPOS="774" VPOS="2995" WIDTH="24" HEIGHT="0" />
            <String ID="Word_125080" HPOS="798" VPOS="2995" WIDTH="125" HEIGHT="43" CONTENT="other" />
            <SP ID="SP_112744" HPOS="923" VPOS="2995" WIDTH="33" HEIGHT="0" />
            <String ID="Word_125081" HPOS="956" VPOS="3003" WIDTH="112" HEIGHT="36" CONTENT="term" />
            <SP ID="SP_112745" HPOS="1068" VPOS="2997" WIDTH="25" HEIGHT="0" />
            <String ID="Word_125082" HPOS="1093" VPOS="2997" WIDTH="57" HEIGHT="56" CONTENT="by" />
            <SP ID="SP_112746" HPOS="1150" VPOS="2997" WIDTH="27" HEIGHT="0" />
            <String ID="Word_125083" HPOS="1177" VPOS="2997" WIDTH="143" HEIGHT="43" CONTENT="which" />
            <SP ID="SP_112747" HPOS="1320" VPOS="2997" WIDTH="25" HEIGHT="0" />
            <String ID="Word_125084" HPOS="1345" VPOS="3012" WIDTH="63" HEIGHT="28" CONTENT="we" />
            <SP ID="SP_112748" HPOS="1408" VPOS="3011" WIDTH="25" HEIGHT="0" />
            <String ID="Word_125085" HPOS="1433" VPOS="3011" WIDTH="79" HEIGHT="29" CONTENT="can" />
            <SP ID="SP_112749" HPOS="1512" VPOS="2997" WIDTH="25" HEIGHT="0" />
            <String ID="Word_125086" HPOS="1537" VPOS="2997" WIDTH="228" HEIGHT="58" CONTENT="designate" />
            <SP ID="SP_112750" HPOS="1765" VPOS="2997" WIDTH="24" HEIGHT="0" />
            <String ID="Word_125087" HPOS="1789" VPOS="3001" WIDTH="89" HEIGHT="43" CONTENT="this" />
          </TextLine>
          <TextLine ID="TextLine_12343" HPOS="212" VPOS="3065" WIDTH="1666" HEIGHT="60">
            <String ID="Word_125088" HPOS="212" VPOS="3070" WIDTH="116" HEIGHT="38" CONTENT="most" />
            <SP ID="SP_112751" HPOS="328" VPOS="3065" WIDTH="32" HEIGHT="0" />
            <String ID="Word_125089" HPOS="360" VPOS="3065" WIDTH="243" HEIGHT="56" CONTENT="important" />
            <SP ID="SP_112752" HPOS="603" VPOS="3065" WIDTH="33" HEIGHT="0" />
            <String ID="Word_125090" HPOS="636" VPOS="3071" WIDTH="233" HEIGHT="52" CONTENT="symptom." />
            <SP ID="SP_112753" HPOS="869" VPOS="3068" WIDTH="66" HEIGHT="0" />
            <String ID="Word_125091" HPOS="935" VPOS="3068" WIDTH="145" HEIGHT="44" CONTENT="Using" />
            <SP ID="SP_112754" HPOS="1080" VPOS="3068" WIDTH="33" HEIGHT="0" />
            <String ID="Word_125092" HPOS="1113" VPOS="3069" WIDTH="74" HEIGHT="43" CONTENT="the" />
            <SP ID="SP_112755" HPOS="1187" VPOS="3069" WIDTH="36" HEIGHT="0" />
            <String ID="Word_125093" HPOS="1223" VPOS="3075" WIDTH="111" HEIGHT="37" CONTENT="term" />
            <SP ID="SP_112756" HPOS="1334" VPOS="3069" WIDTH="35" HEIGHT="0" />
            <String ID="Word_125094" HPOS="1369" VPOS="3069" WIDTH="47" HEIGHT="42" CONTENT="in" />
            <SP ID="SP_112757" HPOS="1416" VPOS="3069" WIDTH="36" HEIGHT="0" />
            <String ID="Word_125095" HPOS="1452" VPOS="3069" WIDTH="88" HEIGHT="43" CONTENT="this" />
            <SP ID="SP_112758" HPOS="1540" VPOS="3069" WIDTH="32" HEIGHT="0" />
            <String ID="Word_125096" HPOS="1572" VPOS="3084" WIDTH="138" HEIGHT="40" CONTENT="sense," />
            <SP ID="SP_112759" HPOS="1710" VPOS="3071" WIDTH="28" HEIGHT="0" />
            <String ID="Word_125097" HPOS="1738" VPOS="3071" WIDTH="62" HEIGHT="43" CONTENT="let" />
            <SP ID="SP_112760" HPOS="1800" VPOS="3071" WIDTH="27" HEIGHT="0" />
            <String ID="Word_125098" HPOS="1827" VPOS="3087" WIDTH="51" HEIGHT="29" CONTENT="us" />
          </TextLine>
          <TextLine ID="TextLine_12344" HPOS="214" VPOS="3137" WIDTH="1544" HEIGHT="61">
            <String ID="Word_125099" HPOS="214" VPOS="3152" WIDTH="96" HEIGHT="29" CONTENT="now" />
            <SP ID="SP_112761" HPOS="310" VPOS="3137" WIDTH="24" HEIGHT="0" />
            <String ID="Word_125100" HPOS="334" VPOS="3137" WIDTH="102" HEIGHT="44" CONTENT="look" />
            <SP ID="SP_112762" HPOS="436" VPOS="3137" WIDTH="24" HEIGHT="0" />
            <String ID="Word_125101" HPOS="460" VPOS="3143" WIDTH="45" HEIGHT="38" CONTENT="at" />
            <SP ID="SP_112763" HPOS="505" VPOS="3138" WIDTH="25" HEIGHT="0" />
            <String ID="Word_125102" HPOS="530" VPOS="3138" WIDTH="73" HEIGHT="43" CONTENT="the" />
            <SP ID="SP_112764" HPOS="603" VPOS="3138" WIDTH="22" HEIGHT="0" />
            <String ID="Word_125103" HPOS="625" VPOS="3138" WIDTH="187" HEIGHT="44" CONTENT="relation" />
            <SP ID="SP_112765" HPOS="812" VPOS="3138" WIDTH="23" HEIGHT="0" />
            <String ID="Word_125104" HPOS="835" VPOS="3140" WIDTH="47" HEIGHT="42" CONTENT="of" />
            <SP ID="SP_112766" HPOS="882" VPOS="3140" WIDTH="19" HEIGHT="0" />
            <String ID="Word_125105" HPOS="901" VPOS="3142" WIDTH="196" HEIGHT="42" CONTENT="amnesia" />
            <SP ID="SP_112767" HPOS="1097" VPOS="3141" WIDTH="26" HEIGHT="0" />
            <String ID="Word_125106" HPOS="1123" VPOS="3141" WIDTH="189" HEIGHT="43" CONTENT="verbalis" />
            <SP ID="SP_112768" HPOS="1312" VPOS="3141" WIDTH="24" HEIGHT="0" />
            <String ID="Word_125107" HPOS="1336" VPOS="3146" WIDTH="44" HEIGHT="38" CONTENT="to" />
            <SP ID="SP_112769" HPOS="1380" VPOS="3146" WIDTH="25" HEIGHT="0" />
            <String ID="Word_125108" HPOS="1405" VPOS="3147" WIDTH="141" HEIGHT="37" CONTENT="motor" />
            <SP ID="SP_112770" HPOS="1546" VPOS="3142" WIDTH="22" HEIGHT="0" />
            <String ID="Word_125109" HPOS="1568" VPOS="3143" WIDTH="190" HEIGHT="42" CONTENT="aphasia." />
          </TextLine>
        </TextBlock>
      </PrintSpace>
    </Page>
  </Layout>
</alto>
