2113 3404
429 266 83 42 218

928 288 87 31 THE
1046 289 242 34 DISORDERS
1320 292 53 32 OF
1404 294 174 33 SPEECH.

426 400 287 59 surprisingly
734 405 109 54 good
874 407 85 42 and
992 409 184 51 tuneful,
1202 410 72 44 the
1307 412 121 44 notes
1469 413 123 56 being
1630 414 282 43 wonderfully
1949 416 85 41 like

427 467 122 45 those
572 472 44 41 of
637 472 74 44 the
733 474 137 44 bugle.

486 610 47 44 B.
567 613 243 45 Dementia
841 629 120 32 with
1004 620 194 43 Paretic
1231 633 55 31 or
1317 624 253 42 Paralytic
1610 624 238 42 Elements
1878 635 48 32 in
1957 637 86 30 the

426 678 339 49 Articulation
797 698 53 30 of
881 688 334 45 Words.—The
1251 691 171 57 leading
1458 693 186 42 element
1680 695 46 40 in
1763 694 85 42 this
1884 694 159 55 paretic

426 751 277 44 articulation
744 756 37 41 is
825 755 210 58 Slurring,
1078 760 140 42 which
1261 762 174 42 renders
1478 763 72 42 the
1592 763 153 56 speech
1798 763 120 42 thick
1958 763 84 42 and

426 819 208 59 slovenly.
717 826 141 55 Apart
909 828 109 42 from
1071 830 205 56 insanity,
1328 832 119 42 there
1498 847 71 29 are
1622 848 128 41 many
1802 834 239 42 conditions

427 891 142 43 which
624 909 98 41 may
775 911 126 28 cause
955 899 72 42 the
1080 901 155 54 speech
1287 907 42 36 to
1381 903 51 42 be
1486 903 164 43 slurred
1701 905 84 41 and
1836 904 204 54 slovenly.

425 962 174 57 During
640 965 280 55 Inebriation,
959 969 64 41 for
1064 971 210 55 example,
1311 973 72 41 the
1426 974 155 54 speech
1624 988 96 41 may
1764 975 51 41 be
1865 975 174 41 slurred.

426 1031 42 42 A
510 1033 81 41 few
629 1035 161 55 glasses
827 1038 47 41 of
908 1039 110 42 wine
1056 1055 98 41 may
1192 1043 125 41 make
1353 1043 36 41 it
1425 1044 119 55 risky
1582 1045 64 41 for
1689 1045 72 41 the
1802 1044 239 42 individual

426 1108 43 36 to
502 1110 188 51 attempt
720 1107 74 43 the
836 1109 276 44 articulation
1155 1112 45 41 of
1238 1113 105 41 such
1380 1127 55 28 an
1472 1115 246 54 expression
1754 1129 45 28 as
1840 1114 201 42 "mutual

425 1174 292 58 eligibility";
752 1179 87 41 and
874 1194 60 28 we
965 1181 128 42 know
1129 1182 115 42 what
1280 1183 195 43 becomes
1507 1185 43 41 of
1586 1185 200 42 "British
1824 1185 215 42 Constitu-

424 1245 131 42 tion"
599 1248 125 42 when
778 1249 118 43 there
948 1251 36 42 is
1032 1252 178 43 distinct
1260 1253 270 44 inebriation.
1614 1255 136 43 Other
1802 1256 238 42 conditions

424 1330 113 43 may,
560 1318 45 42 in
636 1319 91 43 like
759 1334 193 39 manner,
982 1323 156 55 impair
1171 1324 74 42 the
1278 1325 273 42 articulation
1584 1326 64 41 for
1679 1340 23 28 a
1736 1327 111 41 time.
1911 1326 130 42 Great

424 1388 172 43 Mental
628 1391 181 56 Fatigue
843 1407 46 27 or
919 1393 267 55 Depression
1224 1409 98 41 may
1355 1410 136 27 cause,
1524 1396 64 41 for
1624 1396 73 42 the
1734 1397 115 41 time,
1871 1410 24 28 a
1925 1396 115 42 little

425 1459 283 45 carelessness
729 1463 86 41 and
840 1468 113 38 want
980 1465 46 41 of
1053 1466 212 54 precision
1297 1467 46 40 in
1375 1467 73 41 the
1480 1466 273 42 articulation
1787 1468 46 41 of
1860 1467 184 42 difficult

426 1530 149 43 words.
651 1532 89 43 The
772 1539 218 48 symptom
1022 1535 37 42 is
1091 1535 89 42 also
1213 1550 23 27 a
1269 1550 196 28 common
1499 1551 89 27 one,
1621 1537 83 41 and
1737 1551 98 27 may
1866 1536 52 42 be
1950 1551 91 40 per-

425 1603 225 55 manently
689 1604 275 43 established,
995 1605 46 42 in
1074 1620 129 41 many
1236 1621 117 28 cases
1391 1607 43 41 of
1472 1607 183 42 Organic
1686 1608 177 41 Disease
1895 1607 45 41 of
1969 1607 72 42 the

426 1670 145 55 Brain,
595 1674 82 42 due
700 1678 44 38 to
766 1689 146 29 coarse
933 1675 168 43 lesions.
1165 1677 88 41 But
1274 1677 22 41 I
1320 1677 53 42 do
1395 1683 76 36 not
1505 1678 104 42 wish
1642 1683 42 36 to
1716 1678 99 41 look
1847 1683 44 35 at
1922 1676 118 43 these

425 1744 244 42 conditions
691 1750 44 37 at
759 1752 182 48 present.
1006 1747 21 41 I
1053 1752 114 37 want
1189 1762 94 27 now
1309 1753 42 37 to
1374 1748 132 42 speak
1529 1748 42 41 of
1597 1748 86 42 this
1706 1753 227 50 symptom,
1955 1747 85 41 and

425 1814 124 43 other
571 1816 235 41 associated
838 1816 291 55 peculiarities
1162 1817 46 42 of
1236 1817 166 55 speech,
1424 1832 44 27 as
1501 1817 102 42 they
1640 1831 126 28 occur
1800 1818 46 40 in
1882 1818 160 41 certain

425 1885 132 43 forms
580 1886 44 42 of
655 1886 242 43 Dementia.
961 1887 89 42 The
1081 1891 85 38 two
1198 1888 132 41 forms
1362 1887 43 42 of
1436 1888 217 41 dementia
1684 1888 45 41 in
1763 1887 139 42 which
1933 1887 36 42 it
2002 1888 38 42 is

424 1962 114 36 most
575 1957 245 42 commonly
857 1962 90 37 met
984 1957 105 43 with
1128 1958 208 54 are—(1),
1379 1958 143 42 Senile
1559 1958 243 42 Dementia,
1838 1958 83 41 and
1965 1958 75 54 (2),

424 2028 217 55 Paralytic
678 2028 369 43 Dementia—the
1085 2028 185 43 General
1306 2028 217 42 Paralysis
1561 2029 43 41 of
1647 2029 71 41 the
1757 2029 166 41 Insane.
1985 2028 54 41 In

423 2098 106 42 both
552 2099 44 42 of
618 2098 120 43 these
763 2099 72 42 the
858 2105 219 49 symptom
1109 2100 37 41 is
1178 2100 43 41 of
1252 2099 197 42 ominous
1481 2099 282 54 significance.
1827 2100 43 40 It
1901 2098 138 42 shows

424 2169 96 42 that
555 2170 212 55 paralysis
799 2170 36 42 is
868 2170 202 55 creeping
1101 2170 126 41 down
1259 2170 111 41 from
1401 2169 74 42 the
1506 2169 150 55 higher
1689 2169 160 42 mental
1887 2175 42 35 to
1965 2169 73 41 the

423 2241 132 41 lower
577 2245 138 37 motor
738 2255 166 27 centres
926 2240 45 41 in
996 2240 71 42 the
1089 2240 135 42 brain.
1286 2240 102 41 This
1412 2239 242 42 downward
1676 2238 144 42 march
1843 2239 35 41 is
1901 2243 74 50 apt
1997 2244 42 36 to

424 2312 183 55 proceed
630 2312 114 41 until
766 2311 73 42 the
862 2311 220 42 functions
1104 2311 45 41 of
1179 2310 74 42 the
1285 2311 123 41 brain
1440 2309 95 42 that
1566 2323 70 28 are
1668 2309 234 42 concerned
1935 2315 104 35 with

425 2383 73 42 the
520 2387 303 37 maintenance
855 2382 43 41 of
930 2382 74 41 life
1036 2382 121 41 itself
1186 2395 69 28 are
1288 2380 148 42 finally
1460 2380 212 42 involved.
1735 2380 223 54 Keferring
1995 2385 42 36 to

425 2454 87 42 this
535 2454 162 54 paretic
718 2457 188 38 element
927 2452 46 41 in
1000 2453 72 40 the
1104 2451 276 42 articulation
1413 2451 42 41 of
1487 2451 227 50 dementia,
1736 2450 197 55 Esquirol
1964 2450 75 41 has

425 2526 176 42 said—«
616 2524 264 43 L'embarras
902 2523 52 41 de
986 2522 44 41 la
1050 2522 143 55 parole
1216 2528 64 36 est
1304 2536 56 26 un
1383 2521 118 42 signe
1534 2520 186 43 mortel."
1781 2521 89 41 The
1897 2521 141 41 axiom

425 2597 166 56 applies
614 2602 108 35 with
745 2593 156 43 double
923 2593 115 42 force
1063 2593 124 41 when
1221 2593 72 41 the
1324 2592 110 42 form
1466 2592 43 41 of
1546 2591 215 42 dementia
1796 2591 37 42 is
1869 2591 94 41 that
1996 2591 43 41 of

427 2667 187 44 General
637 2665 217 42 Paralysis
886 2664 44 41 of
962 2663 72 41 the
1067 2663 167 41 Insane.
1299 2663 79 41 Let
1409 2676 62 38 us,
1495 2663 114 50 then,
1637 2662 193 41 consider
1851 2661 72 41 the
1955 2666 83 37 two

424 2742 134 40 forms
582 2739 45 40 of
645 2734 235 44 Dementia
901 2734 47 40 in
971 2733 142 41 which
1137 2733 85 41 this
1245 2732 161 55 paretic
1428 2732 188 42 element
1641 2732 45 40 in
1708 2731 271 42 articulation
2001 2731 36 41 is

425 2809 207 58 specially
657 2804 231 45 exhibited.

484 2881 79 57 (1.)
595 2878 135 45 Senile
751 2873 440 44 Dementia.—When
1222 2886 76 42 age
1330 2873 36 41 is
1398 2872 65 41 far
1495 2872 229 49 advanced,
1748 2871 72 42 the
1853 2871 118 41 mind
2002 2871 36 42 is

424 2950 219 47 naturally
668 2961 116 29 more
807 2961 46 27 or
874 2945 84 42 less
981 2943 232 44 enfeebled.
1276 2942 102 43 This
1409 2943 37 41 is
1479 2942 72 42 the
1585 2942 103 50 rule,
1713 2941 161 55 though
1895 2955 62 28 we
1980 2943 58 39 all

424 3027 129 41 know
578 3025 106 38 that,
718 3019 47 41 in
799 3013 271 58 exceptional
1107 3027 128 38 cases,
1271 3013 72 41 the
1380 3012 122 42 mind
1535 3012 184 43 remains
1754 3011 282 54 wonderfully

425 3111 148 29 strong
595 3091 84 43 and
703 3103 199 41 vigorous
923 3086 102 42 long
1047 3090 108 37 after
1179 3083 72 43 the
1273 3082 199 56 ordinary
1493 3087 105 38 term
1618 3082 43 41 of
1682 3081 160 42 human
1865 3079 73 43 life
1961 3080 76 42 has
