2113 3404
503 260 83 43 246

1002 280 87 31 THE
1121 281 240 33 DISORDERS
1394 284 52 31 OF
1477 284 174 32 SPEECH.

502 391 74 43 the
599 397 110 39 state
740 395 45 42 of
805 397 212 43 maniacal
1035 400 289 53 excitement;
1355 401 76 56 (2),
1455 402 72 42 the
1545 404 225 54 perverted
1794 407 318 40 concentration

501 462 44 42 of
568 463 74 43 the
666 467 215 42 attention
905 483 114 41 upon
1044 470 111 42 fixed
1179 471 116 43 ideas
1317 472 85 42 and
1424 472 230 52 delusions,
1673 473 45 42 in
1741 477 271 41 monomania
2032 476 80 42 and

503 533 125 43 other
665 535 132 44 forms
829 538 47 41 of
903 538 241 44 delusional
1175 541 216 56 insanity;
1422 542 84 41 and
1528 542 78 55 (3),
1630 543 72 43 the
1731 545 313 43 enfeeblement
2074 547 38 41 of

502 605 229 52 attention,
762 621 46 28 as
842 609 46 40 of
917 609 72 42 the
1022 610 162 42 mental
1216 625 162 41 powers
1415 612 229 55 generally,
1677 613 45 41 in
1759 614 226 44 dementia.
2047 617 65 42 He

504 688 98 42 says
625 677 96 42 that
744 678 72 42 the
848 680 214 42 attention
1087 682 47 40 of
1155 681 58 42 all
1244 681 74 43 the
1349 681 150 43 insane
1520 683 36 42 is
1589 684 248 56 essentially
1862 686 165 55 injured
2059 687 53 54 by

503 758 81 29 one
608 746 47 41 of
683 746 119 43 these
835 748 121 42 three
988 763 157 29 causes.
1209 751 89 41 But
1328 752 72 40 "if
1419 766 24 26 a
1464 757 147 51 strong
1638 754 229 50 sensation,
1888 755 225 42 agreeable,

502 815 184 54 painful,
709 831 46 27 or
776 819 283 54 unexpected,
1082 820 104 42 fixes
1208 820 73 42 the
1304 822 213 41 attention
1539 822 44 41 of
1606 823 72 42 the
1699 823 178 42 maniac,
1894 838 46 27 or
1956 825 156 42 diverts

502 885 73 43 the
599 887 215 42 attention
838 889 46 40 of
902 888 74 42 the
999 891 297 41 monomaniac
1319 892 108 41 from
1450 892 67 41 his
1540 892 195 43 delusion
1755 908 9 37 ;
1794 908 46 27 or
1856 894 36 41 if
1910 908 23 27 a
1954 895 158 41 violent

502 957 263 41 commotion
802 958 171 42 awakes
1006 959 73 42 the
1111 961 216 41 attention
1359 962 46 41 of
1432 961 92 42 him
1555 962 94 42 who
1681 963 36 41 is
1749 963 43 41 in
1827 964 72 42 the
1931 970 108 36 state
2071 965 41 41 of

502 1026 231 51 dementia,
756 1028 298 56 immediately
1077 1029 73 43 the
1171 1031 150 42 insane
1348 1031 167 55 patient
1537 1032 193 43 becomes
1753 1033 255 42 reasonable,
2031 1033 81 42 and

503 1097 87 42 this
612 1101 150 39 return
784 1103 44 37 to
860 1113 150 28 reason
1043 1100 105 43 lasts
1166 1101 94 55 just
1281 1115 46 28 so
1349 1101 101 57 long
1471 1116 45 28 as
1547 1103 74 42 the
1653 1104 124 41 effect
1808 1104 45 41 of
1880 1104 73 42 the
1975 1118 137 28 sensa-

503 1167 261 52 tion,—that
780 1169 37 42 is
834 1173 44 38 to
895 1183 87 42 say,
996 1170 93 55 just
1105 1184 45 29 so
1167 1171 101 55 long
1285 1186 45 28 as
1347 1172 73 42 the
1447 1173 168 54 patient
1636 1173 159 42 retains
1818 1174 73 42 the
1912 1188 141 41 power
2074 1174 38 42 of

503 1238 213 56 directing
738 1239 84 42 and
845 1241 244 55 sustaining
1110 1241 74 42 the
1205 1241 251 43 attention."

561 1309 62 42 At
645 1309 75 43 the
742 1314 174 51 present
937 1324 118 42 stage
1078 1311 45 41 of
1145 1311 308 57 investigation
1484 1313 92 42 into
1598 1313 74 42 the
1694 1313 253 56 physiology
1970 1314 45 41 of
2043 1314 69 42 the

503 1379 135 53 brain,
671 1380 36 42 it
738 1386 158 37 cannot
918 1381 52 42 be
1002 1381 225 43 definitely
1248 1382 93 42 said
1370 1383 46 41 in
1449 1383 117 41 what
1596 1387 98 51 part
1725 1384 43 41 of
1795 1384 71 41 the
1899 1384 120 41 brain
2042 1384 70 42 the

504 1450 165 56 faculty
693 1451 46 41 of
757 1451 234 42 Attention
1014 1451 207 55 specially
1244 1452 173 43 resides.
1481 1453 44 41 It
1555 1452 76 43 has
1663 1453 183 54 perhaps
1879 1467 54 28 no
1959 1452 153 43 special

503 1526 155 37 centre.
712 1521 147 56 Being,
877 1522 46 41 in
942 1522 98 50 fact,
1063 1522 103 55 only
1186 1522 70 43 the
1274 1523 285 42 Intelligence
1576 1524 44 40 in
1637 1523 281 41 concentrated
1934 1524 178 49 activity\

502 1592 35 41 it
559 1591 156 42 should
738 1592 185 55 perhaps
945 1593 52 41 be
1019 1593 203 55 regarded
1245 1607 45 28 as
1311 1607 26 28 a
1358 1593 165 42 faculty
1540 1594 45 41 of
1600 1593 71 42 the
1695 1598 142 37 cortex
1860 1607 45 27 as
1922 1607 24 27 a
1968 1592 144 42 whole,

503 1662 96 42 that
630 1662 36 42 is
696 1662 176 56 capable
895 1663 44 41 of
961 1663 190 56 exciting
1180 1663 158 55 special
1371 1664 213 41 activities
1605 1663 46 42 in
1683 1677 79 28 one
1795 1667 144 38 centre
1970 1663 46 41 of
2044 1662 68 42 the

503 1738 146 37 cortex
681 1747 46 28 or
762 1734 46 41 in
846 1734 191 50 another,
1069 1734 226 42 according
1326 1740 43 36 to
1402 1734 73 42 the
1511 1740 151 36 nature
1700 1734 46 42 of
1778 1734 73 42 the
1889 1734 223 48 sensation,

503 1804 155 42 action,
681 1818 47 28 or
749 1804 96 42 idea
867 1805 96 41 that
984 1805 37 41 is
1044 1804 73 42 the
1140 1805 169 41 subject
1331 1805 43 41 of
1396 1805 56 41 its
1470 1805 188 42 exercise
1675 1805 65 41 for
1757 1804 72 42 the
1851 1804 104 42 time
1977 1804 135 55 being.

503 1875 137 42 There
662 1889 136 29 seems
821 1879 44 38 to
888 1876 52 41 be
971 1889 117 28 some
1118 1875 178 56 ground,
1319 1875 208 42 however,
1549 1876 65 41 for
1646 1875 72 42 the
1750 1875 249 55 hypothesis
2022 1875 90 43 that

503 1945 74 42 the
604 1945 177 42 Frontal
815 1945 313 42 Convolutions
1150 1945 110 43 have
1282 1945 159 56 special
1465 1945 205 42 relations
1703 1950 43 36 to
1779 1945 72 42 the
1882 1945 167 42 faculty
2081 1960 31 27 o:

504 2017 226 41 attention.
794 2017 103 41 This
929 2017 36 41 is
1004 2016 73 43 the
1108 2017 248 42 conclusion
1389 2021 96 38 that
1515 2015 311 56 experimental
1868 2015 244 56 physiolog)

504 2088 146 55 points
687 2091 57 39 to.
808 2087 179 42 Ferrier,
1030 2087 111 42 after
1172 2087 153 55 giving
1356 2101 54 27 an
1443 2091 182 38 account
1656 2087 43 41 of
1730 2085 73 42 the
1835 2091 277 36 observation;

506 2158 96 42 that
632 2158 111 42 have
782 2159 107 41 been
924 2158 121 42 made
1080 2172 113 41 upon
1226 2158 72 42 the
1330 2162 136 51 point,
1497 2157 197 41 adds,—"
1710 2156 88 42 The
1831 2163 281 35 observations

505 2229 47 42 of
580 2229 153 41 Hitzig
764 2228 86 42 and
883 2228 127 43 Goltz
1043 2242 157 41 appear
1230 2232 44 37 to
1306 2242 68 27 me
1408 2233 43 35 to
1483 2227 212 41 illustrate
1727 2225 85 42 and
1845 2226 174 41 confirm
2051 2225 61 42 tin

505 2313 254 28 occurrence
781 2299 46 41 of
846 2313 24 27 a
901 2298 165 43 mental
1088 2298 306 42 deterioration
1419 2298 108 40 from
1551 2296 134 42 lesion
1718 2296 46 41 of
1782 2295 72 42 the
1885 2295 227 55 prefrontal

504 2369 183 55 regions,
725 2368 141 41 which
910 2368 21 41 I
974 2367 110 43 have
1115 2367 315 42 characterized
1466 2380 45 28 as
1546 2364 250 44 essentially
1831 2377 25 28 a
1893 2363 143 43 defect
2076 2364 36 41 oi

505 2439 275 43 attention."1
841 2438 167 42 Ferrier
1046 2438 114 41 finds
1201 2438 47 40 in
1292 2437 72 41 the
1397 2436 160 42 frontal
1588 2436 118 41 lobes
1739 2435 73 41 the
1854 2447 165 29 centres
2060 2434 52 40 foi

506 2511 122 42 those
662 2523 267 29 movements
962 2510 46 41 of
1037 2509 72 41 the
1142 2508 109 41 head
1294 2507 84 41 and
1411 2520 99 28 eyes
1548 2505 139 42 which
1725 2519 127 28 occur
1889 2503 123 42 when
2046 2503 66 42 the

507 2580 214 44 attention
754 2580 36 41 is
822 2579 133 42 about
984 2583 44 37 to
1069 2578 53 42 be
1157 2577 120 42 fixed.
1341 2577 69 42 He
1453 2574 483 57 says,—"Destruction
1970 2574 44 41 of
2049 2572 63 43 the

508 2651 159 42 frontal
689 2650 131 51 lobes,
841 2648 226 43 according
1099 2653 43 36 to
1168 2648 75 42 the
1274 2647 150 42 degree
1446 2647 44 41 of
1520 2646 57 42 its
1600 2659 321 42 completeness,
1943 2643 169 55 impairs

507 2735 47 28 or
576 2719 220 56 paralyzes
818 2719 74 41 the
914 2717 151 42 lateral
1088 2721 266 38 movements
1376 2716 46 42 of
1441 2715 72 43 the
1534 2715 109 42 head
1666 2714 84 41 and
1772 2727 108 41 eyes.
1942 2711 170 56 Though

507 2805 117 29 some
658 2789 145 43 ocular
837 2792 267 39 movements
1137 2801 99 28 may
1273 2787 51 42 be
1357 2785 168 44 excited
1555 2784 178 56 reflexly
1764 2784 56 54 by
1852 2782 156 43 retinal
2041 2782 71 41 im-

508 2876 228 43 pressions,
758 2860 121 42 there
913 2872 179 42 appears
1115 2863 43 37 to
1192 2858 52 42 be
1275 2857 85 42 loss
1383 2857 45 42 of
1446 2856 74 42 the
1554 2869 143 42 power
1718 2854 43 42 of
1792 2853 174 55 looking
1987 2857 55 46 at,
2073 2865 39 29 oi

508 2932 212 44 directing
741 2931 73 43 the
837 2945 100 42 gaze
959 2929 197 52 towards,
1179 2928 161 42 objects
1359 2926 140 42 which
1522 2926 53 42 do
1593 2930 75 37 not
1689 2924 75 43 fall
1785 2934 327 42 spontaneously

821 3077 9 23 1
861 3077 69 35 The
947 3075 179 37 Function
1145 3074 41 36 of
1197 3074 53 36 the
1268 3073 128 37 Brain,
1415 3072 73 36 2nd
1509 3071 150 45 edition,
1677 3082 33 36 p.
1732 3072 78 33 403.
