2125 3524
370 268 53 42 78

853 281 86 34 THE
975 283 239 33 DISORDERS
1246 285 52 31 OF
1330 286 173 31 SPKKCir.

925 509 273 41 WRITER'S
1230 510 204 40 CRAMP.

429 621 63 43 As
513 622 148 56 public
683 623 203 55 speakers
908 624 119 41 often
1051 624 172 42 become
1245 624 74 42 the
1341 625 188 54 subjects
1546 626 44 41 of
1606 627 193 43 Writer's
1815 629 159 55 Cramp,

370 705 24 28 a
417 692 81 42 few
522 698 121 37 notes
665 707 117 41 upon
805 693 97 41 that
923 693 213 51 affection,
1158 694 224 54 appended
1407 701 42 35 to
1471 695 87 41 this
1581 696 187 55 chapter,
1790 713 96 41 may
1909 711 67 35 not

370 761 52 42 be
445 766 76 37 out
543 762 43 41 of
607 762 133 55 place.
802 762 155 42 Public
978 763 201 54 speakers
1201 777 69 28 are
1292 763 129 43 liable
1443 768 44 37 to
1510 765 172 42 become
1705 766 71 42 the
1798 769 177 42 subjects

371 833 45 40 of
435 832 46 52 it,
505 833 179 41 because
707 846 45 28 so
775 846 133 41 many
929 832 46 42 of
993 833 117 42 them
1133 834 182 54 require,
1338 834 44 41 in
1405 835 229 54 preparing
1655 836 111 42 their
1787 838 188 53 orations,

370 908 45 36 to
437 902 177 42 commit
635 902 119 41 them
777 902 45 40 in
846 902 73 41 the
942 902 93 41 first
1055 903 121 54 place
1199 908 43 36 to
1261 904 180 54 writing.
1494 904 136 42 Much
1651 905 170 55 writing
1842 906 134 46 brings

370 975 132 37 about
523 970 163 55 fatigue
708 970 46 41 in
778 970 73 42 the
876 971 127 51 hand,
1026 972 84 41 and
1133 972 179 42 induces
1334 972 87 42 this
1444 973 231 50 condition,
1695 974 135 42 which
1855 975 35 42 is
1911 978 66 42 the

371 1048 267 35 commonest
659 1040 84 42 and
766 1045 112 38 most
902 1041 163 55 typical
1087 1042 198 55 example
1307 1043 44 41 of
1372 1057 24 27 a
1418 1043 179 56 Fatigue
1619 1044 217 43 Neurosis.

430 1110 230 43 Excellent
681 1116 203 37 accounts
907 1112 43 41 of
980 1112 75 41 the
1087 1112 200 42 affection
1310 1127 71 28 are
1404 1127 45 27 so
1473 1114 134 54 easily
1629 1115 240 51 accessible,
1891 1116 88 44 that

370 1182 37 41 it
427 1182 37 41 is
487 1181 100 42 here
609 1195 289 41 unnecessary
920 1186 44 37 to
994 1187 122 37 enter
1142 1182 92 42 into
1265 1196 86 40 any
1373 1187 120 51 great
1523 1183 131 42 detail
1685 1185 224 54 regarding
1937 1187 40 42 it.

373 1251 95 42 One
490 1251 46 41 of
554 1250 74 43 the
651 1250 206 43 standard
879 1265 154 41 papers
1055 1265 54 28 on
1134 1252 73 41 the
1230 1252 178 54 subject,
1431 1253 95 40 that
1548 1253 56 55 by
1620 1253 66 42 Dr
1707 1253 50 42 G-.
1773 1253 52 42 V.
1844 1253 135 52 Poore,

371 1321 36 41 is
426 1321 46 40 in
487 1320 75 42 the
582 1321 107 41 Med.
713 1320 112 42 Ckir.
848 1321 311 50 Transactions,
1174 1321 81 43 vol.
1273 1321 86 51 lxi.,
1380 1321 110 45 1878
1506 1337 10 37 ;
1541 1321 96 42 and,
1654 1336 114 27 more
1786 1324 193 51 recently,

372 1392 66 41 Dr
459 1391 134 42 Poore
617 1391 75 42 has
714 1392 126 54 given
865 1405 54 27 an
943 1392 189 41 abstract
1154 1392 46 40 of
1222 1391 67 42 his
1312 1391 133 42 views
1468 1392 44 40 in
1535 1392 73 41 the
1631 1392 109 41 form
1762 1394 45 39 of
1825 1406 24 27 a
1870 1400 110 36 short

373 1461 150 42 article
550 1461 275 42 contributed
852 1469 44 34 to
924 1460 177 51 Quain's
1123 1462 253 54 Dictionary
1397 1462 50 54 of
1464 1462 220 41 Medicine.
1746 1461 192 55 Further,
1958 1477 22 28 a

374 1531 83 41 full
491 1531 84 41 and
610 1531 95 42 able
740 1536 182 37 account
959 1531 44 41 of
1040 1531 74 42 the
1152 1529 291 44 Professional
1480 1531 179 55 Fatigue
1696 1531 212 43 Neuroses
1940 1532 38 42 in

372 1601 185 56 general,
580 1602 173 42 written
776 1602 57 41 by
855 1602 65 41 Dr
950 1602 159 41 Morris
1138 1602 41 41 J.
1203 1601 150 42 Lewis,
1376 1601 91 42 will
1495 1602 53 41 be
1572 1602 135 41 found
1729 1603 45 39 in
1797 1602 72 41 the
1891 1603 88 40 fifth

374 1672 173 41 volume
579 1672 47 41 of
654 1672 200 54 Pepper's
885 1671 159 55 System
1074 1672 50 54 of
1147 1672 214 41 Practical
1382 1672 214 41 Medicine.
1659 1672 53 40 In
1739 1672 241 42 Ziemssen's

378 1743 272 52 Cyclopaedia,
671 1741 102 42 also,
795 1741 121 42 there
947 1742 36 41 is
1017 1741 73 42 the
1112 1741 279 42 well-known
1423 1742 149 41 article
1604 1742 57 41 by
1683 1742 113 41 Erb;
1827 1742 83 41 and
1939 1743 41 40 in

375 1811 280 56 Eulenberg's
688 1812 326 54 JEncyclopoedie,
1049 1813 125 49 1885,
1206 1812 122 42 there
1364 1812 37 41 is
1437 1826 25 27 a
1498 1811 82 42 full
1615 1812 85 41 and
1736 1812 244 42 instructive

374 1883 149 42 article
545 1883 57 54 by
626 1883 113 41 Prof.
763 1883 159 42 Berger
943 1883 45 41 of
1009 1882 189 42 Breslau.

434 1955 55 40 In
511 1953 89 42 this
615 1967 191 41 chapter,
821 1952 36 42 it
874 1952 90 42 will
982 1952 147 42 suffice
1151 1956 44 37 to
1217 1952 169 42 remind
1410 1951 73 43 the
1506 1952 148 42 reader
1668 1952 45 41 of
1723 1951 73 42 the
1818 1951 162 54 leading

376 2025 188 41 features
587 2024 46 41 of
661 2023 73 42 the
767 2023 213 42 affection,
1002 2022 85 42 and
1119 2027 43 37 to
1194 2027 100 37 note
1326 2022 74 42 the
1421 2036 147 28 means
1593 2023 137 40 which
1752 2021 108 41 have
1881 2021 99 41 been

374 2095 108 42 used
505 2094 104 41 with
632 2099 113 36 most
768 2107 167 28 success
957 2094 45 40 in
1025 2093 56 41 its
1103 2097 243 37 treatment.

435 2165 54 40 In
513 2164 210 55 speaking
744 2164 47 41 of
824 2163 73 42 the
931 2163 181 41 Fatigue
1147 2162 214 41 Neuroses
1393 2162 46 41 of
1469 2161 73 42 the
1564 2161 182 54 Larynx,
1768 2159 72 43 the
1871 2159 109 41 three

376 2236 115 41 chief
526 2234 201 42 varieties
765 2247 110 28 were
917 2232 131 42 noted
1090 2237 44 37 to
1170 2232 192 55 be,(1)
1401 2231 72 41 the
1509 2230 252 55 spasmodic,
1806 2229 63 53 (2)
1914 2228 66 41 the

375 2305 252 42 tremulous,
663 2303 86 42 and
789 2303 63 55 (3)
876 2303 73 41 the
986 2302 222 55 paralytic,
1246 2302 84 41 and
1365 2302 36 41 it
1434 2315 84 28 was
1550 2299 225 43 remarked
1807 2303 104 45 that,
1939 2297 40 40 in

376 2375 252 56 presenting
655 2374 121 41 these
811 2372 211 42 varieties,
1060 2373 74 41 the
1171 2373 180 54 Fatigue
1387 2372 216 41 Neuroses
1636 2371 46 40 of
1711 2369 73 42 the
1817 2370 162 53 Larynx

376 2445 241 43 resembled
657 2444 73 41 the
772 2443 181 42 Fatigue
996 2442 207 42 Neurosis
1246 2443 46 40 of
1331 2442 73 41 the
1446 2441 132 41 Hand
1621 2440 135 42 called
1791 2437 186 43 Writer's

378 2517 168 53 Cramp.
607 2513 225 42 Although
870 2513 74 41 the
981 2512 97 42 title
1115 2511 232 42 "Writer's
1384 2510 190 43 Cramp"
1609 2524 136 28 seems
1777 2515 43 36 to
1851 2507 127 54 imply

377 2587 74 42 the
483 2590 216 38 existence
731 2584 44 41 of
805 2597 144 28 spasm
981 2596 45 28 as
1059 2596 53 27 an
1144 2581 239 42 invariable
1415 2585 229 50 symptom,
1670 2581 86 41 this
1787 2581 36 40 is
1855 2580 54 54 by
1930 2589 48 29 no

376 2670 149 29 means
547 2654 190 43 actually
760 2653 73 42 the
856 2666 104 28 case.
1024 2652 43 41 It
1089 2652 37 41 is
1147 2651 102 42 only
1271 2651 44 41 in
1339 2651 73 41 the
1435 2650 249 55 Spasmodic
1705 2655 166 49 variety
1892 2650 87 39 that

376 2733 95 37 true
513 2739 145 28 cramp
700 2738 47 28 or
788 2737 144 28 spasm
973 2723 37 41 is
1051 2722 75 42 the
1167 2721 173 55 leading
1380 2726 244 50 symptom;
1674 2720 83 41 and
1799 2720 44 40 in
1883 2729 95 44 pure

377 2796 221 45 examples
626 2795 47 42 of
697 2795 74 41 the
805 2793 253 42 Tremulous
1090 2792 84 41 and
1204 2791 218 42 Paralytic
1444 2791 199 42 varieties
1676 2804 140 41 spasm
1849 2790 34 40 is
1911 2788 66 40 not

376 2874 91 37 met
489 2867 115 41 with.
667 2865 135 42 There
823 2878 82 36 are,
927 2863 210 49 however,
1158 2875 131 28 many
1310 2875 117 28 cases
1464 2861 44 41 of
1538 2875 24 27 a
1595 2860 145 42 mixed
1773 2873 206 28 character

376 2941 47 42 in
445 2937 140 44 which
610 2950 143 29 spasm
775 2935 37 41 is
835 2932 235 44 associated
1088 2939 103 34 with
1215 2931 350 42 tremulousness,
1581 2945 46 27 or
1643 2930 104 42 with
1769 2938 209 46 paralysis,

378 3025 47 29 or
446 3014 106 38 with
574 3007 116 43 both.
753 3009 20 18 "
790 3002 261 45 Scrivener's
1080 3002 129 42 Palsy
1225 3001 22 17 "
1268 3001 37 43 is
1327 3001 178 42 another
1538 3015 125 28 name
1685 3000 65 42 for
1770 3000 72 41 the
1863 2996 113 43 affec-

377 3083 93 41 tion
493 3079 158 43 almost
672 3092 46 28 as
740 3074 234 45 familiarly
997 3074 158 41 known
1179 3086 45 28 as
1246 3075 21 17 "
1281 3070 198 44 Writer's
1502 3069 196 56 Cramp."
