2113 3404
855 227 86 36 THE
975 230 241 33 DISOUDEKS
1249 234 51 30 OK
1333 234 172 33 SPEKCIT.

371 340 242 57 ependyma
637 346 46 39 of
711 345 73 43 the
818 348 206 42 ventricle
1057 364 52 27 on
1146 351 71 42 the
1249 352 131 42 other.
1442 353 89 41 The
1554 354 228 42 Collateral
1818 355 168 41 Fissure

371 423 86 28 was
482 412 126 42 much
647 414 206 53 widened,
875 417 85 42 and
994 417 53 44 its
1082 419 101 42 floor
1214 434 86 29 was
1339 421 172 51 funned,
1533 422 140 55 owing
1710 428 42 36 to
1791 423 72 41 the
1900 423 84 41 dis-

370 495 265 39 appearance
658 485 47 40 of
724 485 74 43 the
819 501 103 40 grey
945 488 84 41 and
1054 489 128 43 white
1205 499 187 43 matters,
1414 492 56 55 by
1492 492 73 42 the
1587 492 239 55 ependyma
1848 494 44 40 of
1915 493 71 42 the

372 553 221 42 ventricle.
672 555 126 41 From
839 572 24 25 a
899 557 149 42 sketch
1087 560 123 42 made
1244 566 44 36 at
1319 561 72 42 the
1436 567 193 51 autopsy,
1661 563 82 41 and
1784 563 104 41 from
1928 563 64 42 Dr

372 621 163 43 Leith's
568 623 274 56 description,
876 627 20 40 I
941 627 107 42 have
1093 629 214 43 indicated
1351 632 44 40 in
1435 631 71 43 the
1546 632 218 56 following
1805 633 187 42 diagram

370 691 108 56 (Fig.
506 693 73 55 12)
612 694 73 42 the
716 708 99 28 area
837 696 44 41 in
919 697 136 41 which
1092 699 71 42 the
1201 701 182 54 atrophy
1407 702 46 40 of
1484 702 69 42 the
1588 710 143 34 cortex
1762 717 84 28 was
1877 708 111 37 most

432 1893 79 35 T02,
529 1894 49 26 the
595 1894 213 33 Hippocampal
822 1894 213 33 Convolution;
1055 1895 26 31 5,
1095 1895 51 26 the
1160 1895 154 27 Calcarine
1328 1896 134 32 Fissure;
1483 1896 24 25 6,
1522 1895 50 26 the
1586 1895 159 27 Collateral
1760 1897 127 25 Fis->ure.

363 1969 220 48 apparent.
646 1964 89 41 The
769 1978 97 27 area
889 1965 43 40 of
964 1964 176 55 deepest
1172 1963 182 44 shading
1386 1965 44 40 in
1454 1964 72 42 the
1553 1964 180 42 Inferior
1754 1965 224 53 Temporo-

363 2034 216 42 Occipital
603 2035 290 41 Convolution
911 2035 210 41 indicates
1141 2035 72 41 the
1231 2035 207 41 situation
1456 2035 46 40 of
1522 2035 72 41 the
1617 2035 171 41 marked
1812 2035 169 41 depres-

362 2105 94 41 sion
482 2105 140 41 where
645 2104 119 43 there
788 2119 86 27 was
896 2119 25 27 a
942 2105 207 55 cyst-like
1172 2111 146 36 cavity
1341 2105 183 41 beneath
1550 2105 71 41 the
1643 2105 71 55 pia
1738 2112 143 35 mater.

421 2175 66 41 Dr
509 2175 127 42 Leith
658 2175 126 42 could
809 2180 75 37 not
905 2175 143 43 detect
1069 2190 83 40 any
1177 2176 278 41 hamiatoidin
1485 2175 182 42 crystals
1699 2175 44 41 in
1766 2175 72 41 the
1861 2175 119 41 walls

363 2246 46 40 of
428 2245 72 41 the
524 2250 157 50 cavity,
704 2245 84 41 and
822 2245 52 42 he
899 2259 85 28 was
1016 2245 190 42 inclined
1230 2250 44 37 to
1309 2246 126 41 think
1466 2246 94 41 that
1582 2246 72 41 the
1686 2260 124 27 cause
1833 2245 43 41 of
1907 2245 72 41 the

362 2316 183 54 atrophy
589 2330 83 28 was
710 2323 76 34 not
823 2316 213 54 apoplexy
1077 2316 77 41 but
1192 2315 256 42 thrombosis
1485 2316 43 41 of
1571 2316 71 41 the
1681 2315 296 42 bloodvessels.

362 2386 70 41 He
455 2399 87 28 was
565 2393 86 43 not,
676 2386 208 41 however,
906 2385 96 41 able
1028 2392 42 34 to
1093 2385 88 41 find
1204 2400 82 27 any
1311 2384 141 42 actual
1476 2384 222 42 thrombus
1721 2385 42 40 in
1787 2399 24 26 a
1836 2385 142 41 blood-

360 2454 153 43 vessel,
536 2454 73 42 the
632 2454 101 42 only
760 2455 164 41 morbid
948 2468 263 41 appearance
1233 2454 249 41 observable
1514 2454 44 40 in
1594 2453 72 42 the
1692 2453 286 43 bloodvessels

361 2526 46 41 of
426 2526 73 41 the
523 2525 118 41 brain
668 2526 128 40 being
817 2540 24 26 a
863 2524 134 56 slight
1021 2525 253 41 thickening
1296 2524 44 41 of
1364 2524 109 41 their
1496 2529 124 37 coats.

420 2596 128 51 Here,
570 2595 118 41 then,
710 2595 35 41 is
768 2609 24 27 a
813 2595 156 41 second
992 2609 94 28 case
1119 2596 46 39 of
1186 2594 291 54 hemianopsia
1503 2595 83 40 and
1621 2594 356 42 word-blindness

360 2666 42 43 iu
432 2666 152 42 which,
606 2681 46 26 as
677 2665 44 42 ill
746 2665 73 42 the
843 2665 93 50 last,
961 2666 71 41 the
1055 2665 135 42 lesion
1215 2665 202 41 involved
1448 2665 99 41 both
1573 2665 72 42 the
1665 2679 100 41 grey
1788 2665 83 41 and
1905 2665 71 41 the

362 2737 127 42 white
516 2739 154 40 matter
687 2735 44 44 of
754 2736 70 41 the
848 2735 198 56 occipital
1070 2736 120 41 lobe;
1221 2735 68 41 the
1314 2736 140 54 region
1476 2736 41 39 in
1541 2736 134 40 which
1702 2736 71 41 the
1796 2734 177 56 atrophy

360 2821 85 29 was
470 2808 94 41 best
595 2806 177 42 marked
796 2806 140 55 being,
960 2819 45 28 as
1028 2805 41 43 ill
1096 2806 72 41 the
1200 2806 122 41 other
1349 2819 105 36 case,
1477 2805 73 42 the
1583 2806 134 41 under
1748 2819 163 28 surface
1933 2804 46 42 of

357 2877 73 44 the
453 2876 200 43 occipital
677 2876 84 42 and
784 2876 212 41 temporal
1017 2876 128 41 lobes.

416 2949 47 40 In
492 2948 86 42 this
602 2947 82 42 last
707 2961 107 28 case,
837 2946 72 42 the
932 2946 147 51 lesion,
1102 2944 162 43 though
1292 2943 32 43 it
1352 2944 72 41 did
1461 2950 72 36 not
1567 2944 172 42 involve
1771 2943 71 42 the
1881 2943 93 41 first

352 3019 207 55 temporal
597 3017 292 42 convolution,
927 3017 72 41 the
1037 3021 145 37 centre
1220 3016 64 40 for
1320 3015 195 55 auditory
1544 3015 305 54 word-images,
1890 3013 81 40 had
