2107 3450
345 294 207 41 APHASIA,
584 293 105 32 ETC.,
722 294 45 30 IN
805 293 223 32 RELATION
1059 294 55 30 TO
1147 293 288 33 FUNCTIONAL
1468 295 259 31 DISORDERS.
1779 284 84 42 395

206 429 47 28 or
274 414 45 43 of
342 419 140 38 motor
503 413 275 57 power,—he
802 417 124 40 notes
952 413 74 43 the
1049 413 243 43 occasional
1318 428 258 29 occurrence
1599 415 47 42 of
1669 414 195 43 troubles

207 488 42 39 in
276 486 72 43 the
381 501 147 41 power
549 486 45 42 of
624 486 224 43 reception
882 485 87 43 and
1002 485 338 43 interpretation
1364 486 47 41 of
1441 486 170 55 speech.
1675 486 81 56 (1.)
1792 486 71 42 He

205 563 134 39 states
374 563 96 38 that
503 558 74 43 the
610 558 173 56 patient
815 571 115 43 may,
953 571 46 29 as
1022 557 46 42 in
1092 571 55 28 an
1172 557 207 55 ordinary
1403 571 97 29 case
1524 557 45 43 of
1602 557 260 43 word-deaf-

205 643 113 30 ness,
340 630 52 42 be
416 630 96 42 able
538 635 42 37 to
604 630 103 43 hear
730 629 74 43 the
827 629 143 43 sound
988 629 48 43 of
1054 629 75 42 the
1150 628 139 43 words
1312 629 169 42 spoken
1502 634 42 37 to
1564 628 104 44 him,
1687 629 82 42 but
1786 633 78 38 not

205 702 53 43 be
275 702 97 42 able
390 706 44 38 to
451 703 218 55 interpret
689 701 383 43 them,—because
1091 701 46 43 of
1154 701 246 43 functional
1419 700 295 43 disablement
1727 702 47 41 of
1789 701 75 42 the

204 774 202 56 auditory
441 788 287 29 word-centre
761 773 52 43 A.
877 773 79 57 (2.)
995 773 72 43 He
1094 778 136 39 states
1254 772 98 43 that
1375 772 122 43 there
1521 787 101 41 may
1647 773 53 42 be
1723 786 145 29 some-

204 846 126 56 thing
363 861 117 28 more
513 846 108 43 than
655 846 113 43 this:
801 846 99 43 that
932 846 122 43 there
1087 860 103 43 may
1213 846 53 43 be
1299 845 178 58 general
1500 845 363 43 mind-deafness.

203 918 53 42 In
292 919 88 43 this
414 919 238 43 condition,
675 918 75 43 the
772 918 174 57 patient
967 919 38 42 is
1028 917 161 44 unable
1212 921 45 39 to
1282 917 221 43 recognise
1527 930 111 29 even
1661 929 204 29 common

202 991 175 42 sounds.
440 991 150 43 When
613 991 167 56 spoken
803 995 58 48 to,
883 991 55 44 he
961 995 79 39 not
1062 990 105 43 only
1190 989 102 44 fails
1316 995 44 37 to
1382 990 216 42 interpret
1621 988 76 43 the
1722 988 142 42 words

201 1064 179 55 spoken,
404 1064 80 42 but
507 1064 90 43 also
615 1068 45 39 to
679 1064 222 43 recognise
919 1064 75 43 the
1013 1068 124 39 tones
1156 1063 44 42 of
1221 1077 26 28 a
1266 1076 121 29 voice
1405 1062 97 43 that
1521 1066 46 38 at
1586 1061 128 43 other
1732 1061 132 43 times

203 1135 38 42 is
275 1136 214 55 perfectly
520 1137 192 42 familiar
741 1142 43 37 to
818 1137 103 42 him.
988 1136 95 43 One
1109 1136 48 42 of
1186 1134 184 58 S^glas's
1405 1135 195 56 patients
1635 1133 231 56 expressly

204 1208 145 42 stated
373 1213 44 37 to
440 1207 93 43 him
555 1208 99 42 that
686 1208 68 43 his
787 1208 123 43 voice
943 1208 198 43 sounded
1174 1221 46 28 as
1242 1206 39 43 if
1309 1207 36 42 it
1368 1220 111 29 were
1510 1206 76 43 the
1607 1206 124 42 voice
1765 1206 47 42 of
1841 1219 25 28 a

206 1284 207 51 stranger.
477 1280 80 56 (3.)
590 1281 71 42 He
696 1281 76 42 has
804 1281 93 42 also
930 1280 133 43 noted
1098 1280 96 43 that
1227 1280 47 42 in
1297 1293 118 29 some
1446 1279 45 42 of
1523 1279 124 42 these
1671 1292 119 29 cases
1823 1278 45 42 of

203 1351 305 53 melancholia,
546 1352 124 44 there
708 1368 86 28 was
832 1358 119 37 what
989 1353 55 42 he
1082 1358 135 37 terms
1255 1366 25 28 a
1317 1352 89 42 loss
1445 1352 47 42 of
1529 1352 72 42 the
1638 1365 148 42 power
1824 1351 45 42 of

204 1423 223 55 synthesis
470 1424 49 43 in
560 1425 347 56 interpretation.
993 1425 92 42 The
1127 1425 175 55 patient
1349 1424 131 42 could
1533 1424 217 42 interpret
1792 1423 75 43 the

203 1494 207 42 meaning
433 1495 44 41 of
506 1495 250 43 individual
778 1496 154 43 words,
955 1496 81 43 but
1059 1501 78 36 not
1161 1495 97 42 that
1281 1496 47 41 of
1347 1510 24 28 a
1394 1508 473 38 sentence,—because

202 1566 55 43 he
280 1566 127 43 could
430 1572 79 37 not
531 1567 105 43 hold
659 1568 75 42 the
759 1568 140 43 whole
922 1572 207 39 sentence
1154 1568 198 42 together
1383 1567 47 42 in
1464 1567 69 43 his
1563 1566 135 43 mind.
1762 1566 106 43 This

204 1653 85 28 was
312 1640 264 55 apparently
599 1640 85 43 clue
718 1644 44 39 to
796 1654 294 29 evanescence
1124 1641 48 41 of
1200 1640 76 43 the
1301 1639 315 43 word-images.
1682 1639 45 42 It
1756 1639 111 42 need

201 1712 193 56 scarcely
432 1712 52 43 be
522 1713 94 42 said
654 1713 99 42 that
790 1713 60 42 all
889 1713 108 43 such
1030 1713 304 42 observations
1367 1727 121 28 upon
1520 1713 77 42 the
1631 1712 159 43 speech
1824 1712 45 42 of

201 1784 312 44 melancholies
535 1800 71 29 are
634 1786 265 43 necessarily
923 1786 127 42 made
1082 1785 143 43 under
1257 1785 342 43 circumstances
1632 1785 45 43 of
1710 1799 158 42 excep-

202 1856 140 43 tional
363 1857 231 57 difficulty,
618 1858 87 42 and
728 1873 74 28 are
823 1857 392 57 correspondingly
1237 1858 134 43 liable
1394 1862 45 39 to
1462 1858 174 56 fallacy.

264 2004 36 41 2.
336 2003 282 43 Conditions
648 2015 54 31 of
731 2004 280 42 Temporary
1040 2004 291 42 Depression
1355 2014 55 32 of
1431 2004 224 43 Nervous
1678 2004 192 43 Energy

202 2087 49 30 in
299 2075 343 44 Insanity.—It
694 2076 38 42 is
785 2076 165 42 known
1003 2075 100 43 that
1155 2075 76 43 the
1284 2075 155 44 insane
1482 2090 47 28 as
1572 2090 25 28 a
1641 2076 112 43 class
1796 2090 73 29 are

202 2148 243 57 peculiarly
468 2153 78 38 apt
566 2152 46 39 to
636 2149 135 43 suffer
793 2149 114 42 from
940 2148 126 43 other
1098 2162 190 29 nervous
1319 2148 195 43 troubles
1548 2148 170 43 besides
1752 2149 118 42 their

201 2220 208 43 insanity.
472 2221 43 42 A
552 2221 119 57 large
709 2221 258 56 proportion
1007 2221 44 42 of
1089 2221 124 42 them
1252 2234 72 29 are
1366 2220 134 44 liable
1539 2226 45 38 to
1617 2225 252 52 temporary

202 2292 247 44 conditions
482 2294 44 42 of
558 2299 123 50 great
712 2293 168 43 mental
915 2294 294 42 excitement;
1242 2307 48 28 or
1323 2298 44 37 to
1395 2293 189 43 seizures
1617 2293 47 42 of
1693 2293 176 43 various

202 2365 143 44 kinds,
369 2365 108 44 such
513 2380 45 28 as
593 2366 210 56 epileptic
838 2380 47 28 or
921 2365 238 58 hysterical
1193 2366 85 51 fits,
1301 2366 172 43 attacks
1497 2366 48 43 of
1574 2366 197 57 megrim,
1793 2366 75 42 the

202 2438 332 56 apoplectiform
559 2452 48 29 or
629 2438 299 57 epileptiform
959 2438 188 43 seizures
1181 2439 47 41 of
1256 2438 177 57 general
1464 2438 217 57 paralysis
1703 2439 167 42 known

201 2525 46 29 as
269 2513 21 20 "
306 2511 251 57 congestive
581 2510 210 54 attacks,"
814 2511 235 57 cataleptic
1072 2510 262 44 conditions,
1352 2512 87 42 and
1456 2526 136 43 many
1610 2511 126 44 other
1759 2511 109 44 such

201 2583 313 44 disturbances.

259 2656 92 43 All,
386 2671 47 28 or
465 2656 152 57 nearly
650 2656 72 53 all,
752 2656 109 44 such
895 2656 191 44 seizures
1120 2671 129 29 cause
1287 2656 267 44 exhaustion
1592 2657 47 43 of
1673 2657 194 43 cerebral

202 2743 161 42 energy
397 2729 67 43 for
495 2743 27 28 a
556 2729 120 43 time,
698 2729 88 43 and
819 2743 83 30 one
938 2730 44 43 of
1017 2729 75 44 the
1126 2730 232 43 evidences
1382 2730 45 43 of
1459 2730 109 44 such
1602 2735 265 38 exhaustion

203 2815 100 43 may
347 2802 53 43 be
443 2816 25 28 a
511 2806 251 52 temporary
806 2802 314 44 development
1157 2803 44 42 of
1244 2803 191 57 aphasia.
1512 2803 103 52 But,
1653 2817 47 29 as
1744 2803 123 43 these

202 2874 205 44 different
448 2874 133 43 kinds
624 2874 48 43 of
710 2874 169 44 seizure
924 2889 71 30 are
1039 2875 92 44 also
1174 2876 45 43 of
1266 2876 209 43 frequent
1517 2890 260 29 occurrence
1820 2875 48 43 in

203 2960 179 42 persons
405 2946 98 44 who
527 2961 73 29 are
623 2952 79 38 not
724 2947 167 43 insane,
913 2948 89 42 and
1035 2948 47 42 in
1115 2948 137 53 them,
1275 2953 84 38 too,
1382 2962 72 29 are
1487 2952 78 38 apt
1597 2952 45 38 to
1676 2961 192 43 produce

204 3018 177 56 aphasic
403 3019 306 44 disturbances
732 3020 47 43 of
798 3020 174 57 speech,
988 3020 37 43 it
1048 3020 104 43 will,
1171 3021 23 42 I
1214 3020 143 43 think,
1375 3020 53 43 be
1446 3020 144 42 better
1608 3024 44 38 to
1670 3019 196 43 describe

204 3089 113 43 their
351 3091 150 44 effects
536 3106 57 29 on
629 3092 159 56 speech
824 3092 142 44 under
1001 3097 200 52 separate
1235 3092 225 55 headings,
1492 3091 152 42 rather
1677 3091 106 42 than
1822 3095 45 37 to

205 3167 113 39 treat
340 3166 46 41 of
406 3164 121 44 them
550 3165 60 43 all
633 3166 45 42 in
702 3165 185 43 relation
911 3170 45 38 to
980 3165 74 44 the
1077 3165 160 57 speech
1260 3166 47 42 of
1326 3164 76 43 the
1425 3165 164 42 insane.
