1933 3302
619 69 591 47 Antiplilogistisch-physikalische
1233 79 121 34 Mittel.

174 65 54 39 64

174 173 96 39 oder
299 174 143 38 Jenem
471 188 124 26 warm
625 178 246 50 empfohlen,
903 182 191 39 keinerlei
1125 185 252 41 erheblichen
1407 189 142 40 Werth
1587 193 86 47 hat,
1714 198 77 37 und

174 227 146 47 ferner,
353 228 88 38 dass
470 229 64 38 bei
565 231 128 39 einem
715 233 117 39 Theil
862 235 69 38 der
961 236 112 38 mehr
1094 239 93 37 oder
1209 243 174 49 weniger
1409 245 231 40 wirksamen
1662 225 129 63 kittel

175 282 109 38 eines
316 295 70 25 vor
418 283 86 37 dem
544 286 149 38 andern
732 287 144 39 keinen
915 290 279 40 wesentlichen
1225 293 161 53 Vorzug
1425 297 119 39 hatte.
1604 300 187 42 Dennoch

175 335 69 38 hat
274 336 61 38 die
366 336 215 40 Kenntniss
621 340 207 39 derselben
865 342 111 38 mehr
1015 344 55 38 als
1108 345 259 42 historischen
1398 350 158 49 Werth,
1603 356 87 36 weil
1729 358 61 37 ein

174 389 207 39 Protokoll
430 405 76 25 von
555 395 264 49 angestellten
867 396 347 51 therapeutischen
1256 402 229 41 Versuchen
1529 407 80 38 sich
1652 409 139 40 daraus

174 444 168 50 ergiebt,
375 445 118 39 deren
526 446 194 49 Resultat,
751 449 100 38 auch
880 464 115 25 wenn
1026 465 40 25 es
1097 456 160 49 negativ
1287 458 147 47 ausfiel,
1466 460 70 38 auf
1558 462 119 48 jeden
1707 463 85 39 Fall

175 511 77 25 von
283 497 199 41 Interesse
513 501 63 38 ist.

307 553 156 40 Etliche
494 554 238 52 Chirurgen,
764 559 239 36 namentlich
1035 560 239 52 diejenigen,
1306 565 146 39 welche
1484 567 75 38 den
1589 568 202 40 Hospital-

174 607 128 38 brand
331 608 58 38 als
421 609 85 38 eine
537 609 235 51 allgemeine
795 610 428 45 Infectionskrankheit
1251 619 227 48 auffassten,
1510 622 78 38 und
1618 623 68 38 der
1706 624 84 38 An-

175 661 103 38 sicht
316 676 152 34 waren,
515 664 60 37 die
606 663 178 52 Heilung
823 666 129 38 könne
990 682 73 24 nur
1102 683 75 25 von
1216 672 86 38 dem
1347 674 180 45 „inneren
1559 676 134 39 Leben
1724 679 68 37 der

177 714 196 41 Gewebe"
409 717 214 51 ausgehen,
655 719 221 39 bedeckten
907 721 60 38 die
1000 722 157 39 Wunde
1187 738 73 24 nur
1289 727 71 37 mit
1389 727 224 49 Leinwand,
1645 732 146 39 welche

175 771 57 38 sie
263 784 97 25 stets
390 772 71 37 mit
491 772 163 38 Wasser
684 774 192 38 benetzen
904 775 144 39 liessen
1078 777 265 52 (Trotter),
1382 782 100 38 auch
1520 785 177 38 wandten
1735 799 56 25 sie

177 824 397 53 Wasserumschläge
605 827 95 38 oder
730 828 71 38 auf
825 828 145 51 Papier
999 832 275 48 gestrichenen
1295 833 199 40 Unschlitt
1523 851 48 24 an
1601 838 188 50 (Allee).

176 879 193 52 Marmy
401 880 68 38 sah
490 880 111 38 Fälle
625 894 74 25 von
721 881 310 51 Hospitalbrand
1053 885 63 38 bei
1147 886 205 40 einfachen
1373 889 418 42 Wasserumschlägen

175 934 144 38 heilen.
378 934 160 39 Andere
578 936 179 38 Autoren
802 938 147 50 gingen
993 939 173 39 insofern
1212 942 156 47 weiter,
1415 944 55 38 als
1514 958 54 25 sie
1609 927 180 58 Wass'er-

175 989 225 49 spülungen
442 990 235 46 benutzten,
723 1004 66 25 um
833 992 62 38 die
936 992 157 40 Wunde
1136 995 250 39 mechanisch
1427 999 84 37 rein
1555 1013 48 23 zu
1644 1000 145 39 halten.

176 1042 501 52 Mosetig-Moorhof
702 1045 235 39 behandelte
967 1047 54 38 im
1044 1048 312 41 Krankenhause
1378 1051 169 39 Wieden
1570 1054 102 38 1873
1694 1055 96 38 zwei

176 1096 111 39 Fälle
327 1097 81 50 (bei
445 1097 458 46 Riss-Quetschwunden
941 1115 49 24 an
1028 1102 117 38 Hand
1185 1104 77 38 und
1300 1104 115 52 Fuss)
1457 1107 233 50 erfolgreich
1720 1112 71 34 mit

175 1151 611 41 Brunnenwasserirrigationen.

458 1314 195 40 Oertliche
682 1316 661 52 antipUogistiscli-pliysikalisclie
1372 1320 138 41 Mittel

303 1422 54 38 Es
380 1422 98 38 wird
498 1436 73 24 uns
600 1422 109 39 nicht
737 1424 190 38 auffallen
957 1425 63 37 bei
1048 1426 150 38 älteren
1219 1426 189 47 Autoren,
1440 1428 111 38 ihren
1573 1428 215 39 Ansichten

169 1477 100 38 über
285 1477 269 50 Entzündung
572 1478 300 49 entsprechend,
897 1479 60 38 die
979 1480 163 38 örtliche
1159 1480 288 51 Antiphlogose
1468 1483 39 37 in
1524 1483 73 37 den
1614 1483 172 38 Vorder-

169 1532 130 50 grund
331 1531 162 51 gestellt
523 1545 47 24 zu
600 1532 143 38 finden.
789 1533 71 38 Bei
882 1534 370 50 ausgesprochenen
1284 1536 298 38 entzündlichen
1603 1537 183 37 Erschei-

169 1600 163 37 nungen
370 1587 40 36 in
450 1586 68 38 der
549 1585 245 52 Umgebung
833 1587 105 38 eines
971 1588 561 52 Hospitalbrandgeschwüres
1564 1591 222 49 empfahlen

171 1640 170 51 Begin,
375 1640 265 50 Thompson
684 1655 37 24 u.
753 1641 48 38 A.
829 1642 202 38 örtliche
1071 1643 477 39 Blutentziehungen.
1607 1643 45 39 In
1697 1645 88 37 der-

171 1695 137 39 selben
338 1695 169 38 Absicht
535 1695 135 38 wurde
701 1695 119 39 Kälte
852 1700 247 47 angewandt.
1159 1697 62 39 Sie
1252 1698 69 37 hat
1350 1698 81 38 sich
1461 1698 108 38 nicht
1596 1699 189 45 bewährt,

171 1752 191 49 steigerte
386 1749 93 39 eher
501 1750 60 37 die
577 1749 403 52 Schmerzhaftigkeit
1001 1752 78 37 und
1102 1765 79 24 war
1203 1753 74 37 den
1291 1751 190 39 Kranken
1501 1752 284 39 unangenehm.

171 1804 114 39 Wer
295 1805 126 38 neck
464 1803 71 39 hat
572 1807 206 44 versucht,
823 1804 153 39 Kälte
1016 1805 56 38 als
1103 1806 289 38 Antisepticum
1421 1807 40 37 in
1493 1806 295 51 energischerer

172 1858 136 39 Weise
347 1859 280 37 anzuwenden.
687 1859 55 38 Er
779 1859 91 38 liess
910 1860 61 38 die
1003 1859 184 39 Wunden
1216 1860 149 51 täglich
1396 1861 185 37 2—3mal
1611 1861 70 37 mit
1711 1861 75 37 eis-

171 1913 151 38 kaltem
343 1913 165 38 Wasser
539 1913 58 38 bis
618 1927 69 24 zur
707 1913 246 51 Erstarrung
983 1915 225 49 begiessen;
1241 1915 98 37 auch
1369 1914 186 38 Marmy
1585 1914 68 38 hat
1682 1915 104 37 diese

171 1968 137 38 kalten
329 1968 300 51 Begiessungen
661 1968 196 38 versucht,
890 1968 99 38 doch
1019 1969 247 37 keineswegs
1296 1971 72 35 mit
1387 1968 166 39 Nutzen.
1595 1968 192 38 Fischer

172 2025 124 36 setzte
333 2022 41 38 in
413 2022 158 38 einigen
602 2021 137 39 Fällen
778 2023 85 37 eine
894 2022 325 50 Eisbehandlung
1257 2025 238 35 consequent
1533 2022 132 38 durch.
1724 2021 62 38 Sie

174 2092 81 23 war
286 2078 76 37 den
392 2077 190 37 Kranken
613 2076 90 38 sehr
733 2077 289 49 unangenehm,
1055 2077 222 37 vermehrte
1308 2077 61 37 die
1400 2075 246 39 Schmerzen,
1679 2076 107 37 wäh-

172 2132 99 38 rend
292 2132 69 38 der
382 2131 312 38 Hospitalbrand
726 2131 179 37 unbeirrt
934 2131 231 38 fortschritt.
1209 2130 98 38 Hier
1328 2144 105 24 muss
1454 2130 63 38 ich
1547 2131 75 37 den
1652 2143 134 36 eigen-

172 2186 246 39 thümlichen
448 2185 177 40 Versuch
658 2184 325 40 Neudiirfer's
1023 2185 232 38 erwähnen,
1296 2185 74 38 den
1399 2184 310 38 Hospitalbrand
1739 2198 47 23 an

174 2242 109 37 einer
313 2241 240 38 Extremität
582 2240 121 38 durch
734 2239 198 39 Ligatur
975 2240 79 37 der
1085 2239 343 38 Hauptarterie
1459 2253 47 23 zu
1537 2237 248 45 bekämpfen,

175 2295 170 38 welcher
375 2295 155 38 freilich
560 2295 176 37 weniger
774 2294 121 38 durch
936 2295 60 37 die
1030 2293 183 38 Absicht,
1255 2294 60 37 die
1345 2293 265 49 Entzündung
1640 2306 46 23 zu
1718 2292 68 37 be-

174 2350 203 50 kämpfen,
409 2349 56 38 als
496 2349 123 38 durch
648 2349 176 37 Empirie
856 2348 217 38 veranlasst
1103 2348 144 38 wurde.
1290 2347 202 39 Nachdem
1523 2345 264 39 Neudörfer

175 2405 65 37 bei
277 2404 129 38 einem
444 2403 87 38 Fall
569 2406 72 35 mit
678 2403 202 38 schweren
919 2403 227 38 Blutungen
1187 2416 69 24 aus
1294 2402 68 37 der
1393 2401 110 37 Tiefe
1543 2400 83 37 eine
1657 2399 130 38 solche

177 2458 308 50 Unterbindung
515 2457 184 50 gemacht
728 2458 78 37 und
838 2457 169 37 darnach
1046 2456 108 38 nicht
1191 2470 73 24 nur
1295 2456 60 37 die
1386 2454 194 50 Blutung,
1621 2466 166 25 sondern

176 2514 98 38 auch
298 2514 73 37 den
396 2512 310 38 Hospitalbrand
738 2511 195 38 aufhören
963 2511 82 38 sah,
1078 2511 154 37 wandte
1263 2523 41 24 er
1334 2508 209 38 mehrmals
1565 2521 128 36 gegen
1714 2507 71 37 den

176 2567 314 39 Hospitalbrand
521 2565 56 39 als
607 2565 157 39 solchen
797 2565 377 50 Unterbindungen,
1206 2562 208 40 angeblich
1444 2564 70 35 mit
1544 2561 150 50 Erfolg,
1726 2574 58 23 an.

177 2622 114 39 Auch
330 2621 228 39 trockene
592 2619 182 38 Wärme
812 2620 51 37 ist
900 2619 56 38 als
986 2619 131 37 Mittel
1152 2632 68 24 zur
1251 2617 260 48 Anwendung
1539 2628 245 38 gekommen.

177 2676 208 39 Nachdem
417 2675 168 50 Guyot
615 2672 142 52 (1840)
797 2674 61 38 die
894 2672 275 48 „Incubation"
1207 2672 67 37 der
1307 2670 155 38 Wimde
1492 2670 39 37 in
1562 2682 125 24 einem
1719 2668 66 36 be-

179 2744 194 26 sonderen
403 2730 181 50 Apparat
612 2727 64 39 bei
706 2728 265 45 bestimmter,
1011 2725 377 52 gleichbleibender,
1421 2737 164 25 warmer
1617 2722 169 48 Tempe-

178 2788 111 35 ratur
338 2799 56 25 als
444 2784 158 38 Princip
652 2782 68 38 der
770 2781 390 50 Wundbehandlung
1208 2778 229 51 aufgestellt
1483 2778 127 42 hatte,
1659 2775 127 38 haben

179 2839 203 39 Debrou
413 2839 78 38 und
523 2838 188 39 Robert
740 2835 219 39 zahlreiche
982 2833 402 40 Hospitalbrandfälle
1415 2833 38 37 in
1484 2832 86 37 dem
1601 2828 185 51 Guyot-

180 2893 119 38 schen
336 2893 420 49 Incubationsapparat
797 2889 224 39 behandelt.
1081 2889 139 38 Dieser
1264 2886 258 49 Behandlung
1563 2883 126 51 geben
1732 2895 54 25 sie
