2107 3450
552 285 368 45 fcLASSlFICAtlON
954 293 54 33 OF
1041 291 284 34 LANGUAGES.
1686 274 83 47 165

112 419 170 44 nisable
304 434 46 28 as
372 432 127 30 roots.
564 418 91 42 The
693 416 188 44 formula
918 414 133 58 given
1090 414 67 42 for
1191 412 124 42 these
1337 412 37 42 is
1408 412 75 49 Er,
1506 411 96 50 Err,
1625 411 74 50 rE,
1722 424 47 28 or

112 492 92 43 rEr.
268 490 55 44 In
348 489 72 45 the
444 487 268 46 inflectional
735 492 118 52 type,
875 492 141 38 either
1053 485 75 42 the
1167 483 120 43 chief
1321 486 118 39 roots
1472 497 46 27 or
1552 481 75 43 the
1665 481 103 43 sub-

110 563 221 43 ordinates
355 576 99 42 may
477 574 193 29 undergo
692 558 271 44 inflectional
986 557 166 43 change
1175 569 47 29 so
1245 568 47 29 as
1314 559 45 37 to
1381 554 180 42 become
1582 552 185 57 irrecog-

112 633 165 44 nisable
301 648 45 28 as
369 637 129 46 roots,
516 636 157 39 except
690 636 44 38 to
753 631 76 43 the
846 629 191 45 learned,
1055 628 99 42 who
1177 642 81 28 can
1277 631 115 38 trace
1409 630 77 38 out
1503 625 77 43 the
1597 624 171 57 history

111 706 84 41 and
229 704 205 43 affinities
467 704 47 42 of
543 704 74 42 the
642 703 117 42 word
778 718 9 38 ;
819 702 88 43 and
935 702 89 42 this
1051 698 273 45 inflectional
1357 712 168 42 change
1547 697 50 53 is,
1621 696 46 42 in
1691 696 76 44 the

108 775 198 45 formula,
328 776 188 43 denoted
540 776 58 56 by
616 775 228 43 attaching
866 774 75 43 the
963 773 133 43 letter
1118 788 28 27 x
1171 777 44 38 to
1234 771 76 43 the
1327 775 97 39 root
1448 769 208 57 changed.
1700 769 67 43 As

107 848 140 44 either
280 849 73 42 the
389 848 119 43 chief
541 853 95 37 root
670 862 47 28 or
751 847 75 43 the
863 846 307 44 subordinates
1207 859 102 43 may
1332 858 195 42 undergo
1567 841 109 45 such
1698 841 68 43 in-

107 920 186 43 flection,
317 920 75 42 the
415 919 189 43 formula
624 920 50 51 is,
697 920 96 51 Erx,
815 920 97 42 Exr,
935 920 116 42 Errx.

166 993 224 43 Professor
411 992 167 43 Mtiller
602 992 56 56 (p.
685 993 101 45 372)
814 992 37 44 is
874 993 46 43 of
940 992 181 44 opinion
1155 990 97 44 that
1281 1004 130 42 every
1445 988 216 56 language
1686 1001 82 29 can

106 1065 54 43 be
183 1064 215 44 classified
435 1079 47 29 as
520 1080 25 28 a
586 1065 197 43 member
820 1066 47 42 of
901 1079 82 28 one
1021 1079 47 28 or
1100 1063 126 43 other
1260 1062 47 43 of
1341 1061 125 44 these
1499 1060 123 43 three
1645 1063 125 54 great

107 1137 308 57 groups,—the
438 1137 194 53 Eadical,
655 1137 74 44 the
751 1137 351 57 Agglutinative,
1125 1135 87 43 and
1242 1134 75 43 the
1341 1132 290 45 Inflectional.
1696 1132 72 43 He

108 1209 154 44 thinks
299 1210 98 43 that
433 1210 75 43 the
551 1210 161 43 second
746 1211 47 42 of
821 1210 124 43 these
988 1223 88 29 was
1109 1207 243 44 developed
1385 1207 114 42 from
1542 1205 75 43 the
1660 1205 107 52 first,

108 1282 88 42 and
239 1282 74 43 the
357 1282 119 43 third
519 1282 111 43 from
673 1283 76 42 the
793 1281 170 44 second.
1027 1281 65 42 At
1120 1294 109 43 page
1258 1279 99 45 378,
1400 1279 55 43 he
1500 1277 269 57 says—"As

109 1353 66 43 far
210 1368 46 29 as
298 1354 75 43 the
415 1355 157 42 formal
609 1359 100 52 part
745 1355 45 42 of
826 1354 76 43 the
939 1354 215 55 language
1192 1353 37 42 is
1268 1350 258 56 concerned,
1566 1364 64 29 we
1664 1364 103 29 can-

106 1432 79 36 not
228 1426 128 43 resist
399 1427 75 42 the
521 1427 254 42 conclusion
820 1430 98 39 that
972 1425 119 42 what
1133 1425 37 42 is
1223 1438 100 28 now
1367 1421 265 60 inflectional
1679 1437 88 29 was

105 1498 208 56 formerly
347 1502 325 52 agglutinative,
695 1497 86 44 and
816 1497 119 43 what
967 1497 37 42 is
1038 1511 98 28 now
1159 1495 314 57 agglutinative
1497 1508 88 29 was
1608 1500 44 37 at
1672 1495 97 42 first

104 1569 205 43 radical."

163 1642 201 56 Analogy
386 1643 171 42 between
580 1642 65 43 the
667 1641 161 58 Species
844 1643 50 56 of
903 1640 256 58 Languages
1176 1641 91 42 and
1285 1641 67 42 the
1372 1638 163 58 Species
1552 1640 51 56 of
1611 1640 160 43 Plants

103 1714 90 42 and
214 1714 466 43 Animals.—Darwin
705 1714 76 43 has
814 1714 128 43 made
975 1728 119 29 some
1127 1727 107 43 very
1269 1712 264 57 interesting
1569 1712 199 43 remarks

104 1785 134 44 about
260 1786 74 44 the
357 1787 183 43 obvious
562 1786 268 58 parallelism
855 1787 98 42 that
977 1790 137 39 exists
1132 1785 201 43 between
1355 1785 77 43 the
1455 1784 313 57 development

105 1859 45 42 of
171 1858 205 44 different
397 1859 239 58 languages
659 1860 88 43 and
771 1859 74 44 the
870 1859 312 44 development
1204 1858 45 43 of
1284 1858 207 43 different
1524 1857 167 44 species
1724 1859 45 42 of

105 1930 146 56 plants
274 1931 87 43 and
393 1931 197 44 animals.
654 1932 73 44 He
764 1937 185 39 says—"
964 1932 91 43 The
1088 1931 237 43 formation
1359 1931 47 42 of
1435 1931 208 43 different
1672 1930 96 44 lan-

104 2017 160 42 guages
287 2003 86 43 and
391 2004 47 43 of
459 2004 206 43 different
689 2004 179 57 species,
891 2004 87 43 and
1001 2004 74 43 the
1098 2004 148 56 proofs
1271 2003 96 43 that
1390 2003 108 43 both
1521 2003 113 44 have
1657 2004 112 43 been

105 2075 240 57 developed
368 2076 191 43 through
591 2091 25 28 a
638 2077 184 57 gradual
853 2091 187 43 process,
1071 2091 73 28 are
1167 2076 223 56 curiously
1412 2076 197 57 parallel.
1675 2076 94 44 But

110 2161 64 29 we
207 2162 79 29 can
309 2153 117 39 trace
460 2148 75 44 the
559 2149 235 43 formation
811 2150 47 42 of
878 2164 135 28 many
1037 2149 141 43 words
1197 2149 173 43 further
1401 2149 114 43 back
1537 2149 110 43 than
1670 2150 99 43 that

107 2220 45 42 of
184 2220 178 56 species,
396 2221 65 42 for
493 2235 64 29 we
581 2235 81 29 can
684 2222 201 56 perceive
911 2221 98 44 how
1032 2221 107 57 they
1173 2221 196 43 actually
1401 2236 123 28 arose
1558 2222 113 43 from
1694 2223 76 43 the

106 2292 220 43 imitation
345 2293 46 43 of
406 2293 173 43 various
597 2294 175 43 sounds.
835 2294 84 43 We
938 2294 93 43 find
1048 2294 46 42 in
1114 2294 182 43 distinct
1314 2293 251 58 languages,
1580 2295 191 58 striking

105 2363 267 59 homologies
402 2365 85 44 due
520 2371 44 38 to
588 2366 275 58 community
886 2367 45 43 of
965 2366 192 44 descent,
1180 2366 87 44 and
1290 2366 222 57 analogies
1547 2367 86 44 due
1666 2372 46 40 to
1744 2383 26 29 a

107 2437 167 43 similar
295 2452 171 42 process
490 2439 47 42 of
556 2439 246 43 formation.
867 2440 91 43 The
982 2454 184 29 manner
1187 2440 48 42 in
1255 2439 144 44 which
1423 2440 169 43 certain
1615 2441 153 45 letters

104 2523 49 28 or
174 2511 162 43 sounds
361 2511 165 57 change
546 2511 127 44 when
689 2512 146 43 others
852 2512 178 58 change,
1044 2512 38 44 is
1099 2527 108 29 very
1222 2511 92 45 like
1330 2511 241 45 correlated
1584 2514 183 57 growth.

104 2581 84 43 We
210 2581 111 45 have
342 2583 46 42 in
413 2583 106 43 both
543 2598 119 29 cases
678 2584 73 44 the
769 2585 325 44 reduplication
1112 2585 45 44 of
1174 2590 133 52 parts,
1325 2585 75 44 the
1415 2585 152 44 effects
1584 2587 46 42 of
1644 2586 123 59 long-

103 2654 238 44 continued
363 2670 89 37 use,
474 2656 85 43 and
582 2671 47 29 so
652 2657 128 44 forth.
857 2658 91 44 The
971 2658 206 58 frequent
1200 2673 207 42 presence
1441 2658 46 43 of
1518 2659 250 45 rudiments

103 2725 106 43 both
232 2726 43 42 in
300 2727 211 58 language
529 2728 87 44 and
634 2729 46 43 in
699 2730 166 44 species
883 2730 37 44 is
938 2731 94 43 still
1051 2745 118 29 more
1183 2731 287 44 remarkable.
1520 2731 93 44 The
1635 2731 134 44 letter

104 2809 54 31 m
195 2799 45 42 in
279 2799 74 45 the
391 2802 116 42 word
539 2812 88 32 am
665 2818 150 29 means
851 2801 35 56 I,
909 2818 47 30 so
990 2804 109 43 that,
1124 2804 46 43 in
1193 2804 76 43 the
1297 2804 254 56 expression
1575 2802 24 45 I
1619 2815 102 44 am,
1743 2821 27 29 a

103 2872 274 57 superfluous
399 2875 86 43 and
508 2876 165 44 useless
696 2877 226 44 rudiment
944 2877 78 44 has
1045 2877 111 44 been
1178 2877 212 43 retained.
1454 2877 57 43 In
1535 2878 75 45 the
1633 2879 133 45 spell-

103 2946 88 56 ing,
214 2945 102 54 also,
338 2946 48 42 of
406 2948 150 53 words,
577 2949 151 44 letters
752 2950 122 43 often
897 2950 170 44 remain
1090 2964 47 29 as
1156 2949 76 45 the
1250 2950 250 44 rudiments
1523 2952 48 42 of
1589 2957 179 39 ancient

101 3018 137 43 forms
270 3019 48 42 of
345 3022 350 54 pronunciation.
760 3024 269 58 Languages,
1062 3023 92 44 like
1187 3023 178 57 organic
1397 3023 167 59 beings,
1597 3039 82 29 can
1713 3025 54 44 be

102 3090 167 45 classed
304 3091 48 43 in
384 3107 161 44 groups
579 3095 140 44 under
753 3111 188 42 groups;
972 3096 89 44 and
1094 3096 107 43 they
1225 3110 83 29 can
1338 3096 55 43 be
1416 3096 183 55 classed,
1623 3096 143 45 either

103 3163 234 59 naturally,
359 3166 230 58 according
612 3173 44 39 to
689 3168 193 45 descent,
904 3184 47 29 or
983 3168 253 57 artificially
1259 3167 59 57 by
1342 3168 127 44 other
1502 3174 259 40 characters.
