2113 3404
315 188 83 40 302

819 203 87 30 THE
932 203 242 32 DISORDERS
1207 204 53 31 OF
1292 205 174 31 SPEECH.

315 320 251 43 conclusiou
590 321 94 41 that
706 321 34 41 it
765 326 114 36 must
903 322 61 50 be,
988 323 44 39 in
1055 336 24 27 a
1101 322 158 55 special
1294 336 186 36 manner,
1503 323 73 42 the
1608 323 246 43 storehouse
1885 326 43 40 of

315 391 75 42 the
421 392 180 55 guiding
632 392 324 55 psycho-motor
988 392 186 55 pictures
1207 406 47 28 or
1286 393 232 51 memories,
1544 393 150 41 which,
1717 393 44 41 in
1794 394 134 41 them-

316 462 152 42 selves,
485 477 71 27 are
579 477 45 27 so
647 462 160 55 largely
831 477 172 27 sensory
1023 463 44 40 in
1091 463 295 50 constitution,
1402 463 128 42 being
1554 463 120 42 made
1698 478 56 40 up
1777 465 153 54 chiefly

317 532 109 41 from
467 533 225 42 memories
730 533 45 41 of
810 533 216 41 muscular
1059 532 84 42 and
1181 533 147 42 tactile
1367 533 248 42 sensations.
1690 534 86 42 Are
1813 534 119 42 these

319 608 325 50 psycho-motor
666 603 204 54 pictures,
896 603 115 41 then,
1034 602 141 42 stored
1198 603 44 41 in
1266 603 72 42 the
1360 605 89 40 foot
1472 604 43 40 of
1543 603 71 42 the
1636 604 117 41 third
1776 605 153 40 frontal

319 673 290 42 convolution,
632 673 84 41 and
741 672 72 42 the
836 673 225 41 executive
1086 686 138 28 motor
1246 673 102 42 cells
1370 674 229 41 contained
1621 674 45 40 in
1688 674 73 40 the
1786 675 82 40 feet
1890 676 44 40 of

322 744 71 41 the
425 743 231 42 ascending
691 742 154 41 frontal
880 742 86 41 and
997 743 231 55 ascending
1260 743 179 54 parietal
1462 744 298 41 convolutions
1778 746 14 38 ?
1852 744 81 42 We

320 817 158 37 cannot
499 826 45 28 as
567 817 74 50 yet
672 826 165 27 answer
870 811 85 41 this
977 812 199 53 question
1210 812 232 56 definitely.
1504 813 82 42 We
1613 818 115 37 must
1751 814 100 40 wait
1874 815 62 40 for

320 884 73 41 the
431 888 156 36 results
626 882 43 41 of
712 882 166 41 further
917 882 291 54 experiments
1252 896 113 40 upon
1408 883 255 54 anthropoid
1705 884 231 42 monkeys;

321 954 97 41 and,
441 967 134 28 above
599 953 72 53 all,
697 966 61 28 we
781 957 117 37 must
923 953 101 40 wait
1048 953 61 40 for
1131 952 71 42 the
1226 952 185 42 decisive
1434 953 202 41 evidence
1659 954 94 40 that
1774 968 76 27 can
1885 955 50 41 be

321 1024 204 42 obtained
562 1023 103 41 only
704 1024 106 39 from
849 1022 74 41 the
960 1022 161 41 careful
1160 1022 272 41 observation
1470 1023 45 40 of
1553 1036 115 28 cases
1709 1023 45 40 in
1799 1023 136 41 which

321 1094 170 42 limited
534 1093 158 41 lesions
735 1092 109 42 have
887 1092 229 55 destroyed
1159 1106 80 27 one
1281 1093 124 40 small
1452 1093 168 54 portion
1663 1107 45 26 or
1759 1094 178 41 another

322 1167 43 41 of
387 1166 74 41 the
482 1178 102 42 grey
608 1167 157 37 matter
789 1162 153 41 within
965 1162 73 41 the
1061 1176 97 27 area
1189 1162 45 41 of
1263 1162 168 42 Broca's
1463 1162 286 42 convolution.
1813 1163 124 41 Some

323 1237 106 42 such
463 1249 117 28 cases
612 1235 108 40 have
744 1233 172 42 already
941 1233 107 42 been
1073 1232 212 42 recorded,
1308 1233 83 40 and
1415 1233 20 40 I
1459 1232 108 42 shall
1591 1233 95 54 give
1710 1239 120 35 notes
1852 1234 45 40 of
1915 1248 24 26 a

324 1309 79 40 few
440 1307 43 41 of
518 1306 145 42 them;
694 1305 79 41 but
797 1318 61 27 we
893 1318 69 27 are
996 1303 164 56 greatly
1185 1304 43 39 in
1266 1303 106 41 need
1403 1304 45 39 of
1480 1302 233 43 additional
1738 1304 200 41 evidence

323 1379 46 41 of
388 1379 88 40 this
499 1376 119 42 kind.

382 1449 43 42 A
454 1463 101 40 very
590 1447 236 40 important
864 1445 246 41 conclusion
1149 1444 167 42 arrived
1352 1449 44 36 at
1433 1445 55 53 by
1522 1444 72 41 the
1631 1445 308 54 experimental

325 1533 306 43 physiologists
677 1518 37 40 is
757 1516 106 41 that,
905 1515 155 41 within
1103 1515 73 41 the
1218 1529 97 27 area
1355 1515 47 40 of
1443 1514 167 41 Broca's
1652 1520 286 44 convolution,

326 1592 119 41 there
483 1590 35 40 is
557 1603 23 26 a
617 1586 160 43 special
814 1585 249 42 sub-centre
1100 1586 63 40 for
1195 1585 73 42 the
1306 1590 137 36 motor
1480 1585 268 41 innervation
1787 1585 46 41 of
1867 1585 71 41 the

327 1675 183 28 muscles
535 1659 139 41 which
712 1657 80 41 add
802 1662 70 36 net
909 1657 71 40 the
1014 1655 119 42 vocal
1171 1669 131 28 cords,
1325 1655 83 41 and
1448 1655 98 41 thus
1585 1655 117 54 place
1741 1656 115 41 them
1895 1656 44 40 in

326 1738 185 51 position
548 1732 62 39 for
644 1727 245 58 phonation.
952 1727 103 41 This
1088 1740 248 27 sub-centre
1366 1726 35 40 is
1425 1726 198 50 situated,
1646 1726 44 39 in
1722 1739 219 36 monkeys,

329 1805 152 41 within
505 1803 73 41 the
603 1802 87 40 foot
722 1800 43 41 of
798 1799 72 41 the
901 1797 235 42 ascending
1159 1796 156 42 frontal
1338 1796 288 50 convolution,
1649 1810 112 27 close
1783 1795 158 42 behind

327 1877 73 42 the
433 1872 242 58 precentral
707 1884 154 28 sulcus.
923 1869 83 41 We
1028 1882 89 27 owe
1142 1867 85 41 this
1250 1867 189 41 advance
1464 1867 41 40 in
1531 1867 71 40 the
1626 1865 252 55 physiology
1900 1865 43 41 of

327 1947 74 41 the
433 1948 140 38 motor
604 1956 97 27 area
733 1946 42 36 to
810 1940 72 41 the
916 1938 292 42 observations
1231 1938 43 40 of
1306 1952 23 25 a
1363 1937 178 40 number
1563 1937 45 40 of
1630 1935 311 55 physiologists,

328 2019 79 41 but
444 2029 116 28 more
592 2011 233 56 especially
859 2016 42 36 to
934 2010 122 41 those
1087 2009 45 40 of
1165 2008 169 41 Krause
1351 2006 15 25 1
1398 2007 84 41 and
1519 2007 46 41 of
1594 2007 43 41 F.
1668 2006 155 42 Semon
1859 2005 85 41 and

327 2090 51 40 V.
403 2085 217 45 Horsley.2
682 2085 53 40 In
769 2082 87 42 this
879 2085 260 38 sub-centre,
1162 2079 73 41 the
1265 2078 227 41 adductors
1515 2078 42 39 of
1587 2077 72 41 the
1683 2076 119 41 vocal
1825 2089 119 28 cords

328 2161 109 40 have
460 2159 105 40 been
592 2154 130 42 found
749 2158 43 37 to
815 2153 51 40 be
901 2150 244 54 bilaterally
1169 2148 303 55 represented,3
1493 2161 45 28 so
1563 2152 93 37 that
1677 2146 264 43 stimulation

329 2232 45 40 of
394 2230 87 42 this
504 2241 247 29 sub-centre
774 2225 42 40 in
842 2237 80 27 one
939 2221 272 43 hemisphere
1235 2220 35 40 is
1295 2218 132 42 found
1451 2224 41 36 to
1517 2218 49 41 be
1589 2217 175 55 capable
1786 2218 43 40 of
1850 2231 95 40 pro-

330 2301 159 53 ducing
531 2295 126 45 equal
700 2294 233 42 adduction
977 2292 42 40 of
1072 2291 100 41 both
1220 2289 117 43 vocal
1381 2289 129 41 cords.
1575 2289 51 43 In
1672 2287 70 42 the
1786 2288 155 39 human

379 2403 9 21 1
420 2401 154 35 Krause,
592 2398 138 36 Archiv
748 2397 68 45 fur
833 2396 112 34 Anat.
966 2394 75 35 und
1063 2393 115 44 Pln/s.,
1200 2391 153 45 Physiol
1373 2391 119 43 Abth.,
1513 2390 103 36 1884.

378 2462 14 22 2
418 2461 40 35 F.
480 2461 136 34 Semon
630 2458 75 35 and
719 2457 47 35 V.
785 2454 170 46 Horsley,
973 2453 123 35 Trans,
1112 2452 41 35 of
1165 2451 53 35 the
1232 2451 83 45 Roy.
1336 2450 133 45 Society
1485 2449 76 46 (B.)
1578 2452 101 41 1890,
1695 2461 36 34 p.
1752 2450 75 34 187.

380 2522 13 21 3
419 2520 106 36 They
543 2519 94 34 have
661 2517 94 34 been
783 2514 114 35 found
923 2517 38 31 to
983 2513 46 34 be
1048 2523 38 23 so
1104 2511 39 34 in
1162 2510 98 46 dogs,
1279 2509 50 46 by
1349 2509 142 34 Krause
1511 2521 7 30 ;
1544 2508 72 35 and
1633 2508 41 35 in
1691 2519 188 35 monkeys,
1899 2507 47 46 by

332 2582 41 35 F.
394 2581 137 35 Semon
549 2577 73 37 and
641 2576 47 36 V.
707 2574 170 36 Horsley.
930 2571 58 36 On
1008 2571 62 35 the
1089 2569 105 37 other
1212 2569 109 43 hand,
1341 2567 134 36 Masini
1493 2567 123 46 (Arch.
1636 2567 77 36 ital.
1734 2567 40 35 di
1793 2567 153 45 Larxjng.

331 2640 165 48 Napoli.,
523 2637 111 49 April
665 2635 106 36 1888)
798 2633 94 35 finds
918 2631 81 36 that
1024 2642 90 33 very
1140 2628 96 48 light
1263 2627 230 35 stimulation
1519 2626 40 35 of
1580 2625 62 36 the
1669 2629 121 32 centre
1815 2625 39 35 in
1881 2636 67 24 one

332 2699 234 47 hemisphere
595 2707 179 37 produces
804 2695 213 33 movement
1051 2701 87 24 only
1174 2687 39 35 of
1244 2687 63 35 the
1342 2690 164 43 opposite
1539 2685 103 36 vocal
1677 2685 96 45 cord,
1807 2684 139 47 though

333 2772 166 25 stronger
532 2754 230 40 stimulation
803 2762 173 39 produces
1013 2747 162 39 bilateral
1217 2749 218 34 movement.
1500 2745 131 37 Semon
1670 2746 68 33 ami
1782 2743 163 44 Horsley,

332 2820 183 36 however,
541 2815 94 36 have
666 2811 170 38 repeated
862 2810 97 35 their
985 2819 245 25 experiments
1256 2805 98 36 since
1379 2805 63 35 the
1469 2803 228 48 publication
1724 2803 40 35 of
1788 2801 161 36 Masini's

333 2889 124 37 paper,
475 2875 74 37 and
567 2874 90 35 they
675 2871 133 36 adhere
827 2874 37 30 to
882 2869 98 35 their
999 2879 211 25 conclusion
1238 2869 81 31 that
1344 2864 198 36 unilateral
1569 2863 230 36 stimulation
1825 2862 40 36 of
1887 2861 61 36 the

334 2948 124 24 centre
476 2946 136 34 always
631 2942 177 37 produces
827 2928 107 36 equal
954 2929 211 33 movement
1183 2924 39 37 of
1236 2923 91 37 both
1345 2923 103 35 vocal
1467 2922 111 36 cords.
1631 2921 128 50 See^F.
1788 2918 162 37 Semon's

335 2993 251 39 contribution
607 2995 38 32 to
671 2987 199 39 Virchow's
894 2985 209 47 Festschrift,
1125 2987 103 42 1890,
1246 2983 72 36 vol.
1339 2983 51 35 iii.
1410 2994 34 35 p.
1467 2983 77 34 429.
