1933 3302
609 182 252 33 Verschiedene
884 184 212 42 Aetzmittel,
1120 184 195 36 Gliiheisen.

149 181 50 37 74

279 287 214 39 Packard
525 289 102 39 sieht
655 291 40 37 in
726 291 126 39 dieser
882 292 226 51 Reinigiuig
1138 294 61 37 die
1235 294 307 52 Hauptaufgabe
1580 299 67 38 der
1683 301 76 37 Be-

147 341 222 51 handlung;
416 355 41 24 er
503 343 193 48 entfernt,
743 346 190 38 ebenfalls
971 347 40 36 in
1047 347 68 37 der
1145 347 196 41 Narkose,
1385 350 60 38 die
1485 352 276 39 aufliegenden

147 395 178 48 Massen,
375 395 118 39 theils
536 397 73 38 mit
655 399 149 38 rauhen
849 399 293 48 Schwämmen,
1191 401 115 40 theils
1354 403 72 38 mit
1466 403 174 41 Pincette
1684 409 77 36 und

148 448 181 40 Scheere.

279 503 77 37 Am
388 505 294 50 energischsten
711 506 137 38 betont
865 506 141 50 jedoch
1031 507 156 51 König
1217 509 60 38 die
1297 510 361 52 Nothwendigkeit,
1690 514 72 37 den

147 557 313 50 Hospitalbrand
482 558 243 52 chirurgisch
748 574 47 23 zu
815 560 232 48 behandeln,
1069 575 66 24 um
1157 562 60 38 die
1239 563 267 39 Desinfection
1524 566 67 37 der
1609 566 153 38 Wunde

146 611 41 38 in
216 611 52 38 all
298 611 114 39 ihren
442 612 188 47 Theilen,
661 613 293 48 Hohlräumen,
987 613 183 51 Gängen,
1202 616 379 53 Unterminirungen
1615 633 47 24 zu
1700 633 62 25 er-

146 665 236 51 möglichen.
442 667 75 37 Mit
555 666 148 47 Sonde,
745 667 152 39 Messer
939 669 79 37 und
1054 668 166 40 Scheere
1255 672 122 38 sollen
1415 672 75 38 alle
1528 673 235 38 ergriffenen

149 719 138 39 Theile
327 720 235 51 aufgesucht
599 722 79 37 und
713 721 214 50 freigelegt
964 723 168 37 werden.
1202 723 86 39 Nur
1324 726 173 38 dadurch
1531 727 105 37 kann
1674 741 89 24 man

147 773 100 38 auch
275 774 102 38 noch
406 775 63 37 bei
500 775 73 37 den
605 775 284 47 schlimmsten,
929 776 39 37 in
1008 776 132 38 Breite
1170 779 78 37 und
1279 779 112 39 Tiefe
1419 780 114 38 rasch
1562 781 81 37 sich
1673 795 90 24 aus-

148 827 231 40 dehnenden
410 829 140 38 Fällen
578 829 64 38 bei
671 829 144 38 hohem
836 830 220 50 septischen
1077 830 142 39 Fieber
1244 832 171 51 Rettung
1434 835 178 50 bringen.
1671 834 93 39 Sind

148 882 115 38 dabei
297 883 274 49 weitgehende
608 883 388 51 Durchtrennungen
1034 897 75 25 von
1144 885 201 48 Muskeln,
1383 886 155 40 Sehnen
1575 903 37 23 u.
1648 902 29 24 s.
1716 903 46 23 w.

148 937 304 47 vorzunehmen,
485 951 69 25 vor
576 938 125 37 denen
722 951 90 24 man
833 938 363 39 zurückschrecken
1216 940 166 48 möchte,
1413 955 41 24 so
1475 943 108 49 giebt
1611 942 154 51 König

148 1005 49 23 zu
225 991 221 47 bedenken,
479 992 87 38 dass
588 1005 40 24 es
649 992 134 38 besser
804 992 57 38 sei
883 992 104 38 diese
1008 992 311 40 Muskelbäuche
1349 995 71 37 mit
1440 995 87 38 dem
1547 995 149 39 Messer
1718 1010 47 24 zu

149 1045 293 39 durchtrennen
472 1047 79 37 und
582 1046 61 37 die
673 1045 344 51 hinterliegenden
1046 1046 273 40 Jaucheherde
1349 1048 253 52 freizulegen,
1634 1050 55 37 als
1709 1050 55 38 sie

151 1098 124 51 Opfer
307 1101 67 37 des
406 1100 356 50 Hospitalbrandes
792 1101 157 37 werden
988 1115 47 23 zu
1074 1101 141 38 lassen.
1273 1102 196 51 Brandige
1501 1103 153 39 Theile,
1694 1117 70 24 wie

148 1152 170 49 Sehnen,
349 1154 176 47 Fascien,
557 1154 422 51 Bindegewebsfetzen
1008 1156 86 37 sind
1124 1169 70 24 vor
1220 1156 67 37 der
1310 1156 181 51 Aetzung
1512 1160 252 48 abzutragen.

281 1207 123 39 Sollte
436 1209 62 37 ein
528 1208 153 38 solcher
712 1208 87 38 Fall
829 1222 75 25 von
933 1209 181 38 tieferem
1144 1209 310 50 Hospitalbrand
1483 1211 40 37 in
1554 1212 67 39 der
1642 1211 122 38 Folge

148 1276 69 24 zur
246 1262 264 52 Behandlung
540 1263 198 38 kommen,
770 1277 41 24 so
842 1264 162 37 würden
1035 1264 103 37 diese
1168 1263 272 39 Vorschriften
1469 1265 38 37 in
1529 1264 100 38 volle
1651 1264 116 38 Kraft

147 1319 143 36 treten.
350 1317 73 38 Bei
453 1331 100 37 ganz
582 1317 189 47 leichten,
804 1317 348 39 oberflächlichen,
1192 1318 202 38 ulcerösen
1425 1318 166 38 Formen
1622 1319 144 37 könnte

148 1372 62 38 die
240 1370 254 51 Application
534 1372 67 38 des
631 1371 252 39 Aetzmittels
918 1371 100 39 ohne
1054 1372 181 38 weiteres
1270 1372 188 38 erfolgen.
1518 1371 57 39 Im
1613 1372 154 50 Beginn

149 1426 68 38 der
246 1426 196 50 pulpösen
471 1426 120 38 Form
613 1427 133 37 würde
769 1426 103 38 wohl
892 1426 127 37 neben
1041 1427 87 37 dem
1150 1425 220 39 Schwamm
1390 1427 78 37 und
1490 1427 67 37 der
1578 1425 188 50 Charpie-

147 1480 125 51 kugel
308 1481 68 38 der
422 1480 177 48 „scharfe
638 1480 148 38 Löffel"
831 1494 67 24 zur
936 1480 253 38 Entfernung
1226 1480 239 38 namentlich
1504 1481 68 37 der
1610 1479 155 38 Fibrin-

147 1534 261 39 Membranen
439 1536 77 37 und
548 1540 194 46 pulpösen
770 1534 158 39 Massen
958 1535 261 37 concurriren.

282 1589 75 39 Die
389 1589 134 39 Wahl
552 1591 78 37 des
660 1589 307 38 Aetzmittels
996 1589 51 38 ist
1074 1590 41 36 in
1145 1591 159 35 zweiter
1325 1588 112 38 Linie
1469 1588 84 38 eine
1585 1601 180 37 wichtige

147 1643 145 52 Frage.

282 1697 269 40 Grlüheisen.
611 1697 213 39 Pouteau
854 1697 171 38 empfahl
1056 1697 100 37 nach
1186 1699 98 35 alter
1307 1696 203 38 Tradition
1531 1695 67 38 das
1618 1695 144 38 Feuer:

155 1755 125 45 „cette
310 1753 184 50 pratique
525 1752 96 38 etait
649 1752 195 38 familiere
875 1766 75 23 aux
980 1752 176 37 anciens:
1188 1750 175 39 osons-la
1383 1749 162 39 retablir
1566 1750 95 37 dans
1681 1751 86 35 tout

150 1821 70 25 son
246 1807 168 38 lustre!"
460 1807 56 38 Er
537 1806 81 38 will
638 1806 108 38 nicht
767 1819 160 25 v/arten,
958 1806 60 37 bis
1041 1806 68 37 der
1129 1804 311 39 Hospitalbrand
1471 1803 172 38 schwere
1667 1803 99 39 Ver-

149 1865 237 48 wüstungen
416 1860 249 52 angerichtet
704 1861 85 37 hat,
826 1861 170 37 sondern
1032 1860 133 37 diesen
1200 1859 122 38 durch
1358 1859 67 37 das
1460 1857 127 38 Feuer
1626 1870 139 25 zuvor-

152 1917 199 38 kommen.

281 1970 217 38 Delpech
534 1969 93 39 fand
662 1969 101 38 nach
798 1968 208 38 mehreren
1044 1981 171 25 anderen
1251 1965 229 40 Versuchen
1519 1965 72 37 den
1628 1964 139 50 Erfolg

151 2025 67 39 des
250 2024 236 39 Glüheisens
524 2026 177 48 prompt,
739 2025 178 37 constant
951 2023 79 37 und
1065 2022 71 37 mit
1171 2022 75 37 den
1279 2020 187 38 früheren
1500 2018 156 38 Mitteln
1693 2032 73 23 un-

150 2079 288 39 vergleichbar.
497 2078 72 39 Bei
600 2079 127 37 dieser
757 2077 261 38 Behandlung
1048 2089 130 24 waren
1199 2075 92 38 tiefe
1314 2074 242 50 Spaltungen
1578 2086 67 24 zur
1665 2071 101 39 Ver-

149 2134 169 51 folgung
349 2134 96 38 aller
475 2133 196 38 inficirten
700 2132 171 46 Räume,
905 2130 155 51 Gänge,
1093 2129 161 39 Spalten
1282 2142 71 24 etc.
1384 2127 297 50 nothwendiger
1711 2139 56 25 als

148 2189 66 38 bei
242 2189 189 38 früheren
460 2187 176 39 Mitteln;
667 2187 63 37 für
759 2186 161 38 tiefere,
958 2184 192 38 schmaler
1185 2196 206 25 werdende
1422 2180 239 50 Senkungen
1698 2180 69 38 be-

151 2244 130 38 diente
325 2257 91 24 man
457 2242 81 39 sich
583 2242 68 38 der
696 2239 450 40 verschiedenartigsten
1199 2237 168 38 Formen
1411 2236 66 37 des
1525 2234 242 46 Glüheisens,

149 2298 240 38 namentlich
421 2298 69 37 der
521 2295 289 39 cylindrischen
840 2308 75 24 von
946 2293 299 39 verschiedener
1276 2291 137 38 Dicke.
1472 2289 112 38 Blieb
1606 2289 60 37 die
1696 2301 71 37 ge-

149 2353 167 37 brannte
339 2352 159 38 Wunde
527 2351 177 38 trocken,
735 2363 42 25 so
807 2362 80 25 war
918 2348 60 38 die
1008 2346 222 39 Krankheit
1250 2358 191 37 gehoben.
1499 2343 75 37 Ein
1593 2342 176 38 feuchter

151 2406 134 39 Punkt
313 2407 41 37 in
385 2407 89 37 dem
504 2404 144 40 Schorf
675 2405 157 37 deutete
863 2417 69 24 an,
972 2402 87 38 dass
1096 2402 104 36 diese
1230 2399 85 38 hier
1344 2395 322 41 wahrscheinlich
1694 2409 75 24 von

152 2462 68 38 der
242 2461 112 39 Tiefe
372 2475 68 23 aus
461 2459 215 51 persistire.
734 2457 225 40 Uebrigens
979 2458 190 36 reservirt
1190 2454 33 38 D
1238 2452 169 51 elpech
1429 2452 60 40 die
1513 2450 256 49 Anwendung

152 2517 67 37 des
251 2515 235 39 Glüheisens
517 2512 269 40 vornehmlich
816 2512 63 37 für
911 2511 60 38 die
1001 2515 163 45 pulpöse
1195 2508 137 46 Form,
1369 2519 59 25 wo
1470 2518 141 25 andere
1641 2503 130 38 Mittel

153 2583 204 26 versagen.
417 2569 78 38 Zur
525 2566 371 50 Nachbehandlung
924 2565 107 50 legte
1063 2562 218 40 Delpech
1310 2560 70 39 auf
1406 2561 74 37 den
1506 2556 267 40 Brandschorf

151 2626 52 38 im
234 2625 163 38 Anfang
426 2636 127 26 seiner
585 2621 234 39 Thätigkeit
849 2632 267 25 erweichende
1145 2615 297 51 Kataplasmen;
1475 2613 111 37 dabei
1617 2624 153 37 zeigten

152 2680 84 38 sich
250 2693 94 25 aber
363 2681 110 35 nicht
493 2677 126 38 selten
638 2689 100 24 neue
761 2674 132 38 Herde
916 2687 74 24 von
1014 2667 505 55 Hospitalbrandinfection.
1561 2664 207 51 Delpech

152 2734 147 39 schloss
331 2734 155 38 daraus,
518 2732 87 37 dass
637 2730 60 38 die
728 2729 174 38 Eschera
928 2726 100 39 noch
1049 2726 139 38 Keime
1210 2725 66 37 des
1298 2721 251 50 Contagiums
1571 2719 198 39 enthalten

152 2789 130 38 könne
322 2789 80 37 und
444 2784 283 41 durchtränkte
773 2796 53 25 sie
871 2784 72 36 mit
972 2794 126 26 einem
1129 2777 256 41 Desinficiens
1416 2773 169 52 (Essig),
1620 2773 58 38 bis
1714 2771 54 38 sie

158 2843 129 39 abfiel,
319 2843 81 38 und
429 2841 70 39 sah
529 2842 164 36 seitdem
724 2838 115 37 keine
862 2835 184 39 Recidive
1076 2833 121 39 mehr.

287 2896 186 40 Gerson
503 2895 79 38 und
612 2892 100 40 auch
742 2905 36 24 v.
810 2890 145 39 Pitha
986 2890 172 37 konnten
1187 2885 83 39 sich
1298 2883 222 50 überhaupt
1547 2881 107 39 nicht
1683 2893 87 24 zum

156 2951 214 39 Glüheisen
401 2949 283 40 entschliessen
713 2945 79 39 und
823 2943 112 39 Wer
947 2943 116 38 neck
1094 2941 70 39 sah
1194 2953 39 25 es
1262 2952 74 24 nur
1375 2937 55 39 als
1468 2937 137 38 letztes
1640 2932 130 40 Mittel

154 3006 39 38 in
226 3007 67 37 der
323 3005 110 39 Noth
458 3019 60 23 an.
578 3001 44 40 In
655 3002 68 38 der
760 2998 179 39 Berliner
975 2996 156 40 Charite
1172 3006 130 27 wurde
1341 2992 66 38 das
1447 2989 211 40 Glüheisen
1695 3000 75 26 von
