2113 3404
406 269 83 42 216

907 289 85 31 THE
1025 290 241 34 DISORDERS
1299 295 53 30 OF
1384 295 174 32 SPEECH.

404 401 90 41 and
533 402 38 41 is
612 403 93 43 dull
746 407 89 41 and
877 407 154 45 listless.
1093 411 66 42 No
1200 414 307 42 emotion?.—J.
1552 414 61 44 M.
1650 415 163 54 (male),
1849 421 65 39 set.
1954 418 64 42 33.

405 472 228 45 Admitted
657 475 151 44 eleven
830 492 124 42 years
976 493 89 43 ago,
1088 483 206 42 suffering
1317 484 108 41 from
1460 484 261 44 Adolescent
1754 486 198 57 Insanity
1975 488 46 42 in

404 542 57 43 its
485 545 210 43 maniacal
719 548 121 43 form.
903 550 129 42 From
1054 552 74 42 the
1152 553 92 42 first
1276 554 234 43 beginning
1541 556 46 41 of
1615 555 72 43 the
1719 556 227 53 dementia,
1967 558 53 43 he

404 614 133 55 spoke
574 615 141 54 little;
758 618 79 42 but
874 619 53 43 he
964 623 247 42 sometimes
1250 624 238 55 whispered
1528 630 44 37 to
1611 626 184 52 himself,
1832 628 84 42 and
1952 628 67 43 his

402 685 156 55 replies
581 691 43 37 to
647 689 223 54 questions
894 705 110 28 were
1026 691 161 56 always
1209 694 127 54 given
1365 695 45 41 in
1443 709 24 27 a
1499 695 193 56 whisper.
1754 697 62 42 At
1847 704 172 48 present

402 754 55 43 he
480 770 132 29 never
632 759 167 54 speaks,
816 760 84 41 and
920 760 74 42 has
1013 766 76 37 not
1111 762 109 43 been
1242 763 131 43 heard
1396 770 42 36 to
1461 765 53 42 do
1536 779 45 28 so
1604 766 66 41 for
1685 780 132 41 years.
1879 768 142 42 Never

402 825 154 57 laughs
579 841 46 27 or
645 832 93 51 gets
761 842 159 42 angry;
943 832 211 42 emotions
1172 846 114 29 seem
1304 848 118 41 gone.
1486 835 44 42 Is
1547 836 219 55 generally
1783 842 237 46 sedentary,

404 896 76 42 but
512 898 246 42 sometimes
792 900 194 42 wanders
1023 902 131 41 about
1187 903 73 42 the
1297 918 130 36 room,
1458 905 176 55 picking
1672 907 143 41 tilings
1853 908 61 40 off
1945 908 72 41 the

402 967 111 41 floor.
578 967 44 43 Is
646 968 94 42 able
764 974 43 37 to
831 969 116 42 dress
979 971 176 43 himself
1187 973 85 42 and
1303 973 109 55 keep
1445 975 174 43 himself
1650 977 133 42 clean.
1848 977 169 42 Under-

400 1038 150 42 stands
583 1038 84 41 and
700 1039 130 55 obeys
863 1040 154 56 simple
1050 1043 168 53 orders;
1252 1044 173 55 moving
1447 1045 110 42 from
1581 1046 118 42 chair
1731 1052 42 36 to
1804 1047 126 42 chair,
1954 1048 64 40 for

400 1107 210 56 example,
633 1109 125 42 when
781 1111 132 42 asked
936 1116 44 37 to
1013 1113 52 41 do
1098 1127 56 28 so.
1217 1113 144 43 When
1395 1114 151 45 looked
1580 1122 54 46 at,
1657 1118 131 54 keeps
1819 1117 67 43 his
1919 1131 97 29 eyes

401 1177 112 43 shut.
575 1178 145 44 When
743 1181 131 42 asked
897 1185 43 38 to
962 1187 81 50 put
1066 1188 75 36 out
1159 1183 71 42 the
1249 1189 168 50 tongue,
1435 1187 228 53 protrudes
1680 1187 56 42 its
1755 1188 63 54 tip
1837 1187 176 55 slightly

401 1248 172 56 beyond
594 1249 74 43 the
691 1250 125 56 edges
840 1252 43 41 of
906 1252 72 42 the
1002 1253 128 42 teeth.
1193 1254 144 42 Never
1364 1255 128 42 sings.

460 1390 117 42 Ca.se
620 1391 340 43 V.—Dementia
1012 1394 198 55 complete.
1284 1394 155 42 Habits
1479 1395 128 55 dirty.
1682 1396 133 42 Never
1863 1397 150 42 speaks.

403 1460 163 43 Cannot
586 1462 263 42 understand
869 1465 218 53 anything.
1150 1464 171 42 Babbles
1345 1466 249 41 incessantly
1615 1470 39 37 to
1676 1466 155 55 herself.
1893 1466 124 43 Sings

398 1532 125 41 well!
556 1533 88 40 and
666 1534 48 40 in
734 1533 170 55 singing
925 1534 37 41 is
982 1535 97 41 said
1100 1539 37 37 to
1152 1549 237 40 pronounce
1411 1536 63 41 the
1491 1537 133 40 words
1637 1536 314 54 perfectly.—C.
1970 1538 43 41 T.

398 1601 207 55 (female),
627 1607 65 37 ret.
717 1603 64 42 20.
845 1604 234 42 Dementia
1101 1619 119 28 came
1242 1620 52 27 on
1320 1606 110 41 after
1452 1620 54 26 an
1529 1606 145 41 attack
1697 1607 43 40 of
1771 1606 244 43 adolescent

396 1672 206 56 insanity.
665 1673 105 42 Was
810 1674 205 42 formerly
1051 1689 25 27 a
1113 1675 143 56 bright
1287 1675 90 55 girl.
1441 1676 44 41 Is
1519 1676 96 41 well
1647 1690 145 40 grown
1825 1677 85 41 and
1941 1677 71 42 de-

399 1741 191 56 veloped,
614 1743 97 50 and,
734 1744 254 56 physically,
1005 1759 178 41 appears
1197 1745 189 55 healthy.
1440 1745 83 42 She
1539 1745 76 42 has
1630 1760 24 27 a
1668 1751 155 37 vacant
1838 1747 79 41 but
1938 1751 76 37 not

398 1812 208 56 unhappy
630 1815 260 53 expression.
954 1815 45 42 Is
1021 1821 120 49 quite
1163 1815 194 43 heedless
1379 1830 45 28 as
1447 1821 43 37 to
1513 1817 285 41 evacuations.
1852 1817 160 56 Sitting

395 1883 47 42 in
474 1883 77 42 her
581 1884 129 53 chair,
740 1884 76 43 she
839 1885 198 55 occupies
1058 1886 162 42 herself
1240 1886 156 42 almost
1416 1886 265 42 incessantly
1702 1886 45 42 in
1778 1887 128 41 doing
1933 1901 78 27 one

395 1955 44 41 of
462 1960 83 37 two
569 1955 158 56 things,
750 1970 46 27 or
818 1956 103 42 both
949 1957 46 40 of
1024 1956 117 42 them
1174 1957 204 54 together.
1441 1957 78 55 (1.)
1552 1957 82 42 She
1657 1957 101 41 rubs
1781 1957 72 42 the
1871 1957 138 42 flexed

396 2026 156 55 fingers
575 2026 44 41 of
641 2026 76 42 her
738 2026 116 56 right
876 2027 116 41 hand
1025 2026 168 56 rapidly
1216 2041 116 41 upon
1365 2027 72 42 the
1469 2027 212 42 extended
1713 2027 116 55 palm
1861 2028 46 40 of
1939 2027 75 42 her

395 2095 91 42 left.
552 2096 76 55 (2.)
651 2096 85 42 She
759 2096 178 42 babbles
960 2102 44 36 to
1025 2096 162 42 herself
1209 2096 282 55 continually,
1507 2097 175 41 looking
1703 2097 142 41 before
1865 2097 83 41 her,
1967 2112 46 26 or

395 2170 44 38 to
463 2181 80 28 one
566 2167 102 42 side,
692 2181 45 28 as
759 2167 35 41 if
815 2167 251 42 addressing
1089 2181 116 28 some
1227 2181 79 28 one
1329 2167 45 41 in
1397 2167 307 42 conversation,
1722 2167 83 41 and
1824 2168 190 55 nodding

395 2238 78 41 her
493 2237 109 42 head
626 2238 108 41 from
758 2238 106 41 time
887 2243 43 36 to
954 2239 104 40 time
1081 2252 45 27 as
1148 2239 38 40 if
1215 2243 42 36 to
1279 2238 95 55 give
1402 2238 214 41 emphasis
1648 2242 42 37 to
1724 2237 114 41 what
1869 2238 74 41 she
1975 2239 36 41 is

395 2309 161 55 saying.
621 2309 61 41 At
719 2323 23 27 a
779 2308 115 41 little
931 2308 193 42 distance
1162 2322 79 28 one
1281 2308 142 42 would
1460 2322 183 41 suppose
1682 2307 93 42 that
1812 2308 74 41 she
1924 2322 84 28 was

394 2379 170 41 talking
586 2382 43 38 to
652 2393 53 27 an
730 2379 240 55 imaginary
994 2379 280 55 companion;
1296 2379 89 40 but,
1403 2393 53 26 on
1479 2378 205 42 listening
1707 2392 113 27 more
1840 2392 169 37 closely,

394 2448 37 42 it
451 2449 37 40 is
511 2448 135 41 found
668 2447 96 42 that
785 2449 74 41 the
882 2449 254 41 monologue
1158 2449 36 41 is
1226 2448 229 55 composed
1488 2449 45 40 of
1561 2448 181 41 babbled
1774 2454 236 35 consonant

394 2519 87 41 and
513 2518 137 42 vowel
682 2519 173 51 sounds,
877 2533 105 27 very
1014 2519 163 41 similar
1210 2523 42 36 to
1290 2518 74 41 the
1402 2518 160 42 sounds
1599 2518 216 54 produced
1853 2518 43 42 in
1936 2519 73 41 the

393 2588 207 42 babbling
632 2588 45 41 of
712 2588 158 52 babies,
903 2588 103 42 only
1039 2589 96 41 that
1172 2588 73 41 the
1283 2587 226 42 execution
1547 2588 35 41 is
1620 2601 114 28 more
1772 2587 121 54 rapid
1925 2588 83 40 and

392 2672 211 28 vigorous.
666 2656 22 41 I
711 2657 109 41 tried
843 2662 44 37 to
910 2658 121 41 write
1054 2658 126 41 down
1203 2670 115 28 some
1341 2656 45 41 of
1414 2656 72 42 the
1509 2656 171 42 sounds,
1703 2656 77 41 but
1811 2655 130 42 found
1974 2657 35 41 it

392 2743 103 27 very
520 2726 184 43 difficult
724 2731 44 38 to
792 2727 53 42 do
867 2742 57 35 so,
947 2729 141 40 owing
1110 2732 43 37 to
1176 2727 73 42 the
1272 2726 190 55 rapidity
1484 2727 44 40 of
1560 2726 111 42 their
1693 2730 229 38 utterance.
1987 2727 20 40 I

389 2805 85 51 got,
506 2799 208 49 however,
749 2797 71 52 th,
844 2809 135 40 man,
1003 2796 71 53 th,
1097 2808 156 39 what,
1282 2795 126 51 whe,
1433 2796 105 50 tan,
1571 2807 63 38 m,
1668 2807 64 40 m,
1760 2795 63 51 hi,
1856 2795 27 43 i.
1947 2796 62 41 At

392 2885 74 28 my
488 2870 92 41 first
604 2869 102 41 visit
728 2868 73 42 the
826 2868 103 41 only
952 2868 137 41 words
1113 2868 20 40 I
1157 2866 125 42 could
1305 2865 123 42 catch
1457 2879 108 28 were
1586 2877 122 31 man
1731 2866 80 40 and
1847 2866 155 50 what,

392 2956 46 29 as
475 2954 150 30 shown
662 2940 160 41 above;
864 2939 79 41 but
980 2939 22 41 I
1043 2952 85 27 was
1166 2937 89 42 told
1295 2936 93 41 that
1425 2936 285 54 occasionally
1749 2935 80 42 bad
1868 2948 137 28 words

392 3010 214 59 appeared
642 3009 44 44 in
726 3010 72 41 the
837 3008 253 56 monologue
1110 3022 8 37 ;
1160 3007 82 41 and
1282 3006 86 42 this
1405 3006 269 42 observation
1714 3019 84 27 was
1830 3005 172 41 verified

395 3098 122 29 when
553 3083 21 42 I
597 3096 86 28 saw
718 3081 73 42 the
823 3079 167 59 patient
1021 3080 65 40 for
1116 3077 74 43 the
1221 3076 155 45 second
1409 3077 115 51 time,
1546 3075 164 44 several
1731 3074 102 44 such
1869 3074 134 43 words
