1933 3217
660 263 90 30 THE
773 262 339 32 DOUROUCOULI.

1477 253 84 41 185

199 388 117 49 alive
350 389 64 46 for
445 388 88 46 five
561 396 195 48 months,
798 390 90 45 and
919 389 212 46 observed
1167 388 102 46 that
1293 388 37 45 it
1356 388 115 61 slept
1494 404 71 29 re-

200 467 177 62 gularly
410 465 111 46 from
549 466 105 45 nine
686 467 46 44 in
764 473 78 39 the
865 466 205 61 morning
1101 472 45 39 to
1171 480 135 31 seven
1331 471 48 39 at
1402 464 161 56 night;

203 544 253 46 sometimes
480 544 58 45 its
562 559 119 45 sleep
705 543 285 45 commenced
1013 558 112 30 even
1145 548 46 40 at
1211 543 244 61 daybreak,
1479 543 90 45 and

200 620 115 46 light
333 636 93 30 was
442 621 172 45 always
632 620 135 45 much
786 620 203 46 disliked.
1039 620 154 45 When
1211 619 133 62 going
1360 625 46 39 to
1431 633 135 40 sleep,

202 698 37 46 it
263 698 190 45 selected
479 704 79 39 the
585 703 116 39 most
737 697 145 61 shady
915 697 139 60 place,
1091 696 167 45 behind
1282 711 120 30 some
1427 697 143 53 wood,

204 791 48 30 or
273 774 47 46 in
343 781 78 38 the
444 775 104 45 cleft
583 773 50 46 of
658 790 27 29 a
718 780 108 48 tree,
863 775 103 52 and,
1003 774 91 45 like
1128 780 78 39 the
1241 773 208 60 squin’els
1483 773 90 46 and

205 851 199 54 weasels,
442 851 91 45 had
567 857 124 56 gi’eat
731 850 175 62 facility
943 851 46 45 in
1023 850 180 62 passing
1235 851 193 45 through
1460 866 112 46 very

207 929 130 44 small
359 929 122 45 holes
500 943 47 31 or
568 943 226 46 openings.

271 1006 156 45 When
450 1005 231 45 disturbed
704 1005 161 61 during
887 1005 78 44 the
991 1005 104 60 day,
1132 1004 35 45 it
1202 1020 185 45 appears
1412 1019 163 30 almost

208 1082 47 44 in
279 1097 27 30 a
330 1088 115 39 state
469 1081 50 46 of
543 1082 208 60 lethargy
771 1098 13 37 ;
821 1082 36 44 it
892 1097 81 29 can
1009 1097 192 45 scarcely
1232 1081 113 45 raise
1375 1081 58 45 its
1457 1082 119 60 large

211 1159 139 44 white
374 1159 185 60 eyelids,
595 1159 90 44 and
707 1165 77 39 the
809 1174 119 45 eyes,
966 1158 147 45 which
1137 1165 47 38 at
1209 1157 128 62 night
1360 1158 217 45 resemble

211 1242 126 38 those
360 1234 49 46 of
424 1251 58 29 an
500 1236 101 52 owl,
632 1250 76 30 are
730 1235 192 45 without
956 1235 154 45 lustre.
1178 1235 56 45 In
1258 1241 77 39 the
1360 1234 210 62 ordinary

213 1327 195 45 sleeping
425 1311 204 61 position,
655 1311 36 46 it
723 1317 117 40 seats
864 1311 128 46 itself
1006 1311 90 46 like
1120 1326 28 30 a
1170 1312 106 60 dog;
1303 1312 78 45 the
1404 1312 113 45 back
1541 1311 37 46 is

210 1389 132 53 bent;
377 1389 78 44 the
478 1387 97 46 four
597 1388 144 46 hands
764 1389 191 45 brought
986 1394 215 55 together,
1238 1388 90 45 and
1361 1388 79 46 the
1462 1389 118 45 head

213 1464 38 46 is
275 1465 160 45 almost
458 1465 232 45 concealed
712 1466 205 45 between
940 1465 141 45 them.
1150 1466 44 44 It
1219 1465 36 45 is
1279 1472 48 38 at
1350 1465 92 45 this
1467 1465 112 46 time

214 1557 110 45 very
349 1542 152 59 stupid
519 1558 13 36 ;
570 1557 109 45 may
702 1543 54 44 be
779 1542 192 45 touched
1006 1541 194 46 without
1227 1543 132 60 being
1381 1544 82 52 bit,
1489 1543 92 45 and

214 1618 59 45 its
308 1618 158 44 mouth
496 1634 109 45 may
640 1633 111 31 even
790 1620 54 44 be
884 1634 182 45 opened,
1106 1619 89 45 and
1228 1626 79 38 the
1341 1619 126 46 teeth
1500 1635 81 29 ex-

215 1696 192 44 amined.

282 1773 92 43 But
396 1771 43 45 if
453 1772 194 61 sluggish
672 1772 160 62 during
854 1774 78 44 the
956 1773 105 61 day,
1087 1773 36 45 it
1147 1773 36 45 is
1206 1780 178 38 restless
1408 1773 89 45 and
1520 1774 62 44 all

217 1855 200 38 exertion
436 1855 46 38 at
497 1848 143 62 night.
710 1849 44 45 It
777 1865 104 29 now
906 1851 125 43 seeks
1050 1850 58 44 its
1132 1849 99 46 food
1246 1867 14 36 j
1286 1850 139 44 hunts
1450 1850 132 45 small

216 1924 121 44 birds
361 1925 90 43 and
472 1924 178 54 insects,
674 1926 84 44 but
775 1925 48 45 in
841 1927 201 44 addition
1062 1926 93 45 will
1173 1933 73 38 eat
1265 1927 162 44 almost
1445 1941 136 45 every

218 2000 111 44 kind
363 1999 50 47 of
439 2002 241 44 vegetable.
750 2002 44 44 It
820 2017 92 29 was
946 2002 291 61 particularly
1261 2002 105 46 fond
1395 2002 50 46 of
1469 2002 112 53 flies,

219 2077 147 44 which
391 2077 35 44 it
449 2079 105 43 took
574 2078 112 44 with
703 2084 123 55 great
846 2078 194 54 address,
1058 2079 89 44 and
1166 2095 93 29 was
1278 2094 112 30 even
1412 2085 171 39 tempt-

218 2153 56 44 ed
314 2160 44 38 to
382 2154 115 44 hunt
532 2153 64 45 for
627 2155 127 45 them
783 2154 48 46 in
865 2170 27 30 a
914 2155 96 45 dull
1035 2156 102 44 day.
1207 2156 44 44 It
1275 2156 146 44 drunk
1446 2155 134 54 little,

220 2229 90 45 and
326 2231 148 43 would
497 2237 252 39 sometimes
767 2247 100 45 pass
885 2238 179 55 twenty
1083 2248 46 30 or
1145 2231 146 62 thirty
1310 2232 112 46 days
1446 2239 137 38 with-

221 2312 78 38 out
332 2312 169 54 tasting
534 2322 27 30 a
598 2308 155 59 liquid.
822 2309 256 45 Humboldt
1112 2310 108 44 kept
1253 2310 70 44 his
1358 2309 225 46 specimen

220 2381 48 45 in
297 2382 77 45 the
406 2384 222 51 bedroom,
664 2384 407 63 notwithstanding
1106 2392 76 39 the
1215 2392 155 39 native
1405 2385 179 61 opinion

219 2464 102 39 that
355 2466 111 53 they
499 2459 97 45 will
627 2466 96 39 tear
756 2467 78 39 out
864 2467 78 39 the
977 2477 103 45 eyes
1116 2460 50 48 of
1191 2478 178 45 persons
1400 2477 147 46 asleep
1565 2478 17 38 ;

221 2535 35 45 it
280 2550 131 30 made
435 2536 338 61 extraordinary
796 2553 158 38 noises,
980 2538 90 45 and
1093 2539 192 60 jumped
1308 2538 173 46 against
1504 2539 79 45 the
