2113 3404
337 242 81 45 178

825 259 85 31 TIIK
943 262 241 33 DISORDERS
1216 265 53 31 01'
1301 265 173 31 SPEECH.

333 373 75 43 the
432 388 136 42 upper
599 376 74 42 dot
705 378 43 41 of
779 379 103 43 each
906 381 177 43 vertical
1105 381 115 44 side;
1256 383 64 42 for
1342 383 52 42 D.
1418 383 72 42 tlie
1512 397 116 28 same
1650 389 84 36 two
1757 384 84 42 and
1872 384 73 42 the

335 444 157 43 second
515 447 43 41 of
581 447 72 42 the
677 448 114 55 right
814 451 177 41 vertical
1009 453 114 41 side;
1145 453 84 41 and
1252 467 45 27 so
1319 468 65 27 on.
1447 454 135 41 These
1603 454 136 41 raised
1763 454 94 42 dots
1879 469 70 27 are

335 515 135 43 found
494 522 43 37 to
560 517 52 43 be
635 533 116 28 more
773 519 158 56 clearly
950 523 261 53 perceptible
1233 528 44 36 to
1301 524 71 41 the
1394 524 130 41 tuuch
1547 523 103 42 than
1673 537 84 27 any
1780 523 106 41 kind
1908 525 47 40 of

336 585 124 44 lines.
524 587 54 41 In
612 588 72 42 the
717 590 159 42 Braille
909 597 113 48 type,
1054 598 77 35 not
1162 592 102 53 only
1298 593 150 41 words,
1479 593 80 41 but
1587 593 89 41 also
1708 593 136 41 music
1877 593 75 42 has

337 656 109 42 been
473 658 270 55 extensively
766 660 183 53 printed.
1013 661 54 41 In
1100 661 74 43 the
1204 662 251 54 Edinburgh
1482 662 195 54 Asylum,
1699 663 73 41 the
1796 662 158 42 Braille

339 734 104 49 type
473 729 78 42 has
584 729 108 42 been
725 731 42 39 in
802 745 74 27 use
909 731 65 41 for
995 731 73 42 the
1099 732 85 42 last
1215 732 156 42 twelve
1399 746 135 41 years,
1567 733 84 41 and
1686 734 119 54 gives
1836 741 118 47 great

339 799 278 42 satisfaction.
679 799 127 42 With
838 801 73 40 the
944 801 69 41 aid
1046 803 44 40 of
1120 802 155 54 simple
1304 807 243 49 apparatus,
1569 802 73 42 the
1664 802 143 55 pupils
1837 810 118 48 print

341 868 150 42 letters
542 869 66 41 for
658 868 272 44 themselves.
1013 871 119 55 They
1176 871 89 42 also
1316 877 244 50 stereotype
1603 872 74 41 the
1718 886 238 28 characters

343 951 115 41 upon
502 938 132 41 metal
680 938 150 54 plates,
875 941 108 39 from
1028 940 140 42 which
1214 941 141 54 copies
1399 955 78 27 can
1521 941 52 42 be
1617 942 128 40 taken
1790 941 100 41 with
1935 953 23 28 a

340 1007 348 55 printing-press.
751 1009 54 41 In
830 1009 86 42 this
939 1024 107 41 way,
1068 1011 104 55 they
1204 1011 109 42 have
1345 1011 258 42 themselves
1635 1012 170 54 printed
1829 1025 127 39 many

339 1076 207 43 volumes.

401 1148 174 55 Among
605 1149 74 41 the
712 1150 122 42 other
865 1155 185 50 systems
1082 1151 96 41 that
1210 1152 109 42 have
1351 1152 221 54 competed
1595 1152 44 40 in
1661 1152 87 41 this
1777 1165 181 41 country

342 1219 65 40 for
429 1218 218 55 adoption,
669 1233 99 42 may
792 1221 52 41 be
867 1222 247 41 mentioned
1138 1222 122 42 those
1282 1223 46 41 of
1352 1223 138 49 Frere,
1513 1222 144 50 Moon,
1680 1222 83 42 and
1786 1222 148 42 Carter
1954 1237 8 35 ;

343 1289 79 41 but
444 1289 35 41 it
501 1290 89 40 will
615 1295 75 37 not
712 1290 53 42 be
788 1305 226 29 necessary
1036 1296 44 37 to
1102 1293 191 41 describe
1315 1293 128 40 them.

399 1359 65 42 As
487 1359 74 42 the
584 1360 163 42 human
771 1362 119 41 mind
912 1362 49 41 is,
983 1362 45 41 in
1051 1362 74 41 the
1147 1363 172 40 natural
1346 1363 216 40 condition
1587 1364 45 40 of
1650 1363 155 53 things.,
1829 1376 129 40 prim-

344 1430 107 54 arily
467 1430 210 43 educated
694 1437 43 35 to
755 1433 153 53 speech
929 1433 183 41 through
1131 1433 73 41 the
1222 1438 21 15 "
1258 1432 224 56 ear-gate,"
1499 1447 24 27 a
1540 1447 151 41 person
1710 1433 104 40 born
1838 1432 121 41 blind

343 1501 37 40 is
403 1514 45 28 as
470 1504 45 38 to
536 1501 157 54 speech
715 1502 300 42 undoubtedly
1036 1503 47 41 in
1105 1518 24 27 a
1145 1503 85 42 less
1254 1509 279 36 unfortunate
1555 1503 218 42 condition
1798 1503 101 39 than
1923 1502 36 40 is

343 1584 26 28 a
391 1571 245 55 congenital
667 1572 248 43 deaf-mute.
979 1574 88 41 The
1100 1573 119 41 blind
1254 1573 115 42 child
1400 1573 140 42 learns
1570 1578 43 37 to
1635 1573 132 41 speak
1800 1572 84 41 and
1916 1578 43 35 to

346 1641 267 42 understand
635 1642 172 42 audible
830 1643 154 54 speech
1006 1643 90 41 like
1118 1643 122 41 other
1260 1643 206 41 children.
1528 1643 178 41 Though
1729 1642 53 41 he
1803 1647 158 36 cannot

346 1712 246 54 appreciate
615 1713 244 54 expressive
890 1721 192 47 gestures
1114 1714 85 40 and
1223 1713 124 41 facial
1371 1714 280 54 expressions,
1673 1713 54 41 he
1750 1727 77 27 can
1850 1712 112 52 fully

346 1783 243 54 appreciate
621 1783 246 54 expressive
899 1788 145 46 tones,,
1065 1783 84 44 and
1181 1784 76 40 has
1290 1784 73 41 the
1396 1797 224 28 enormous
1651 1783 237 54 advantage
1921 1783 43 40 of

350 1853 127 42 being
509 1853 208 41 educated
751 1858 43 36 to
826 1853 154 55 speech
1014 1853 128 56 early,
1175 1853 85 42 and
1295 1854 47 40 in
1374 1854 73 41 the
1478 1853 165 41 normal
1688 1867 102 39 way.
1854 1853 111 51 Still,

350 1937 105 28 even
485 1937 46 28 as
553 1923 171 55 regards
757 1923 167 54 speech,
946 1923 54 42 he
1033 1924 36 40 is
1102 1925 41 39 in
1179 1938 24 26 a
1234 1938 104 26 very
1362 1929 280 35 unfortunate
1664 1923 196 54 position.
1923 1923 43 41 It

351 1995 77 40 has
450 1994 106 41 been
581 1993 93 42 said
696 1993 96 42 that
813 1994 45 40 in
881 1994 73 41 the
978 2007 93 28 case
1094 1994 44 41 of
1160 1999 111 35 most
1293 1994 207 41 educated
1532 2007 174 40 persons
1729 2007 24 26 a
1774 1993 81 40 full
1877 1993 93 40 half

350 2065 47 41 of
426 2064 73 41 the
531 2078 96 27 new
659 2063 207 42 thoughts
899 2063 95 42 that
1025 2063 118 42 dailv
1165 2064 124 41 reach
1322 2064 73 40 the
1428 2064 120 40 mind
1581 2063 124 41 reach
1728 2063 35 41 it
1784 2062 184 50 through

352 2135 73 42 the
450 2134 191 42 medium
675 2134 44 42 of
750 2135 74 41 the
846 2149 90 40 eye,
958 2135 109 41 from
1089 2135 172 55 printed
1283 2135 83 40 and
1392 2143 169 31 written
1588 2147 248 27 characters.
1900 2132 68 41 No

352 2206 226 41 invention
619 2219 78 27 can
737 2209 80 50 put
853 2205 73 41 the
965 2205 121 41 blind
1119 2206 43 40 in
1196 2219 24 27 a
1250 2205 189 55 position
1472 2208 42 36 to
1546 2203 99 41 read
1674 2203 72 41 the
1769 2202 135 42 words
1928 2203 46 40 of

354 2276 202 54 ordinary
587 2276 120 54 print
748 2290 46 26 or
826 2276 181 54 writing.
1070 2276 89 41 The
1197 2275 173 41 learned
1407 2273 266 42 blindand
1705 2273 119 41 there
1861 2273 108 41 have

357 2347 105 41 been
486 2360 131 41 many
640 2345 276 42 suchhave
949 2345 227 55 employed
1209 2346 143 40 others
1383 2349 44 37 to
1459 2343 99 42 read
1586 2343 127 41 aloud
1747 2342 64 41 for
1841 2342 127 42 them.

357 2416 112 41 Still,
506 2416 73 40 the
617 2415 228 41 invention
877 2416 44 41 of
963 2416 137 41 raised
1143 2430 240 27 characters
1415 2415 75 41 has
1532 2414 107 41 been
1681 2413 43 41 of
1765 2413 205 41 immense

358 2485 161 40 service
553 2489 44 36 to
631 2484 74 41 the
743 2484 131 51 blind,
908 2499 46 27 as
990 2485 76 41 has
1099 2485 90 41 also
1224 2485 105 42 been
1365 2484 73 41 the
1473 2482 225 43 education
1734 2487 41 35 to
1802 2481 169 41 various

358 2554 131 41 kinds
511 2554 45 41 of
588 2554 118 41 work
738 2553 96 41 that
866 2554 35 41 is
932 2568 129 41 given
1093 2554 118 41 them
1245 2555 46 40 in
1323 2554 73 41 the
1421 2553 208 41 Asylums
1653 2553 63 39 for
1740 2552 70 40 the
1843 2551 128 40 Blind

360 2638 96 27 now
492 2623 263 42 established
792 2623 46 41 in
877 2638 129 40 every
1042 2629 120 50 great
1198 2631 99 47 city.
1360 2623 67 54 By
1459 2622 74 42 the
1564 2621 226 42 education
1822 2621 46 41 of
1900 2621 74 41 the

362 2708 277 27 unfortunate
682 2693 133 42 blind,
857 2694 85 41 and
992 2694 72 41 the
1106 2694 91 41 still
1239 2707 115 27 more
1396 2706 279 27 unfortunate
1726 2690 248 51 deaf-mute,

363 2764 228 55 humanity
616 2764 87 50 has,
746 2763 156 42 during
938 2763 72 42 the
1044 2763 85 42 last
1161 2763 195 41 hundred
1398 2776 134 42 years,
1566 2762 110 41 done
1709 2760 118 43 itself
1857 2766 118 48 great

361 2835 177 41 honour.

420 2977 54 41 In
498 2975 73 43 the
594 2975 220 56 foregoing
835 2980 134 38 notes,
988 2977 21 41 I
1033 2976 108 41 have
1164 2973 110 44 tried
1298 2979 41 36 to
1362 2973 186 42 indicate
1573 2972 71 41 the
1667 2970 117 43 chief
1803 2969 105 41 facts
1931 2969 43 40 in

361 3047 72 43 the
468 3046 305 43 development
804 3047 43 41 of
879 3047 167 56 speech,
1068 3045 171 43 audible
1273 3044 85 42 and
1397 3043 161 42 visible.
1632 3041 135 45 These
1799 3041 118 48 facts,
1953 3038 21 41 I
