2178 3965
1009 215 65 52 27

69 366 171 35 course
283 346 56 55 of
387 351 190 61 events,
623 346 42 53 is
712 350 176 70 strong
933 346 125 54 with
1102 353 88 47 the
1235 348 232 72 strength
1513 349 55 53 of
1602 368 192 47 nature,
1838 351 102 52 and
1978 350 43 53 is

70 419 269 55 developed
364 420 67 71 by
455 421 67 52 its
548 420 148 53 force.

143 497 47 51 A
216 495 388 53 contemplation
633 494 54 53 of
720 498 86 48 the
833 493 194 55 earliest
1056 499 166 49 stages
1249 495 56 53 of
1340 495 191 54 human
1572 496 370 73 development,
1974 517 53 33 as

68 568 250 53 exhibited
347 568 63 71 by
426 574 87 47 the
540 588 220 51 savages,
790 568 238 72 certainly
1055 575 281 47 constrains
1375 576 88 46 the
1495 570 276 53 admission
1798 577 113 46 that
1939 572 89 51 the

68 661 259 34 conscious
354 661 56 33 or
437 642 267 53 deliberate
732 648 343 65 co-operation
1101 643 54 52 of
1177 648 86 47 the
1291 643 140 52 mind
1456 643 54 52 in
1536 649 88 48 the
1652 645 298 52 adaptation
1979 645 55 52 of

65 735 118 33 man
225 721 55 48 to
322 716 223 53 external
587 721 178 47 nature
809 735 99 34 was
953 721 90 48 not
1088 721 158 66 great.
1323 717 108 53 The
1469 718 104 52 fact
1612 718 59 64 is,
1701 719 243 63 however,
1974 719 55 51 in

66 794 141 48 exact
234 790 303 70 conformity
563 789 124 53 with
713 789 133 52 what
886 790 90 53 has
1018 790 202 71 already
1258 789 126 54 been
1427 791 223 53 asserted
1700 792 121 52 with
1847 791 184 71 regard

65 868 53 47 to
144 868 87 47 the
255 882 179 34 nature
460 863 99 53 and
598 863 202 53 domain
827 863 54 53 of
917 883 410 47 consciousness;
1368 865 259 70 assuredly
1654 865 39 52 it
1720 865 43 52 is
1791 870 91 48 not
1910 885 119 33 con-

66 936 292 65 sciousness,
386 942 87 48 the
499 937 198 52 natural
722 937 157 52 result
907 938 55 52 of
997 958 28 33 a
1053 938 97 53 due
1191 938 367 71 development,
1586 938 163 53 which
1776 939 139 70 gives
1942 939 87 52 the

63 1010 213 71 impulse
315 1016 54 47 to
416 1010 382 72 development;
858 1013 100 52 this
998 1012 202 70 coming
1239 1012 131 53 from
1416 1032 28 33 a
1486 1031 176 34 source
1702 1013 110 52 that
1841 1013 41 52 is
1910 1018 116 65 past

65 1084 193 71 finding
300 1089 298 48 out—from
640 1090 87 48 the
771 1084 239 71 primeval
1047 1086 189 52 central
1285 1086 175 52 Power
1501 1086 166 52 which
1719 1086 180 53 hurled
1942 1086 88 53 the

65 1158 194 70 planets
301 1177 66 34 on
405 1158 131 53 their
577 1178 219 46 courses,
839 1159 100 52 and
985 1159 145 53 holds
1171 1159 87 53 the
1299 1159 187 71 lasting
1522 1179 117 33 orbs
1669 1160 55 53 of
1759 1161 189 52 heaven
1975 1160 55 52 in

65 1231 131 53 their
241 1233 108 70 just
401 1251 138 52 poise
589 1232 102 53 and
741 1237 303 49 movement.
1123 1233 67 53 In
1240 1232 166 54 virtue
1451 1234 55 52 of
1553 1234 86 52 the
1682 1233 349 54 fundamental

65 1305 215 72 impulse
307 1306 56 53 of
395 1307 65 51 its
501 1306 152 71 being
692 1306 246 53 mankind
980 1326 272 51 struggles,
1283 1312 53 47 at
1362 1307 109 53 first
1510 1306 211 72 blindly,
1750 1314 216 46 towards
2003 1327 28 33 a

65 1378 294 73 knowledge
385 1380 56 53 of
475 1380 100 53 and
619 1380 291 53 adaptation
951 1384 54 49 to
1053 1380 225 53 external
1319 1400 195 46 nature,
1552 1382 134 51 until
1727 1387 111 47 that
1865 1381 165 52 which

66 1452 87 53 has
181 1452 126 54 been
332 1454 274 71 insensibly
635 1454 236 53 acquired
896 1454 226 71 through
1150 1454 321 70 generations
1497 1454 231 53 becomes
1757 1474 64 34 an
1846 1453 184 54 inborn

68 1526 221 53 addition
315 1533 53 47 to
395 1534 87 46 the
506 1547 166 51 power
698 1529 55 52 of
775 1534 87 47 the
888 1528 157 66 mind,
1075 1529 97 52 and
1192 1533 112 47 that
1333 1528 162 53 which
1514 1548 100 33 was
1642 1529 388 70 unconsciously

71 1600 128 54 done
224 1601 230 53 becomes
483 1621 260 34 conscious
771 1603 226 52 method.

139 1675 55 52 It
227 1695 124 33 were
390 1676 127 64 well,
545 1676 143 65 then,
715 1681 112 47 that
867 1676 102 53 this
1008 1675 113 53 idea
1146 1675 123 53 took
1297 1675 123 71 deep
1449 1675 99 53 and
1573 1676 113 51 firm
1713 1679 113 48 root
1853 1675 55 52 in
1937 1696 93 32 our

68 1748 246 71 thoughts
340 1771 9 32 :
391 1754 111 48 that
528 1750 88 52 the
644 1750 350 52 development
1021 1750 55 52 of
1099 1750 157 65 mind,
1285 1749 127 53 both
1437 1749 53 51 in
1517 1749 87 53 the
1630 1749 281 53 individual
1929 1749 103 53 and

68 1823 224 70 through
319 1824 336 70 generations,
682 1824 42 52 is
753 1843 27 33 a
807 1823 211 71 gradual
1044 1843 198 50 process
1272 1823 54 52 of
1350 1823 447 70 organisation—a
1823 1842 202 52 process

66 1896 54 53 in
161 1897 165 52 which
367 1903 178 47 nature
589 1898 43 52 is
676 1897 316 71 undergoing
1033 1898 89 52 her
1165 1897 149 53 latest
1360 1897 100 52 and
1505 1901 132 48 most
1681 1903 349 47 consummate

70 1971 361 53 development.
510 1972 65 52 In
618 1972 176 70 reality
821 1990 72 33 we
940 1972 63 51 do
1045 1976 90 47 not
1174 1971 87 52 fail
1287 1970 237 71 virtually
1551 1976 54 47 to
1644 1971 256 52 recognise
1924 1971 104 52 this

70 2044 53 52 in
147 2049 87 49 the
260 2064 111 34 case
398 2045 54 54 of
485 2045 270 71 language,
784 2045 166 52 whose
992 2064 205 51 organic
1243 2050 212 65 growth,
1504 2062 53 34 as
1586 2063 72 33 we
1687 2049 344 66 scientifically

70 2122 132 49 trace
227 2119 57 66 it,
311 2119 43 52 is
382 2125 86 46 the
488 2119 156 53 result
672 2120 55 52 of
760 2124 87 47 the
875 2138 191 33 unseen
1095 2124 340 48 organisation
1463 2118 54 52 of
1551 2118 226 52 thought
1802 2118 113 52 that
1940 2118 91 53 lies

70 2190 229 68 beneath,
329 2193 99 53 and
454 2193 145 53 alone
628 2193 138 70 gives
792 2193 41 52 it
860 2192 250 71 meaning.
1191 2192 97 53 His
1317 2211 112 34 own
1457 2191 396 65 consciousness,
1880 2192 149 52 faith-

70 2265 124 71 fully
233 2267 321 70 interpreted,
600 2267 166 52 might
812 2266 171 53 suffice
1027 2272 54 47 to
1124 2265 162 54 reveal
1325 2271 54 47 to
1413 2265 121 52 each
1570 2284 95 33 one
1704 2271 85 46 the
1820 2265 211 70 gradual

71 2347 273 65 maturing,
392 2360 55 33 or
487 2340 281 71 becoming,
810 2340 226 53 through
1078 2339 164 53 which
1271 2360 28 32 a
1325 2359 200 51 process
1562 2339 55 52 of
1650 2339 224 52 thought
1909 2359 120 32 con-

71 2414 211 71 tinually
324 2434 119 51 goes
484 2415 53 52 in
578 2414 80 53 his
700 2414 155 53 mind.
937 2415 66 52 So
1037 2413 90 53 has
1154 2413 40 52 it
1220 2412 126 54 been
1372 2413 121 52 with
1520 2412 246 52 mankind
1791 2436 9 29 :
1843 2418 52 47 at
1920 2413 110 52 first

71 2491 137 49 there
233 2508 100 33 was
379 2508 64 33 an
483 2488 289 53 instinctive
818 2507 56 34 or
914 2507 126 51 pure
1076 2488 206 52 organic
1322 2486 366 70 development,
1718 2486 85 52 the
1837 2486 193 52 human

72 2579 109 36 race
207 2563 292 71 struggling
527 2582 82 44 on,
639 2582 54 33 as
719 2567 87 48 the
834 2561 136 53 child
998 2561 136 66 does,
1161 2567 217 46 without
1416 2559 153 70 being
1596 2577 263 35 conscious
1887 2560 55 52 of
1963 2560 67 53 its

74 2654 113 49 ego;
227 2641 142 61 then,
399 2657 52 33 as
477 2637 40 52 it
544 2641 90 66 got
660 2641 53 47 to
743 2655 27 33 a
797 2641 189 47 certain
1031 2640 141 47 stage
1214 2635 54 51 of
1304 2634 367 70 development,
1698 2633 42 52 it
1780 2632 248 66 becomes,

76 2728 50 32 as
168 2715 87 47 the
298 2711 161 70 youth
505 2710 136 65 does,
680 2709 324 70 exceedingly
1043 2708 403 63 self-conscious,
1489 2706 99 53 and
1615 2726 63 34 an
1705 2724 325 35 extravagant

78 2782 97 52 and
215 2784 279 71 unhealthy
535 2783 360 71 metaphysical
937 2782 321 71 subjectivity
1302 2800 99 33 was
1442 2786 88 46 the
1565 2799 286 33 expression
1878 2782 54 50 of
1967 2800 65 33 an

77 2875 168 34 undue
272 2858 329 70 self-feeling;
642 2857 101 53 and
768 2856 189 71 finally,
988 2876 52 33 as
1067 2856 86 52 the
1192 2854 205 71 happily
1425 2854 299 70 developing
1750 2853 281 53 individual

76 2949 165 50 passes
284 2932 131 52 from
462 2950 63 35 an
571 2931 171 53 undue
784 2930 320 71 subjectivity
1145 2935 54 46 to
1242 2949 27 32 a
1312 2947 126 33 calm
1476 2927 245 53 objective
1745 2927 208 52 method
1981 2928 55 51 of

78 3004 211 71 viewing
326 3006 191 70 things,
555 3025 53 33 so
649 3005 173 52 Bacon
861 3023 111 50 may
1015 3004 60 52 be
1102 3002 105 53 said
1233 3007 54 47 to
1315 3001 143 53 mark
1484 3008 88 45 the
1597 3001 156 71 epoch
1781 3001 53 53 of
1869 3020 28 34 a
1924 3020 106 34 cor-

80 3079 304 70 responding
409 3079 169 71 happy
605 3078 191 52 change
833 3078 54 52 in
926 3077 86 52 the
1050 3077 348 52 development
1425 3075 54 51 of
1513 3074 258 53 mankind.
1848 3074 96 53 Let
1970 3094 61 33 us

81 3151 204 72 entirely
313 3157 84 66 get
422 3153 94 64 rid,
545 3154 244 62 however,
818 3152 54 52 of
906 3157 86 46 the
1030 3155 178 48 notion
1244 3149 113 52 that
1394 3154 87 46 the
1522 3147 244 72 objective
1804 3152 148 67 study
1981 3149 55 51 of

82 3242 175 36 nature
284 3246 171 32 means
482 3225 184 71 merely
692 3231 87 47 the
799 3244 202 51 sensory
1027 3228 291 67 perception
1359 3222 54 53 of
1447 3222 72 63 it;
1560 3241 74 33 we
1668 3241 98 46 see,
1794 3227 88 46 not
1909 3221 123 53 with

82 3301 86 49 the
195 3318 103 51 eye,
326 3299 94 53 but
445 3300 226 52 through
696 3299 71 65 it;
808 3298 96 53 and
949 3303 54 48 to
1046 3317 97 52 any
1170 3316 93 34 one
1286 3296 112 52 who
1438 3296 41 52 is
1520 3295 158 53 above
1712 3295 87 52 the
1825 3294 128 52 level
1980 3295 55 52 of

82 3376 85 46 the
208 3373 182 52 animal
430 3378 86 47 the
561 3392 96 33 sun
693 3373 42 51 is
771 3377 90 47 not
890 3391 27 33 a
941 3371 174 53 bright
1152 3371 105 52 disc
1293 3371 55 51 of
1381 3370 88 52 fire
1496 3368 155 53 about
1676 3374 86 46 the
1788 3367 98 53 size
1914 3368 55 52 of
2003 3388 29 32 a

85 3443 189 67 cheese,
302 3445 94 53 but
424 3466 61 32 an
511 3446 241 52 immense
779 3445 89 53 orb
897 3446 206 69 moving
1122 3444 224 52 through
1364 3461 145 51 space
1534 3442 120 52 with
1682 3442 65 51 its
1774 3441 259 51 attendant

86 3516 256 73 planetary
371 3539 203 50 system,
604 3525 52 47 at
693 3525 87 46 the
818 3524 106 46 rate
952 3519 54 52 of
1042 3537 136 33 some
1205 3518 236 51 400,000
1471 3515 141 52 miles
1640 3534 28 32 a
1696 3514 107 52 day.
1880 3514 151 65 Now,

87 3590 119 52 such
233 3591 41 52 is
300 3598 85 46 the
411 3612 265 33 wondrous
704 3591 264 71 harmony,
996 3596 311 59 connection,
1335 3589 98 52 and
1459 3588 280 69 continuity
1756 3587 278 70 pervading

86 3667 109 48 that
221 3670 295 66 mysterious
543 3666 158 52 whole
728 3665 163 53 which
917 3684 70 34 we
1015 3664 95 52 call
1147 3683 194 44 nature,
1382 3666 110 48 that
1531 3661 40 52 it
1597 3661 40 51 is
1664 3660 286 52 impossible
1978 3666 54 47 to
