2107 3450
1754 312 86 42 457

528 314 196 32 APHASIA
758 315 139 32 AFTER
931 309 313 42 "CONGESTIVE
1277 312 235 42 ATTACKS."

186 441 74 24 was
277 429 73 36 loss
369 429 41 36 of
423 429 144 49 speech.
621 429 127 38 When
767 430 116 38 asked
900 432 52 48 hy
971 432 63 37 the
1053 445 89 25 man
1159 435 41 35 in
1219 435 64 37 the
1301 436 94 48 shop
1413 437 102 36 what
1530 450 75 24 was
1622 437 66 37 the
1705 441 138 33 matter

187 486 91 37 with
298 487 91 46 him,
409 487 46 37 he
475 487 117 37 found
610 487 83 37 that
721 488 47 36 he
787 488 112 37 could
927 494 67 31 not
1015 502 66 36 say
1098 503 22 24 a
1138 493 102 35 word
1258 493 41 36 in
1318 494 119 48 reply.
1491 495 156 48 Feeling
1665 494 176 47 alarmed,

184 544 75 37 and
286 545 113 48 being
425 545 115 37 much
569 545 155 46 excited,
744 545 48 37 he
819 546 149 36 walked
995 546 112 38 home
1125 560 40 25 so
1183 550 151 48 rapidly
1352 551 83 36 that
1453 563 22 25 a
1494 551 346 44 fellow-workman,

185 603 84 36 who
288 616 74 24 saw
380 603 81 37 him
479 604 40 36 in
538 603 64 37 the
620 608 113 32 street
760 603 74 36 and
855 604 143 36 wished
1017 609 38 31 to
1074 606 114 47 speak
1209 607 92 36 with
1331 607 94 47 him,
1447 608 116 36 found
1581 608 48 36 he
1647 608 110 36 could
1775 612 68 32 not

185 661 175 37 overtake
390 661 92 37 him.
537 661 72 36 His
639 660 86 37 wife
756 665 113 32 states
904 661 83 36 that
1017 662 112 37 when
1159 663 49 37 he
1237 664 159 37 reached
1426 665 112 37 home
1568 666 60 36 his
1658 666 79 36 face
1767 678 75 24 was

185 719 206 48 extremely
409 719 209 47 congested,
636 719 75 36 and
737 718 61 36 his
825 720 214 47 expression
1065 720 92 36 wild
1175 722 76 36 and
1270 722 189 37 confused.
1514 723 60 36 He
1593 735 74 24 was
1693 723 149 36 speech-

184 776 83 47 less,
286 777 73 36 and
379 777 58 36 his
456 778 85 36 wife
560 777 164 48 thought
743 777 82 36 that
844 777 64 36 the
927 777 101 47 right
1055 777 103 37 hand
1187 779 75 36 and
1286 792 80 24 arm
1385 792 97 24 were
1508 779 210 50 paralyzed.
1769 780 75 36 For

184 838 73 32 two
276 834 91 48 days
385 834 47 37 he
451 834 190 37 remained
660 835 40 35 in
730 834 70 36 bed
820 846 39 24 so
878 834 179 37 confused
1086 836 74 35 and
1179 837 130 47 stupid
1337 836 83 37 that
1448 850 47 23 on
1515 849 70 25 one
1610 838 167 36 occasion
1794 837 49 37 he

182 891 226 37 micturated
435 892 289 37 involuntarily.
779 891 59 37 On
865 891 65 37 the
957 891 104 37 third
1087 893 73 47 day
1179 894 273 48 (Wednesday)
1477 895 48 36 he
1553 895 115 36 spoke
1695 894 57 37 for
1777 895 65 36 the

183 948 79 37 first
290 950 103 45 time,
411 951 135 36 asking
572 950 60 37 his
651 950 85 36 wife
755 949 104 37 what
887 949 140 37 o'clock
1054 951 32 35 it
1104 963 86 24 was.
1244 951 74 36 His
1336 958 301 42 pronunciation,
1658 952 183 46 however,

183 1018 75 25 was
285 1007 205 48 imperfect.
540 1008 75 37 For
633 1007 171 37 "clock"
821 1007 48 36 he
898 1007 79 36 said
998 1007 122 36 "clo"
1137 1022 9 31 ;
1172 1009 76 36 and
1276 1009 49 36 he
1346 1010 120 36 called
1485 1023 21 24 a
1524 1015 127 43 potato
1670 1022 21 24 a
1709 1009 134 49 "cap."

184 1065 59 36 On
262 1065 201 48 Thursday
480 1065 48 38 he
546 1066 115 49 spoke
679 1065 132 37 better,
831 1065 70 36 but
920 1064 79 37 still
1019 1065 135 48 slowly
1172 1066 76 36 and
1262 1066 96 37 with
1378 1068 198 47 difficulty.
1625 1067 58 36 On
1701 1067 140 36 Thurs-

181 1121 74 48 day
273 1122 109 48 night
400 1122 48 38 he
466 1136 74 24 was
558 1127 206 33 somewhat
781 1122 181 37 delirious
980 1123 41 35 in
1039 1122 59 37 his
1117 1123 111 37 sleep.
1282 1124 111 36 After
1411 1125 77 36 this
1505 1125 93 36 time
1614 1124 50 37 he
1682 1124 160 47 steadily

181 1179 208 48 improved,
404 1193 38 24 so
457 1181 83 36 that
554 1193 49 24 on
618 1181 140 36 Friday
771 1181 65 36 the
850 1181 184 48 paralysis
1048 1181 40 36 of
1103 1181 66 36 the
1184 1181 101 36 hand
1302 1182 75 36 and
1392 1194 80 24 arm
1484 1182 75 37 had
1574 1182 242 48 disappeared
1833 1195 9 31 ;

179 1237 75 35 and
272 1242 91 32 next
381 1239 104 36 week
501 1238 49 37 he
569 1251 75 24 was
669 1239 84 36 able
779 1243 40 32 to
844 1239 90 36 read
960 1238 66 37 the
1052 1251 232 36 newspaper,
1304 1246 38 29 to
1361 1252 149 24 express
1537 1239 156 37 himself
1716 1244 127 44 pretty

179 1293 120 50 freely
316 1296 40 36 in
375 1297 145 47 speech,
540 1297 75 36 and
633 1301 39 32 to
691 1297 100 36 walk
811 1301 38 32 to
868 1297 60 35 his
954 1296 157 37 doctor's
1138 1297 117 36 house
1273 1301 38 32 to
1330 1302 125 43 report
1473 1297 161 37 himself.
1690 1297 60 36 He
1768 1309 74 25 was

181 1353 53 35 off
249 1354 102 35 work
370 1359 39 32 at
425 1354 77 37 this
528 1355 92 36 time
646 1354 59 37 for
730 1355 117 36 about
868 1355 58 36 six
942 1354 134 37 weeks.
1131 1355 163 48 Though
1323 1355 199 48 gradually
1548 1355 225 48 improving,
1793 1355 49 36 he

179 1412 192 36 remained
391 1413 83 36 dull
492 1414 76 35 and
586 1413 149 37 listless,
753 1414 75 36 and
847 1413 116 37 much
986 1413 170 36 inclined
1179 1417 39 32 to
1237 1413 49 36 sit
1304 1413 74 36 and
1397 1426 110 23 mope
1525 1417 39 32 at
1580 1412 111 37 home
1709 1413 51 36 by
1779 1412 64 36 the

178 1468 158 37 fireside.
389 1470 94 36 This
509 1472 194 36 condition
730 1472 182 48 persisted
940 1484 95 24 even
1061 1470 96 37 after
1173 1470 49 37 he
1239 1471 76 36 had
1342 1471 179 36 returned
1550 1475 38 32 to
1607 1471 105 36 work
1729 1484 8 31 ;
1768 1470 76 36 and

179 1526 97 37 from
295 1528 76 35 this
390 1529 91 36 time
499 1529 60 36 his
585 1529 132 37 health
743 1530 205 36 remained,
969 1542 48 24 on
1041 1529 66 36 the
1125 1529 134 36 whole,
1280 1541 39 24 so
1346 1529 228 36 indifferent,
1594 1528 84 36 that
1702 1528 49 36 he
1768 1540 75 24 was

179 1597 115 24 never
311 1585 84 37 able
412 1590 39 32 to
470 1586 105 37 work
602 1599 104 25 more
731 1587 95 36 than
854 1591 76 33 two
949 1599 41 24 or
1017 1587 107 36 three
1153 1586 92 37 days
1263 1587 42 35 in
1322 1586 66 36 the
1406 1586 115 37 week.
1576 1586 73 36 His
1676 1586 167 48 syphilo-

178 1642 139 48 phobia
336 1644 204 36 continued
559 1648 39 32 to
616 1645 150 36 trouble
783 1644 83 37 him
884 1657 38 24 as
941 1643 170 38 severely
1129 1656 39 24 as
1187 1656 98 24 ever.

227 1700 36 36 A
282 1701 136 36 second
447 1703 213 47 congestive
687 1703 127 36 attack
834 1702 177 37 occurred
1039 1701 117 37 about
1174 1701 86 37 four
1286 1701 154 37 months
1468 1705 95 32 after
1579 1701 65 37 the
1662 1701 89 36 first.
1806 1701 38 36 It

178 1757 119 49 began
321 1771 46 23 on
386 1759 65 36 the
469 1760 71 46 day
561 1760 125 37 before
705 1760 84 36 that
808 1760 40 36 of
863 1760 65 36 the
947 1759 176 49 patient's
1147 1759 205 37 admission
1374 1764 36 31 to
1429 1759 65 36 the
1513 1759 203 48 Infirmary
1734 1772 8 31 ;
1773 1763 70 32 set-

179 1816 83 47 ting
279 1817 39 34 in
334 1817 139 48 during
486 1818 64 36 the
566 1818 162 49 evening
742 1817 92 38 with
851 1819 89 47 pain
955 1819 41 34 in
1011 1818 65 35 the
1091 1817 107 46 head,
1215 1818 213 48 increasing
1442 1817 188 36 difficulty
1644 1816 41 36 of
1699 1815 143 47 speech,

178 1873 153 37 dulness
346 1875 40 35 of
400 1876 118 45 mind,
535 1876 75 36 and
629 1876 187 36 difficvdty
830 1877 40 35 in
888 1876 250 36 micturition.
1180 1876 104 36 Next
1303 1876 187 47 morning,
1511 1887 48 24 on
1577 1875 65 35 the
1659 1874 130 36 advice
1808 1872 40 37 of

179 1931 56 36 Dr
252 1931 127 46 Sloan,
398 1932 48 37 he
465 1945 74 25 was
558 1934 177 36 removed
760 1938 38 32 to
817 1934 66 37 the
911 1934 123 48 Royal
1062 1933 215 48 Infirmary,
1297 1945 124 24 where
1439 1933 48 36 he
1505 1944 75 25 was
1603 1931 184 37 admitted
1805 1935 39 31 to

179 1989 117 36 Ward
316 1990 57 35 31.

227 2047 97 37 State
342 2061 46 23 on
406 2048 364 39 Admission.The
797 2050 149 48 patient
972 2062 77 24 was
1069 2063 21 23 a
1107 2049 71 37 tall
1205 2049 74 36 and
1306 2048 208 37 well-built
1531 2060 99 23 man.
1684 2046 68 36 All
1778 2046 65 35 the

176 2105 150 37 various
344 2111 158 43 systems
520 2120 96 24 were
635 2107 225 49 apparently
877 2108 78 36 free
975 2109 97 35 from
1098 2108 142 36 disease
1268 2110 131 33 except
1425 2106 66 36 the
1509 2117 161 25 nervous
1689 2107 151 45 system.

177 2163 61 37 He
254 2176 72 24 was
345 2165 171 37 confined
530 2170 38 33 to
582 2166 84 37 bed,
686 2167 75 36 and
779 2166 60 37 his
858 2167 215 36 expression
1089 2178 75 25 was
1184 2165 207 37 extremely
1407 2164 84 37 dull
1509 2163 74 37 and
1602 2162 140 49 stupid.
1787 2163 55 33 As

174 2225 39 32 to
231 2221 223 48 production
482 2223 40 37 of
545 2223 145 49 speech,
710 2224 65 37 the
801 2225 149 48 patient
970 2236 74 24 was
1072 2236 137 24 almost
1235 2222 138 48 totally
1394 2222 152 48 aphasic
1564 2235 7 29 ;
1598 2220 60 36 his
1675 2218 109 50 reply
1802 2222 39 32 to

174 2278 137 37 almost
338 2280 53 36 all
420 2282 193 47 questions
643 2282 114 36 being
776 2284 22 18 "
811 2282 108 36 Yes."
971 2282 124 36 When
1128 2281 115 36 asked
1262 2285 101 31 what
1393 2279 49 37 he
1471 2278 238 49 complained
1728 2276 46 45 of,
1793 2276 49 36 he

174 2337 155 47 pointed
344 2341 38 32 to
398 2337 65 37 the
477 2338 69 37 left
559 2339 79 37 side
652 2340 41 36 of
706 2339 60 37 his
783 2340 98 36 head
896 2340 75 36 and
987 2340 91 36 said,
1100 2339 69 36 "A
1187 2343 121 43 nasty,
1325 2342 121 43 nasty,
1461 2349 122 36 nasty,
1599 2335 86 37 well
1700 2332 142 50 nasty."

174 2394 54 36 As
246 2399 39 32 to
303 2396 189 48 reception
511 2397 76 36 and
605 2398 291 36 interpretation
915 2398 41 36 of
971 2397 145 49 speech,
1136 2397 146 36 though
1302 2396 48 36 he
1369 2395 228 37 understood
1617 2398 86 32 most
1722 2392 40 38 of
1776 2392 66 36 the

174 2453 167 36 remarks
358 2454 110 36 made
498 2458 37 32 to
554 2455 93 47 him,
666 2455 49 37 he
747 2455 198 37 evidently
964 2455 114 36 failed
1102 2459 39 31 to
1160 2453 231 37 understand
1423 2465 90 24 some
1532 2451 40 37 of
1598 2451 116 37 them.
1768 2451 74 36 For

173 2510 183 48 example,
374 2510 48 37 he
454 2511 113 37 failed
587 2517 38 32 to
645 2513 233 36 understand
910 2513 65 36 the
1006 2517 168 31 requests
1192 2516 39 32 to
1262 2515 71 44 put
1352 2515 67 32 out
1449 2510 59 36 his
1539 2514 139 44 tongue
1708 2508 76 37 and
1802 2512 38 32 to

172 2567 114 36 touch
305 2567 59 38 his
382 2581 100 25 nose.
536 2570 61 37 He
616 2583 74 24 was
709 2583 39 24 so
767 2571 131 36 stupid
917 2583 48 24 on
984 2570 65 37 the
1068 2570 73 36 day
1160 2568 40 38 of
1215 2569 205 36 admission
1440 2567 84 37 that
1549 2567 60 36 his
1638 2578 109 25 urine
1764 2566 77 36 had

172 2629 39 31 to
226 2624 45 37 be
286 2625 113 37 taken
415 2627 53 35 off
483 2627 92 36 with
592 2627 65 37 the
672 2628 176 37 catheter.
897 2629 104 36 Next
1016 2628 74 36 day
1105 2627 48 36 he
1168 2639 75 24 was
1258 2625 260 47 considerably
1532 2624 180 49 brighter,
1728 2623 114 48 being

172 2683 84 36 able
275 2688 37 31 to
331 2696 110 25 name
473 2686 182 36 correctly
675 2699 21 23 a
714 2687 163 36 number
895 2686 41 37 of
963 2686 141 36 objects
1133 2685 130 36 shown
1282 2689 38 31 to
1340 2684 93 45 him,
1452 2683 93 37 such
1570 2695 39 25 as
1628 2695 21 24 a
1667 2681 132 46 watch,
1819 2694 21 24 a

172 2739 123 46 chain,
314 2745 82 40 etc.,
415 2741 144 48 though
580 2743 135 49 failing
732 2748 39 32 to
790 2756 112 24 name
921 2743 136 37 others,
1077 2742 91 37 such
1188 2755 40 23 as
1242 2755 21 23 a
1280 2742 82 48 pair
1381 2742 40 36 of
1436 2742 158 35 scissors.
1652 2740 45 36 In
1713 2740 127 47 trying

170 2803 40 31 to
228 2803 108 32 write
353 2798 48 37 he
419 2800 174 48 misspelt
611 2813 93 24 even
725 2801 59 36 his
812 2814 84 23 own
928 2813 122 24 name,
1074 2801 71 36 but
1175 2799 48 37 he
1255 2799 194 37 evidently
1469 2799 112 35 knew
1598 2801 85 33 that
1700 2796 47 37 he
1765 2796 75 36 had

170 2855 110 37 made
298 2857 180 36 mistakes
495 2858 76 35 and
591 2858 260 37 endeavoured
872 2863 39 31 to
930 2863 140 31 correct
1099 2858 117 36 them.
1270 2857 111 36 After
1409 2855 77 36 this
1512 2855 48 36 he
1578 2854 203 37 continued
1801 2858 38 32 to

169 2913 172 48 improve
359 2914 173 48 steadily,
550 2927 40 24 so
609 2915 85 37 that
712 2916 39 35 in
770 2928 22 24 a
811 2915 71 37 few
901 2916 92 35 days
1011 2915 48 36 he
1078 2927 76 24 was
1185 2915 85 36 able
1302 2918 38 32 to
1358 2917 63 45 get
1440 2925 52 35 up
1510 2913 75 36 and
1603 2911 100 37 walk
1722 2923 116 24 about

168 2970 66 37 the
255 2970 111 37 ward.
423 2971 70 35 His
511 2972 134 47 speech
663 2972 79 37 also
761 2973 197 48 improved
977 2973 163 48 rapidly,
1160 2972 75 37 and
1260 2971 48 36 he
1327 2983 74 24 was
1421 2982 90 24 soon
1530 2969 84 37 able
1633 2974 38 31 to
1690 2980 148 36 express

169 3026 159 38 himself
342 3033 126 43 pretty
489 3029 126 47 freely.
671 3030 46 36 In
737 3030 58 36 his
818 3035 303 43 pronunciation,
1142 3029 186 36 however,
1347 3028 105 36 there
1471 3026 192 37 remained
1681 3025 158 36 marked

169 3084 193 37 thickness
389 3097 41 24 or
459 3085 187 49 Slurring,
665 3087 75 36 and
768 3087 106 37 there
906 3100 74 23 was
1010 3087 78 36 also
1120 3099 91 24 very
1230 3085 156 37 decided
1418 3082 419 48 Syllable-Stumbling.

171 3144 82 37 The
272 3144 262 51 employment
552 3144 41 37 of
608 3145 64 36 the
691 3145 193 36 test-word
903 3147 21 18 "
941 3143 336 51 Hippopotamus"
1298 3141 163 50 brought
1485 3145 67 33 out
1569 3140 65 37 the
1653 3139 186 38 Syllable-
