2107 3450
1763 347 75 39 -171

776 342 294 34 GRADUATION
1103 346 167 33 TITESIS.

194 456 78 36 line
298 467 40 25 so
358 467 40 25 as
423 459 39 33 to
485 454 107 38 leave
619 455 92 49 only
728 468 22 25 a
766 469 93 35 very
877 458 111 36 small
1015 460 209 48 triangular
1250 464 163 48 opening
1438 467 232 48 posteriorly,
1689 470 162 48 through

195 513 124 37 which
338 513 104 37 there
460 512 79 37 still
558 525 89 36 may
664 513 47 37 be
730 513 139 49 caught
886 526 21 24 a
924 515 244 48 glimmering
1194 518 40 36 of
1256 519 65 37 the
1346 520 84 48 pale
1457 523 142 37 surface
1617 524 40 36 of
1679 525 64 37 the
1769 530 83 33 true

193 570 211 37 ligaments.

241 629 58 44 3d,
327 628 124 36 When
470 628 209 48 expiration
698 628 32 36 is
747 629 221 47 attempted,
989 629 64 37 the
1071 631 89 37 false
1182 633 105 36 cords
1305 646 61 24 are
1384 634 257 51 immediately
1660 642 191 37 coaptated

195 685 233 49 throughout
446 685 98 37 their
564 685 121 37 whole
703 685 144 48 length,
867 686 76 36 and
968 687 34 36 if
1024 687 66 37 the
1117 689 107 36 effort
1249 691 109 35 made
1384 691 46 37 be
1456 695 193 45 powerful,
1668 696 63 37 the
1752 703 99 43 parts

193 743 117 37 above
331 755 61 25 are
412 743 180 37 observed
620 745 22 18 "
654 747 38 32 to
718 743 88 36 arch
834 756 41 23 or
901 756 112 25 curve
1040 747 188 36 outwards
1254 747 163 37 without
1442 749 178 50 allowing
1645 752 63 37 the
1734 755 55 36 air
1813 760 39 34 to

255 813 67 35 ape
333 800 17 20 "
377 799 225 50 (Czermak).
656 800 93 36 This
768 800 173 49 swelling
960 806 66 32 out
1044 802 40 36 of
1108 803 64 36 the
1190 816 157 25 mucous
1364 806 215 38 membrane
1598 813 38 32 at
1653 810 64 36 the
1736 824 118 37 upper

194 863 84 41 part
296 857 40 37 of
360 858 63 36 the
441 858 136 48 larynx
595 871 69 24 can
682 859 46 36 be
747 858 74 37 clue
839 863 39 31 to
896 859 164 48 nothing
1086 860 69 36 but
1173 861 65 36 the
1264 862 174 37 inflation
1457 864 40 36 of
1519 865 63 36 the
1601 869 198 37 ventricles
1817 871 40 36 of

195 915 196 49 Morgagni
409 916 173 37 beneath.

243 974 81 36 The
353 973 227 49 physiology
607 974 41 36 of
674 974 104 36 these
806 973 203 38 ventricles
1038 975 73 36 and
1143 975 40 37 of
1209 976 64 37 the
1303 979 169 46 superior
1501 979 197 48 ligaments
1727 984 39 36 of
1790 985 64 38 the

194 1030 136 48 larynx
353 1032 31 36 is
406 1031 89 36 thus
521 1036 96 32 after
638 1031 54 37 all
718 1044 40 24 so
784 1031 233 49 beautifully
1035 1032 136 48 simple
1196 1045 40 25 as
1260 1038 40 32 to
1325 1036 135 36 render
1484 1036 31 36 it
1540 1049 91 37 very
1649 1043 207 48 surprising

194 1089 82 35 that
303 1089 98 36 their
426 1089 125 36 action
569 1102 75 24 was
670 1093 68 32 not
763 1089 92 48 long
880 1089 102 36 since
1006 1091 227 47 recognised.
1286 1092 206 48 Formerly,
1512 1094 63 36 the
1602 1096 185 50 difficulty
1805 1112 49 24 no

194 1146 119 37 doubt
330 1146 63 49 lay
408 1147 40 36 in
466 1147 65 36 the
549 1146 273 49 impossibility
837 1147 40 36 of
891 1146 217 49 displaying
1122 1147 65 37 the
1204 1152 102 44 parts
1320 1149 40 37 in
1375 1150 64 36 the
1452 1151 121 48 living
1586 1152 109 49 body.
1748 1155 105 36 Even

195 1204 124 37 before
349 1205 64 36 the
443 1205 91 48 days
563 1205 40 36 of
629 1205 65 36 the
721 1205 281 48 laryngoscope,
1030 1205 187 47 however,
1247 1207 18 35 I
1299 1207 91 46 find,
1419 1221 48 23 on
1495 1209 154 50 looking
1676 1224 88 24 over
1791 1214 65 36 the

193 1262 149 36 various
369 1264 168 35 treatises
556 1275 47 23 on
624 1263 63 36 the
710 1262 148 48 larynx,
878 1263 84 36 that
988 1275 137 36 among
1143 1264 65 36 the
1226 1276 204 25 numerous
1457 1267 227 48 conjectures
1710 1273 145 34 regard-

192 1320 66 48 ing
275 1320 99 37 their
391 1333 77 33 use,
487 1333 71 25 one
579 1321 148 36 shrewd
744 1333 110 36 guess
878 1321 68 36 has
964 1321 95 36 been
1086 1321 120 47 made,
1225 1321 126 37 which
1375 1335 91 36 very
1483 1325 130 48 nearly
1630 1329 225 45 approaches

192 1377 64 36 the
283 1378 123 37 whole
432 1379 118 37 truth.
605 1379 47 36 In
673 1379 144 47 Mayo's
836 1379 216 47 Physiology
1069 1379 107 36 there
1195 1391 127 25 occurs
1339 1380 66 37 the
1421 1380 194 51 following
1632 1396 150 36 passage
1799 1401 57 23 :—

193 1438 20 18 "
227 1436 61 36 Mr
308 1436 125 37 Willis
446 1436 67 37 has
527 1449 92 36 very
633 1436 243 49 ingeniously
890 1437 239 37 conjectured
1144 1437 83 37 that
1240 1437 65 37 the
1321 1437 142 38 closure
1479 1439 39 36 of
1528 1439 65 37 the
1605 1441 128 48 glottis
1752 1445 104 36 takes

190 1493 106 48 place
314 1494 165 49 through
498 1495 65 36 the
580 1495 175 36 inflation
773 1494 40 37 of
836 1495 66 36 the
929 1495 201 36 ventricles
1156 1495 97 36 from
1279 1495 134 46 below,
1431 1496 110 37 when
1568 1498 64 37 the
1657 1499 199 37 ligaments

190 1551 97 37 have
301 1552 95 36 been
411 1553 286 48 approximated
711 1553 74 36 and
799 1565 50 24 an
867 1557 212 44 expiration
1093 1552 68 37 has
1180 1553 96 36 been
1289 1555 219 47 attempted.
1560 1555 64 36 An
1639 1558 217 36 objection,"

191 1609 47 37 he
256 1611 208 45 continues,
486 1611 21 20 "
522 1623 72 24 was
612 1611 197 48 suggested
826 1615 41 32 to
885 1623 61 24 me
964 1611 52 48 by
1035 1611 62 35 Mr
1114 1610 256 47 Wheatstone,
1387 1611 121 37 which
1529 1613 41 35 of
1584 1613 104 37 itself
1702 1627 154 37 appears

191 1667 93 37 fatal
302 1672 38 32 to
361 1668 61 36 Mr
440 1668 156 37 Willis's
614 1668 221 49 hypothesis
852 1681 117 31 ;—we
988 1681 68 24 can
1083 1668 98 37 close
1206 1668 66 37 the
1297 1668 138 49 larynx
1460 1682 39 24 as
1525 1671 87 36 well
1638 1672 137 49 during
1800 1675 55 35 in-

192 1725 182 49 spiration
392 1738 39 24 as
449 1726 139 49 during
606 1727 243 36 expiration."
863 1727 12 23 1
928 1727 18 35 I
966 1726 98 37 have
1081 1731 68 33 not
1166 1731 66 43 yet
1258 1727 215 36 discovered
1490 1727 77 37 this
1585 1731 214 45 suggestion
1815 1731 42 36 in

193 1784 62 35 Mr
273 1784 158 36 Willis's
453 1797 83 24 own
563 1785 183 48 writings,
766 1785 71 36 but
862 1785 31 36 it
911 1785 32 36 is
969 1785 156 36 evident
1143 1785 83 36 that
1252 1785 48 35 he
1318 1785 67 36 has
1411 1797 115 25 never
1542 1786 164 48 thought
1731 1788 41 36 of
1793 1789 64 36 the

191 1846 77 31 true
286 1842 104 36 cords
409 1854 39 25 as
465 1843 226 48 preventing
709 1842 65 37 the
793 1847 177 32 entrance
988 1842 41 37 of
1051 1843 66 36 air,
1138 1842 199 37 otherwise
1364 1842 144 48 Mayo's
1526 1844 179 37 criticism
1730 1848 127 35 would

192 1903 68 33 not
276 1899 96 37 have
391 1900 95 37 been
505 1901 149 36 offered.

241 1958 80 36 The
344 1959 208 36 characters
570 1959 40 35 of
633 1958 85 37 that
735 1958 169 49 peculiar
929 1958 131 48 brassy
1079 1958 123 37 cough
1221 1957 126 38 which
1374 1958 113 37 exists
1506 1971 39 24 so
1572 1959 102 37 often
1692 1961 40 36 in
1759 1974 97 24 cases

191 2016 40 36 of
245 2016 190 36 aneurism
454 2016 41 36 of
512 2016 67 37 the
596 2021 104 32 aorta
717 2016 124 37 where
860 2017 66 36 the
943 2020 194 33 recurrent
1154 2015 196 49 laryngeal
1368 2028 113 24 nerve
1500 2017 31 35 is
1549 2017 188 47 involved,
1757 2031 98 36 may,

193 2074 17 35 I
231 2074 125 44 think,
376 2074 45 36 be
441 2074 201 36 explained
658 2075 43 35 in
718 2074 64 36 the
802 2074 196 37 following
1016 2086 170 24 manner.
1239 2073 104 37 Each
1360 2073 148 37 normal
1530 2079 60 31 act
1607 2075 40 36 of
1670 2077 187 48 coughing

190 2144 89 24 may
295 2132 46 36 be
359 2132 154 37 divided
531 2133 82 36 into
631 2136 75 33 two
725 2137 131 43 stages.
911 2136 62 33 1st,
1003 2132 81 37 The
1104 2131 186 37 complete
1308 2131 145 37 closure
1472 2131 39 36 of
1526 2131 64 37 the
1607 2132 140 48 glottis,
1765 2134 91 37 false

189 2191 76 36 and
292 2195 83 31 true
396 2190 107 37 cords
528 2190 181 49 together,
729 2202 39 25 so
795 2202 39 24 as
852 2194 40 33 to
919 2190 135 37 enable
1072 2189 66 37 the
1164 2190 56 36 air
1237 2195 39 30 to
1302 2188 47 36 be
1371 2189 234 47 compressed
1631 2190 133 36 within
1793 2192 63 37 the

190 2247 105 37 chest
312 2248 76 36 and
405 2247 151 37 trachea
573 2261 9 31 ;
607 2248 50 36 its
675 2260 130 36 escape
822 2247 116 49 being
955 2247 208 49 prevented
1180 2246 52 48 by
1248 2245 65 37 the
1331 2246 91 36 false
1441 2247 106 36 cords
1564 2247 73 36 and
1659 2249 198 37 ventricles

190 2305 41 38 of
252 2306 198 49 Morgagni
467 2318 39 24 as
520 2306 82 48 just
620 2306 213 48 explained.
885 2307 59 36 2d,
972 2305 82 37 The
1072 2305 146 36 sudden
1244 2305 75 36 and
1338 2304 184 48 complete
1548 2306 163 47 opening
1729 2306 40 36 of
1790 2307 65 36 the

188 2364 141 47 glottis,
348 2364 179 36 allowing
543 2368 40 32 at
601 2376 92 24 once
719 2363 65 37 the
811 2363 193 49 explosive
1030 2375 130 24 escape
1179 2362 40 37 of
1241 2362 65 37 the
1334 2362 232 48 compressed
1585 2363 63 36 air.
1702 2364 98 36 Both
1819 2365 40 36 of

189 2421 104 36 these
324 2427 234 31 movements
588 2435 62 23 are
680 2422 214 49 performed
928 2421 53 37 by
1010 2420 193 37 muscular
1232 2420 135 36 action.
1437 2420 77 35 But
1544 2420 39 35 in
1614 2420 65 36 the
1713 2423 142 46 typical

189 2479 229 37 aneurismal
443 2479 123 37 cough
592 2479 65 37 the
683 2479 129 49 glottis
840 2479 31 36 is
897 2484 151 31 neither
1074 2477 124 37 closed
1223 2490 71 24 nor
1319 2477 144 49 opened
1488 2478 195 48 perfectly,
1707 2479 57 35 for
1789 2479 64 37 the

188 2549 169 36 pressure
384 2549 104 25 upon
506 2537 65 37 the
596 2542 194 32 recurrent
816 2550 115 24 nerve
956 2536 69 37 has
1049 2536 185 48 impaired
1260 2536 49 35 its
1336 2547 126 37 power
1487 2535 41 36 of
1550 2536 258 48 transmitting
1832 2549 22 24 a

188 2594 148 37 normal
364 2595 178 37 stimulus
567 2599 39 32 to
635 2594 66 37 the
726 2594 175 37 muscles,
928 2607 39 24 so
996 2598 84 32 that
1105 2593 131 37 whilst
1263 2593 65 36 the
1355 2597 84 31 true
1469 2592 105 37 cords
1599 2604 62 25 are
1690 2592 163 50 brought

187 2653 140 49 closely
342 2653 150 49 enough
510 2653 173 37 together
699 2657 40 33 to
757 2653 164 48 produce
934 2664 116 25 voice,
1066 2651 65 37 the
1150 2651 91 36 false
1260 2650 224 37 cords—not
1496 2663 40 23 so
1551 2650 115 49 easily
1681 2652 171 47 approxi-

186 2713 323 37 mated—remain
527 2711 207 39 somewhat
751 2716 119 44 apart,
889 2711 75 37 and
988 2709 65 37 the
1070 2710 57 36 air
1144 2710 31 36 is
1194 2708 184 37 therefore
1403 2708 161 37 allowed
1590 2711 37 33 to
1654 2720 139 37 escape,
1813 2721 39 25 so

186 2776 84 32 that
287 2771 65 37 the
371 2771 122 37 cough
511 2771 32 37 is
556 2771 198 36 imperfect
772 2774 39 33 at
829 2771 48 35 its
896 2771 333 35 commencement.
1282 2766 137 49 Again,
1434 2766 30 36 it
1482 2766 31 36 is
1530 2765 128 48 brassy
1672 2778 40 24 or
1730 2767 120 46 voicy,

185 2829 158 37 because
361 2830 40 35 in
430 2829 64 37 the
516 2829 136 37 second
678 2833 102 32 stage
808 2827 64 37 the
899 2827 164 48 opening
1089 2825 41 36 of
1153 2825 65 36 the
1244 2824 130 49 glottis
1392 2824 32 36 is
1449 2827 68 33 not
1541 2835 40 25 so
1607 2823 144 37 sudden
1775 2824 75 36 and

185 2887 142 49 perfect
344 2900 40 24 as
402 2887 31 36 it
451 2886 119 37 ought
587 2891 39 32 to
644 2886 58 37 be,
718 2886 65 36 the
808 2885 163 37 muscles
997 2884 115 48 being
1137 2883 93 48 kept
1256 2883 39 35 in
1314 2893 21 27 a
1353 2886 95 32 state
1467 2881 40 36 of
1530 2880 207 48 spasmodic
1763 2893 86 24 con-

183 2945 161 36 traction
369 2944 50 37 by
438 2944 64 37 the
521 2945 120 35 direct
666 2943 191 37 irritation
876 2941 41 38 of
939 2942 64 36 the
1030 2953 115 24 nerve
1163 2952 124 24 where
1313 2939 31 36 it
1362 2939 31 36 is
1419 2938 150 48 pressed
1595 2949 100 36 upon
1715 2937 51 47 by
1784 2937 64 37 the

183 3002 228 38 aneurismal
427 3007 164 33 tumour,
607 3015 39 24 so
661 3002 84 36 that
762 3002 41 36 in
818 3001 65 36 the
900 2998 162 38 muscles
1077 2998 106 36 there
1201 3010 88 35 may
1303 2997 46 36 be
1364 2996 78 36 said
1458 3000 38 32 to
1510 2995 96 36 exist
1623 3007 21 24 a
1662 2995 185 46 tendency

182 3065 40 33 to
240 3073 135 38 spasm,
395 3065 205 33 associated
620 3059 93 38 with
732 3072 22 24 a
771 3057 137 50 partial
926 3057 74 36 loss
1018 3056 41 37 of
1073 3067 204 35 voluntary
1294 3054 156 46 motion,
1468 3065 22 24 a
1509 3052 253 37 combination
1781 3055 66 32 not

788 3179 7 18 '
821 3177 113 35 Mayo's
950 3175 177 35 I'hysinlngy,
1143 3182 28 28 p.
1188 3175 60 28 3S1.
