1895 3217
814 198 81 47 161

686 831 109 37 THE
829 829 186 40 DRILL.

506 937 132 49 Papio
657 936 352 50 leucophceus.—F.
1030 935 169 40 Cuvier.

690 1043 136 39 Plate
846 1043 166 39 XVIII.

171 1148 55 40 Le
245 1149 113 47 Drill,
389 1150 189 37 Frederic
607 1150 162 47 Cuvier^
799 1150 182 38 Histoire
1008 1149 217 38 Naturelle
1254 1149 66 38 des
1346 1149 188 36 Mammi^

212 1214 114 48 feres
395 1216 253 48 Cynocephale
694 1216 100 47 drill,
844 1215 274 49 Cynoceplialus
1162 1215 239 51 leucophseus,
1435 1215 99 36 Des-

222 1284 179 35 maresfs
418 1283 298 46 Mammalogie,
738 1295 35 36 p.
795 1280 63 42 71.

234 1412 105 44 The
364 1409 132 48 Drill
513 1409 37 47 is
573 1426 158 46 nearly
754 1426 48 30 as
826 1417 150 55 strong
1009 1409 90 47 and
1128 1409 217 63 powerful
1367 1424 48 31 as
1449 1409 80 46 the

169 1487 230 54 Mmidril,
441 1488 91 45 and
560 1487 82 46 has
681 1503 28 30 a
745 1486 170 47 similar
947 1487 126 46 form.
1155 1488 97 45 The
1283 1487 167 45 colours
1486 1485 52 47 of

167 1570 78 39 the
276 1565 128 44 adult
435 1580 73 30 are
542 1580 91 30 also
660 1579 158 45 nearly
852 1564 133 54 alike,
1016 1564 229 62 generally
1268 1563 49 47 of
1333 1579 27 30 a
1383 1563 145 46 duller

165 1639 120 55 hue;
321 1642 83 44 but
427 1647 78 39 the
526 1639 217 63 principal
766 1640 346 62 distinguishing
1134 1656 227 30 character
1381 1639 39 46 is
1450 1639 79 47 the

166 1732 186 31 absence
389 1717 50 46 of
463 1724 78 39 the
562 1717 144 46 ridges
730 1733 120 45 upon
871 1724 79 39 the
972 1733 193 39 muzzle,
1190 1718 90 45 and
1303 1716 51 47 of
1378 1717 149 62 bright

166 1795 224 61 colouring
413 1800 157 40 except
602 1795 77 45 the
712 1795 157 45 border
901 1794 51 46 of
975 1801 79 39 the
1085 1810 142 45 upper
1254 1795 78 60 lip,
1363 1794 164 54 which,

166 1871 63 60 by
276 1871 130 45 Fred.
452 1870 180 54 Cuvier,
678 1870 37 46 is
762 1871 283 60 represented
1089 1870 50 46 of
1175 1886 27 30 a
1244 1870 149 46 bright
1436 1871 92 45 red.

169 1947 100 45 The
321 1963 144 29 under
513 1953 123 54 parts
694 1962 74 30 are
825 1962 92 30 also
967 1947 153 45 white.
1218 1947 98 46 The
1366 1946 163 47 female

168 2023 150 46 differs
341 2023 47 45 in
413 2039 27 30 a
461 2023 85 46 less
571 2023 89 46 size
694 2024 90 44 and
818 2023 144 45 duller
989 2024 236 61 colouring,
1251 2023 90 46 and
1363 2025 63 60 by
1448 2024 79 45 the

165 2099 119 46 head
331 2101 133 60 being
508 2099 51 46 of
594 2115 27 29 a
664 2099 172 46 shorter
881 2099 264 61 proportion.
1237 2101 97 44 The
1372 2100 154 46 native

165 2192 190 46 country
379 2192 142 30 seems
549 2177 246 45 somewhat
829 2176 246 55 uncertain,
1107 2178 83 44 but
1220 2176 37 47 it
1287 2183 117 40 most
1426 2192 103 46 pro-

164 2252 138 62 bably
323 2253 38 46 is
385 2253 91 46 also
500 2252 166 46 Africa.

228 2331 135 45 With
396 2337 127 38 these
556 2329 205 55 animals,
785 2330 78 45 the
896 2327 134 48 forms
1068 2329 50 46 of
1144 2329 78 47 the
1254 2330 89 47 Old
1365 2330 163 47 World

163 2412 275 49 terminate;
474 2407 91 45 and
588 2421 69 31 we
686 2421 103 30 now
823 2421 252 31 commence
1107 2413 78 39 the
1210 2407 159 47 second
1399 2412 124 56 great

163 2483 303 61 geographical
491 2482 189 47 division
704 2482 49 47 of
766 2489 78 40 the
868 2483 335 60 quadnunanae.
