2107 3450
662 153 298 31 INTKLL1GKKT
993 153 180 31 Sl'KKCIF.

1632 144 84 42 103

124 278 53 42 In
212 277 74 43 the
321 275 218 44 sixteenth
574 273 164 44 month,
762 273 53 42 he
851 287 79 27 can
968 272 126 56 point
1128 276 79 37 out
1243 271 73 42 the
1340 272 193 43 features
1568 274 46 41 of
1648 273 69 43 his

61 364 98 27 own
183 350 105 42 face,
311 348 85 42 and
428 347 153 41 knows
617 360 142 28 where
792 345 98 43 'the
923 344 125 42 otlier
1070 343 106 56 eye'
1209 343 87 42 and
1330 343 99 41 'the
1460 344 126 43 other
1617 345 99 42 ear'

61 433 82 28 are.

124 490 52 41 In
214 489 74 42 the
323 487 253 57 eighteenth
616 487 166 42 month,
822 501 23 27 a
884 486 187 42 number
1106 486 45 42 of
1188 485 245 43 additional
1469 486 142 43 words
1645 500 73 30 are

62 559 288 43 understood;
382 559 107 43 such
521 574 48 27 as
600 559 147 55 finger,
779 558 127 55 glass,
939 557 118 53 door,
1087 558 105 51 sofa,
1226 557 326 53 thermometer,
1582 572 136 37 stove,

62 633 317 54 watering-pot,
402 631 87 42 and
513 631 171 43 biscuit.
748 630 117 43 Still,
888 644 46 29 as
967 639 88 47 yet,
1080 630 74 43 the
1177 630 229 55 repeating
1428 630 46 42 of
1506 629 210 44 syllables

57 706 167 42 spoken
259 708 64 38 lor
355 705 90 41 him
481 704 36 42 is
549 718 120 28 rare;
701 718 111 28 even
840 703 74 42 the
943 703 116 42 word
1093 702 182 44 Mama
1308 702 132 57 being
1472 701 245 57 responded

59 783 45 36 to
128 777 56 42 by
207 781 8 16 '
230 776 84 43 ta.'

118 849 53 41 In
205 848 74 42 the
319 848 256 42 nineteenth
612 848 165 41 month,
811 846 73 43 Pa
918 847 36 42 is
987 853 46 36 at
1064 846 86 43 last
1181 846 216 57 correctly
1431 845 284 58 pronounced

56 921 42 41 in
128 921 243 52 imitation;
403 921 87 41 and
513 921 45 40 in
582 919 75 43 the
680 920 231 42 twentieth
936 919 53 42 he
1012 933 81 28 can
1117 934 75 41 say
1217 918 156 54 Papa.

117 993 129 42 From
270 993 89 42 this
383 993 105 42 time
512 992 196 42 forward,
728 992 73 42 the
826 991 262 43 vocabulary
1108 992 47 41 of
1176 991 140 42 words
1340 991 98 42 that
1459 1005 73 28 are
1555 991 160 42 under-

55 1064 126 43 stood
216 1064 172 55 rapidly
419 1064 239 41 increases;
693 1063 85 42 and
816 1063 36 41 it
884 1063 230 43 continues
1151 1067 44 37 to
1232 1063 110 42 keep
1378 1062 138 42 ahead
1555 1063 48 41 of
1638 1062 75 42 the

56 1135 265 42 vocabulary
344 1135 44 42 of
424 1135 136 41 words
596 1134 143 42 which
761 1148 81 28 can
868 1135 50 41 be
942 1133 281 56 pronounced
1250 1133 54 56 by
1330 1133 73 42 the
1427 1133 130 42 child.
1623 1133 91 42 But

54 1207 37 41 it
115 1206 92 42 will
232 1214 73 34 not
329 1207 51 41 be
404 1220 229 28 necessary
656 1206 67 41 for
746 1220 49 27 us
820 1206 170 41 further
1014 1211 42 35 to
1082 1204 147 43 follow
1252 1205 75 41 the
1350 1219 196 41 progress
1570 1205 47 41 of
1637 1205 76 42 the

55 1278 120 42 child
201 1279 107 40 from
332 1277 154 42 month
512 1284 43 35 to
583 1277 167 42 month.

115 1351 48 42 B.
186 1351 173 40 Words
378 1360 54 31 of
452 1348 182 44 Child's
654 1349 113 41 Own
787 1347 374 43 Invention.—A
1180 1348 83 42 few
1282 1347 195 43 remarks
1495 1362 101 42 may
1614 1363 98 28 now

55 1422 52 42 be
132 1421 122 41 made
278 1426 133 36 about
444 1420 75 42 the
552 1420 178 55 specific
762 1419 306 45 word-sounds
1092 1420 47 41 of
1170 1419 117 42 their
1321 1417 115 45 Own
1472 1420 239 43 Invention

54 1492 143 44 which
220 1507 118 28 some
362 1491 196 43 children
583 1492 111 41 from
718 1506 25 27 a
777 1491 347 56 comparatively
1147 1490 121 57 early
1291 1491 150 55 period
1460 1491 184 56 employ
1666 1493 45 41 in

51 1566 181 41 making
272 1564 163 42 known
481 1563 112 43 their
636 1571 156 49 wants,
832 1578 48 28 or
923 1564 47 41 in
1012 1564 153 55 giving
1207 1563 256 43 expression
1508 1569 43 36 to
1596 1566 117 41 their

51 1638 225 42 emotions.
343 1636 113 42 Both
490 1636 182 42 Darwin
711 1636 88 42 and
832 1636 163 42 Preyer
1029 1636 110 42 have
1173 1636 133 42 noted
1339 1650 120 28 some
1493 1637 45 42 of
1575 1637 135 44 these.

49 1710 181 42 Darwin
257 1724 97 41 says
378 1709 96 41 that
506 1723 81 27 one
610 1708 45 42 of
687 1708 68 43 his
779 1708 210 43 children,
1012 1708 45 42 in
1082 1708 75 43 the
1191 1708 174 43 twelfth
1390 1709 168 51 month,
1582 1711 126 42 when

50 1780 54 42 he
128 1780 172 42 wanted
333 1780 113 50 food,
468 1780 140 42 began
642 1784 44 37 to
720 1794 77 42 say
820 1791 159 38 mum,
1002 1779 174 43 instead
1208 1780 48 41 of
1287 1780 240 56 beginning
1561 1787 44 36 to
1635 1796 76 42 cry

50 1867 47 28 as
130 1852 221 43 formerly.
429 1852 64 42 At
531 1867 25 27 a
592 1851 113 43 later
742 1853 120 41 time,
889 1849 272 45 shu-mum
1194 1866 87 28 was
1320 1852 108 43 used
1467 1853 66 41 for
1570 1868 142 39 sugar,

50 1924 89 43 and
176 1923 92 43 still
304 1925 121 41 later,
457 1921 160 45 black
653 1922 269 44 shu-mum
956 1923 66 41 for
1059 1923 131 43 black
1227 1938 143 40 sugar,
1407 1925 125 42 these
1570 1926 141 43 words

50 1997 132 56 being
215 1995 278 56 pronounced
529 1995 106 42 with
669 2010 24 27 a
731 2009 105 42 very
860 1995 181 42 marked
1074 2000 103 39 tone
1209 1995 49 42 of
1288 1995 191 57 longing.
1544 1997 166 44 Preyer

49 2083 101 28 says
193 2073 97 37 that
342 2067 69 43 his
454 2068 85 55 boy
579 2066 254 57 frequently
870 2067 46 41 in
960 2067 155 56 crying
1167 2067 94 44 said
1319 2082 203 33 momm
1577 2070 128 44 when

50 2141 199 55 hungry;
283 2144 98 38 that
415 2139 87 42 this
526 2153 88 28 was
640 2138 176 43 noticed
851 2153 111 28 even
986 2153 46 28 so
1067 2139 122 56 early
1211 2154 47 28 as
1298 2140 73 42 the
1397 2142 128 41 tenth
1561 2144 148 53 week;

48 2212 87 42 and
171 2212 96 42 that
302 2226 24 27 a
349 2210 119 43 child
503 2210 210 43 observed
748 2210 59 56 by
830 2211 115 42 Frau
981 2211 208 43 Schultze
1225 2212 47 42 of
1303 2213 201 43 Dresden
1528 2215 109 43 used
1665 2222 44 36 to

49 2298 76 41 say
142 2294 255 32 mam-am
421 2284 44 41 in
486 2283 74 43 the
579 2298 118 28 same
716 2297 353 30 circumstances.
1133 2282 148 45 Mimi
1305 2299 88 28 was
1415 2300 25 27 a
1460 2287 118 43 word
1601 2289 107 43 used

47 2357 60 57 by
126 2356 196 57 Preyer's
341 2357 83 56 boy
443 2371 47 29 as
508 2372 25 27 a
549 2356 177 57 general
748 2356 280 56 designation
1048 2358 67 42 for
1133 2358 111 42 food.
1310 2358 44 42 It
1378 2373 88 29 was
1486 2362 220 54 supposed

46 2434 44 37 to
115 2430 51 42 be
189 2429 178 43 derived
391 2430 56 56 by
472 2429 75 44 the
576 2430 120 42 child
720 2430 112 42 from
856 2429 75 44 the
955 2430 118 43 word
1097 2429 172 54 Milch,
1293 2431 146 43 which
1472 2432 55 44 he
1552 2448 87 28 was
1663 2434 45 43 in

48 2515 95 42 way
166 2502 47 41 of
240 2500 181 57 hearing
454 2501 263 57 frequently.
784 2502 43 41 It
859 2502 218 55 appeared
1110 2502 97 43 first
1240 2503 47 41 in
1321 2503 76 43 the
1421 2506 289 41 twenty-first

44 2573 169 51 month,
230 2572 86 44 and
335 2588 87 28 was
441 2581 120 36 often
578 2573 174 43 uttered
772 2573 107 43 with
895 2573 321 44 indescribable
1235 2574 190 58 longing.
1490 2575 219 56 Hay-uh

45 2659 88 29 was
155 2660 26 28 a
212 2646 186 56 begging
429 2646 141 42 sound
614 2646 243 43 associated
890 2646 107 42 with
1034 2646 248 58 stretching
1304 2654 78 37 out
1415 2648 48 44 of
1482 2649 75 43 the
1591 2664 116 28 arms

43 2718 88 42 and
168 2718 186 42 forward
391 2718 260 43 inclination
692 2718 47 43 of
779 2718 75 43 the
893 2718 128 51 body,
1061 2719 143 43 which
1246 2720 140 49 began
1426 2727 44 37 to
1510 2721 52 43 be
1602 2722 108 43 used

44 2790 159 57 during
226 2790 74 43 the
320 2791 92 42 first
435 2791 122 43 three
576 2790 178 43 months
773 2791 44 42 of
841 2791 74 43 the
935 2791 160 43 second
1119 2806 114 42 year.
1297 2791 148 45 Atta,
1463 2807 46 29 as
1528 2793 180 57 already

43 2861 235 52 indicated,
299 2876 89 28 was
422 2876 26 28 a
483 2862 116 42 word
634 2861 246 57 employed,
905 2862 66 43 for
1004 2877 25 28 a
1064 2862 306 45 considerable
1405 2864 166 55 period,
1599 2870 107 36 with

42 2933 76 44 the
140 2934 206 43 meaning
367 2934 48 42 of
437 2948 137 43 away,
599 2934 127 43 when
760 2935 221 56 anything
1014 2935 288 55 disappeared
1325 2949 48 28 or
1395 2949 25 28 a
1441 2935 115 43 light
1590 2943 118 34 went

43 3011 86 38 out.
194 3007 44 42 It
262 3008 92 41 first
376 3007 138 42 began
540 3012 44 37 to
607 3007 53 43 be
683 3007 108 42 used
817 3007 42 41 in
886 3007 75 42 the
986 3006 255 43 fourteenth
1265 3006 167 43 month.
