2113 3404
329 143 82 40 118

825 155 87 31 THE
946 155 241 33 DISOUDKItS
1219 157 52 31 OF
1302 157 174 32 SPKKCH.

328 272 113 42 their
463 286 263 42 appearance
749 288 68 27 are
841 274 73 42 the
936 274 332 57 corresponding
1290 275 119 42 three
1441 279 257 38 consonants
1730 283 206 47 produced

329 342 156 56 during
521 343 74 42 the
626 343 164 43 closure
821 345 47 40 of
897 344 73 42 the
999 345 155 41 second
1184 345 317 53 stop-position,
1534 344 89 49 viz.,
1646 344 36 51 t,
1709 343 43 50 d,
1785 348 80 40 and
1893 362 41 31 n.

330 411 117 42 Thus
480 411 73 43 the
584 412 204 54 syllables
818 423 82 42 pa,
927 412 81 42 ba,
1030 413 83 41 and
1136 424 97 37 ma,
1259 413 68 47 ta,
1355 412 77 42 da,
1457 413 83 41 and
1571 424 80 32 na,
1673 427 70 28 are
1775 419 163 55 usually

322 483 98 41 .the.
450 483 92 41 first
584 482 95 42 that
718 482 72 42 the
833 481 115 42 child
986 482 142 42 learns
1167 488 42 34 to
1247 494 254 41 pronounce.
1563 482 89 43 The
1689 497 249 32 consonants

331 551 215 53 produced
573 551 157 41 during
751 550 167 41 closure
950 551 44 40 of
1027 551 73 41 the
1123 550 115 42 third
1271 551 316 53 stop-position,
1610 552 91 50 viz.,
1721 551 47 51 k,
1793 564 43 42 g,
1860 558 79 41 and

334 631 80 42 ng,
439 635 69 27 are
526 621 109 41 later
666 620 44 43 in
743 621 258 54 appearing;
1033 621 83 40 and
1144 620 112 41 their
1286 633 265 41 appearance
1572 636 99 41 may
1694 622 51 42 be
1767 623 171 42 delayed

331 691 66 41 for
418 691 185 41 months,
626 704 46 27 or
693 704 108 28 even
834 690 66 41 for
931 703 133 41 years.
1126 690 64 40 As
1223 694 43 36 to
1298 689 73 41 the
1394 690 196 43 fricative
1622 699 265 44 consonants,
1909 696 47 41 iu

333 760 76 42 has
427 760 185 55 already,
631 760 42 40 in
695 760 71 41 the
786 760 83 41 last
885 760 191 53 chapter,
1091 760 107 41 been
1218 759 176 54 pointed
1412 767 75 34 out
1501 760 95 42 that
1623 766 23 16 "
1662 761 120 42 those
1805 764 134 42 which

332 838 112 33 most
466 829 244 54 frequently
735 835 173 48 present
931 829 247 41 difficulties
1201 833 42 36 to
1266 828 73 42 the
1362 829 115 42 child
1499 844 69 28 are
1589 831 203 55 probably
1816 843 25 30 r
1861 835 80 40 and

331 901 29 47 1,
383 899 96 41 and,
502 898 44 42 in
570 913 24 26 a
615 898 85 42 less
732 898 164 54 degree,
919 896 72 51 sh,
1015 909 36 38 s,
1076 896 74 44 ch,
1175 899 83 40 and
1280 898 71 52 y."
1412 900 195 41 Another
1632 906 153 36 matter
1808 903 132 41 which

333 983 86 27 was
441 969 271 41 commented
737 983 114 41 upon
879 969 42 40 in
949 968 72 42 the
1053 968 85 42 last
1160 969 177 54 chapter
1361 983 83 28 was
1467 970 72 41 the
1571 971 305 55 "Smudging"
1897 987 45 28 or

333 1038 232 55 Scamping
601 1039 46 41 of
681 1039 73 41 the
792 1038 204 42 syllables
1035 1038 44 42 in
1122 1039 301 54 baby-speech.
1485 1041 124 41 "The
1641 1041 114 41 child
1788 1043 152 54 simply

333 1110 128 41 omits
483 1110 73 41 the
580 1114 260 37 consonants
872 1109 184 41 difficult
1083 1116 42 34 to
1157 1109 105 49 him,
1283 1110 244 42 sometimes
1558 1112 176 53 putting
1766 1114 175 54 nothing

332 1180 46 42 in
395 1180 112 42 their
521 1180 133 41 stead,
667 1180 85 41 and
767 1181 246 41 sometimes
1029 1180 286 41 substituting
1331 1182 62 39 for
1407 1181 116 41 them
1540 1181 141 42 others
1698 1182 91 41 that
1804 1183 52 41 he
1870 1197 73 28 can

334 1265 246 41 pronounce
613 1250 183 41 without
827 1253 134 38 effort.
1026 1248 69 43 He
1128 1250 101 41 thus
1267 1255 197 37 converts
1502 1251 154 41 double
1694 1260 250 35 consonants

335 1323 92 39 into
450 1321 138 55 single
620 1335 112 28 ones.
797 1321 134 42 Often
963 1320 53 42 he
1042 1321 179 41 reduces
1243 1334 24 27 a
1289 1321 182 41 syllable
1502 1326 44 36 to
1578 1321 104 41 such
1715 1323 230 54 simplicity

336 1392 95 41 that
452 1392 73 41 the
548 1392 179 41 listener
748 1405 79 28 can
850 1391 102 54 only
974 1404 126 41 guess
1121 1395 45 37 at
1186 1391 57 41 its
1265 1391 214 41 intention
1506 1393 106 39 from
1636 1391 73 42 the
1740 1393 135 41 sound
1906 1395 43 40 of

336 1462 73 42 the
447 1462 172 41 vowel."
679 1461 145 41 When
869 1461 85 41 this
998 1461 232 54 Scamping
1271 1461 271 41 articulation
1585 1461 36 41 is
1659 1461 78 41 but
1773 1463 172 54 slightly

337 1532 192 42 marked,
564 1532 36 41 it
636 1532 37 41 is
710 1531 184 55 perhaps
931 1531 94 41 best
1062 1531 220 41 described
1324 1531 56 41 by
1419 1532 73 40 the
1529 1536 108 36 term
1677 1532 193 54 Slurring
1904 1548 42 26 or

337 1603 239 41 Thickness
598 1603 43 40 of
664 1602 174 41 Speech.
900 1601 42 41 A
965 1601 137 54 single
1125 1606 239 36 consonant
1383 1601 185 54 perhaps
1586 1602 36 41 is
1644 1602 192 42 omitted,
1852 1617 45 27 or
1913 1605 32 40 is

338 1672 273 55 imperfectly
653 1671 218 55 produced
912 1671 157 41 during
1111 1671 74 41 the
1227 1671 332 54 pronunciation
1612 1672 45 40 of
1704 1686 24 26 a
1769 1673 178 41 difficult

338 1742 191 42 syllable.
592 1742 90 40 The
705 1745 111 37 most
842 1740 162 55 typical
1037 1740 195 54 example
1265 1741 44 40 of
1342 1741 104 41 such
1481 1741 186 55 slurring
1699 1742 36 41 is
1768 1743 177 54 perhaps

339 1819 88 36 met
449 1813 119 40 with,
590 1816 76 36 not
686 1812 44 40 in
754 1810 304 56 baby-speech,
1081 1811 77 40 but
1180 1811 42 40 in
1249 1810 71 42 the
1343 1811 198 55 slovenly
1563 1812 272 42 articulation
1857 1813 42 41 of
1924 1827 22 27 a

336 1897 156 42 person
514 1886 237 38 somewhat
772 1881 252 49 inebriated,
1047 1881 106 41 who,
1175 1895 45 27 as
1242 1881 36 41 is
1299 1881 172 49 known,
1493 1882 36 41 is
1550 1886 75 50 apt
1645 1887 43 36 to
1710 1897 237 40 pronounce

337 1953 200 42 "British
569 1951 332 43 Constitution"
932 1965 46 28 as
1010 1953 167 38 "Brizh
1212 1951 366 42 Conshishushon."
1638 1952 42 41 A
1711 1953 115 41 child
1858 1954 88 40 who

334 2024 129 42 lalled
488 2023 178 56 slightly
690 2022 139 55 might
851 2021 190 55 possibly
1065 2036 244 40 prouounce
1332 2022 73 41 the
1428 2022 137 42 words
1587 2023 45 40 in
1664 2037 24 27 a
1719 2029 229 35 somewhat

337 2095 165 43 similar
525 2108 118 40 way;
674 2093 80 41 but
774 2093 35 40 if
830 2092 150 55 lalling
1004 2107 109 27 were
1135 2092 194 54 strongly
1351 2093 284 53 pronounced,
1657 2092 53 42 he
1733 2093 138 41 would
1899 2093 48 41 be

340 2179 114 28 more
475 2164 137 41 likely
635 2168 43 36 to
699 2163 97 55 give
820 2162 119 42 them
961 2176 46 28 as
1029 2163 147 40 "Bitte
1203 2161 207 43 Tontitu"
1432 2162 84 41 and
1540 2162 85 41 this
1649 2162 140 41 would
1820 2163 50 41 be
1898 2176 52 27 an

339 2235 198 43 example
555 2234 43 41 of
619 2233 223 55 scamping
859 2232 144 42 rather
1021 2232 105 41 than
1144 2234 47 39 of
1208 2231 217 55 slurring.1
1486 2233 135 41 These
1638 2233 168 41 various
1824 2234 124 39 forms

341 2307 44 41 of
420 2305 226 54 imperfect
683 2303 290 49 articulation,
1010 2302 188 55 existing
1231 2302 205 54 together,
1472 2317 52 40 go
1556 2307 42 37 to
1632 2303 123 41 make
1789 2317 55 40 up
1881 2302 68 40 the

340 2374 168 42 variety
550 2374 46 40 of
635 2372 226 54 imperfect
904 2372 154 54 speech
1102 2372 160 40 known
1306 2385 45 28 as
1393 2371 180 56 Lalling,
1615 2386 24 26 a
1670 2385 102 28 very
1815 2369 132 43 useful

343 2453 110 33 term
476 2443 141 42 which
638 2443 78 40 has
737 2442 108 41 been
868 2441 173 54 applied
1062 2446 45 36 to
1128 2441 74 42 the
1224 2441 226 54 imperfect
1477 2447 241 37 utterances
1750 2443 46 40 of
1823 2441 124 54 baby-

341 2515 166 56 speech.
571 2512 170 55 Lalling
762 2512 36 41 is
821 2511 172 42 natural
1020 2511 44 40 in
1097 2524 129 42 every
1249 2511 116 41 child
1396 2515 45 38 at
1477 2526 25 28 a
1537 2513 161 41 certain
1735 2511 144 55 period
1910 2509 41 43 of

390 2643 13 22 1
429 2642 68 36 We
523 2639 112 37 speak
662 2638 39 36 of
727 2651 21 23 a
772 2650 87 23 man
890 2638 21 20 "
927 2637 226 47 Scamping"
1179 2636 59 36 his
1264 2637 102 36 work
1392 2638 107 36 when
1525 2638 47 36 lie
1600 2639 178 47 performs
1806 2639 31 35 it
1864 2638 39 35 in
1930 2648 20 23 a

342 2700 171 47 slovenly
530 2711 92 35 way,
641 2698 75 35 and
734 2697 102 36 takes
854 2709 38 24 as
910 2696 99 36 little
1027 2696 146 36 trouble
1191 2696 91 36 with
1301 2696 30 35 it
1347 2709 39 23 as
1406 2697 169 46 possible.
1626 2698 55 35 By
1696 2709 97 24 some
1807 2700 143 32 authors

342 2761 126 36 babies
485 2771 61 24 are
563 2758 78 36 said
658 2762 38 31 to
719 2758 21 20 "
752 2761 168 31 truncate
933 2755 17 17 "
968 2755 98 36 their
1084 2755 117 36 words
1216 2769 8 30 ;
1251 2755 74 36 and
1343 2755 75 36 this
1435 2756 31 35 is
1484 2760 80 32 true
1590 2756 145 36 enough
1752 2769 6 23 :
1785 2756 67 35 but
1868 2754 83 46 they

343 2832 86 24 may
441 2819 92 37 omit
543 2820 219 33 consonants
774 2820 38 31 at
823 2815 64 36 the
897 2814 203 48 beginning
1113 2814 72 35 and
1198 2813 141 36 middle
1351 2826 39 24 as
1402 2814 83 36 well
1496 2826 39 24 as
1548 2819 38 31 at
1598 2815 62 35 the
1672 2815 71 36 end
1755 2815 40 36 of
1803 2827 21 23 a
1837 2812 93 37 word
1944 2824 8 29 ;

343 2890 39 26 so
400 2881 82 33 that
501 2876 18 36 I
538 2875 113 36 think
669 2877 21 17 "
703 2873 229 48 Scamping"
949 2873 32 36 is
998 2872 214 48 preferable,
1231 2884 39 24 as
1287 2871 63 37 the
1369 2872 221 48 descriptive
1607 2877 107 32 term.
1751 2872 159 47 Perhaps
1926 2869 27 35 it

343 2937 31 38 is
393 2936 209 38 something
619 2935 40 35 of
673 2947 20 22 a
713 2932 165 48 "slang"
897 2932 111 36 word,
1027 2932 68 35 but
1112 2932 30 35 it
1160 2931 30 36 is
1208 2931 62 36 the
1289 2935 96 32 most
1403 2932 203 47 expressive
1626 2932 16 35 I
1662 2944 66 24 can
1747 2931 108 36 think
1873 2928 42 37 of.
