2107 3450
1740 227 78 39 481

744 228 6 23 <
763 226 275 32 IKADUATION
1072 230 167 31 THESIS.

221 341 17 35 I
256 340 140 46 always
414 343 37 32 at
470 339 65 36 the
555 350 102 24 same
675 339 93 36 time
787 341 191 47 regulated
998 343 64 36 the
1081 349 151 31 current
1250 346 40 35 of
1305 347 56 35 air
1378 359 38 23 so
1444 360 39 23 as
1509 352 38 32 to
1573 349 99 36 blow
1697 351 129 47 gently

173 400 39 34 in
231 398 64 36 the
313 397 74 36 low
405 400 117 41 notes,
541 396 77 36 and
641 408 103 25 more
770 399 227 46 powerfully
1016 400 111 36 when
1155 402 18 35 I
1201 403 174 46 required
1401 408 38 31 to
1464 405 72 36 rise
1564 407 40 34 in
1631 407 63 35 the
1720 408 105 36 scale.

172 456 81 36 The
271 455 130 36 lowest
419 454 86 36 base
523 458 107 32 tones
648 466 97 24 were
763 454 215 49 invariably
996 457 192 47 produced
1204 458 54 48 by
1275 460 170 48 pressing
1462 461 130 47 gently
1609 463 217 38 backwards

172 513 66 37 the
256 512 153 48 thyroid
428 511 185 48 cartilage.

221 628 18 36 I
258 640 86 24 now
361 626 156 49 proceed
541 629 39 33 to
606 626 152 48 inquire
783 625 34 36 if
839 625 97 37 from
962 626 104 38 these
1086 629 251 47 experiments
1354 642 75 35 any
1446 630 99 48 light
1566 632 31 36 is
1614 632 146 37 thrown
1779 646 48 24 on

170 686 64 37 the
260 697 116 36 many
402 683 161 37 difficult
590 682 191 50 problems
812 684 205 36 connected
1047 685 95 36 with
1172 685 66 37 the
1267 687 227 47 production
1525 688 40 36 of
1591 690 112 35 voice.
1757 691 69 37 We

169 742 96 37 have
283 754 86 24 seen
387 742 82 36 that
487 742 41 35 in
547 741 65 36 the
631 741 95 36 dead
745 745 102 44 parts
865 741 106 36 there
990 754 60 24 are
1068 741 106 38 three
1194 743 155 36 distinct
1366 744 174 37 methods
1558 746 49 47 by
1623 746 121 36 which
1763 747 63 36 the

170 800 104 48 pitch
294 800 40 36 of
349 800 64 36 the
431 799 106 37 voice
556 811 88 24 may
661 798 47 37 be
726 798 171 37 elevated
912 812 59 23 :—

222 861 62 42 1st,
314 858 56 47 By
387 856 217 49 tightening
621 856 65 36 the
706 856 106 37 cords
830 869 8 30 ;

222 916 57 46 2d,
308 916 56 47 By
384 914 208 37 increasing
609 914 65 36 the
692 917 152 33 current
863 913 40 36 of
918 914 56 36 air
991 927 8 30 ;

219 973 59 44 3d,
305 973 58 47 By
391 972 178 49 bringing
597 972 65 36 the
692 971 107 37 vocal
825 971 203 48 ligaments
1058 972 180 47 partially
1266 973 80 35 into
1374 977 157 33 contact,
1561 986 37 24 so
1629 974 83 36 that
1738 975 90 47 they

172 1031 145 35 vibrate
336 1030 92 37 only
446 1031 41 35 in
505 1043 21 23 a
543 1030 153 48 portion
714 1029 40 36 of
768 1029 100 36 their
886 1033 139 32 extent.

223 1088 46 36 In
287 1088 65 36 the
370 1088 122 48 living
512 1088 100 35 body
624 1088 33 35 it
669 1087 33 36 is
716 1086 233 37 universally
965 1087 186 36 admitted
1165 1086 85 36 that
1264 1087 64 35 the
1342 1087 80 36 first
1437 1087 39 36 of
1491 1087 103 37 these
1608 1088 30 36 is
1653 1088 64 36 the
1731 1089 101 36 chief

170 1157 128 25 means
317 1145 200 49 employed
536 1146 40 35 in
594 1145 141 36 raising
752 1145 65 36 the
836 1144 105 48 pitch
961 1143 41 38 of
1024 1144 66 36 the
1114 1148 118 33 notes.
1286 1145 37 35 It
1341 1145 32 35 is
1392 1146 242 47 exceedingly
1652 1146 177 48 probable

171 1202 84 37 that
280 1202 65 38 the
373 1204 136 36 second
534 1207 80 33 acts
643 1215 40 24 as
713 1215 48 24 an
791 1202 177 48 assisting
998 1205 123 45 agent,
1148 1201 58 36 for
1231 1214 56 24 we
1317 1214 62 24 are
1405 1203 190 36 conscious
1622 1203 40 36 of
1674 1204 110 47 using
1809 1216 21 24 a

171 1264 145 44 greater
342 1261 108 36 effort
473 1261 42 36 in
543 1261 150 48 singing
719 1260 65 37 the
810 1259 93 49 high
928 1263 107 33 notes
1065 1259 93 37 than
1190 1259 64 36 the
1281 1259 85 46 low,
1391 1261 83 47 just
1502 1272 40 24 as
1571 1261 42 35 in
1638 1260 65 37 the
1736 1260 95 37 dead

172 1317 135 49 larynx
325 1331 57 25 we
399 1319 175 48 required
592 1323 38 32 to
648 1319 164 35 increase
832 1317 64 37 the
915 1322 152 31 current
1085 1317 40 36 of
1143 1317 56 37 air
1222 1329 39 24 as
1279 1317 65 36 the
1362 1321 106 32 notes
1486 1329 79 24 rose
1584 1318 40 34 in
1642 1317 64 37 the
1724 1318 105 36 scale.

172 1375 55 37 As
245 1380 39 32 to
303 1376 64 37 the
386 1377 103 36 third
508 1376 156 37 method
682 1389 56 23 we
756 1388 61 24 are
839 1376 69 36 left
935 1376 42 36 in
1004 1379 145 45 greater
1176 1374 130 37 doubt.
1360 1374 60 37 On
1447 1374 66 36 the
1541 1387 69 24 one
1637 1375 103 36 hand
1767 1375 64 35 the

173 1433 267 50 laryngoscope
460 1435 121 36 shows
599 1447 44 24 us
662 1438 83 32 that
764 1434 139 47 during
921 1437 211 45 phonation
1148 1432 66 36 the
1233 1431 106 37 vocal
1357 1432 106 36 cords
1484 1444 115 23 never
1624 1444 102 24 come
1751 1432 81 36 into

171 1492 126 36 actual
315 1498 148 31 contact
481 1494 41 35 in
539 1493 66 36 the
623 1492 182 49 posterior
822 1491 84 36 half
922 1503 41 24 or
980 1489 274 38 three-fourths
1274 1488 40 37 of
1338 1489 99 36 their
1458 1493 138 41 extent,
1615 1488 70 36 but
1711 1489 122 48 owing

171 1553 39 32 to
229 1549 64 37 the
314 1551 206 47 projection
540 1551 39 35 of
595 1550 64 37 the
679 1549 193 49 epiglottis
899 1561 56 24 we
982 1561 62 24 are
1072 1560 38 24 as
1137 1552 64 43 yet
1229 1546 195 37 uncertain
1454 1546 39 35 of
1518 1545 100 36 what
1644 1558 86 35 may
1748 1546 85 36 take

172 1607 106 47 place
313 1613 38 31 at
386 1608 99 36 their
518 1609 165 36 anterior
718 1608 241 35 extremities.
1020 1606 60 36 On
1115 1605 66 37 the
1216 1604 108 37 other
1357 1603 103 37 hand
1495 1615 55 24 we
1586 1603 79 35 find
1699 1615 135 35 among

175 1666 229 48 Magendie's
422 1671 256 31 observations
703 1665 64 36 the
796 1665 195 48 following
1008 1664 82 38 :—"
1105 1664 17 35 I
1150 1663 78 36 laid
1256 1663 88 35 bare
1371 1661 65 37 the
1462 1660 128 49 glottis
1619 1660 39 36 of
1680 1673 21 23 a
1727 1661 107 47 noisy

174 1723 73 49 dog
265 1723 51 49 by
334 1725 147 35 cutting
499 1724 171 36 between
688 1724 66 36 the
778 1723 155 47 thyroid
962 1721 177 38 cartilage
1166 1720 75 37 and
1267 1719 66 37 the
1360 1731 39 24 os
1426 1718 167 48 hyoides,
1613 1717 73 36 and
1716 1718 17 35 I
1761 1729 73 23 saw

174 1781 84 37 that
279 1781 108 36 when
406 1782 64 36 the
489 1782 140 36 sounds
647 1794 61 24 are
730 1793 114 37 grave
868 1781 66 37 the
960 1781 202 35 ligaments
1191 1777 40 37 of
1253 1777 66 37 the
1346 1789 128 36 glottis
1502 1775 146 37 vibrate
1673 1775 40 36 in
1740 1775 98 36 their

173 1839 124 37 whole
315 1844 139 32 extent,
474 1840 73 36 and
567 1843 84 33 that
668 1838 65 37 the
752 1838 154 37 expired
925 1838 56 36 air
998 1849 124 37 passes
1149 1839 67 33 out
1242 1836 42 35 in
1310 1834 65 36 the
1401 1832 123 38 whole
1552 1832 131 47 length
1712 1832 39 34 of
1774 1830 62 36 the

174 1897 138 48 glottis.
368 1897 46 36 In
433 1901 108 33 acute
559 1896 140 37 sounds
718 1896 64 36 the
800 1896 202 48 ligaments
1023 1895 48 35 do
1093 1898 67 32 not
1189 1893 145 36 vibrate
1358 1892 42 35 in
1428 1891 100 36 their
1553 1889 164 37 anterior
1741 1891 95 45 part,

175 1956 70 36 but
263 1955 91 37 only
371 1956 41 36 in
431 1955 100 37 their
548 1955 204 49 posterior;
771 1954 66 36 the
856 1953 166 49 opening
1039 1953 31 35 is
1089 1950 185 38 therefore
1292 1947 261 38 diminished."
1567 1947 9 18 1
1633 1946 202 44 Moreover,

176 2026 56 24 we
250 2013 119 37 found
387 2013 83 37 that
488 2013 40 37 of
543 2013 65 37 the
626 2013 106 36 three
750 2025 130 24 means
898 2012 52 35 by
967 2010 127 37 which
1112 2010 78 36 this
1208 2007 243 38 constriction
1470 2004 40 37 of
1525 2004 63 36 the
1606 2003 128 48 glottis
1751 2014 88 33 may

176 2072 46 36 be
240 2071 215 49 artificially
473 2071 192 49 produced
682 2071 41 36 in
741 2070 66 37 the
826 2069 95 38 dead
939 2069 137 48 larynx
1094 2066 284 50 (Experiments
1396 2067 33 42 6,
1450 2066 32 44 7,
1501 2062 75 37 and
1594 2062 48 48 8),
1662 2060 64 36 the
1747 2058 90 48 only

177 2141 69 25 one
265 2129 124 36 which
408 2142 55 24 we
478 2129 111 37 could
607 2141 78 25 also
705 2128 153 49 employ
876 2128 41 36 in
935 2126 65 37 the
1024 2126 124 36 living
1175 2136 73 24 was
1276 2122 65 37 the
1366 2120 133 38 lateral
1527 2129 247 38 compression
1801 2117 39 34 of

177 2187 65 37 the
259 2188 153 47 thyroid
432 2187 186 49 cartilage,
638 2187 74 36 and
732 2188 37 34 in
791 2185 92 37 both
903 2196 99 25 cases
1020 2183 77 36 this
1115 2194 77 25 was
1211 2179 179 38 observed
1408 2182 38 32 to
1464 2188 162 37 produce
1649 2175 64 36 the
1739 2186 98 24 same

175 2247 107 36 effect
301 2258 102 24 upon
422 2245 64 37 the
505 2246 117 36 voice.
676 2245 94 36 This
796 2243 134 37 lateral
957 2241 253 38 compression
1237 2250 127 25 occurs
1390 2234 192 47 naturally
1608 2233 138 45 during
1771 2231 64 36 the

177 2304 150 48 highest
345 2303 119 36 treble
483 2307 116 32 tones.
654 2302 38 37 It
710 2302 31 36 is
759 2300 187 39 therefore
963 2311 92 36 very
1068 2296 191 50 probable,
1279 2293 146 49 though
1443 2293 31 35 it
1493 2295 135 33 cannot
1647 2290 44 36 be
1703 2289 77 36 said
1800 2293 36 31 to

176 2362 47 36 be
240 2361 212 48 absolutely
471 2361 151 49 proved,
642 2360 84 37 that
744 2361 41 35 in
805 2359 139 36 certain
965 2356 213 38 conditions
1193 2355 64 35 the
1276 2358 105 43 pitch
1401 2351 40 36 of
1463 2350 65 36 the
1546 2360 104 25 voice
1669 2348 31 35 is
1718 2346 119 36 raised

177 2421 52 48 by
247 2433 22 24 a
296 2419 222 37 shortening
545 2419 40 36 of
611 2418 65 37 the
702 2418 193 47 vibrating
922 2415 151 50 portion
1100 2413 40 36 of
1164 2412 65 36 the
1255 2409 107 38 vocal
1389 2419 117 34 cords,
1525 2407 123 46 owing
1675 2409 38 31 to
1740 2403 99 37 their

177 2478 165 37 anterior
360 2477 229 37 extremities
607 2476 144 37 having
769 2488 104 24 come
892 2475 41 36 in
953 2476 159 34 contact.

229 2535 124 37 When
374 2535 252 37 compression
645 2534 40 37 of
708 2534 65 37 the
791 2532 154 49 thyroid
964 2529 176 38 cartilage
1164 2539 128 25 occurs
1310 2525 138 47 during
1473 2523 65 37 the
1555 2531 223 39 production
1804 2516 41 38 of

178 2594 93 49 high
298 2598 117 32 notes,
443 2594 32 36 it
500 2598 113 32 must,
634 2593 18 36 I
681 2592 125 37 think,
826 2592 46 35 be
899 2591 74 35 due
1001 2593 37 32 to
1065 2587 65 37 the
1156 2585 124 37 action
1307 2583 41 37 of
1370 2582 65 36 the
1461 2579 380 51 palato-pharyngeus

179 2652 75 37 and
273 2651 63 37 the
355 2651 144 37 middle
518 2655 221 33 constrictor
757 2649 41 36 of
820 2649 65 36 the
909 2659 185 37 pharynx,
1114 2644 66 36 the
1197 2644 251 35 attachments
1466 2639 40 36 of
1529 2636 124 38 which
1671 2647 60 24 are
1750 2633 88 37 such

177 2709 85 37 that
282 2709 92 36 both
394 2709 40 36 of
457 2709 117 36 them,
593 2720 112 25 when
731 2705 216 39 contracted
973 2717 39 24 as
1039 2702 91 37 they
1148 2713 62 24 are
1238 2700 39 35 in
1295 2698 105 36 these
1426 2708 295 28 circumstances,
1741 2694 100 32 must

178 2768 85 49 pull
297 2767 65 37 the
398 2779 119 37 upper
550 2771 103 44 parts
684 2765 40 37 of
756 2765 65 36 the
851 2776 70 24 also
953 2759 161 40 towards
1144 2758 65 37 the
1239 2755 144 38 middle
1413 2754 77 36 line
1509 2767 7 29 ;
1551 2752 76 36 this
1657 2749 123 37 action
1809 2747 32 37 is

179 2825 180 37 favoured
387 2823 50 40 by
457 2824 64 37 the
547 2824 74 36 box
639 2822 40 38 of
703 2822 64 37 the
794 2821 137 37 larynx
957 2823 38 33 at
1023 2818 63 36 the
1114 2827 100 25 same
1240 2815 92 35 time
1359 2812 112 46 being
1499 2807 139 38 carried
1666 2804 176 37 forwards

180 2883 113 37 along
312 2882 93 37 with
424 2882 64 36 the
507 2881 116 37 hyoid
643 2881 109 36 bone.

230 2941 82 37 The
322 2941 145 47 falsetto
485 2940 93 36 voice
596 2938 67 37 has
681 2938 94 37 been
795 2934 200 51 explained
1014 2933 51 47 by
1080 2941 205 38 supposing
1301 2930 82 32 that
1401 2924 138 45 during
1557 2922 48 34 its
1623 2930 221 37 production

180 2998 64 37 the
263 2998 192 48 vibrating
474 2997 150 49 portion
642 2996 40 35 of
703 2995 64 36 the
787 2994 106 36 cords
911 2993 32 35 is
969 2987 202 40 shortened
1188 2986 42 35 in
1256 2983 66 37 the
1339 2992 158 26 manner
1518 2979 80 46 just
1616 2974 152 38 alluded
1794 2977 49 31 to.

624 3063 9 17 1
656 3059 181 37 Magemlie's
855 3057 205 35 Compendium
1073 3054 33 33 of
1114 3051 178 36 Physiology,
1309 3057 27 26 p.
1354 3049 58 26 13V.
1645 3088 24 33 ^
