1895 3217
347 277 90 30 THE
462 277 89 30 RED
574 276 58 32 OR
655 276 184 31 ASIATIC
864 277 388 32 ORANG-OUTANG.

1434 272 60 48 79

136 404 73 60 ing
242 403 109 45 from
386 404 77 44 the
497 404 214 44 branches
736 401 49 46 of
811 408 129 47 trees,
977 402 46 44 in
1058 404 179 60 passing
1270 403 112 46 from
1415 421 82 31 one

134 488 92 37 tree
264 487 47 38 to
347 486 199 48 another,
590 480 88 44 and
714 479 47 44 in
799 479 211 60 climbing
1049 495 104 29 over
1188 487 78 37 the
1305 496 115 31 roofs
1455 483 50 45 of

133 558 158 45 houses
310 572 14 39 ,*
361 573 54 30 on
449 557 150 52 board,
625 557 46 44 in
706 557 196 59 hanging
935 557 61 59 by
1024 556 70 45 his
1124 572 118 29 arais
1274 556 115 46 from
1419 559 78 45 the

132 650 140 46 ropes,
315 635 88 44 and
439 634 47 44 in
527 649 203 45 romping
769 633 114 44 with
922 633 78 44 the
1037 634 110 60 boys
1183 633 52 46 of
1264 639 79 39 the
1380 635 113 45 ship.

134 712 73 45 He
242 712 153 45 would
429 717 143 39 entice
607 711 126 44 them
774 710 95 45 into
905 710 108 60 play
1047 711 63 59 by
1145 710 190 61 striking
1367 711 127 45 them

133 789 112 44 with
263 789 69 44 his
346 789 123 44 hand
485 804 46 28 as
547 795 110 53 they
676 787 173 61 passed,
870 787 91 45 and
978 787 228 61 bounding
1222 785 113 47 from
1353 788 142 54 them,

132 866 81 44 but
238 866 208 60 allowing
467 865 127 44 them
625 871 44 38 to
701 864 212 45 overtake
946 864 95 44 him
1074 865 90 44 and
1194 880 164 46 engage
1387 864 46 45 in
1469 881 27 29 a

130 944 129 44 mock
283 942 165 54 scuffle,
486 942 48 44 in
568 941 149 45 which
749 941 59 45 he
842 941 112 45 used
988 942 70 44 his
1091 942 160 52 hands,
1276 941 102 54 feet,
1406 944 89 44 and

129 1020 173 44 mouth.
370 1018 51 46 If
435 1034 92 45 any
551 1018 250 46 conjecture
825 1018 128 46 could
975 1019 55 45 be
1055 1017 168 46 formed
1240 1017 111 46 from
1368 1019 127 45 these

129 1094 143 47 frolics
296 1096 50 46 of
359 1096 70 45 his
452 1111 131 30 mode
607 1094 50 47 of
672 1096 231 60 attacking
925 1110 59 30 an
1003 1096 256 60 adversary,
1284 1095 37 45 it
1345 1097 149 45 would

129 1187 164 46 appear
315 1179 46 39 to
384 1174 55 44 be
461 1172 71 45 his
554 1171 98 46 first
676 1173 143 45 object
841 1178 47 39 to
912 1172 146 45 throw
1086 1172 96 44 him
1212 1172 146 54 down,
1383 1173 112 44 then

129 1256 47 38 to
200 1265 149 29 secure
363 1250 96 44 him
478 1249 114 45 with
614 1249 71 45 his
702 1249 145 45 hands
866 1249 90 45 and
970 1248 102 55 feet,
1094 1249 89 45 and
1201 1255 110 38 then
1329 1251 165 43 wound

128 1326 97 45 him
249 1326 113 44 with
380 1327 69 44 his
473 1326 140 45 teeth.

249 1402 66 45 Of
343 1418 120 29 some
499 1403 130 44 small
659 1417 220 30 monkeys
909 1417 55 30 on
994 1401 136 45 board
1159 1400 112 46 from
1294 1402 120 45 Java
1436 1403 57 45 he

128 1480 104 44 took
255 1480 118 44 little
396 1485 159 48 notice,
582 1478 152 46 whilst
765 1479 143 45 under
936 1485 79 38 the
1043 1493 280 31 observation
1347 1478 50 46 of
1414 1480 79 45 the

129 1571 178 44 persons
326 1556 47 44 in
390 1562 77 39 the
483 1556 111 59 ship.
638 1555 137 54 Once,
793 1555 177 53 indeed,
989 1555 57 44 he
1061 1569 164 46 openly
1239 1558 254 59 attempted

129 1638 44 39 to
196 1638 146 39 throw
365 1647 27 30 a
416 1632 130 45 small
577 1647 104 30 cage
711 1631 258 60 containing
991 1637 125 39 three
1140 1630 51 46 of
1214 1637 128 39 them
1366 1647 127 30 over-

126 1709 136 44 board
276 1725 15 36 j
326 1710 204 52 because,
565 1709 232 60 probably,
832 1708 58 45 he
923 1708 92 45 had
1045 1723 103 30 seen
1171 1714 128 38 them
1322 1708 171 46 receive

126 1784 100 46 food
249 1784 50 46 of
314 1786 148 44 which
484 1786 57 44 he
565 1786 129 44 could
718 1792 153 38 obtain
893 1800 57 30 no
974 1791 115 54 part.
1159 1785 91 44 But
1274 1791 216 55 although

127 1862 57 44 he
213 1863 106 44 held
348 1878 46 29 so
421 1862 119 45 little
563 1862 270 45 intercourse
857 1862 114 44 with
994 1869 127 38 them
1144 1877 143 29 under
1318 1877 80 29 our
1420 1862 71 44 in-

129 1939 210 59 spection,
381 1940 22 44 I
443 1939 92 44 had
569 1954 156 29 reason
760 1945 46 38 to
843 1944 177 39 suspect
1055 1944 103 38 that
1191 1938 57 44 he
1283 1953 92 29 was
1405 1939 85 44 less

128 2014 257 46 indifferent
414 2022 46 38 to
488 2016 118 44 their
636 2014 168 61 society
828 2014 133 45 when
994 2013 88 45 free
1107 2013 110 45 from
1242 2029 78 30 our
1343 2015 147 45 obser-

129 2098 169 47 vation,
324 2092 91 45 and
438 2107 93 29 was
555 2106 82 30 one
661 2091 90 60 day
777 2091 265 44 summoned
1059 2096 45 40 to
1121 2096 78 39 the
1217 2091 272 60 top-gallant

127 2168 114 60 yard
264 2167 50 46 of
331 2174 78 39 the
432 2167 294 46 mizen-mast
749 2173 46 39 to
819 2167 205 45 overlook
1046 2167 96 45 him
1166 2167 186 62 playing
1375 2174 113 39 with

128 2260 26 28 a
177 2260 152 45 young
350 2260 118 30 male
490 2245 212 45 monkey.
777 2244 149 61 Lying
949 2259 56 30 on
1028 2244 69 44 his
1121 2245 127 52 back,
1273 2245 215 60 partially

127 2322 183 45 covered
333 2322 113 45 with
469 2328 79 39 the
572 2322 96 53 sail,
693 2322 57 44 he
774 2320 64 46 for
861 2336 120 30 some
1003 2327 112 39 time
1139 2322 345 52 contemplated,

127 2397 112 45 with
263 2405 123 54 great
408 2399 194 61 gravity,
627 2405 79 39 the
729 2400 198 60 gambols
952 2397 50 46 of
1016 2404 79 39 the
1117 2413 197 45 monkey
1339 2398 148 45 which

125 2475 207 46 bounded
359 2491 103 30 over
486 2476 112 55 him,
628 2477 82 44 but
742 2482 48 39 at
818 2475 156 46 length
1005 2475 162 45 caught
1195 2475 96 44 him
1323 2475 61 60 by
1407 2474 79 45 the

1259 2566 34 31 K
