2113 3404
831 208 87 31 THE
952 209 240 34 DISORDERS
1224 213 54 30 OF
1309 214 173 31 SPKECH.

333 191 82 44 318

330 321 45 42 of
405 323 147 56 acting
581 338 116 41 upon
738 326 71 43 the
847 333 165 37 centres
1047 330 63 40 for
1143 331 169 41 written
1347 332 166 54 speech,
1545 332 129 43 while
1712 347 54 28 no
1802 333 145 55 longer

331 394 261 54 susceptible
616 395 44 42 of
687 396 129 56 being
837 399 135 53 orally
994 400 277 42 exteriorised
1300 414 47 27 or
1378 402 219 50 executed,
1627 404 141 40 owing
1798 409 43 35 to
1875 404 71 42 the

331 462 268 45 destruction
638 468 45 40 of
718 467 72 42 the
829 474 137 35 motor
997 470 224 42 executive
1253 471 102 41 cells
1372 473 14 39 ?
1453 472 15 40 I
1493 472 111 42 shall
1637 474 230 53 presently,
1904 476 41 39 in

332 536 241 41 connexion
597 537 106 41 with
728 538 72 42 the
825 543 232 37 treatment
1078 541 44 40 of
1151 547 138 35 motor
1319 541 187 55 aphasia,
1526 542 125 43 make
1673 557 25 28 a
1729 548 98 37 note
1859 545 43 40 of
1923 559 24 27 a

332 619 95 29 case
450 607 44 40 of
528 622 69 40 my
622 621 107 38 own,
753 609 42 39 in
831 609 139 41 which
1008 610 170 55 writing
1216 625 83 27 was
1334 612 200 43 retained,
1558 613 84 41 and
1675 614 43 40 in
1755 614 137 42 which
1926 615 18 41 I

332 690 86 28 was
442 677 190 42 inclined
655 683 43 36 to
720 678 208 42 attribute
952 678 73 43 the
1047 679 266 43 destruction
1336 682 44 41 of
1400 683 90 41 oral
1511 683 151 55 speech
1688 688 42 37 to
1755 699 25 27 a
1812 684 134 42 lesion

332 757 44 28 so
419 744 200 44 situated.
681 745 143 42 When
858 746 144 42 future
1035 747 171 43 clinical
1239 750 82 40 and
1355 750 284 54 pathological
1675 758 271 35 observation

330 815 84 41 and
438 815 313 55 experimental
774 817 194 41 research
994 817 106 43 have
1118 820 280 54 successfully
1417 821 204 54 analysed
1640 822 72 42 the
1730 823 216 41 functions

328 885 48 41 of
395 885 74 42 the
493 886 168 42 various
696 891 118 50 parts
837 889 44 39 of
902 887 168 43 Broca's
1103 890 289 51 convolution,
1415 905 62 28 we
1508 892 112 42 shall
1652 892 108 42 have
1791 893 156 41 clearer

331 955 131 42 views
485 971 116 40 upon
624 957 105 41 such
752 959 222 53 questions
997 972 45 28 as
1065 959 120 43 these
1207 964 94 38 two.

486 1121 148 55 Effects
654 1135 112 40 upon
790 1122 64 40 the
875 1121 219 55 Reception
1115 1124 89 40 and
1224 1123 328 56 Interpretation
1573 1126 48 53 of
1637 1125 152 42 Speech.

392 1241 34 40 1.
468 1240 208 41 Audible
718 1239 333 43 Spekch.—The
1095 1242 87 41 fact
1235 1242 105 41 that,
1381 1242 44 41 in
1469 1247 137 37 motor
1646 1243 185 54 aphasia,
1874 1244 72 40 the

329 1310 218 54 reception
581 1310 81 41 and
699 1310 331 55 interpretation
1063 1312 45 40 of
1137 1312 173 42 audible
1333 1312 154 42 speech
1511 1327 69 27 are
1603 1313 127 42 little,
1753 1313 37 41 if
1812 1317 44 37 at
1877 1314 74 49 all,

330 1380 229 41 interfered
603 1380 115 50 with,
755 1380 76 41 has
873 1381 174 55 already
1090 1382 106 41 been
1238 1383 268 54 abundantly
1543 1383 253 41 illustrated.
1857 1383 88 41 The

330 1451 201 54 auditory
573 1450 309 56 word-images,
914 1451 175 42 revived
1126 1453 110 40 from
1274 1452 183 42 without
1494 1453 56 54 by
1587 1452 154 42 speech
1779 1453 95 41 that
1909 1453 37 42 is

329 1521 144 42 heard,
496 1535 69 28 are
597 1521 121 55 quite
749 1521 178 54 capable
959 1523 45 40 of
1035 1523 159 55 calling
1225 1537 58 40 up
1315 1523 74 42 the
1424 1524 221 41 meanings
1668 1523 45 41 of
1743 1523 135 41 words
1901 1523 44 40 in

328 1593 73 40 the
434 1592 120 40 mind
590 1592 182 40 without
805 1592 234 42 assistance
1071 1593 110 41 from
1214 1592 73 42 the
1321 1594 255 40 companion
1606 1607 136 27 motor
1773 1593 169 54 images.

328 1664 136 40 There
487 1664 36 40 is
545 1663 267 55 practically,
835 1663 227 43 therefore,
1087 1678 54 27 no
1166 1664 333 42 word-deafness
1522 1665 43 39 in
1590 1669 137 36 motor
1758 1664 186 54 aphasia.

387 1735 85 40 Yet
505 1735 35 39 it
571 1735 36 40 is
641 1733 149 55 highly
816 1735 200 53 probable
1050 1735 96 41 that
1176 1735 46 41 in
1254 1735 73 41 the
1359 1735 177 54 healthy
1561 1735 132 41 brain,
1718 1735 119 40 when
1874 1734 71 40 the

329 1806 199 53 auditory
563 1805 160 55 images
761 1819 69 27 are
873 1806 193 52 strongly
1101 1805 173 41 revived
1310 1805 107 41 from
1464 1811 195 35 without,
1695 1805 72 40 the
1810 1810 136 34 motor

327 1877 161 51 images
520 1890 71 27 are
613 1875 102 50 also,
738 1875 163 55 though
926 1875 183 55 perhaps
1133 1876 170 54 faintly,
1325 1890 173 27 revived
1522 1875 126 41 along
1673 1875 102 40 with
1799 1873 146 43 them.1

329 1947 92 40 Has
461 1947 85 40 this
585 1946 163 41 revival
786 1947 43 40 of
867 1946 72 41 the
978 1952 136 35 motor
1150 1947 139 53 image
1324 1961 53 26 no
1403 1946 126 41 value
1562 1946 42 40 in
1640 1951 200 35 assisting
1872 1944 72 41 the

329 2017 197 54 auditory
563 2017 137 54 image
739 2021 44 37 to
821 2017 82 41 call
941 2031 58 41 up
1038 2017 73 41 the
1149 2018 233 54 meaning?
1446 2018 20 40 I
1501 2018 53 40 do
1590 2022 75 35 not
1698 2016 125 41 think
1859 2016 86 40 this

327 2089 199 54 question
553 2089 74 42 has
650 2103 101 28 ever
771 2089 110 42 been
903 2089 208 54 carefully
1129 2090 245 42 considered
1400 2090 54 54 by
1474 2089 198 42 students
1695 2089 43 41 of
1759 2102 184 41 aphasia.

328 2160 80 54 My
431 2174 96 27 own
551 2160 253 54 impression
830 2161 36 40 is
890 2160 94 41 that
1006 2160 73 41 the
1101 2165 139 36 motor
1271 2161 160 40 images
1455 2160 107 41 have
1585 2174 24 26 a
1630 2159 159 42 certain
1813 2157 132 54 slight

329 2230 125 42 value
487 2232 43 40 in
568 2231 85 41 this
685 2238 178 34 respect.
928 2231 58 40 To
1021 2236 78 48 put
1131 2230 73 42 the
1232 2235 155 37 matter
1409 2234 42 37 to
1473 2230 133 54 proof,
1629 2233 187 50 patients
1839 2227 103 41 with

328 2306 139 37 motor
499 2301 176 55 aphasia
707 2301 154 42 should
895 2301 51 41 be
978 2301 139 40 tested
1143 2305 103 35 with
1277 2300 72 41 the
1372 2300 138 41 words
1535 2299 136 41 which
1695 2313 69 27 are
1786 2298 156 40 known

328 2377 45 36 to
410 2372 53 41 be
501 2372 73 41 the
611 2371 110 42 least
757 2371 156 54 deeply
949 2370 247 54 imprinted,
1234 2370 91 51 viz.,
1363 2370 72 41 the
1477 2383 146 27 names
1665 2369 44 40 of
1751 2370 194 39 concrete

329 2443 156 55 things.
548 2442 79 41 My
652 2456 94 27 own
782 2441 175 41 method
990 2441 35 40 is
1057 2445 43 36 to
1132 2441 76 40 ask
1243 2440 72 41 the
1347 2439 173 56 aphasic
1549 2439 167 54 patient
1737 2443 43 36 to
1804 2437 140 49 touch,

328 2513 47 41 in
406 2513 256 41 succession,
685 2526 46 27 as
764 2511 23 42 I
809 2524 127 28 name
959 2510 101 42 each
1086 2515 107 49 part,
1217 2510 65 41 his
1303 2524 105 27 nose,
1430 2509 67 42 his
1519 2523 83 37 ear,
1625 2508 67 42 his
1713 2508 107 49 chin,
1842 2512 106 47 etc.;

329 2584 83 40 and
453 2597 71 26 my
564 2582 130 41 belief
730 2581 36 41 is
804 2581 96 41 that
935 2581 46 40 in
1019 2595 24 26 a
1079 2581 115 54 large
1227 2580 248 54 proportion
1508 2580 46 41 of
1587 2592 116 28 cases
1735 2579 46 40 of
1810 2591 134 27 motor

329 2668 179 27 aphasia
544 2653 73 41 the
652 2652 170 55 patient
855 2650 99 42 fails
989 2656 43 36 to
1066 2651 211 41 interpret
1317 2664 116 28 some
1469 2649 44 42 of
1554 2649 119 42 these
1706 2661 159 42 names,
1898 2661 47 26 or

379 2776 11 22 1
420 2775 92 35 Bain
532 2775 167 45 says,—"
714 2771 125 37 While
857 2770 163 47 intently
1038 2770 176 47 listening
1239 2774 36 37 to
1294 2782 21 23 a
1331 2769 141 47 speech,
1491 2781 54 23 we
1562 2780 59 24 are
1639 2766 111 37 liable
1767 2771 37 31 to
1822 2765 121 36 follow

329 2834 65 36 the
420 2845 154 25 speaker
590 2831 93 36 with
709 2844 21 23 a
755 2830 217 48 suppressed
998 2829 234 37 articulation
1254 2828 39 36 of
1316 2840 67 24 our
1407 2840 94 34 own,
1520 2827 172 46 whereby
1710 2838 53 24 we
1780 2825 84 36 take
1882 2824 63 35 the

329 2894 98 36 train
442 2893 40 36 of
496 2892 120 37 words
630 2892 80 35 into
729 2903 21 23 a
767 2890 105 36 vocal
887 2889 178 36 embrace,
1083 2901 39 24 as
1140 2888 85 36 well
1242 2899 39 25 as
1297 2888 141 36 receive
1454 2888 31 35 it
1502 2886 182 48 passively
1699 2897 47 24 on
1764 2884 62 36 the
1843 2895 102 25 sense

329 2954 40 36 of
391 2952 163 36 hearing.
612 2949 91 37 This
728 2950 32 35 is
785 2961 47 24 au
858 2948 164 36 instance
1048 2947 40 37 of
1110 2947 217 37 concurring
1353 2959 40 23 or
1417 2945 209 37 compound
1651 2942 293 38 association."—

327 3012 119 37 Senses
463 3010 74 36 and
553 3009 169 36 Intellect,
741 3007 66 37 3rd
825 3006 71 46 ed.,
917 3009 102 43 1868,
1039 3019 32 35 p.
1093 3009 78 33 353.
