2295 3826
692 836 896 70 TESTIMONIALS.

467 1268 148 50 From
640 1265 78 50 the
744 1266 148 50 Kirk
919 1266 226 51 Session
1171 1265 65 65 of
1248 1265 74 51 St.
1348 1266 256 50 Andrew's
1630 1264 200 51 Parish.

363 1420 73 49 At
464 1420 255 66 Glasgow,
740 1421 85 49 the
858 1421 119 54 17th
1002 1421 98 64 day
1128 1421 57 49 of
1204 1420 191 61 March,
1427 1423 134 48 1840
1586 1437 231 49 years,—

664 1553 110 50 The
802 1554 197 50 Session
1027 1553 56 50 of
1105 1553 71 51 St.
1205 1553 258 49 Andrew's
1492 1552 190 63 Parish,
1708 1554 153 49 being
1898 1561 101 41 met

294 1646 98 49 and
422 1645 405 61 Constituted,—

990 1783 108 49 The
1127 1783 197 50 Session
1350 1783 398 50 understanding
1771 1782 109 49 that
1906 1783 97 49 Mr.

298 1854 137 50 John
462 1853 151 50 Dick,
630 1853 84 49 the
743 1852 225 51 Surgeon
988 1855 233 48 attached
1245 1861 52 41 to
1318 1855 98 47 this
1443 1854 215 49 District
1677 1853 58 49 of
1750 1853 85 49 the
1864 1853 135 58 City,

296 1942 100 30 was
422 1941 30 31 a
480 1924 279 49 Candidate
795 1923 77 49 for
896 1924 85 48 the
1006 1931 239 43 situation
1270 1924 58 49 of
1358 1924 176 50 House
1562 1924 226 50 Surgeon
1824 1929 54 44 to
1914 1926 85 47 the

302 1994 198 50 Town's
539 1994 249 63 Hospital,
826 1995 351 63 unanimously
1208 1996 182 64 agreed
1424 2001 55 43 to
1514 1995 179 49 record
1728 1993 86 49 the
1849 2011 153 32 warm

299 2082 141 32 sense
477 2065 315 49 entertained
826 2065 71 48 by
920 2065 136 48 them
1082 2065 56 48 of
1167 2066 86 47 the
1287 2064 323 65 professional
1639 2065 215 48 services
1888 2081 114 32 ren-

302 2136 155 49 dered
481 2137 70 47 by
577 2135 98 48 Mr.
703 2134 132 49 Dick
860 2142 54 41 to
938 2136 85 47 the
1059 2152 124 46 poor
1208 2134 58 50 of
1294 2137 85 47 the
1405 2135 192 48 Parish,
1622 2135 77 48 for
1722 2134 86 48 the
1845 2135 159 49 whole

300 2206 177 65 period
514 2206 137 66 (now
683 2205 275 64 extending
992 2212 53 42 to
1081 2206 227 48 between
1344 2206 139 49 eight
1520 2206 99 48 and
1658 2220 117 32 nine
1814 2203 187 66 years,)

304 2277 183 48 during
511 2277 163 48 which
700 2275 62 49 he
787 2275 87 48 has
898 2275 117 49 held
1038 2275 85 49 the
1148 2275 158 50 office,
1334 2276 98 49 and
1458 2276 250 48 earnestly
1731 2281 52 42 to
1809 2291 191 32 recom-

302 2347 150 48 mend
488 2346 105 47 him
617 2352 53 42 to
695 2346 85 47 the
809 2344 293 50 favourable
1138 2352 167 42 notice
1338 2346 53 48 of
1423 2346 85 48 the
1546 2344 259 49 Directors
1830 2344 59 49 of
1917 2345 86 49 the

303 2416 250 64 Hospital,
580 2433 53 31 as
657 2416 167 64 being,
850 2416 52 47 in
927 2416 84 48 the
1037 2416 204 48 opinion
1261 2415 58 49 of
1333 2416 85 48 the
1444 2416 250 48 Members
1711 2414 58 50 of
1789 2415 214 60 Session,

303 2487 53 49 in
381 2503 154 47 every
560 2503 112 47 way
695 2486 127 64 fully
846 2487 235 63 qualified
1106 2485 77 49 for
1205 2486 86 49 the
1316 2483 143 51 office
1484 2485 58 49 of
1561 2485 175 49 House
1763 2485 240 50 Surgeon.

305 2558 120 47 And
460 2558 121 63 they
606 2563 272 57 appointed
911 2557 83 48 the
1022 2556 149 51 Clerk
1194 2562 54 43 to
1283 2556 192 49 furnish
1501 2556 97 49 Mr.
1623 2555 137 50 Dick
1784 2556 120 49 with
1939 2573 64 33 an

305 2627 207 50 Extract
537 2626 59 51 of
612 2628 98 48 this
737 2626 212 50 Minute.

443 2764 271 50 Extracted
739 2763 125 49 from
891 2764 84 48 the
1002 2762 220 50 Minutes
1247 2763 58 49 of
1323 2763 213 60 Session,
1563 2764 69 63 by

1211 2875 61 48 R.
1312 2874 311 59 STRANG,
1666 2876 125 51 Sess.
1821 2875 108 52 Clk.

369 3267 147 50 From
542 3265 150 49 John
721 3264 311 59 Mitchell,
1063 3262 133 66 Esq.,
1225 3262 165 61 Elder,
1422 3263 76 49 St.
1523 3264 181 50 James'
1732 3263 200 50 Parish.

378 3377 46 48 It
450 3377 178 48 affords
655 3393 77 32 me
759 3377 223 62 pleasure
1007 3383 52 42 to
1085 3379 114 62 give
1225 3395 85 30 my
1329 3378 200 47 humble
1554 3379 269 63 testimony
1848 3384 51 43 to
1920 3380 83 48 the

307 3449 174 55 worth,
511 3448 265 47 character,
806 3448 97 46 and
930 3447 210 49 abilities
1169 3447 55 50 of
1249 3448 96 48 Mr.
1370 3447 135 49 John
1531 3447 150 61 Dick,
1708 3464 93 33 one
1828 3448 57 50 of
1914 3466 90 32 our

311 3517 212 49 District
553 3518 264 62 Surgeons.
