2113 3404
418 223 83 41 386

917 240 86 34 THE
1038 241 239 38 DISORDERS
1310 246 52 33 OF
1395 248 174 32 SPEECH.

418 366 115 29 more
556 355 164 57 readily
743 357 34 42 if
798 358 53 43 he
875 364 129 38 wrote
1027 361 125 42 down
1184 362 74 43 the
1290 364 147 43 letters
1470 381 78 27 one
1582 368 109 41 after
1726 368 72 41 the
1832 369 133 52 other,
1988 383 45 29 as

417 423 113 42 their
546 427 161 42 sounds
725 430 202 42 occurred
951 436 40 36 to
1011 432 64 41 his
1095 447 190 29 memoir
1355 435 47 44 En
1420 437 129 48 doinc:
1566 452 56 28 so,
1642 439 51 41 he
1714 438 139 42 would
1871 439 98 41 look
1987 447 43 33 at

418 494 74 42 the
515 496 153 55 object,
690 499 85 42 and
798 500 103 42 then
927 502 120 41 write
1072 502 72 42 the
1174 503 92 43 first
1296 504 127 44 letter
1453 508 44 41 of
1528 509 56 40 its
1617 522 149 28 name;
1798 509 102 41 then
1933 509 98 41 look

419 565 126 54 again
567 571 44 37 at
633 567 74 43 the
729 569 153 55 object,
903 571 83 40 and
1010 576 72 49 get
1103 571 73 43 the
1198 574 155 42 second
1375 575 154 54 letter;
1559 578 87 41 and
1668 592 45 28 so
1737 592 67 27 on,
1827 578 112 41 until
1960 578 74 43 the

419 649 124 29 name
568 651 85 29 was
675 640 251 54 completed.
992 640 51 50 If,
1067 641 44 41 in
1135 642 72 42 the
1230 657 146 30 course
1398 646 44 41 of
1474 647 86 42 this
1592 662 181 40 process,
1797 648 74 42 the
1892 648 141 42 object

421 719 84 29 was
523 707 254 43 withdrawn
796 710 110 41 from
924 710 66 42 his
1008 711 127 55 sight,
1155 713 163 43 further
1333 716 217 42 evolution
1567 718 43 40 of
1633 718 72 42 the
1722 732 122 28 name
1862 718 171 42 became

417 775 251 56 impossible
706 784 43 36 to
783 779 103 52 him,
920 794 45 28 as
999 780 55 43 he
1090 782 136 55 forgot
1259 798 107 28 even
1402 785 115 42 what
1553 787 139 54 object
1714 788 52 41 he
1805 788 82 42 had
1924 788 106 42 been

422 846 177 50 looking
619 853 55 37 at.

478 917 220 43 Professor
719 919 195 56 Grashey
936 921 196 55 explains
1155 922 119 43 these
1295 924 269 54 phenomena
1592 926 54 54 by
1670 928 247 54 suggesting
1939 928 94 41 that

415 987 74 42 the
513 988 165 56 faculty
700 989 44 42 of
766 992 213 52 retaining
994 991 73 43 the
1091 993 134 41 whole
1243 1007 210 41 sequence
1470 996 44 40 of
1535 996 382 43 sound-memories
1936 998 93 41 that

415 1059 257 42 constitutes
694 1074 24 27 a
742 1061 115 41 word
880 1076 98 36 was,
1001 1063 44 40 in
1071 1063 85 42 this
1188 1078 106 28 case,
1317 1078 45 28 so
1394 1066 223 42 enfeebled
1651 1067 106 50 that,
1780 1067 144 43 unless
1955 1069 73 42 the

415 1128 144 42 initial
580 1129 289 44 letter-sound
893 1146 83 28 was
1000 1134 247 55 constantly
1271 1136 211 53 repeated,
1504 1150 48 27 or
1572 1136 56 41 its
1660 1137 168 54 symbol
1849 1143 45 36 at
1925 1152 103 28 once

415 1198 174 43 written
621 1200 139 51 down,
792 1202 35 40 it
861 1201 206 42 vanished
1103 1203 106 40 from
1242 1203 71 41 the
1347 1204 198 53 patient's
1578 1219 191 40 memory
1803 1206 139 40 before
1976 1206 52 40 he

414 1270 127 41 could
582 1271 189 54 produce
813 1271 73 42 the
928 1272 122 42 other
1091 1273 309 42 letter-sounds
1443 1276 44 39 of
1535 1275 73 41 the
1658 1288 219 29 sequence.
1958 1276 70 41 He

414 1341 229 42 concludes
665 1341 58 55 (p.
749 1342 117 55 684),
888 1343 109 41 from
1020 1343 73 42 the
1116 1344 130 41 study
1269 1345 45 40 of
1333 1344 73 42 the
1429 1359 106 28 case,
1558 1350 95 36 that
1675 1345 118 42 there
1817 1345 35 42 is
1874 1359 24 27 a
1919 1345 108 42 form

413 1411 47 41 of
477 1412 177 54 aphasia
676 1412 83 42 due
781 1417 45 37 to
847 1417 23 17 "
885 1413 260 42 diminished
1169 1414 198 42 duration
1396 1415 43 41 of
1471 1415 72 42 the
1575 1415 452 51 sense-impressions,"

414 1482 142 42 which
578 1483 54 41 he
658 1483 151 42 thinks
841 1488 19 16 "
877 1484 45 40 in
945 1484 58 40 all
1027 1485 261 53 probability
1311 1486 34 41 is
1370 1492 74 35 not
1465 1500 103 27 rare,
1591 1486 84 41 and
1699 1486 34 41 is
1756 1490 110 37 most
1893 1486 135 54 likely

413 1557 44 37 to
479 1567 128 27 occur
628 1553 46 41 in
696 1567 25 27 a
743 1568 104 40 pure
871 1553 111 42 form
1006 1555 44 40 in
1075 1555 186 53 patients
1287 1555 92 41 who
1403 1555 107 42 have
1533 1556 171 42 become
1722 1555 174 42 aphasic
1917 1561 111 36 after

413 1623 254 41 concussion
690 1623 47 41 of
755 1623 74 41 the
851 1623 134 52 brain,
1008 1638 46 26 or
1079 1624 156 41 during
1256 1638 54 26 an
1333 1624 147 41 illness
1503 1625 202 41 attended
1739 1624 103 41 with
1876 1624 152 41 fever."

414 1693 44 41 It
475 1698 170 45 cannot,
660 1693 210 42 however,
886 1694 51 41 be
954 1693 91 42 said
1062 1694 94 41 that
1175 1708 103 40 pure
1297 1708 115 28 cases
1431 1694 42 41 of
1492 1695 85 40 this
1596 1695 105 40 kind
1718 1709 71 27 are
1807 1709 194 27 common
2020 1710 8 35 ;

412 1765 130 41 since,
573 1778 46 28 so
652 1764 64 41 far
752 1778 46 28 as
836 1765 22 40 I
893 1778 68 27 am
998 1778 149 37 aware,
1180 1764 86 41 this
1304 1778 93 28 case
1439 1765 185 41 remains
1668 1765 159 41 unique
1870 1766 43 39 in
1956 1765 72 41 the

411 1835 224 41 literature
667 1835 46 40 of
743 1834 72 42 the
853 1834 178 54 subject.
1096 1835 52 39 In
1186 1835 199 54 ordinary
1421 1848 116 28 cases
1567 1836 45 39 of
1641 1835 186 54 aphasia,
1861 1835 164 41 instead

412 1906 44 41 of
498 1905 291 42 comparative
826 1918 96 28 ease
960 1905 44 40 in
1048 1904 74 42 the
1163 1905 164 41 revival
1370 1906 42 39 of
1454 1906 171 54 images,
1663 1905 83 41 and
1787 1911 240 48 premature

413 1976 230 42 vanishing
670 1976 44 40 of
745 1975 119 42 them
896 1975 110 41 after
1037 1975 113 41 their
1182 1975 175 42 revival,
1380 1990 62 27 we
1475 1975 128 42 much
1637 1990 113 27 more
1783 1976 243 54 frequently

413 2051 114 38 meet
549 2053 106 35 with
678 2050 96 38 that
803 2045 213 42 difficulty
1051 2045 44 41 of
1126 2046 196 41 reviving
1355 2046 116 41 them
1504 2046 109 41 from
1647 2046 151 41 within
1823 2046 137 41 which
1994 2047 35 39 is

412 2117 220 42 indicated
667 2117 56 41 by
757 2117 73 41 the
865 2121 109 37 term
1009 2116 288 55 logamnesia;
1340 2117 96 41 and,
1472 2117 43 40 in
1552 2121 74 36 not
1660 2130 24 28 a
1721 2117 81 41 few
1838 2131 115 27 cases
1987 2116 45 42 of

413 2187 173 55 organic
617 2186 190 55 aphasia,
838 2186 94 41 that
964 2186 176 41 marked
1173 2186 265 54 persistency
1473 2186 45 40 of
1546 2186 119 41 them
1698 2186 122 41 when
1852 2186 173 41 revived

414 2257 140 41 which
575 2257 36 41 is
634 2257 221 42 exhibited
878 2257 45 40 in
946 2256 217 42 recurring
1185 2261 245 37 utterances
1453 2256 44 41 in
1520 2256 153 41 speech
1696 2256 84 41 and
1813 2256 214 54 recurring

413 2329 150 41 letters
587 2328 45 40 in
655 2327 181 43 writing.

474 2400 20 40 I
517 2413 100 27 may
639 2398 84 42 add
756 2402 96 37 that
882 2397 88 42 this
1002 2398 168 54 patient
1201 2397 247 41 ultimately
1480 2397 123 41 made
1635 2410 25 27 a
1689 2397 106 54 good
1830 2411 196 40 recovery

413 2472 110 40 from
541 2470 73 42 the
631 2473 241 51 symptoms
891 2468 241 41 described;
1153 2482 45 26 so
1217 2467 104 41 that,
1339 2481 52 26 on
1417 2467 72 41 the
1509 2467 103 41 19th
1630 2467 43 40 of
1686 2467 196 55 January
1903 2467 122 50 1885,

414 2542 65 40 11is
503 2540 221 42 condition
747 2553 44 27 as
814 2542 43 37 to
879 2538 317 42 remembrance
1219 2538 43 40 of
1293 2537 161 41 objects
1477 2536 84 41 and
1587 2536 133 42 words
1743 2550 111 28 seen,
1876 2537 81 40 and
1983 2552 42 24 as

412 2617 45 37 to
479 2610 156 56 speech
657 2609 231 56 generally,
912 2622 85 27 was
1021 2607 249 55 practically
1296 2606 171 41 normal.
1535 2607 15 39 1
1586 2606 107 41 have
1727 2607 122 39 made,
1882 2606 143 42 rather

411 2696 25 28 a
458 2681 81 41 full
560 2693 101 28 note
676 2680 46 40 of
740 2679 74 41 the
832 2691 105 29 case,
955 2691 46 28 as
1024 2678 35 40 it
1080 2677 77 41 has
1174 2676 210 42 attracted
1409 2676 127 41 much
1555 2676 225 49 attention,
1795 2675 228 54 especially

413 2753 46 41 in
484 2752 230 54 Germany.

472 2896 35 41 3.
547 2893 275 42 Conditions
865 2900 52 31 of
959 2889 283 42 Congestion
1285 2899 53 29 of
1378 2898 86 31 the
1512 2887 268 41 Brain.In
1824 2885 196 43 conclud-

413 2967 75 41 ing
531 2964 121 42 these
695 2961 190 43 remarks
927 2974 116 27 upon
1081 2959 294 41 disturbances
1414 2959 45 39 of
1497 2957 150 43 speech
1689 2958 41 39 in
1770 2956 177 41 relation
1984 2960 44 36 to

415 3038 261 43 evanescent
717 3045 171 29 organic
931 3029 223 44 affections
1200 3029 44 42 of
1295 3029 73 43 the
1410 3028 133 51 brain,
1589 3028 17 41 I
1650 3041 97 42 may
1791 3027 97 41 here
1929 3030 97 38 note
