1933 3302
1631 164 49 39 37

626 168 228 31 Erkrankung
877 167 61 31 der
961 164 161 34 Gelenke.

87 277 175 52 gänzlich
282 282 162 33 zerstört
463 276 154 38 worden
647 276 65 37 sei.
761 275 70 38 Bei
861 275 66 36 der
946 274 200 48 Eiterung,
1179 272 143 38 welche
1353 272 97 38 nach
1473 270 208 39 Aufhören

88 333 64 37 des
173 330 344 39 Hospitalbnxndes
547 328 60 39 die
628 328 202 39 Nekrosen
860 327 174 38 abstiess,
1066 326 158 37 wurden
1250 325 324 39 Knochenstücke
1604 324 78 38 und

85 385 293 49 Knorpeltheile
408 385 279 48 ausgestossen,
719 382 183 38 während
931 381 59 37 die
1019 380 233 50 Fragmente
1282 380 120 50 völlig
1431 381 183 49 getrennt
1642 378 39 38 in

85 438 218 38 ziemlicher
337 437 246 37 Entfernung
612 436 258 37 voneinander
914 434 174 38 standen.

217 489 243 41 Schliesslich
488 502 104 24 muss
616 489 62 37 ich
708 489 98 37 noch
837 489 83 37 eine
950 485 326 53 eigenthümliche
1305 486 281 51 Veränderung
1615 486 68 38 der

86 546 186 38 Knochen
313 543 118 39 durch
465 543 73 37 den
580 542 304 50 Hospitalbrand
923 541 223 38 erwähnen,
1198 539 145 38 welche
1380 539 193 39 Hennen
1613 539 67 39 be-

90 599 188 38 schreibt:

216 693 57 27 „In
292 683 132 29 einigen
442 680 115 30 Fällen
578 679 103 31 findet
698 681 73 29 eine
795 679 175 41 gänzliche
987 679 211 31 Absorption
1223 677 59 31 der
1298 677 181 31 Kalksalze
1504 680 82 29 statt
1609 678 71 30 und

89 726 60 30 der
172 725 161 30 Knochen
358 723 84 30 wird
466 724 36 29 in
527 724 74 29 eine
627 723 180 40 knorplige
831 723 165 31 Substanz
1021 721 217 31 verwandelt.
1277 720 118 31 Dieses
1420 721 60 30 sah
1505 722 55 30 ich
1583 723 99 29 zwei-

88 769 67 29 mal
188 784 39 4 —
259 766 123 31 einmal
407 764 54 32 bei
486 767 109 29 einem
620 765 213 31 Metacarpus
857 765 69 30 und
951 765 125 30 einmal
1101 765 54 30 bei
1181 773 107 21 einem
1314 764 123 30 Femur
1465 780 40 5 —
1536 765 71 29 sich
1633 774 48 21 er-

88 819 132 21 eignen.
265 809 49 30 Im
349 811 111 28 ersten
484 808 92 30 Falle
609 808 235 31 durchschnitt
872 808 60 30 das
959 808 125 30 Messer
1117 808 65 29 den
1205 807 165 31 Knochen
1394 806 95 31 nicht
1512 807 171 31 schwerer

86 854 49 29 als
159 855 95 27 sonst
277 861 98 21 einen
399 851 309 40 Rippenknorpel."

214 894 69 31 Der
307 897 116 27 zweite
440 894 72 30 Fall
529 904 71 20 war
623 894 78 31 sehr
718 897 240 37 merkwürdig.
997 893 69 30 Der
1083 894 134 29 Patient
1234 893 92 30 hatte
1343 902 118 31 grosse
1478 891 204 32 Schmerzen

87 947 43 21 an
155 939 109 29 einem
290 937 188 40 brandigen
497 936 393 41 Oberschenkelstumpl",
914 937 147 30 welcher
1084 937 55 30 bei
1164 945 150 31 genauer
1331 936 265 30 Untersuchung
1619 936 63 30 fol-

87 981 108 40 gende
222 980 275 41 Erscheinungen
521 983 123 37 zeigte:
682 980 85 30 Eine
790 980 174 30 verdickte
988 980 90 29 Haut
1105 980 126 40 umgab
1256 980 64 29 wie
1351 988 75 21 eine
1457 979 71 30 lose
1552 979 129 30 Tasche

87 1032 74 22 eine
179 1023 108 39 harte,
305 1023 234 37 vorstehende,
555 1022 227 31 anscheinend
800 1032 59 21 aus
877 1022 75 30 dem
972 1022 203 30 erkrankten
1193 1022 128 30 Muskel
1340 1022 207 30 bestehende
1562 1022 121 40 Masse,

87 1066 181 30 innerhalb
292 1065 147 31 welcher
463 1075 43 20 an
529 1066 60 30 der
613 1065 102 31 Stelle
740 1065 57 31 des
822 1065 180 31 Knochens
1027 1074 75 21 eine
1127 1065 93 36 zähe,
1245 1065 138 31 dunkle,
1414 1064 78 31 sehr
1516 1065 165 30 schmerz-

90 1109 92 30 hafte
205 1109 108 30 Masse
344 1118 76 20 zum
450 1107 184 31 Vorschein
666 1108 90 30 kam.
802 1108 55 30 Sie
888 1118 69 20 war
989 1111 62 27 mit
1074 1107 218 31 Aetzmitteln
1324 1108 187 31 behandelt
1541 1108 140 30 worden

90 1151 71 31 und
178 1152 58 40 lag
257 1152 82 30 lose.
374 1151 62 31 Als
459 1161 79 20 man
556 1152 48 29 sie
620 1154 64 27 mit
700 1151 60 30 der
776 1151 111 40 Zange
904 1152 179 29 entfernte,
1107 1151 61 30 sah
1185 1152 48 29 sie
1250 1152 64 29 wie
1339 1152 54 29 ein
1411 1150 103 31 Stück
1531 1151 151 40 Knorpel

86 1204 60 20 aus
178 1194 71 30 und
272 1203 72 21 war
369 1196 86 28 etwa
478 1194 20 31 2
522 1194 72 30 Zoll
618 1194 97 40 lang;
748 1194 53 30 bei
826 1197 155 27 weiterer
1004 1194 262 30 Untersuchung
1298 1194 113 30 schien
1443 1194 71 29 sich
1545 1194 55 30 die
1626 1195 6 28 I
1652 1204 29 19 r-

86 1237 181 30 krankung
300 1239 34 28 in
370 1237 178 30 derselben
572 1237 111 30 Weise
716 1237 51 30 bis
798 1246 75 20 zum
903 1237 210 30 Trochanter
1146 1237 122 29 herauf
1295 1247 40 19 zu
1366 1237 202 30 erstrecken.
1613 1237 71 30 Der

88 1280 263 31 Hospitalbrand
377 1279 141 31 bestand
542 1289 65 20 nur
632 1280 40 31 14
688 1279 90 41 Tage
803 1279 69 30 und
897 1280 114 29 schien
1035 1281 36 29 in
1096 1279 64 30 den
1184 1279 124 31 letzten
1332 1280 21 31 4
1376 1279 113 31 Tagen
1516 1282 168 28 stationär

88 1333 39 20 zu
152 1324 84 30 sein.
274 1323 225 30 Amputation
524 1321 93 31 dicht
640 1325 99 27 unter
763 1322 75 30 dem
863 1322 218 32 Trochanter.
1126 1321 62 32 Die
1212 1323 263 30 Untersuchung
1499 1323 58 30 des
1582 1332 99 31 abge-

90 1370 128 26 setzten
244 1364 134 32 Gliedes
405 1366 119 39 ergab,
555 1365 77 30 dass
663 1365 54 30 die
741 1375 104 30 ganze
868 1365 108 30 Masse
999 1368 63 27 mit
1084 1364 198 32 Ausnahme
1307 1366 58 30 der
1388 1366 90 30 Haut
1500 1366 183 40 knorpelig

88 1417 83 21 war.
219 1408 54 30 Sie
303 1408 129 30 behielt
461 1408 53 30 die
539 1406 130 32 Gestalt
699 1417 90 21 eines
813 1408 196 30 verdickten
1033 1408 197 31 Knochens,
1266 1409 86 30 doch
1383 1408 88 30 ohne
1496 1410 74 28 eine
1594 1408 89 40 Spur

88 1460 67 21 von
180 1451 314 30 Knochengewebe.
538 1450 65 31 Die
626 1451 100 29 Hülle
756 1460 65 21 von
845 1451 207 30 verdicktem
1076 1452 147 29 Periost,
1257 1453 34 28 in
1317 1451 146 30 welcher
1492 1451 55 30 die
1579 1452 102 29 knor-

92 1494 112 39 pelige
228 1494 107 30 Masse
357 1494 67 40 lag,
448 1495 107 38 zeigte
579 1496 176 38 getrennte
780 1492 370 32 Ossificationspunkte.
1196 1494 68 30 Der
1286 1494 138 30 Kranke
1447 1503 114 31 genas.

218 1567 141 39 Soweit
385 1582 89 23 man
505 1567 253 50 Conjecturen
786 1568 95 39 über
918 1569 128 37 diesen
1074 1568 85 38 Fall
1192 1569 163 37 machen
1383 1569 116 46 kann,
1531 1571 151 36 scheint

86 1634 50 25 es,
169 1621 86 37 dass
285 1621 59 37 die
372 1620 255 50 Amputation
654 1622 270 50 ursprünglich
953 1635 133 25 wegen
1126 1622 102 37 eines
1263 1623 39 36 in
1331 1622 216 38 verdickter
1574 1622 107 39 Lade

84 1674 203 51 liegenden
317 1674 222 50 Sequesters
576 1688 299 37 vorgenommen
914 1676 146 37 wurde,
1101 1676 91 37 aber
1230 1689 47 24 an
1322 1676 105 37 einer
1456 1675 134 39 Stelle,
1632 1691 49 23 an

86 1727 166 38 welcher
289 1728 66 37 der
391 1731 152 35 oberste
573 1727 112 38 Theil
723 1728 65 38 des
827 1728 224 38 Sequesters
1094 1728 40 38 in
1175 1729 86 38 dem
1299 1728 175 51 Stumpfe
1513 1731 165 37 zurück-

86 1781 114 37 blieb.
247 1781 333 38 Wahrscheinlich
609 1795 79 24 war
718 1781 122 38 dieser
860 1782 93 38 Rest
983 1783 64 37 des
1084 1782 223 50 Sequesters
1329 1783 147 38 sowohl
1505 1784 54 37 als
1582 1784 97 38 auch

88 1834 58 37 die
175 1834 104 38 Lade
315 1835 39 36 in
392 1835 85 37 dem
514 1834 159 50 Stumpf
706 1835 120 38 durch
868 1836 257 51 Einwirkung
1162 1837 66 37 des
1257 1837 352 49 Hospitalbrandes
1638 1838 41 37 in

88 1887 66 38 der
181 1887 300 39 beschriebenen
499 1888 131 38 Weise
658 1888 104 38 ihrer
786 1889 206 38 Kalksalze
1021 1890 175 38 beraubt.

583 2003 28 33 i.
637 2004 251 40 Erkrankung
912 2005 67 32 dei*
1004 2005 176 34 Gelenke.

213 2089 146 37 Wurde
402 2089 59 38 ein
499 2089 146 39 Gelenk
684 2104 75 24 von
799 2092 86 37 dem
923 2091 303 51 Hospitalbrand
1265 2093 199 50 ergriffen,
1513 2107 41 25 so
1597 2108 84 24 war

89 2141 59 37 die
186 2142 196 49 Prognose
415 2143 41 37 in
488 2143 176 39 früherer
697 2144 85 38 Zeit
824 2145 172 38 offenbar
1032 2146 107 37 nicht
1176 2159 41 25 so
1248 2146 188 46 schlecht,
1475 2147 55 38 als
1564 2161 115 24 wenn

89 2194 54 37 sie
173 2194 103 38 einer
305 2195 191 38 schweren
526 2197 162 50 eitrigen
709 2199 91 36 oder
820 2199 219 49 septischen
1058 2199 191 38 Infection
1270 2200 201 37 desselben
1493 2203 185 48 gegolten

88 2247 120 38 hätte.
266 2247 383 41 Selbstverständlich
677 2265 79 23 war
785 2251 59 38 die
867 2251 143 38 Gefahr
1038 2252 63 37 bei
1120 2265 160 37 grossen
1302 2252 195 39 Gelenken
1517 2254 159 38 immer-

87 2300 69 37 hin
184 2300 192 38 erheblich
412 2315 140 36 genug,
592 2304 91 37 aber
711 2304 292 49 hauptsächlich
1044 2305 119 38 durch
1204 2306 58 37 die
1293 2306 278 50 Complication
1604 2311 74 35 mit

91 2353 155 50 eitriger
283 2353 187 39 Infection
508 2357 78 36 und
616 2357 300 51 nachfolgender
935 2358 157 49 Pyämie
1112 2358 171 50 bedingt.
1332 2358 45 39 In
1411 2361 66 36 der
1508 2374 169 25 neuereu.

89 2406 193 37 Literatur
309 2407 119 37 findet
456 2408 79 37 sich
565 2410 125 49 wenig
718 2410 95 37 über
842 2411 66 37 das
935 2411 349 50 Ergriffenwerden
1312 2426 75 25 von
1417 2427 160 37 grossen
1598 2414 74 39 Ge-

88 2459 139 37 lenken
254 2473 74 24 von
349 2459 313 50 Hospitalbrand.
703 2463 187 50 Dagegen
919 2465 159 37 standen
1113 2465 221 49 Delpech
1360 2467 155 50 häufige
1544 2467 129 39 Beob-

90 2511 216 50 achtungen
334 2526 46 24 zu
410 2512 161 47 Gebote;
601 2515 63 37 ich
691 2515 100 38 lasse
821 2516 117 38 daher
966 2517 103 38 seine
1097 2519 148 48 präcise
1269 2519 293 40 Beschreibung
1590 2521 84 38 hier

90 2565 148 50 folgen:
282 2566 93 44 „Die
411 2566 217 39 Krankheit
663 2569 207 38 verbreitet
906 2570 81 38 sich
1024 2571 68 37 auf
1122 2572 87 37 dem
1237 2572 124 51 Wege
1399 2574 65 37 des
1492 2574 182 39 lockeren

88 2617 258 51 Zellgewebes
388 2620 188 38 zwischen
619 2621 71 38 den
729 2621 284 40 Faserbündeln
1053 2625 65 37 der
1159 2625 226 51 Ligamente
1427 2627 59 38 bis
1528 2627 40 38 in
1604 2628 70 38 das

89 2670 157 46 Gelenk,
278 2672 95 37 doch
402 2673 160 50 gelangt
590 2674 52 37 sie
673 2675 115 37 dahin
816 2676 118 47 nicht,
965 2677 98 38 ohne
1092 2691 116 25 zuvor
1237 2679 102 38 diese
1368 2679 227 51 Ligamente
1624 2695 48 24 zu

88 2724 153 38 isoliren
262 2725 77 36 und
359 2738 40 25 so
419 2740 44 23 zu
482 2727 266 38 nekrotisiren.
796 2729 113 37 Dann
935 2730 158 51 ergreift
1124 2732 54 37 sie
1199 2732 58 37 die
1279 2731 391 51 Synovialmembran,

88 2777 143 37 welche
259 2777 130 49 rapide
418 2780 224 40 mortificirt.
699 2781 72 37 Die
801 2781 172 51 Knorpel
1002 2784 168 50 erliegen
1207 2785 219 38 demselben
1461 2786 209 42 Schicksal.

88 2830 86 38 Wir
203 2830 117 38 sehen
348 2831 53 37 sie
430 2833 57 36 oft
514 2833 95 37 total
637 2834 90 37 oder
755 2834 40 37 in
824 2835 194 39 einzelnen
1047 2837 160 38 Theilen
1237 2838 80 37 sich
1347 2839 166 38 ablösen.
1578 2841 95 39 Man

88 2883 182 50 begreift,
318 2884 84 36 dass
432 2885 60 37 ein
520 2886 149 38 solcher
696 2886 195 40 Einbruch
920 2890 38 37 in
987 2891 61 37 ein
1078 2890 144 39 Gelenk
1258 2891 72 38 den
1358 2892 84 37 Fall
1471 2907 44 24 zu
1546 2894 125 39 einem

91 2935 192 39 schweren
313 2937 188 49 stempelt.
558 2939 86 41 Wir
673 2939 117 39 sahen
820 2941 140 39 einmal
989 2943 111 39 einen
1129 2943 155 39 solchen
1313 2944 197 40 Einbruch
1539 2947 38 38 in
1601 2948 70 38 das
