2107 3450
339 301 207 42 APHASIA,
582 301 102 32 ETC.,
716 301 46 31 IN
802 301 220 32 RELATION
1057 301 55 32 TO
1147 302 285 32 FUNCTIONAL
1466 301 258 33 DISORDERS.
1782 290 88 43 405

208 423 141 43 down,
374 421 143 43 which
541 435 100 43 may
665 435 111 29 even
801 420 102 44 take
931 422 72 42 the
1027 422 114 43 form
1164 422 47 43 of
1240 420 192 45 General
1465 421 223 56 Paralysis
1721 423 47 41 of
1799 421 73 43 the

212 491 193 46 Insane.1

270 566 66 43 As
358 565 74 44 the
455 565 307 56 reproductive
785 569 168 53 system
976 565 79 43 has
1079 570 114 38 most
1215 565 244 56 important
1481 564 211 43 relations
1720 569 45 38 to
1800 565 75 43 the

213 653 187 29 nervous
422 643 179 53 system,
625 639 38 42 it
685 638 38 43 is
745 642 79 39 not
846 638 248 56 surprising
1116 643 44 37 to
1187 637 94 43 find
1316 637 99 43 that
1447 651 120 29 some
1604 637 44 42 of
1680 637 59 42 its
1773 651 101 28 con-

213 711 166 43 ditions
412 711 85 42 and
530 710 217 44 disorders
774 710 112 44 have
923 714 45 40 to
991 711 54 43 be
1066 710 170 43 ranked
1258 724 46 29 as
1327 709 244 57 important
1594 723 151 29 causes
1769 709 106 42 both

214 783 46 43 of
291 798 189 28 nervous
513 797 266 29 exhaustion
815 782 89 44 and
936 783 45 43 of
1013 783 195 43 megrim.
1273 782 57 43 In
1362 782 77 43 the
1471 781 172 53 female,
1665 781 76 43 the
1777 795 102 29 con-

213 855 165 43 ditions
402 856 48 42 of
468 856 338 53 menstruation,
823 860 283 52 parturition,
1124 855 87 43 and
1232 855 226 43 lactation,
1481 855 87 42 and
1591 855 75 43 the
1689 868 190 30 nervous

214 927 304 44 disturbances
541 942 47 29 so
611 928 253 57 commonly
888 928 243 44 developed
1154 933 46 38 at
1221 928 75 43 the
1320 927 270 44 climacteric
1618 927 165 57 period,
1806 941 72 29 are

214 1000 61 42 all
301 1000 253 58 recognised
577 1015 47 29 as
646 1001 134 58 being
802 1006 78 38 apt
901 1005 45 39 to
970 1015 129 29 cause
1123 1001 172 43 attacks
1319 1002 48 42 of
1395 1001 184 56 megrim
1616 1000 46 44 in
1698 1014 180 42 persons

215 1071 282 56 predisposed
530 1077 46 38 to
611 1072 99 43 that
748 1073 209 43 neurosis.
1022 1074 123 56 They
1181 1088 100 42 may
1317 1073 117 42 thus,
1468 1072 47 43 in
1550 1087 96 28 rare
1669 1087 133 28 cases,
1823 1072 55 43 be

215 1144 242 43 connected
481 1144 107 43 with
612 1144 74 43 the
711 1159 258 29 occurrence
993 1145 44 42 of
1059 1149 251 51 temporary
1329 1144 191 43 aphasia.
1585 1144 55 42 In
1658 1144 76 42 the
1753 1157 127 37 male,

216 1220 250 54 temporary
489 1217 181 56 aphasia
692 1217 90 43 has,
806 1218 47 41 in
875 1232 25 28 a
931 1217 82 43 few
1048 1231 131 29 cases,
1213 1217 109 42 been
1355 1216 140 43 found
1528 1221 44 37 to
1605 1217 53 42 be
1691 1215 188 56 directly

217 1289 288 43 attributable
527 1294 45 38 to
595 1289 155 44 sexual
772 1304 208 29 excesses.
1046 1289 209 43 Crichton
1289 1290 81 56 (op.
1405 1293 81 47 ext.,
1518 1288 84 43 vol.
1637 1289 25 42 i.
1698 1303 39 41 p.
1772 1288 108 55 371)

215 1361 81 43 has
318 1362 209 43 recorded
549 1377 56 28 an
628 1362 263 43 interesting
914 1376 97 29 case
1034 1361 47 42 of
1104 1361 88 43 this
1215 1361 121 42 kind.

276 1435 140 43 There
439 1449 70 29 are
533 1449 117 28 upon
669 1434 149 43 record
836 1449 24 27 a
880 1449 185 27 number
1083 1434 46 42 of
1148 1433 264 43 interesting
1430 1447 119 29 cases
1568 1433 45 42 of
1627 1437 252 51 temporary

216 1507 192 55 aphasia,
442 1507 226 42 occurring
700 1507 45 41 in
780 1506 76 43 the
887 1520 179 41 persons
1102 1506 45 41 of
1179 1504 245 44 eminently
1449 1505 280 43 intellectual
1765 1519 114 39 men,

217 1579 96 43 who
335 1579 113 43 have
473 1579 109 43 been
604 1579 109 42 able,
739 1593 126 28 when
891 1578 73 43 the
987 1578 150 43 attack
1162 1592 87 28 was
1282 1592 116 29 over,
1420 1582 45 39 to
1487 1577 102 57 give
1611 1592 57 28 an
1691 1583 190 37 account

216 1652 44 42 of
281 1651 117 43 their
430 1652 281 56 experiences
736 1651 160 42 daring
918 1651 62 42 it;
1013 1651 87 42 and
1124 1650 122 43 there
1282 1650 37 43 is
1352 1664 154 29 reason
1541 1656 44 37 to
1619 1650 133 42 think
1784 1650 99 43 that

217 1738 118 29 some
358 1724 46 42 of
424 1724 122 42 these
569 1738 119 28 cases
712 1723 111 43 have
847 1723 111 43 been
981 1723 85 43 due
1090 1727 44 39 to
1157 1722 199 45 megrim.

278 1797 90 43 The
391 1796 247 44 celebrated
660 1810 98 29 case
790 1797 48 41 of
865 1796 68 42 Dr
966 1795 214 57 Spalding
1212 1794 45 43 of
1290 1794 163 44 Berlin,
1477 1795 146 43 which
1658 1795 79 43 has
1771 1795 109 44 been

216 1884 129 42 given
369 1869 58 43 by
452 1869 173 43 various
648 1869 195 43 authors,
865 1869 88 42 and
979 1869 89 42 will
1093 1869 52 42 be
1171 1868 136 44 found
1342 1868 193 43 detailed
1557 1869 47 42 in
1640 1869 74 43 the
1748 1884 136 42 paper

221 1942 56 55 by
309 1942 226 43 Professor
568 1942 230 52 Gairdner,
830 1941 180 57 already
1041 1941 165 57 quoted
1242 1941 144 52 from,2
1409 1956 101 42 may
1545 1942 192 56 perhaps
1769 1942 114 44 have

222 2014 109 43 been
363 2014 84 44 due
481 2021 45 37 to
558 2015 197 57 megrim,
777 2029 48 28 or
857 2015 160 43 simple
1041 2014 193 44 cerebral
1267 2014 179 57 fatigue,
1469 2029 49 28 or
1540 2015 107 43 both
1673 2016 208 43 together.

221 2086 44 43 It
286 2087 38 42 is
347 2101 23 29 a
393 2088 273 43 remarkable
690 2102 109 28 case,
822 2087 231 43 inasmuch
1077 2101 47 29 as
1151 2087 75 43 the
1260 2087 225 43 reception
1509 2087 88 43 and
1619 2088 265 56 interpreta-

219 2159 116 43 tions
359 2160 45 42 of
425 2160 171 56 speech,
618 2174 48 28 or
687 2164 47 38 at
756 2160 112 42 least
891 2160 44 42 of
958 2160 179 42 written
1160 2160 172 56 speech,
1356 2174 113 29 were
1492 2160 232 57 evidently
1747 2161 138 43 inter-

221 2232 121 43 fered
364 2233 121 55 with,
511 2247 46 28 as
582 2232 97 44 well
703 2247 47 28 as
774 2233 59 42 its
855 2238 275 51 production.

280 2305 67 42 Dr
369 2305 225 57 Spalding,
617 2306 47 41 in
686 2305 202 57 January
914 2303 129 48 1772,
1066 2311 114 37 after
1212 2305 166 58 having
1410 2306 112 43 been
1554 2305 149 44 rather
1736 2306 148 57 busily

221 2378 205 56 engaged,
451 2392 86 28 was
560 2377 134 44 asked
718 2382 44 38 to
785 2377 118 43 draw
928 2393 58 41 up
1010 2393 24 27 a
1057 2378 167 43 receipt
1246 2378 68 43 for
1336 2378 197 43 interest.
1578 2384 20 16 "
1614 2379 72 43 He
1709 2380 175 42 accord-

222 2450 122 56 ingly
368 2455 68 38 sat
458 2450 129 43 down
621 2451 86 42 and
731 2456 135 37 wrote
891 2451 74 43 the
998 2452 92 42 first
1125 2456 87 38 two
1238 2450 140 44 words
1412 2451 225 57 requisite,
1671 2452 81 43 but
1783 2453 47 42 in
1863 2468 25 27 a

272 2579 13 24 1
312 2579 103 37 Such
439 2592 22 25 a
487 2592 82 25 case
594 2580 32 37 is
652 2580 178 37 recorded
855 2580 52 49 by
935 2580 174 38 Charcot,
1136 2581 135 37 Lecons
1296 2593 64 25 sur
1387 2581 46 37 les
1463 2581 176 37 maladies
1665 2581 51 37 du
1745 2583 146 36 systime

223 2653 161 34 nerveux,
403 2645 26 33 t.
449 2641 67 47 iii.,
538 2644 104 34 1887.

273 2702 14 23 2
311 2703 104 36 Proc.
435 2703 41 47 of
489 2703 55 36 the
562 2703 97 36 Phil.
680 2703 74 37 Soc.
775 2703 41 48 of
830 2703 173 46 Glasgow,
1022 2706 180 42 1865-68,
1217 2716 36 36 p.
1271 2707 82 33 110.
1408 2704 56 35 Dr
1477 2703 188 37 Gairdner
1677 2709 134 43 quotes
1825 2704 65 37 the

225 2775 79 25 case
323 2763 96 36 from
438 2763 65 37 the
522 2764 105 36 work
645 2763 41 37 of
700 2764 56 36 Dr
773 2763 104 38 John
896 2764 156 38 Cheyne
1070 2764 161 37 entitled
1249 2765 135 36 Essays
1398 2777 47 23 on
1460 2764 149 37 Partial
1627 2765 262 47 Derangement

224 2825 41 47 of
286 2825 53 36 the
365 2825 113 37 Mind
502 2825 43 37 in
570 2825 184 48 Supposed
780 2826 205 36 Connexion
1010 2826 89 36 xoith
1125 2826 180 47 Religion,
1335 2826 159 45 Dublin,
1524 2829 107 33 1843.
1686 2825 82 37 The
1797 2838 91 34 case,

227 2886 17 36 I
265 2886 90 37 find,
373 2886 32 37 is
422 2885 78 38 also
517 2886 99 49 fully
635 2887 125 48 given,
779 2887 41 36 in
840 2887 56 36 Dr
914 2886 216 50 Spalding's
1148 2900 85 23 own
1254 2886 133 48 words,
1406 2886 53 37 by
1478 2887 55 36 Dr
1552 2886 194 38 Crichton,
1766 2887 40 37 in
1830 2887 61 37 his

226 2948 104 36 work
348 2948 160 37 entitled
526 2949 64 36 An
607 2948 158 49 Inquiry
782 2949 77 36 into
878 2949 55 36 the
951 2949 147 37 Nature
1123 2949 76 37 and
1226 2949 132 47 Origin
1383 2948 44 37 of
1448 2948 144 37 Mental
1618 2949 273 46 Derangement,

229 3010 104 35 1798,
352 3007 73 38 vol.
444 3008 25 37 i.
488 3020 35 37 p.
544 3009 82 36 287.
692 3009 57 36 Dr
768 3009 186 49 Spalding
970 3010 203 36 attributes
1191 3008 65 37 the
1274 3008 128 37 attack
1420 3012 38 32 to
1477 3007 65 37 the
1560 3008 177 48 previous
1757 3009 134 36 strain-

227 3069 65 37 ing
310 3069 40 37 of
364 3069 60 37 his
440 3070 198 36 attention.
691 3070 111 36 After
819 3070 213 37 describing
1050 3069 64 37 the
1140 3070 104 36 work
1270 3069 48 37 he
1344 3069 74 37 had
1447 3069 95 37 been
1570 3069 167 48 engaged
1762 3069 52 46 in,
1842 3069 50 37 he

227 3142 94 37 says,
340 3133 22 18 "
377 3131 64 48 My
460 3131 198 46 attention,
677 3130 197 38 therefore,
902 3143 76 25 was
1003 3130 217 47 constantly
1246 3130 94 36 kept
1366 3142 49 24 on
1441 3129 65 37 the
1533 3129 153 47 stretch,
1714 3129 75 36 and
1817 3140 75 29 was

227 3191 233 49 continually
480 3193 160 36 shifting
659 3191 97 38 from
774 3204 71 25 one
864 3191 147 37 subject
1029 3195 38 33 to
1086 3190 192 38 another."
