2107 3450
605 294 146 31 OTHER
783 293 161 32 SIMPLE
978 292 146 32 FORMS
1158 292 54 30 OF
1247 291 204 31 APHASIA.
1776 279 84 41 365

200 416 174 55 singing
405 420 257 52 quartettes,
696 429 46 28 as
774 419 21 17 "
812 414 105 42 they
954 413 124 42 made
1112 418 72 37 too
1208 412 134 42 much
1366 411 158 44 noise."
1587 411 141 41 There
1763 410 97 52 had,

203 487 45 43 of
271 489 84 41 late
376 502 139 42 years,
542 488 106 42 been
676 501 54 28 no
753 487 326 41 improvement
1102 485 44 41 in
1174 485 73 41 the
1273 482 357 43 word-deafness.

260 560 237 42 Wernicke
532 560 76 41 lias
643 558 203 42 recorded
881 572 24 27 a
937 571 98 28 case
1069 558 46 40 of
1147 557 73 41 the
1255 571 117 26 same
1410 555 107 40 kind
1541 554 112 55 (also
1683 568 177 41 already

202 631 186 43 referred
422 633 75 54 to),
522 631 44 43 in
604 631 155 41 which,
787 631 43 40 in
865 629 90 43 like
990 643 193 28 manner,
1217 627 175 43 curious
1425 633 43 36 to
1502 641 90 41 say,
1617 626 122 42 there
1776 640 86 28 was

201 704 90 41 also
313 718 56 27 an
391 702 205 45 affection
619 703 47 42 of
687 703 74 41 the
786 702 181 42 musical
998 701 177 56 faculty,
1196 701 74 42 the
1296 699 171 56 patient
1490 699 166 55 having
1678 698 86 42 lost
1788 698 73 42 the

202 789 144 41 power
378 777 47 40 of
455 774 300 56 appreciating
787 774 166 42 certain
981 788 122 27 notes
1137 773 44 41 of
1205 772 105 56 high
1335 770 133 58 pitch.
1540 771 53 41 In
1630 770 88 42 this
1751 784 111 37 case,

201 851 83 37 too,
329 846 121 42 there
492 861 85 27 was
623 862 55 26 no
716 845 275 57 progressive
1031 845 349 56 improvement;
1424 843 86 42 and
1546 842 240 43 Wernicke
1825 842 37 42 is

200 917 193 44 inclined
427 923 44 38 to
495 918 128 44 think
660 919 97 41 that
790 919 89 41 this
913 919 112 42 form
1059 918 45 43 of
1137 917 342 43 word-deafness
1516 931 98 41 may
1640 922 77 35 not
1740 916 53 42 be
1815 929 47 29 so

199 990 175 43 curable
397 1005 48 28 as
469 991 97 42 that
589 991 220 56 produced
834 991 56 42 by
917 991 135 42 lesion
1077 996 46 37 at
1147 990 74 43 the
1254 994 149 38 centre
1426 989 43 42 A
1496 989 121 42 itself
1639 988 222 56 (pictorial

201 1062 203 56 auditory
427 1063 212 43 aphasia).

259 1136 81 43 No.
376 1137 36 42 5.
446 1136 369 56 Supra-pictorial
847 1137 222 54 Auditory
1103 1134 393 57 Aphasia.—Here
1541 1133 74 43 the
1647 1132 107 57 path
1790 1132 71 42 be-

199 1213 142 38 tween
360 1209 43 42 A
419 1210 86 41 and
524 1209 50 42 M
593 1210 36 42 is
648 1215 74 37 cut
744 1223 156 28 across,
917 1223 47 27 so
989 1208 96 42 that
1107 1208 202 55 auditory
1333 1220 332 42 word-pictures
1682 1204 181 43 revived

201 1279 44 43 in
270 1280 42 42 A
336 1280 74 43 fail
436 1286 42 37 to
502 1281 84 42 call
610 1295 58 41 up
691 1281 75 42 the
790 1281 118 42 ideas
927 1295 48 27 or
998 1293 228 29 meanings
1249 1279 44 41 in
1318 1279 61 41 M.
1431 1277 231 55 Incoming
1685 1277 178 41 audible

200 1352 171 55 speech,
404 1352 227 43 therefore,
655 1353 36 41 is
724 1358 79 36 not
837 1351 292 53 understood;
1162 1366 90 36 nor,
1275 1350 234 42 according
1532 1354 43 37 to
1610 1348 250 42 Lichtheim

199 1424 87 41 and
321 1424 250 53 Wernicke,
609 1425 36 42 is
688 1424 223 43 incoming
954 1424 141 41 visual
1139 1422 298 43 speech—the
1482 1427 172 50 patient
1699 1421 164 55 having

198 1496 141 42 alexia
362 1511 47 27 as
431 1496 96 42 well
545 1511 45 27 as
612 1497 349 41 word-deafness.
1010 1495 69 42 He
1095 1509 79 28 can
1195 1493 272 44 understand
1483 1493 173 43 neither
1674 1492 117 42 what
1808 1492 55 42 he

199 1568 123 42 hears
346 1583 80 27 nor
451 1569 115 41 what
589 1569 54 42 he
666 1568 123 43 reads
806 1583 8 39 ;
847 1568 88 42 and
957 1573 87 51 yet,
1068 1567 75 42 the
1170 1567 306 43 word-images
1493 1567 46 41 in
1560 1567 74 41 the
1652 1570 150 38 centre
1820 1565 43 42 A

198 1640 130 55 being
361 1641 150 51 intact,
534 1641 87 42 and
654 1640 180 43 capable
868 1640 45 41 of
946 1639 165 43 revival
1148 1640 111 41 from
1285 1646 200 45 without,
1509 1638 55 44 he
1596 1653 83 28 can
1714 1644 150 37 repeat

199 1712 104 41 with
328 1727 108 37 ease,
460 1713 164 42 though
648 1713 188 42 without
860 1712 350 56 understanding
1228 1712 47 51 it,
1297 1719 221 35 whatever
1540 1711 54 43 he
1618 1712 126 42 hears
1768 1712 95 42 said

197 1792 42 34 to
274 1785 114 53 him;
426 1785 99 42 and,
558 1786 44 41 in
640 1786 88 41 like
762 1801 195 27 manner,
990 1800 82 27 can
1103 1785 100 42 read
1236 1784 134 43 aloud
1406 1785 105 41 with
1545 1799 111 38 ease,
1690 1785 169 56 though

197 1857 52 42 he
273 1857 103 43 does
399 1863 78 37 not
508 1858 273 42 understand
806 1859 119 41 what
948 1859 54 42 he
1024 1858 136 42 reads.
1226 1857 70 43 He
1331 1872 80 28 can
1444 1857 93 43 also
1572 1858 139 56 easily
1738 1864 124 37 write

197 1935 43 36 to
278 1930 226 49 dictation,
540 1930 86 42 and
671 1930 136 56 easily
842 1945 110 41 copy
1000 1931 109 41 from
1156 1930 120 56 print
1313 1944 48 28 or
1406 1930 107 41 from
1556 1930 187 56 writing.
1819 1930 43 42 A

195 2006 97 38 true
315 2002 237 50 Echolalia,
579 2003 105 42 with
709 2018 54 27 no
788 2003 350 43 understanding
1161 2004 47 41 of
1229 2002 116 43 what
1368 2003 54 42 he
1446 2003 36 42 is
1505 2003 169 56 saying,
1698 2003 36 43 is
1758 2004 104 42 thus

197 2074 73 42 the
295 2081 114 35 most
431 2075 327 43 characteristic
781 2081 236 50 symptom.
1081 2075 55 41 In
1159 2075 69 42 his
1252 2075 177 42 written
1453 2075 171 56 speech,
1643 2076 36 42 it
1701 2075 80 43 has
1805 2076 58 43 its

195 2146 256 56 equivalent
485 2147 45 41 in
567 2147 72 43 the
674 2162 145 41 power
850 2148 55 42 he
937 2148 165 43 retains
1135 2147 45 43 of
1214 2148 176 56 writing
1424 2154 44 36 to
1501 2148 211 42 dictation
1739 2163 49 27 or
1819 2150 50 41 of

195 2219 201 56 copying,
443 2219 186 42 without
684 2220 346 42 understanding
1074 2221 75 41 the
1194 2220 140 42 words
1382 2221 177 41 written
1603 2235 48 27 or
1694 2222 164 41 copied.

198 2292 122 40 With
358 2291 154 56 regard
552 2296 44 38 to
638 2292 225 42 volitional
902 2293 214 57 speaking
1148 2292 87 43 and
1272 2293 188 56 writing,
1494 2307 46 27 as
1575 2293 74 42 the
1691 2294 170 55 patient

195 2369 171 44 cannot,
403 2365 107 40 from
546 2364 62 42 M,
632 2364 83 42 call
751 2380 58 27 up
845 2365 72 42 the
951 2365 204 52 auditory
1188 2365 165 42 images
1377 2371 44 36 at
1454 2365 53 50 A,
1533 2365 144 43 which
1711 2380 71 29 are
1815 2381 47 28 so

194 2435 241 55 important
462 2439 62 39 lor
550 2437 72 41 the
644 2437 215 55 guidance
884 2438 46 40 of
957 2437 72 42 the
1055 2441 141 38 motor
1228 2437 165 41 images
1427 2442 45 36 at
1505 2437 49 51 B,
1578 2436 54 43 he
1666 2437 196 43 exhibits

193 2508 195 42 amnesia
420 2509 45 40 of
507 2523 154 39 nouns,
698 2509 271 55 paraphasia,
1016 2514 94 46 etc.,
1154 2509 100 42 and,
1299 2510 43 40 in
1381 2509 88 42 like
1517 2523 196 29 manner,
1746 2525 47 27 as
1837 2526 25 26 a

193 2593 300 31 consequence
514 2580 46 43 of
594 2581 72 43 the
700 2582 274 56 paraphasia,
998 2581 54 43 he
1077 2582 196 42 exhibits
1298 2582 300 55 paragraphia.
1664 2582 64 42 At
1750 2597 110 42 page

193 2652 100 50 454,
314 2653 245 42 Lichtheim
585 2654 185 42 records,
794 2655 41 41 in
862 2654 147 43 detail,
1034 2669 23 27 a
1081 2669 97 28 case
1210 2654 140 43 which
1372 2654 177 56 exactly
1573 2656 288 43 corresponds

198 2723 104 45 with
330 2725 87 43 this
443 2733 179 48 picture.

255 2798 79 42 No.
370 2799 37 42 6.
441 2798 369 57 Supra-pictorial
857 2800 135 42 Motor
1028 2801 371 55 Aphasia.—The
1433 2800 106 57 path
1578 2801 197 43 between
1811 2801 52 43 M

194 2869 85 42 and
307 2870 33 41 B
366 2870 128 56 being
516 2875 76 39 cut
614 2886 155 38 across,
795 2873 33 41 it
855 2873 33 41 is
912 2873 255 56 impossible
1192 2873 66 42 for
1289 2873 75 43 the
1399 2873 173 56 patient
1606 2878 44 38 to
1683 2888 180 42 express

195 2941 67 42 his
296 2942 210 56 thoughts
541 2943 42 42 in
621 2944 227 43 volitional
884 2945 171 56 speech.
1119 2946 146 42 When
1301 2945 56 44 he
1388 2946 105 43 tries
1517 2950 44 38 to
1584 2946 136 56 speak
1754 2948 108 41 voli-

193 3013 201 57 tionally,
434 3015 66 42 his
535 3022 214 50 attempts
784 3017 141 43 result
965 3017 44 43 in
1049 3018 76 43 the
1163 3033 119 28 same
1319 3018 109 43 kind
1467 3019 45 42 of
1547 3018 160 43 failure
1745 3033 47 29 as
1825 3020 38 43 is

191 3086 229 42 exhibited
456 3086 44 42 in
535 3101 54 28 an
621 3088 206 57 ordinary
851 3103 98 29 case
982 3091 44 41 of
1058 3090 205 56 pictorial
1297 3097 143 36 motor
1471 3090 194 57 aphasia,
1698 3091 86 43 due
1817 3096 46 39 to

191 3157 276 47 destruction
493 3160 44 44 of
561 3160 45 43 B.
671 3161 103 54 Nor,
798 3163 233 41 according
1055 3168 44 35 to
1123 3163 263 43 Lichtheim,
1410 3177 79 28 can
1512 3162 56 43 he
1591 3177 179 45 express
1794 3164 68 45 his
