2240 3972
1087 166 63 51 11

140 301 145 54 order
310 306 53 48 to
391 319 207 35 observe
624 299 65 54 its
731 318 112 35 own
870 300 181 65 action,
1078 300 43 53 it
1146 300 43 53 is
1228 319 259 54 necessary
1507 306 111 49 that
1657 307 86 48 the
1769 303 143 53 mind
1937 324 157 52 pause

139 377 132 52 from
316 375 239 71 activity;
596 374 99 54 and
738 379 83 67 yet
860 374 42 52 it
943 375 42 52 is
1031 379 87 49 the
1167 379 134 49 train
1342 376 55 52 of
1445 377 208 71 activity
1693 377 114 53 that
1851 377 42 53 is
1935 384 53 47 to
2031 379 64 53 be

141 449 255 54 observed.
471 450 74 52 As
586 448 123 71 long
755 467 53 34 as
852 467 103 52 you
996 453 183 48 cannot
1215 450 146 52 effect
1399 454 88 48 the
1532 470 156 51 pause
1730 470 261 53 necessary
2017 453 79 52 for

141 523 527 71 self-contemplation,
696 528 141 47 there
878 542 93 33 can
1011 522 63 54 be
1115 542 67 33 no
1219 522 318 55 observation
1573 525 54 52 of
1664 530 86 47 the
1796 532 204 46 current
2045 527 55 52 of

141 598 208 70 activity
373 619 10 31 :
423 597 43 52 if
503 601 88 48 the
633 616 155 51 pause
826 596 44 52 is
916 596 226 66 effected,
1178 601 126 49 then
1347 602 141 48 there
1530 617 92 34 can
1664 598 63 54 be
1772 599 217 70 nothing
2041 605 54 48 to

143 671 221 53 observe.
441 671 122 52 This
602 675 185 48 cannot
824 669 63 54 be
932 670 280 53 accounted
1255 691 28 32 a
1325 671 115 53 vain
1476 672 97 52 and
1603 672 294 53 theoretical
1932 673 163 70 objec-

140 750 109 48 tion
265 769 13 42 ;
318 746 78 52 for
421 749 87 48 the
533 744 183 53 results
745 744 58 52 of
822 744 365 53 introspection
1213 749 86 49 too
1333 765 165 52 surely
1525 747 211 52 confirm
1760 747 67 52 its
1854 747 207 71 validity
2083 769 11 31 :

142 819 136 53 what
306 838 96 34 was
435 839 28 32 a
503 822 232 66 question
775 837 125 34 once
937 818 43 52 is
1013 838 27 33 a
1072 824 236 63 question
1340 819 120 65 still,
1489 820 100 52 and
1622 819 197 54 instead
1853 821 55 52 of
1945 820 153 72 being

142 892 228 54 resolved
396 892 68 70 by
489 893 358 52 introspective
874 892 213 53 analysis
1113 893 41 52 is
1195 893 117 71 only
1338 892 132 54 fixed
1497 893 100 53 and
1622 894 101 52 fed.

222 967 93 69 (d.)
395 967 106 52 The
526 966 279 52 madman’s
833 966 225 53 delusion
1092 967 46 51 is
1180 967 54 52 of
1268 967 136 52 itself
1439 968 249 52 sufficient
1715 973 52 47 to
1796 968 160 53 excite
1980 988 116 51 pro-

144 1041 161 52 found
334 1040 227 65 distrust,
589 1045 91 48 not
708 1040 117 70 only
851 1040 54 52 in
931 1048 87 45 the
1045 1040 247 53 objective
1318 1041 160 64 truth,
1505 1041 95 53 but
1626 1042 54 51 in
1705 1047 88 48 the
1821 1043 275 52 subjective

144 1120 177 59 worth,
376 1115 55 52 of
488 1115 88 51 the
624 1119 272 66 testimony
948 1114 54 53 of
1062 1134 63 33 an
1186 1114 326 54 individual's
1577 1116 519 52 self-consciousness.

145 1189 267 52 Descartes
438 1188 103 53 laid
566 1188 40 52 it
635 1188 147 53 down
810 1208 52 33 as
890 1188 86 52 the
1003 1188 350 54 fundamental
1372 1189 317 70 proposition
1716 1190 55 53 of
1794 1190 304 71 philosophy

145 1263 111 52 that
291 1263 253 52 whatever
585 1267 88 48 the
716 1262 138 52 mind
898 1262 150 53 could
1086 1263 181 71 clearly
1294 1264 99 51 and
1437 1263 259 70 distinctly
1723 1283 248 46 conceive,
2001 1283 99 33 was

145 1342 143 47 true:
328 1337 41 52 if
405 1337 141 52 there
586 1336 43 53 is
674 1355 94 34 one
812 1336 150 70 thing
1007 1355 139 34 more
1192 1336 180 71 clearly
1407 1337 98 52 and
1546 1337 261 71 distinctly
1835 1337 267 54 conceived

146 1417 126 47 than
299 1411 228 64 another,
553 1410 41 52 it
619 1411 44 51 is
703 1410 285 71 commonly
1014 1416 86 46 the
1138 1410 280 53 madman’s
1459 1411 244 53 delusion.
1781 1411 87 53 No
1896 1411 204 66 marvel,

146 1490 140 60 then,
312 1490 114 47 that
450 1484 392 71 psychologists,
872 1484 135 53 since
1045 1489 87 48 the
1157 1490 123 47 time
1307 1485 55 52 of
1384 1485 281 65 Descartes,
1693 1486 127 52 have
1846 1486 118 52 held
1989 1486 114 52 that

148 1565 86 47 the
261 1559 216 70 veracity
505 1559 55 52 of
595 1558 379 54 consciousness
999 1559 43 52 is
1068 1563 53 48 to
1149 1558 62 53 be
1236 1558 156 53 relied
1418 1579 139 50 upon
1585 1579 115 51 only
1728 1579 160 33 under
1914 1560 190 52 certain

153 1633 151 65 rules,
333 1633 131 52 from
503 1638 88 47 the
634 1632 244 53 violation
912 1632 55 53 of
1003 1632 182 65 which,
1215 1632 78 53 Sir
1320 1633 86 53 W.
1438 1633 267 53 Hamilton
1743 1633 240 65 believed,
2014 1633 90 53 the

150 1707 392 53 contradictions
582 1707 55 52 of
676 1706 309 71 philosophy
1011 1706 125 53 have
1162 1707 176 52 arisen.
1418 1706 83 53 On
1539 1707 133 53 what
1712 1707 232 52 evidence
1980 1707 125 53 then

152 1781 64 53 do
242 1787 87 47 the
354 1781 133 53 rules
513 1786 102 47 rest
635 1782 23 51 ?
733 1781 177 52 Either
937 1800 65 33 on
1027 1787 88 46 the
1142 1781 235 52 evidence
1405 1781 55 52 of
1482 1800 395 46 consciousness,
1905 1800 200 34 whence

152 1856 41 52 it
218 1855 226 71 happens
471 1860 111 47 that
608 1855 122 53 each
756 1854 322 71 philosopher
1104 1854 101 53 and
1232 1855 121 52 each
1378 1854 191 53 lunatic
1595 1855 90 52 has
1711 1856 78 52 his
1816 1875 112 33 own
1951 1874 153 46 rules,

154 1930 99 53 and
279 1949 66 32 no
374 1929 219 53 advance
618 1929 43 52 is
700 1928 175 66 made;
918 1948 55 33 or
999 1947 140 34 upon
1163 1933 89 48 the
1279 1928 316 53 observation
1622 1929 100 53 and
1756 1930 272 70 judgment
2055 1929 56 52 of

155 2003 258 65 mankind,
460 2008 53 48 to
559 2022 192 33 confess
797 2003 166 52 which
1002 2002 43 52 is
1086 2022 119 51 very
1239 2003 155 51 much
1430 2002 102 53 like
1572 2003 255 71 throwing
1873 2003 232 53 self-con-

155 2078 279 52 sciousness
478 2076 444 53 overboard—not
967 2077 260 52 otherwise
1267 2081 127 47 than
1439 2096 52 32 as
1537 2096 98 33 was
1677 2082 426 65 advantageously

159 2152 128 52 done
312 2152 68 70 by
405 2151 212 71 positive
645 2151 190 52 science
860 2151 146 52 when
1032 2151 88 52 the
1153 2151 185 52 figures
1379 2170 67 33 on
1484 2151 85 52 the
1607 2155 372 60 thermometer,
2009 2150 101 54 and

158 2231 91 47 not
274 2231 87 47 the
388 2225 276 53 subjective
697 2225 212 52 feelings
951 2225 54 52 of
1045 2225 118 52 heat
1203 2244 56 33 or
1297 2224 131 66 cold,
1456 2244 126 34 were
1620 2225 294 53 recognised
1951 2231 54 47 to
2046 2224 63 53 be

157 2305 87 47 the
270 2305 112 47 true
405 2304 100 48 test
533 2299 55 52 of
609 2299 87 52 the
720 2299 323 52 individual’s
1071 2303 354 67 temperature.

232 2374 53 52 It
309 2374 42 51 is
377 2378 91 48 not
494 2392 180 51 merely
704 2393 28 33 a
758 2373 182 53 charge
967 2373 199 52 against
1193 2372 497 53 self-consciousness
1717 2372 114 53 that
1856 2373 41 53 it
1934 2373 44 53 is
2018 2377 91 48 not

160 2447 200 53 reliable
404 2447 53 52 in
500 2452 113 47 that
658 2447 55 52 of
751 2447 165 52 which
954 2447 43 53 it
1039 2447 119 53 does
1195 2446 115 71 give
1353 2446 360 66 information;
1774 2446 94 53 but
1908 2447 41 52 it
1992 2447 43 52 is
2083 2467 28 32 a

163 2521 262 70 proveable
460 2521 180 53 charge
679 2521 194 52 against
911 2521 40 52 it
985 2525 111 48 that
1129 2521 40 52 it
1210 2521 118 52 does
1363 2526 94 47 not
1484 2521 112 70 give
1632 2540 95 52 any
1754 2526 213 48 account
2007 2521 54 53 of
2085 2541 28 32 a

162 2595 136 71 large
324 2596 99 53 and
447 2596 277 70 important
751 2600 113 65 part
903 2595 56 54 of
1001 2614 93 34 our
1131 2595 190 52 mental
1358 2595 235 52 activity:
1634 2595 66 51 its
1738 2594 134 71 light
1909 2595 202 52 reaches

165 2670 113 70 only
304 2675 53 47 to
404 2675 153 47 states
599 2670 55 52 of
695 2688 398 46 consciousness,
1140 2668 100 53 and
1280 2673 91 47 not
1411 2673 54 48 to
1511 2676 154 45 states
1710 2668 54 52 of
1798 2668 158 53 mind.
2035 2669 78 52 Its

166 2744 229 52 evidence
445 2744 124 52 then
619 2743 43 52 is
711 2749 91 47 not
854 2762 116 52 only
1005 2748 404 65 untrustworthy
1449 2762 115 33 save
1614 2742 162 53 under
1827 2742 287 53 conditions

166 2817 163 53 which
352 2818 41 52 it
418 2817 186 53 nowise
628 2817 144 53 helps
804 2837 61 33 us
895 2822 54 47 to
989 2818 85 64 fix,
1103 2817 95 53 but
1235 2816 42 52 it
1314 2817 43 51 is
1397 2816 54 52 of
1492 2816 131 52 little
1647 2816 162 65 value,
1837 2816 212 53 because
2075 2816 41 52 it

168 2891 88 52 has
282 2892 244 52 reference
553 2891 119 71 only
697 2897 54 47 to
780 2911 28 32 a
834 2891 144 53 small
1002 2895 114 67 part
1144 2891 54 52 of
1228 2890 111 53 that
1369 2890 78 53 for
1472 2890 163 53 which
1672 2890 66 52 its
1777 2890 270 71 testimony
2073 2891 43 51 is

171 2965 232 53 invoked.
481 2966 123 70 May
635 2984 74 34 we
753 2970 92 48 not
889 2965 124 52 then
1052 2966 161 70 justly
1253 2983 86 52 say
1376 2969 113 47 that
1530 2964 499 53 self-consciousness
2073 2964 45 52 is

172 3039 183 71 utterly
381 3040 342 52 incompetent
763 3045 54 46 to
864 3039 184 71 supply
1073 3039 87 52 the
1202 3038 128 53 facts
1375 3038 79 52 for
1498 3037 88 53 the
1616 3039 236 70 building
1886 3058 69 51 up
1993 3038 55 52 of
2091 3058 29 32 a

172 3112 133 70 truly
343 3114 257 52 inductive
649 3113 309 72 psychology
977 3114 22 52 ?
1077 3113 97 53 Let
1225 3113 85 51 the
1359 3112 259 71 following
1668 3131 202 34 reasons
1921 3112 200 52 further

174 3192 211 46 warrant
411 3193 86 46 the
526 3193 243 47 assertion
793 3210 9 30 :

250 3262 49 50 1.
340 3261 53 52 It
417 3261 42 52 is
486 3261 87 52 the
598 3260 351 53 fundamental
976 3280 186 33 maxim
1191 3260 54 53 of
1282 3260 88 52 the
1393 3259 262 53 inductive
1680 3260 303 70 philosophy
2009 3263 112 48 that

176 3330 314 56 observation
517 3335 184 52 should
728 3335 154 53 begin
907 3335 124 52 with
1070 3334 180 53 simple
1283 3335 268 64 instances,
1581 3339 169 47 ascent
1785 3333 154 70 being
1976 3332 147 53 made

175 3405 126 53 from
335 3413 137 47 them
507 3409 226 52 through
767 3409 321 69 appropriate
1121 3408 429 70 generalisations,
1580 3407 102 52 and
1715 3407 112 52 that
1861 3426 65 32 no
1970 3406 152 70 parti-

178 3498 156 34 culars
370 3481 184 53 should
591 3481 63 54 be
698 3482 278 52 neglected.
1058 3483 133 51 How
1224 3482 116 52 does
1379 3482 87 51 the
1505 3482 363 51 interrogation
1914 3479 54 52 of
2011 3479 112 52 self-

180 3554 371 53 consciousness
577 3556 129 52 fulfil
731 3557 104 51 this
861 3560 134 48 most
1016 3557 110 69 just
1155 3555 213 53 demand
1385 3555 21 52 ?
1485 3555 54 52 It
1572 3554 42 52 is
1655 3574 28 31 a
1717 3552 207 53 method
1959 3553 165 51 which

179 3626 41 51 is
247 3628 272 69 applicable
545 3629 114 71 only
686 3635 52 47 to
767 3629 140 53 mind
934 3634 51 48 at
1011 3650 27 32 a
1069 3630 126 53 high
1231 3629 176 70 degree
1443 3629 55 52 of
1534 3627 363 71 development,
1927 3646 55 33 so
2009 3631 112 47 that
