<?xml version="1.0" encoding="UTF-8"?>
<alto xmlns="http://www.loc.gov/standards/alto/ns-v2#" xmlns:xsi="http://www.w3.org/2001/XMLSchema-instance" xsi:schemaLocation="http://www.loc.gov/standards/alto/ns-v2# http://www.loc.gov/standards/alto/alto-v2.0.xsd">
  <Description>
    <MeasurementUnit>pixel</MeasurementUnit>
    <sourceImageInformation>
      <fileName>b18035723_0012.xml</fileName>
    </sourceImageInformation>
    <OCRProcessing ID="OCR_1">
      <preProcessingStep>
        <processingDateTime>2013-03-13T03:37:32</processingDateTime>
        <processingAgency>intranda GmbH, www.intranda.com</processingAgency>
        <processingSoftware>
          <softwareCreator>intranda GmbH, Germany</softwareCreator>
          <softwareName>intranda OCR Module for TaskManager</softwareName>
          <softwareVersion>1.0r42</softwareVersion>
        </processingSoftware>
      </preProcessingStep>
      <ocrProcessingStep>
        <processingSoftware>
          <softwareCreator>ABBYY (BIT Software), Russia</softwareCreator>
          <softwareName>FineReader Engine</softwareName>
          <softwareVersion>10</softwareVersion>
        </processingSoftware>
      </ocrProcessingStep>
    </OCRProcessing>
  </Description>
  <Layout>
    <Page ID="Page_12" HEIGHT="3372" WIDTH="2411" PHYSICAL_IMG_NR="12">
      <PrintSpace ID="PrintSpace_210" HPOS="121" VPOS="162" HEIGHT="3118" WIDTH="2220">
        <TextBlock ID="TextBlock_59" HPOS="134" VPOS="162" HEIGHT="1080" WIDTH="2158">
          <TextLine ID="TextLine_278" HPOS="143" VPOS="168" HEIGHT="65" WIDTH="2142">
            <String ID="Word_2344" CONTENT="Denkmöglichkeit:" HPOS="143" VPOS="168" HEIGHT="65" WIDTH="536" />
            <String ID="Word_2345" CONTENT="Sie" HPOS="725" VPOS="171" HEIGHT="50" WIDTH="85" />
            <String ID="Word_2346" CONTENT="sind" HPOS="853" VPOS="172" HEIGHT="50" WIDTH="121" />
            <String ID="Word_2347" CONTENT="unter" HPOS="1013" VPOS="184" HEIGHT="38" WIDTH="163" />
            <String ID="Word_2348" CONTENT="den" HPOS="1220" VPOS="174" HEIGHT="49" WIDTH="101" />
            <String ID="Word_2349" CONTENT="Schwarzen" HPOS="1363" VPOS="173" HEIGHT="51" WIDTH="314" />
            <String ID="Word_2350" CONTENT="versteckt" HPOS="1719" VPOS="173" HEIGHT="50" WIDTH="274" />
            <String ID="Word_2351" CONTENT="—" HPOS="2030" VPOS="203" HEIGHT="5" WIDTH="71" />
            <String ID="Word_2352" CONTENT="denn" HPOS="2142" VPOS="172" HEIGHT="50" WIDTH="143" />
          </TextLine>
          <TextLine ID="TextLine_279" HPOS="144" VPOS="241" HEIGHT="67" WIDTH="2140">
            <String ID="Word_2353" CONTENT="schon" HPOS="144" VPOS="241" HEIGHT="50" WIDTH="161" />
            <String ID="Word_2354" CONTENT="die" HPOS="343" VPOS="241" HEIGHT="51" WIDTH="86" />
            <String ID="Word_2355" CONTENT="erste" HPOS="467" VPOS="255" HEIGHT="38" WIDTH="145" />
            <String ID="Word_2356" CONTENT="Nachkommengeneration," HPOS="650" VPOS="243" HEIGHT="65" WIDTH="754" />
            <String ID="Word_2357" CONTENT="die" HPOS="1444" VPOS="245" HEIGHT="51" WIDTH="85" />
            <String ID="Word_2358" CONTENT="doch" HPOS="1570" VPOS="246" HEIGHT="49" WIDTH="131" />
            <String ID="Word_2359" CONTENT="schwarzes" HPOS="1740" VPOS="245" HEIGHT="50" WIDTH="295" />
            <String ID="Word_2360" CONTENT="Erbgut" HPOS="2073" VPOS="244" HEIGHT="63" WIDTH="211" />
          </TextLine>
          <TextLine ID="TextLine_280" HPOS="143" VPOS="313" HEIGHT="67" WIDTH="2138">
            <String ID="Word_2361" CONTENT="vom" HPOS="143" VPOS="334" HEIGHT="30" WIDTH="126" />
            <String ID="Word_2362" CONTENT="Vater" HPOS="301" VPOS="313" HEIGHT="51" WIDTH="173" />
            <String ID="Word_2363" CONTENT="und" HPOS="506" VPOS="315" HEIGHT="50" WIDTH="114" />
            <String ID="Word_2364" CONTENT="weißes" HPOS="651" VPOS="316" HEIGHT="50" WIDTH="201" />
            <String ID="Word_2365" CONTENT="von" HPOS="887" VPOS="336" HEIGHT="30" WIDTH="107" />
            <String ID="Word_2366" CONTENT="der" HPOS="1031" VPOS="316" HEIGHT="51" WIDTH="95" />
            <String ID="Word_2367" CONTENT="Mutter" HPOS="1160" VPOS="317" HEIGHT="51" WIDTH="212" />
            <String ID="Word_2368" CONTENT="hatte," HPOS="1406" VPOS="318" HEIGHT="59" WIDTH="172" />
            <String ID="Word_2369" CONTENT="war" HPOS="1612" VPOS="337" HEIGHT="30" WIDTH="112" />
            <String ID="Word_2370" CONTENT="ja" HPOS="1759" VPOS="320" HEIGHT="60" WIDTH="53" />
            <String ID="Word_2371" CONTENT="nicht" HPOS="1846" VPOS="317" HEIGHT="49" WIDTH="147" />
            <String ID="Word_2372" CONTENT="schwarz¬" HPOS="2028" VPOS="316" HEIGHT="50" WIDTH="253" />
          </TextLine>
          <TextLine ID="TextLine_281" HPOS="145" VPOS="387" HEIGHT="66" WIDTH="2139">
            <String ID="Word_2373" CONTENT="weiß" HPOS="145" VPOS="387" HEIGHT="49" WIDTH="134" />
            <String ID="Word_2374" CONTENT="gemischt," HPOS="325" VPOS="387" HEIGHT="63" WIDTH="275" />
            <String ID="Word_2375" CONTENT="sondern" HPOS="644" VPOS="388" HEIGHT="49" WIDTH="239" />
            <String ID="Word_2376" CONTENT="schwarz" HPOS="928" VPOS="387" HEIGHT="51" WIDTH="231" />
            <String ID="Word_2377" CONTENT="gefärbt:" HPOS="1205" VPOS="389" HEIGHT="64" WIDTH="240" />
            <String ID="Word_2378" CONTENT="Das" HPOS="1491" VPOS="390" HEIGHT="49" WIDTH="110" />
            <String ID="Word_2379" CONTENT="schwarze" HPOS="1647" VPOS="389" HEIGHT="50" WIDTH="267" />
            <String ID="Word_2380" CONTENT="Erbgut" HPOS="1958" VPOS="388" HEIGHT="63" WIDTH="213" />
            <String ID="Word_2381" CONTENT="ist" HPOS="2214" VPOS="390" HEIGHT="47" WIDTH="70" />
          </TextLine>
          <TextLine ID="TextLine_282" HPOS="143" VPOS="458" HEIGHT="67" WIDTH="2143">
            <String ID="Word_2382" CONTENT="offenbar" HPOS="143" VPOS="458" HEIGHT="50" WIDTH="251" />
            <String ID="Word_2383" CONTENT="so" HPOS="423" VPOS="479" HEIGHT="30" WIDTH="56" />
            <String ID="Word_2384" CONTENT="„kräftig&quot;," HPOS="514" VPOS="460" HEIGHT="64" WIDTH="296" />
            <String ID="Word_2385" CONTENT="daß" HPOS="842" VPOS="460" HEIGHT="50" WIDTH="105" />
            <String ID="Word_2386" CONTENT="es" HPOS="983" VPOS="479" HEIGHT="31" WIDTH="52" />
            <String ID="Word_2387" CONTENT="„durchschlägt&quot;," HPOS="1069" VPOS="461" HEIGHT="64" WIDTH="463" />
            <String ID="Word_2388" CONTENT="daß" HPOS="1564" VPOS="462" HEIGHT="49" WIDTH="105" />
            <String ID="Word_2389" CONTENT="es" HPOS="1704" VPOS="481" HEIGHT="30" WIDTH="53" />
            <String ID="Word_2390" CONTENT="das" HPOS="1792" VPOS="461" HEIGHT="49" WIDTH="93" />
            <String ID="Word_2391" CONTENT="Weiße" HPOS="1919" VPOS="460" HEIGHT="50" WIDTH="190" />
            <String ID="Word_2392" CONTENT="zwar" HPOS="2143" VPOS="478" HEIGHT="31" WIDTH="143" />
          </TextLine>
          <TextLine ID="TextLine_283" HPOS="142" VPOS="530" HEIGHT="64" WIDTH="2140">
            <String ID="Word_2393" CONTENT="nicht" HPOS="142" VPOS="530" HEIGHT="51" WIDTH="145" />
            <String ID="Word_2394" CONTENT="auslöscht," HPOS="326" VPOS="531" HEIGHT="63" WIDTH="287" />
            <String ID="Word_2395" CONTENT="aber" HPOS="652" VPOS="531" HEIGHT="50" WIDTH="130" />
            <String ID="Word_2396" CONTENT="es" HPOS="819" VPOS="552" HEIGHT="30" WIDTH="53" />
            <String ID="Word_2397" CONTENT="„überdeckt&quot;." HPOS="911" VPOS="532" HEIGHT="58" WIDTH="384" />
            <String ID="Word_2398" CONTENT="Wenn" HPOS="1333" VPOS="533" HEIGHT="49" WIDTH="174" />
            <String ID="Word_2399" CONTENT="aber" HPOS="1546" VPOS="533" HEIGHT="50" WIDTH="131" />
            <String ID="Word_2400" CONTENT="dann" HPOS="1714" VPOS="533" HEIGHT="49" WIDTH="148" />
            <String ID="Word_2401" CONTENT="in" HPOS="1899" VPOS="534" HEIGHT="47" WIDTH="56" />
            <String ID="Word_2402" CONTENT="der" HPOS="1992" VPOS="533" HEIGHT="49" WIDTH="100" />
            <String ID="Word_2403" CONTENT="näch¬" HPOS="2128" VPOS="531" HEIGHT="50" WIDTH="154" />
          </TextLine>
          <TextLine ID="TextLine_284" HPOS="142" VPOS="602" HEIGHT="62" WIDTH="2142">
            <String ID="Word_2404" CONTENT="sten" HPOS="142" VPOS="614" HEIGHT="39" WIDTH="118" />
            <String ID="Word_2405" CONTENT="Generation" HPOS="300" VPOS="602" HEIGHT="51" WIDTH="339" />
            <String ID="Word_2406" CONTENT="wieder" HPOS="679" VPOS="604" HEIGHT="53" WIDTH="204" />
            <String ID="Word_2407" CONTENT="Weiß" HPOS="921" VPOS="604" HEIGHT="50" WIDTH="155" />
            <String ID="Word_2408" CONTENT="mit" HPOS="1113" VPOS="607" HEIGHT="47" WIDTH="104" />
            <String ID="Word_2409" CONTENT="Weiß" HPOS="1255" VPOS="605" HEIGHT="50" WIDTH="155" />
            <String ID="Word_2410" CONTENT="zusammenkommt," HPOS="1452" VPOS="605" HEIGHT="59" WIDTH="548" />
            <String ID="Word_2411" CONTENT="entsteht" HPOS="2040" VPOS="603" HEIGHT="51" WIDTH="244" />
          </TextLine>
          <TextLine ID="TextLine_285" HPOS="142" VPOS="674" HEIGHT="65" WIDTH="2141">
            <String ID="Word_2412" CONTENT="ein" HPOS="142" VPOS="677" HEIGHT="47" WIDTH="86" />
            <String ID="Word_2413" CONTENT="weißes" HPOS="269" VPOS="675" HEIGHT="51" WIDTH="200" />
            <String ID="Word_2414" CONTENT="Meerschweinchen," HPOS="511" VPOS="674" HEIGHT="61" WIDTH="542" />
            <String ID="Word_2415" CONTENT="selbst" HPOS="1096" VPOS="675" HEIGHT="55" WIDTH="172" />
            <String ID="Word_2416" CONTENT="wenn" HPOS="1305" VPOS="696" HEIGHT="30" WIDTH="159" />
            <String ID="Word_2417" CONTENT="die" HPOS="1508" VPOS="677" HEIGHT="49" WIDTH="85" />
            <String ID="Word_2418" CONTENT="Eltern" HPOS="1636" VPOS="676" HEIGHT="50" WIDTH="193" />
            <String ID="Word_2419" CONTENT="ganz" HPOS="1873" VPOS="695" HEIGHT="44" WIDTH="133" />
            <String ID="Word_2420" CONTENT="schwarz" HPOS="2050" VPOS="675" HEIGHT="50" WIDTH="233" />
          </TextLine>
          <TextLine ID="TextLine_286" HPOS="141" VPOS="767" HEIGHT="30" WIDTH="198">
            <String ID="Word_2421" CONTENT="waren." HPOS="141" VPOS="767" HEIGHT="30" WIDTH="198" />
          </TextLine>
          <TextLine ID="TextLine_287" HPOS="210" VPOS="823" HEIGHT="62" WIDTH="2071">
            <String ID="Word_2422" CONTENT="Die" HPOS="210" VPOS="825" HEIGHT="49" WIDTH="102" />
            <String ID="Word_2423" CONTENT="Zahlenverhältnisse," HPOS="352" VPOS="824" HEIGHT="61" WIDTH="593" />
            <String ID="Word_2424" CONTENT="die" HPOS="986" VPOS="824" HEIGHT="51" WIDTH="85" />
            <String ID="Word_2425" CONTENT="Peter" HPOS="1111" VPOS="825" HEIGHT="50" WIDTH="166" />
            <String ID="Word_2426" CONTENT="und" HPOS="1317" VPOS="825" HEIGHT="50" WIDTH="112" />
            <String ID="Word_2427" CONTENT="Martin" HPOS="1466" VPOS="825" HEIGHT="49" WIDTH="208" />
            <String ID="Word_2428" CONTENT="mit" HPOS="1712" VPOS="827" HEIGHT="47" WIDTH="100" />
            <String ID="Word_2429" CONTENT="ihren" HPOS="1851" VPOS="824" HEIGHT="50" WIDTH="157" />
            <String ID="Word_2430" CONTENT="Erbver¬" HPOS="2047" VPOS="823" HEIGHT="50" WIDTH="234" />
          </TextLine>
          <TextLine ID="TextLine_288" HPOS="140" VPOS="895" HEIGHT="61" WIDTH="2141">
            <String ID="Word_2431" CONTENT="suchen" HPOS="140" VPOS="896" HEIGHT="51" WIDTH="195" />
            <String ID="Word_2432" CONTENT="ermittelt" HPOS="365" VPOS="897" HEIGHT="50" WIDTH="269" />
            <String ID="Word_2433" CONTENT="hatten," HPOS="663" VPOS="898" HEIGHT="58" WIDTH="209" />
            <String ID="Word_2434" CONTENT="stimmten" HPOS="903" VPOS="900" HEIGHT="47" WIDTH="278" />
            <String ID="Word_2435" CONTENT="also" HPOS="1213" VPOS="898" HEIGHT="49" WIDTH="112" />
            <String ID="Word_2436" CONTENT="aufs" HPOS="1358" VPOS="897" HEIGHT="50" WIDTH="121" />
            <String ID="Word_2437" CONTENT="schönste" HPOS="1509" VPOS="898" HEIGHT="49" WIDTH="249" />
            <String ID="Word_2438" CONTENT="mit" HPOS="1788" VPOS="898" HEIGHT="48" WIDTH="99" />
            <String ID="Word_2439" CONTENT="denen" HPOS="1919" VPOS="896" HEIGHT="49" WIDTH="174" />
            <String ID="Word_2440" CONTENT="über¬" HPOS="2122" VPOS="895" HEIGHT="50" WIDTH="159" />
          </TextLine>
          <TextLine ID="TextLine_289" HPOS="140" VPOS="967" HEIGHT="66" WIDTH="2140">
            <String ID="Word_2441" CONTENT="ein," HPOS="140" VPOS="972" HEIGHT="58" WIDTH="106" />
            <String ID="Word_2442" CONTENT="die" HPOS="281" VPOS="969" HEIGHT="50" WIDTH="85" />
            <String ID="Word_2443" CONTENT="sich" HPOS="403" VPOS="970" HEIGHT="49" WIDTH="106" />
            <String ID="Word_2444" CONTENT="bei" HPOS="544" VPOS="969" HEIGHT="50" WIDTH="90" />
            <String ID="Word_2445" CONTENT="der" HPOS="671" VPOS="969" HEIGHT="50" WIDTH="95" />
            <String ID="Word_2446" CONTENT="Kugelkombination" HPOS="801" VPOS="968" HEIGHT="64" WIDTH="568" />
            <String ID="Word_2447" CONTENT="ergeben" HPOS="1405" VPOS="968" HEIGHT="65" WIDTH="237" />
            <String ID="Word_2448" CONTENT="hatten," HPOS="1677" VPOS="968" HEIGHT="59" WIDTH="209" />
            <String ID="Word_2449" CONTENT="und" HPOS="1921" VPOS="967" HEIGHT="50" WIDTH="114" />
            <String ID="Word_2450" CONTENT="so" HPOS="2069" VPOS="987" HEIGHT="31" WIDTH="57" />
            <String ID="Word_2451" CONTENT="ver¬" HPOS="2163" VPOS="986" HEIGHT="30" WIDTH="117" />
          </TextLine>
          <TextLine ID="TextLine_290" HPOS="140" VPOS="1039" HEIGHT="66" WIDTH="2140">
            <String ID="Word_2452" CONTENT="schieden" HPOS="140" VPOS="1041" HEIGHT="51" WIDTH="249" />
            <String ID="Word_2453" CONTENT="die" HPOS="416" VPOS="1040" HEIGHT="51" WIDTH="85" />
            <String ID="Word_2454" CONTENT="Ergebnisse" HPOS="526" VPOS="1041" HEIGHT="64" WIDTH="328" />
            <String ID="Word_2455" CONTENT="der" HPOS="882" VPOS="1041" HEIGHT="50" WIDTH="94" />
            <String ID="Word_2456" CONTENT="Rot-Weiß-Kreuzung" HPOS="1001" VPOS="1040" HEIGHT="64" WIDTH="618" />
            <String ID="Word_2457" CONTENT="und" HPOS="1643" VPOS="1041" HEIGHT="49" WIDTH="112" />
            <String ID="Word_2458" CONTENT="die" HPOS="1781" VPOS="1040" HEIGHT="49" WIDTH="85" />
            <String ID="Word_2459" CONTENT="der" HPOS="1894" VPOS="1039" HEIGHT="50" WIDTH="95" />
            <String ID="Word_2460" CONTENT="Schwarz-" HPOS="2015" VPOS="1039" HEIGHT="51" WIDTH="265" />
          </TextLine>
          <TextLine ID="TextLine_291" HPOS="140" VPOS="1110" HEIGHT="69" WIDTH="2140">
            <String ID="Word_2461" CONTENT="Weiß-Kreuzung" HPOS="140" VPOS="1113" HEIGHT="64" WIDTH="481" />
            <String ID="Word_2462" CONTENT="auf" HPOS="653" VPOS="1114" HEIGHT="49" WIDTH="94" />
            <String ID="Word_2463" CONTENT="den" HPOS="779" VPOS="1113" HEIGHT="50" WIDTH="102" />
            <String ID="Word_2464" CONTENT="ersten" HPOS="912" VPOS="1125" HEIGHT="38" WIDTH="184" />
            <String ID="Word_2465" CONTENT="Blick" HPOS="1125" VPOS="1112" HEIGHT="52" WIDTH="149" />
            <String ID="Word_2466" CONTENT="ausgesehen" HPOS="1306" VPOS="1112" HEIGHT="67" WIDTH="335" />
            <String ID="Word_2467" CONTENT="hatten" HPOS="1670" VPOS="1112" HEIGHT="50" WIDTH="192" />
            <String ID="Word_2468" CONTENT="—" HPOS="1890" VPOS="1141" HEIGHT="5" WIDTH="71" />
            <String ID="Word_2469" CONTENT="es" HPOS="1990" VPOS="1131" HEIGHT="31" WIDTH="54" />
            <String ID="Word_2470" CONTENT="steckte" HPOS="2076" VPOS="1110" HEIGHT="52" WIDTH="204" />
          </TextLine>
          <TextLine ID="TextLine_292" HPOS="140" VPOS="1185" HEIGHT="51" WIDTH="976">
            <String ID="Word_2471" CONTENT="dieselbe" HPOS="140" VPOS="1185" HEIGHT="51" WIDTH="240" />
            <String ID="Word_2472" CONTENT="Kombination" HPOS="412" VPOS="1185" HEIGHT="51" WIDTH="399" />
            <String ID="Word_2473" CONTENT="dahinter." HPOS="845" VPOS="1185" HEIGHT="51" WIDTH="271" />
          </TextLine>
        </TextBlock>
        <TextBlock ID="TextBlock_61" HPOS="134" VPOS="162" HEIGHT="1357" WIDTH="2158" />
        <TextBlock ID="TextBlock_62" HPOS="134" VPOS="162" HEIGHT="1557" WIDTH="2207">
          <TextLine ID="TextLine_293" HPOS="400" VPOS="1647" HEIGHT="66" WIDTH="1612">
            <String ID="Word_2474" CONTENT="Gregor" HPOS="400" VPOS="1647" HEIGHT="66" WIDTH="313" />
            <String ID="Word_2475" CONTENT="Mendel" HPOS="734" VPOS="1648" HEIGHT="54" WIDTH="325" />
            <String ID="Word_2476" CONTENT="findet" HPOS="1080" VPOS="1648" HEIGHT="54" WIDTH="270" />
            <String ID="Word_2477" CONTENT="die" HPOS="1372" VPOS="1649" HEIGHT="54" WIDTH="133" />
            <String ID="Word_2478" CONTENT="Ertogesetze" HPOS="1528" VPOS="1649" HEIGHT="64" WIDTH="484" />
          </TextLine>
        </TextBlock>
        <TextBlock ID="TextBlock_63" HPOS="121" VPOS="162" HEIGHT="2989" WIDTH="2220">
          <TextLine ID="TextLine_294" HPOS="205" VPOS="2058" HEIGHT="66" WIDTH="2074">
            <String ID="Word_2479" CONTENT="Als" HPOS="205" VPOS="2058" HEIGHT="52" WIDTH="94" />
            <String ID="Word_2480" CONTENT="sich" HPOS="341" VPOS="2059" HEIGHT="50" WIDTH="105" />
            <String ID="Word_2481" CONTENT="nach" HPOS="486" VPOS="2060" HEIGHT="49" WIDTH="132" />
            <String ID="Word_2482" CONTENT="längerer" HPOS="658" VPOS="2060" HEIGHT="63" WIDTH="253" />
            <String ID="Word_2483" CONTENT="Zeit" HPOS="951" VPOS="2061" HEIGHT="48" WIDTH="118" />
            <String ID="Word_2484" CONTENT="wieder" HPOS="1108" VPOS="2060" HEIGHT="50" WIDTH="203" />
            <String ID="Word_2485" CONTENT="einmal" HPOS="1353" VPOS="2061" HEIGHT="50" WIDTH="200" />
            <String ID="Word_2486" CONTENT="Gelegenheit" HPOS="1593" VPOS="2060" HEIGHT="64" WIDTH="360" />
            <String ID="Word_2487" CONTENT="zu" HPOS="1993" VPOS="2081" HEIGHT="29" WIDTH="66" />
            <String ID="Word_2488" CONTENT="einem" HPOS="2100" VPOS="2063" HEIGHT="48" WIDTH="179" />
          </TextLine>
          <TextLine ID="TextLine_295" HPOS="136" VPOS="2131" HEIGHT="65" WIDTH="2143">
            <String ID="Word_2489" CONTENT="Geplauder" HPOS="136" VPOS="2131" HEIGHT="64" WIDTH="315" />
            <String ID="Word_2490" CONTENT="mit" HPOS="478" VPOS="2134" HEIGHT="48" WIDTH="98" />
            <String ID="Word_2491" CONTENT="den" HPOS="605" VPOS="2132" HEIGHT="49" WIDTH="102" />
            <String ID="Word_2492" CONTENT="kleinen" HPOS="733" VPOS="2132" HEIGHT="49" WIDTH="221" />
            <String ID="Word_2493" CONTENT="Naturforschern" HPOS="981" VPOS="2132" HEIGHT="52" WIDTH="469" />
            <String ID="Word_2494" CONTENT="ergab," HPOS="1477" VPOS="2132" HEIGHT="64" WIDTH="184" />
            <String ID="Word_2495" CONTENT="war" HPOS="1688" VPOS="2153" HEIGHT="29" WIDTH="111" />
            <String ID="Word_2496" CONTENT="ich" HPOS="1825" VPOS="2132" HEIGHT="50" WIDTH="80" />
            <String ID="Word_2497" CONTENT="nicht" HPOS="1931" VPOS="2132" HEIGHT="50" WIDTH="146" />
            <String ID="Word_2498" CONTENT="wenig" HPOS="2102" VPOS="2135" HEIGHT="60" WIDTH="177" />
          </TextLine>
          <TextLine ID="TextLine_296" HPOS="135" VPOS="2204" HEIGHT="65" WIDTH="2142">
            <String ID="Word_2499" CONTENT="erstaunt" HPOS="135" VPOS="2215" HEIGHT="39" WIDTH="250" />
            <String ID="Word_2500" CONTENT="über" HPOS="428" VPOS="2204" HEIGHT="50" WIDTH="138" />
            <String ID="Word_2501" CONTENT="das," HPOS="610" VPOS="2205" HEIGHT="59" WIDTH="113" />
            <String ID="Word_2502" CONTENT="was" HPOS="766" VPOS="2224" HEIGHT="31" WIDTH="107" />
            <String ID="Word_2503" CONTENT="sie" HPOS="919" VPOS="2207" HEIGHT="48" WIDTH="77" />
            <String ID="Word_2504" CONTENT="da" HPOS="1043" VPOS="2204" HEIGHT="51" WIDTH="67" />
            <String ID="Word_2505" CONTENT="herausgefunden" HPOS="1156" VPOS="2205" HEIGHT="64" WIDTH="484" />
            <String ID="Word_2506" CONTENT="hatten." HPOS="1686" VPOS="2204" HEIGHT="50" WIDTH="210" />
            <String ID="Word_2507" CONTENT="„Alle" HPOS="1943" VPOS="2204" HEIGHT="58" WIDTH="157" />
            <String ID="Word_2508" CONTENT="Ach¬" HPOS="2146" VPOS="2204" HEIGHT="49" WIDTH="131" />
          </TextLine>
          <TextLine ID="TextLine_297" HPOS="134" VPOS="2275" HEIGHT="65" WIDTH="2145">
            <String ID="Word_2509" CONTENT="tung!&quot;," HPOS="134" VPOS="2276" HEIGHT="64" WIDTH="210" />
            <String ID="Word_2510" CONTENT="sagte" HPOS="380" VPOS="2289" HEIGHT="51" WIDTH="150" />
            <String ID="Word_2511" CONTENT="ich." HPOS="566" VPOS="2275" HEIGHT="51" WIDTH="96" />
            <String ID="Word_2512" CONTENT="„Aber" HPOS="701" VPOS="2275" HEIGHT="58" WIDTH="185" />
            <String ID="Word_2513" CONTENT="gar" HPOS="922" VPOS="2296" HEIGHT="44" WIDTH="95" />
            <String ID="Word_2514" CONTENT="zu" HPOS="1052" VPOS="2296" HEIGHT="30" WIDTH="66" />
            <String ID="Word_2515" CONTENT="stolz" HPOS="1155" VPOS="2277" HEIGHT="50" WIDTH="137" />
            <String ID="Word_2516" CONTENT="braucht" HPOS="1326" VPOS="2276" HEIGHT="50" WIDTH="230" />
            <String ID="Word_2517" CONTENT="ihr" HPOS="1592" VPOS="2277" HEIGHT="49" WIDTH="86" />
            <String ID="Word_2518" CONTENT="auf" HPOS="1716" VPOS="2277" HEIGHT="49" WIDTH="94" />
            <String ID="Word_2519" CONTENT="eure" HPOS="1848" VPOS="2296" HEIGHT="30" WIDTH="131" />
            <String ID="Word_2520" CONTENT="Leistung" HPOS="2015" VPOS="2277" HEIGHT="62" WIDTH="264" />
          </TextLine>
          <TextLine ID="TextLine_298" HPOS="135" VPOS="2348" HEIGHT="61" WIDTH="2143">
            <String ID="Word_2521" CONTENT="nicht" HPOS="135" VPOS="2349" HEIGHT="49" WIDTH="145" />
            <String ID="Word_2522" CONTENT="zu" HPOS="318" VPOS="2369" HEIGHT="30" WIDTH="64" />
            <String ID="Word_2523" CONTENT="sein&quot;," HPOS="422" VPOS="2349" HEIGHT="60" WIDTH="169" />
            <String ID="Word_2524" CONTENT="meinte" HPOS="630" VPOS="2351" HEIGHT="47" WIDTH="205" />
            <String ID="Word_2525" CONTENT="ich," HPOS="874" VPOS="2350" HEIGHT="59" WIDTH="100" />
            <String ID="Word_2526" CONTENT="„denn" HPOS="1013" VPOS="2348" HEIGHT="58" WIDTH="182" />
            <String ID="Word_2527" CONTENT="all" HPOS="1236" VPOS="2349" HEIGHT="50" WIDTH="71" />
            <String ID="Word_2528" CONTENT="das," HPOS="1347" VPOS="2349" HEIGHT="60" WIDTH="115" />
            <String ID="Word_2529" CONTENT="was" HPOS="1501" VPOS="2369" HEIGHT="30" WIDTH="106" />
            <String ID="Word_2530" CONTENT="ihr" HPOS="1644" VPOS="2349" HEIGHT="49" WIDTH="90" />
            <String ID="Word_2531" CONTENT="neu" HPOS="1771" VPOS="2368" HEIGHT="29" WIDTH="107" />
            <String ID="Word_2532" CONTENT="entdeckt" HPOS="1918" VPOS="2349" HEIGHT="49" WIDTH="255" />
            <String ID="Word_2533" CONTENT="zu" HPOS="2214" VPOS="2368" HEIGHT="29" WIDTH="64" />
          </TextLine>
          <TextLine ID="TextLine_299" HPOS="133" VPOS="2420" HEIGHT="67" WIDTH="1942">
            <String ID="Word_2534" CONTENT="haben" HPOS="133" VPOS="2420" HEIGHT="50" WIDTH="178" />
            <String ID="Word_2535" CONTENT="glaubt," HPOS="344" VPOS="2420" HEIGHT="64" WIDTH="207" />
            <String ID="Word_2536" CONTENT="ist" HPOS="579" VPOS="2423" HEIGHT="48" WIDTH="74" />
            <String ID="Word_2537" CONTENT="der" HPOS="684" VPOS="2421" HEIGHT="50" WIDTH="98" />
            <String ID="Word_2538" CONTENT="Wissenschaft" HPOS="812" VPOS="2421" HEIGHT="51" WIDTH="389" />
            <String ID="Word_2539" CONTENT="schon" HPOS="1232" VPOS="2423" HEIGHT="49" WIDTH="163" />
            <String ID="Word_2540" CONTENT="sehr" HPOS="1424" VPOS="2423" HEIGHT="50" WIDTH="130" />
            <String ID="Word_2541" CONTENT="lange" HPOS="1583" VPOS="2423" HEIGHT="64" WIDTH="159" />
            <String ID="Word_2542" CONTENT="bekannt&quot;." HPOS="1772" VPOS="2424" HEIGHT="50" WIDTH="303" />
          </TextLine>
          <TextLine ID="TextLine_300" HPOS="202" VPOS="2497" HEIGHT="68" WIDTH="2076">
            <String ID="Word_2543" CONTENT="Die" HPOS="202" VPOS="2498" HEIGHT="49" WIDTH="103" />
            <String ID="Word_2544" CONTENT="beiden" HPOS="338" VPOS="2497" HEIGHT="51" WIDTH="199" />
            <String ID="Word_2545" CONTENT="waren" HPOS="569" VPOS="2518" HEIGHT="30" WIDTH="183" />
            <String ID="Word_2546" CONTENT="sichtlich" HPOS="787" VPOS="2499" HEIGHT="49" WIDTH="238" />
            <String ID="Word_2547" CONTENT="enttäuscht." HPOS="1059" VPOS="2500" HEIGHT="50" WIDTH="325" />
            <String ID="Word_2548" CONTENT="Und" HPOS="1420" VPOS="2500" HEIGHT="50" WIDTH="125" />
            <String ID="Word_2549" CONTENT="so" HPOS="1578" VPOS="2521" HEIGHT="30" WIDTH="58" />
            <String ID="Word_2550" CONTENT="legte" HPOS="1670" VPOS="2501" HEIGHT="64" WIDTH="144" />
            <String ID="Word_2551" CONTENT="ich" HPOS="1847" VPOS="2501" HEIGHT="49" WIDTH="80" />
            <String ID="Word_2552" CONTENT="ihnen" HPOS="1961" VPOS="2502" HEIGHT="49" WIDTH="166" />
            <String ID="Word_2553" CONTENT="dar," HPOS="2164" VPOS="2502" HEIGHT="58" WIDTH="114" />
          </TextLine>
          <TextLine ID="TextLine_301" HPOS="130" VPOS="2569" HEIGHT="68" WIDTH="2147">
            <String ID="Word_2554" CONTENT="wie" HPOS="130" VPOS="2571" HEIGHT="49" WIDTH="100" />
            <String ID="Word_2555" CONTENT="Enttäuschungen" HPOS="279" VPOS="2569" HEIGHT="65" WIDTH="483" />
            <String ID="Word_2556" CONTENT="sozusagen" HPOS="812" VPOS="2590" HEIGHT="44" WIDTH="298" />
            <String ID="Word_2557" CONTENT="zur" HPOS="1160" VPOS="2592" HEIGHT="29" WIDTH="96" />
            <String ID="Word_2558" CONTENT="Tagesordnung" HPOS="1306" VPOS="2572" HEIGHT="65" WIDTH="432" />
            <String ID="Word_2559" CONTENT="jedes" HPOS="1785" VPOS="2573" HEIGHT="63" WIDTH="153" />
            <String ID="Word_2560" CONTENT="Forscher¬" HPOS="1990" VPOS="2574" HEIGHT="49" WIDTH="287" />
          </TextLine>
          <TextLine ID="TextLine_302" HPOS="130" VPOS="2640" HEIGHT="69" WIDTH="2147">
            <String ID="Word_2561" CONTENT="lebens" HPOS="130" VPOS="2640" HEIGHT="53" WIDTH="188" />
            <String ID="Word_2562" CONTENT="gehörten," HPOS="353" VPOS="2642" HEIGHT="63" WIDTH="283" />
            <String ID="Word_2563" CONTENT="und" HPOS="668" VPOS="2643" HEIGHT="50" WIDTH="113" />
            <String ID="Word_2564" CONTENT="ich" HPOS="811" VPOS="2643" HEIGHT="50" WIDTH="80" />
            <String ID="Word_2565" CONTENT="nannte" HPOS="923" VPOS="2655" HEIGHT="38" WIDTH="206" />
            <String ID="Word_2566" CONTENT="ihnen" HPOS="1161" VPOS="2643" HEIGHT="50" WIDTH="166" />
            <String ID="Word_2567" CONTENT="als" HPOS="1361" VPOS="2645" HEIGHT="50" WIDTH="75" />
            <String ID="Word_2568" CONTENT="Beispiel" HPOS="1470" VPOS="2644" HEIGHT="63" WIDTH="241" />
            <String ID="Word_2569" CONTENT="den" HPOS="1745" VPOS="2646" HEIGHT="49" WIDTH="102" />
            <String ID="Word_2570" CONTENT="Namen" HPOS="1880" VPOS="2645" HEIGHT="50" WIDTH="211" />
            <String ID="Word_2571" CONTENT="jenes" HPOS="2124" VPOS="2649" HEIGHT="60" WIDTH="153" />
          </TextLine>
          <TextLine ID="TextLine_303" HPOS="131" VPOS="2713" HEIGHT="61" WIDTH="2145">
            <String ID="Word_2572" CONTENT="Mannes," HPOS="131" VPOS="2713" HEIGHT="61" WIDTH="246" />
            <String ID="Word_2573" CONTENT="der" HPOS="415" VPOS="2714" HEIGHT="51" WIDTH="96" />
            <String ID="Word_2574" CONTENT="vor" HPOS="548" VPOS="2735" HEIGHT="30" WIDTH="99" />
            <String ID="Word_2575" CONTENT="rund" HPOS="685" VPOS="2715" HEIGHT="50" WIDTH="143" />
            <String ID="Word_2576" CONTENT="hundert" HPOS="863" VPOS="2715" HEIGHT="51" WIDTH="242" />
            <String ID="Word_2577" CONTENT="Jahren" HPOS="1144" VPOS="2716" HEIGHT="54" WIDTH="206" />
            <String ID="Word_2578" CONTENT="als" HPOS="1388" VPOS="2717" HEIGHT="50" WIDTH="75" />
            <String ID="Word_2579" CONTENT="erster" HPOS="1503" VPOS="2729" HEIGHT="38" WIDTH="177" />
            <String ID="Word_2580" CONTENT="ähnliche" HPOS="1717" VPOS="2716" HEIGHT="51" WIDTH="246" />
            <String ID="Word_2581" CONTENT="Versuche" HPOS="1999" VPOS="2717" HEIGHT="51" WIDTH="277" />
          </TextLine>
          <TextLine ID="TextLine_304" HPOS="130" VPOS="2787" HEIGHT="65" WIDTH="2147">
            <String ID="Word_2582" CONTENT="in" HPOS="130" VPOS="2789" HEIGHT="49" WIDTH="56" />
            <String ID="Word_2583" CONTENT="großem" HPOS="233" VPOS="2788" HEIGHT="64" WIDTH="226" />
            <String ID="Word_2584" CONTENT="Umfange" HPOS="502" VPOS="2787" HEIGHT="65" WIDTH="275" />
            <String ID="Word_2585" CONTENT="durchgeführt" HPOS="825" VPOS="2787" HEIGHT="65" WIDTH="397" />
            <String ID="Word_2586" CONTENT="und" HPOS="1268" VPOS="2790" HEIGHT="49" WIDTH="111" />
            <String ID="Word_2587" CONTENT="die" HPOS="1429" VPOS="2789" HEIGHT="50" WIDTH="87" />
            <String ID="Word_2588" CONTENT="von" HPOS="1562" VPOS="2808" HEIGHT="31" WIDTH="108" />
            <String ID="Word_2589" CONTENT="meinen" HPOS="1716" VPOS="2792" HEIGHT="47" WIDTH="220" />
            <String ID="Word_2590" CONTENT="Freunden" HPOS="1981" VPOS="2789" HEIGHT="51" WIDTH="296" />
          </TextLine>
          <TextLine ID="TextLine_305" HPOS="130" VPOS="2859" HEIGHT="65" WIDTH="2146">
            <String ID="Word_2591" CONTENT="Peter" HPOS="130" VPOS="2859" HEIGHT="51" WIDTH="165" />
            <String ID="Word_2592" CONTENT="und" HPOS="335" VPOS="2859" HEIGHT="50" WIDTH="113" />
            <String ID="Word_2593" CONTENT="Martin" HPOS="486" VPOS="2860" HEIGHT="49" WIDTH="207" />
            <String ID="Word_2594" CONTENT="gefundenen" HPOS="734" VPOS="2860" HEIGHT="64" WIDTH="350" />
            <String ID="Word_2595" CONTENT="Zahlen" HPOS="1123" VPOS="2861" HEIGHT="49" WIDTH="204" />
            <String ID="Word_2596" CONTENT="in" HPOS="1366" VPOS="2864" HEIGHT="46" WIDTH="57" />
            <String ID="Word_2597" CONTENT="hundert" HPOS="1462" VPOS="2861" HEIGHT="50" WIDTH="242" />
            <String ID="Word_2598" CONTENT="und" HPOS="1743" VPOS="2861" HEIGHT="50" WIDTH="113" />
            <String ID="Word_2599" CONTENT="aberhundert" HPOS="1899" VPOS="2862" HEIGHT="50" WIDTH="377" />
          </TextLine>
          <TextLine ID="TextLine_306" HPOS="130" VPOS="2930" HEIGHT="66" WIDTH="2146">
            <String ID="Word_2600" CONTENT="Fällen" HPOS="130" VPOS="2930" HEIGHT="52" WIDTH="187" />
            <String ID="Word_2601" CONTENT="bestätigt" HPOS="353" VPOS="2931" HEIGHT="65" WIDTH="264" />
            <String ID="Word_2602" CONTENT="und" HPOS="655" VPOS="2933" HEIGHT="49" WIDTH="113" />
            <String ID="Word_2603" CONTENT="gesichert" HPOS="805" VPOS="2932" HEIGHT="64" WIDTH="266" />
            <String ID="Word_2604" CONTENT="habe." HPOS="1107" VPOS="2932" HEIGHT="51" WIDTH="157" />
            <String ID="Word_2605" CONTENT="Zeit" HPOS="1303" VPOS="2934" HEIGHT="49" WIDTH="119" />
            <String ID="Word_2606" CONTENT="seines" HPOS="1460" VPOS="2936" HEIGHT="48" WIDTH="175" />
            <String ID="Word_2607" CONTENT="Lebens" HPOS="1673" VPOS="2933" HEIGHT="51" WIDTH="213" />
            <String ID="Word_2608" CONTENT="sei" HPOS="1926" VPOS="2937" HEIGHT="47" WIDTH="77" />
            <String ID="Word_2609" CONTENT="ihm" HPOS="2039" VPOS="2934" HEIGHT="50" WIDTH="113" />
            <String ID="Word_2610" CONTENT="die" HPOS="2190" VPOS="2934" HEIGHT="49" WIDTH="86" />
          </TextLine>
          <TextLine ID="TextLine_307" HPOS="130" VPOS="3004" HEIGHT="65" WIDTH="2144">
            <String ID="Word_2611" CONTENT="Anerkennung" HPOS="130" VPOS="3004" HEIGHT="65" WIDTH="417" />
            <String ID="Word_2612" CONTENT="versagt" HPOS="572" VPOS="3017" HEIGHT="52" WIDTH="219" />
            <String ID="Word_2613" CONTENT="geblieben." HPOS="819" VPOS="3004" HEIGHT="65" WIDTH="302" />
            <String ID="Word_2614" CONTENT="So" HPOS="1149" VPOS="3005" HEIGHT="51" WIDTH="68" />
            <String ID="Word_2615" CONTENT="begann" HPOS="1243" VPOS="3005" HEIGHT="64" WIDTH="217" />
            <String ID="Word_2616" CONTENT="ich" HPOS="1484" VPOS="3006" HEIGHT="50" WIDTH="81" />
            <String ID="Word_2617" CONTENT="denn" HPOS="1593" VPOS="3006" HEIGHT="49" WIDTH="144" />
            <String ID="Word_2618" CONTENT="vom" HPOS="1761" VPOS="3026" HEIGHT="29" WIDTH="126" />
            <String ID="Word_2619" CONTENT="Augustiner¬" HPOS="1913" VPOS="3005" HEIGHT="64" WIDTH="361" />
          </TextLine>
          <TextLine ID="TextLine_308" HPOS="130" VPOS="3077" HEIGHT="68" WIDTH="2144">
            <String ID="Word_2620" CONTENT="pater" HPOS="130" VPOS="3090" HEIGHT="55" WIDTH="158" />
            <String ID="Word_2621" CONTENT="Gregor" HPOS="331" VPOS="3078" HEIGHT="66" WIDTH="212" />
            <String ID="Word_2622" CONTENT="Mendel" HPOS="586" VPOS="3077" HEIGHT="53" WIDTH="223" />
            <String ID="Word_2623" CONTENT="zu" HPOS="851" VPOS="3097" HEIGHT="30" WIDTH="65" />
            <String ID="Word_2624" CONTENT="erzählen," HPOS="961" VPOS="3077" HEIGHT="61" WIDTH="273" />
            <String ID="Word_2625" CONTENT="vom" HPOS="1277" VPOS="3098" HEIGHT="30" WIDTH="126" />
            <String ID="Word_2626" CONTENT="Leben" HPOS="1445" VPOS="3078" HEIGHT="50" WIDTH="184" />
            <String ID="Word_2627" CONTENT="und" HPOS="1672" VPOS="3078" HEIGHT="51" WIDTH="113" />
            <String ID="Word_2628" CONTENT="Wirken" HPOS="1828" VPOS="3077" HEIGHT="51" WIDTH="227" />
            <String ID="Word_2629" CONTENT="dieses" HPOS="2100" VPOS="3079" HEIGHT="50" WIDTH="174" />
          </TextLine>
        </TextBlock>
        <TextBlock ID="TextBlock_65" HPOS="121" VPOS="162" HEIGHT="3118" WIDTH="2220">
          <TextLine ID="TextLine_309" HPOS="1185" VPOS="3224" HEIGHT="50" WIDTH="31">
            <String ID="Word_2630" CONTENT="9" HPOS="1185" VPOS="3224" HEIGHT="50" WIDTH="31" />
          </TextLine>
        </TextBlock>
      </PrintSpace>
    </Page>
  </Layout>
</alto>

