2178 3965
37 295 125 53 after
188 293 65 55 all
280 295 54 53 of
357 294 93 54 blit
476 294 131 54 little
633 302 244 61 account;
918 297 40 51 it
984 296 42 53 is
1055 315 115 52 only
1199 316 51 33 as
1271 296 84 53 the
1382 296 136 54 birth
1537 297 53 52 of
1612 297 86 53 the
1722 297 267 73 travailing

38 376 241 46 centuries
323 369 111 52 that
479 370 63 51 he
583 369 172 66 exists,
798 390 115 51 only
942 389 54 33 so
1036 370 75 52 far
1147 390 52 33 as
1226 371 64 52 he
1316 371 41 52 is
1385 391 28 33 a
1456 375 113 48 true
1596 371 136 53 birth
1760 372 54 52 of
1847 374 141 52 them

36 443 96 52 and
174 443 292 70 adequately
507 445 404 68 representative,
954 444 114 52 that
1098 444 64 52 he
1194 444 42 53 is
1264 445 55 52 of
1353 445 146 52 value
1523 468 10 30 :
1568 451 87 46 the
1692 465 136 33 more
1853 446 132 52 indi-

33 517 170 52 vidual
246 518 63 51 he
350 517 42 51 is
432 524 87 45 the
559 536 136 33 more
738 523 270 65 transitory
1049 518 103 52 will
1197 518 61 52 be
1301 518 79 52 his
1420 519 147 52 fame.
1645 519 172 52 When
1849 519 62 53 he
1942 520 44 51 is

34 590 253 53 immortal
331 590 61 52 he
437 591 88 51 has
570 590 202 54 become
800 612 27 32 a
853 610 133 34 mere
1026 611 146 33 name
1206 592 234 70 marking
1479 611 63 32 an
1587 611 176 51 epoch,
1793 593 99 52 and
1918 612 66 33 no

34 665 174 52 longer
235 683 63 34 an
323 663 294 54 individual.
696 665 328 65 Whosoever,
1045 665 53 52 in
1117 685 28 33 a
1170 665 184 52 foolish
1381 666 197 51 conceit
1605 666 53 51 of
1681 666 302 69 originality,

33 738 223 52 neglects
300 743 86 47 the
426 738 245 53 scattered
713 739 99 52 and
854 758 213 52 perhaps
1110 739 209 52 obscure
1357 739 203 52 labours
1589 739 54 52 of
1677 745 170 46 others
1874 740 111 53 who

34 813 126 51 have
185 811 243 71 preceded
455 812 121 64 him,
606 832 56 33 or
686 832 112 33 who
837 832 82 34 are
947 832 482 33 contemporaneous
1455 813 123 51 with
1605 813 140 64 him;
1787 813 197 52 whoso-

34 905 129 45 ever,
192 886 330 52 over-careful
558 886 54 52 of
646 886 78 52 his
764 886 281 53 individual
1079 887 146 64 fame,
1265 892 182 47 cannot
1480 905 140 51 carry
1655 886 212 52 forward
1905 887 80 52 his

0 945 2 72 i
38 979 112 32 own
178 959 258 52 evolution
464 960 120 52 with
611 980 28 32 a
665 979 167 34 serene
870 960 319 52 indifference
1223 966 54 47 to
1312 959 196 53 neglect
1548 979 55 32 or
1643 978 221 46 censure,
1893 959 95 53 but

0 1041 3 44 I
31 1052 170 34 makes
239 1033 190 71 puerile
464 1033 239 53 demands
730 1053 67 33 on
830 1040 87 47 the
952 1033 331 72 approbation
1310 1034 55 52 of
1399 1040 86 46 the
1512 1033 347 71 world—may
1884 1042 102 43 rest

33 1112 206 47 content
264 1107 112 52 that
400 1107 64 52 he
489 1107 42 53 is
558 1113 91 47 not
675 1128 29 32 a
730 1113 245 66 complete
1000 1107 138 53 birth
1166 1108 54 52 of
1253 1113 88 47 the
1380 1126 107 51 age,
1524 1106 93 53 but
1644 1126 137 33 more
1809 1126 54 33 or
1889 1107 96 52 less

32 1200 62 33 an
132 1181 224 53 abortive
402 1187 327 66 monstrosity
753 1204 10 30 :
803 1188 89 46 Ihe
929 1200 139 34 more
1106 1188 218 46 extreme
1363 1181 63 52 he
1452 1181 41 52 is
1524 1200 52 33 as
1604 1200 29 33 a
1660 1180 326 71 monstrosity

30 1260 86 47 the
143 1274 135 33 more
305 1254 212 53 original
543 1261 137 46 must
706 1256 62 52 he
794 1255 151 53 needs
971 1255 78 53 be.

105 1329 234 70 Viewing
365 1328 190 52 mental
583 1329 366 70 development,
976 1328 223 53 whether
1225 1329 54 51 in
1305 1328 88 53 the
1423 1326 277 53 individual
1740 1345 55 34 or
1820 1326 54 53 in
1898 1327 88 52 the

31 1421 128 47 race,
192 1422 53 33 as
289 1423 28 32 a
355 1422 196 51 process
580 1403 54 52 of
672 1403 362 70 organization,
1079 1422 52 33 as
1177 1408 86 47 the
1309 1420 347 35 consummate
1698 1400 195 71 display
1934 1400 56 52 of

31 1482 220 46 nature's
279 1495 207 34 organic
513 1476 270 65 evolution,
814 1477 99 52 and
937 1476 334 70 recognising,
1301 1496 52 33 as
1381 1494 69 33 we
1476 1479 136 47 must
1640 1474 82 64 do,
1750 1480 87 46 the
1852 1479 134 47 most

31 1550 251 53 favorable
324 1551 285 52 conditions
649 1551 55 52 of
739 1551 120 52 such
918 1550 258 53 evolution
1226 1555 54 47 to
1334 1550 62 53 be
1446 1554 87 47 the
1577 1554 135 46 most
1754 1548 232 52 intimate

0 1616 12 88 [
31 1624 241 70 harmony
299 1624 225 52 between
549 1643 116 34 man
687 1624 99 53 and
803 1643 196 46 nature,
1026 1643 72 33 we
1119 1643 113 52 may
1253 1624 190 70 rightly
1470 1621 257 65 conclude,
1757 1641 53 33 as
1836 1623 75 50 far
1932 1640 53 33 as

0 1682 13 68 I
33 1717 236 33 concerns
296 1704 85 46 the
407 1718 110 33 rule
544 1698 55 53 of
631 1718 28 33 a
684 1717 260 34 conscious
973 1697 207 53 method
1207 1698 54 52 of
1283 1699 219 69 inquiry,
1531 1695 124 52 with
1680 1701 86 47 the
1787 1700 198 47 ancient

0 1756 14 67 I
33 1772 98 51 and
157 1771 399 54 well-grounded
578 1772 299 52 maxim—■“
903 1772 165 52 Learn
1093 1777 54 46 to
1174 1771 151 53 know
1354 1769 191 55 thyself
1567 1769 57 52 in
1647 1775 198 60 nature,
1872 1774 113 47 that

0 1834 16 64 I
32 1865 53 33 so
113 1851 129 48 thou
267 1850 191 49 mayest
484 1845 152 54 know
662 1850 180 49 nature
867 1846 55 52 in
947 1844 240 73 thyself."
