2107 3450
1731 280 81 45 171

595 294 155 32 ORIGIN
787 293 54 31 OF
873 292 206 31 WRITTEN
1113 292 255 32 LANGUAGE.

637 510 155 55 Origin
815 509 50 42 of
893 508 182 43 Written
1097 509 241 55 Language.

218 635 91 42 The
338 633 212 55 language
583 630 47 43 of
658 630 189 43 Gesture
869 628 233 57 employed
1130 629 59 56 by
1211 628 280 51 deaf-mutes,
1514 642 192 43 savages,
1729 628 88 43 and

156 706 158 42 others,
338 704 78 42 has
449 704 110 41 been
592 701 225 43 described
847 715 47 29 as
924 700 317 43 substantially
1264 715 24 28 a
1311 701 424 55 picture-language,
1757 701 60 55 by

155 792 149 28 means
328 777 44 42 of
403 775 145 43 which
587 774 166 56 objects
786 787 84 29 are,
895 787 46 28 as
965 773 37 42 it
1025 787 123 37 were,
1170 773 202 56 pictured
1410 773 47 42 in
1496 773 74 43 tbe
1609 773 75 43 air.
1747 773 66 42 As

153 849 176 55 already
350 847 236 43 indicated,
603 847 36 42 it
660 847 39 42 is
721 846 103 43 held
843 846 60 56 by
924 860 135 28 many
1081 845 99 43 that
1201 846 91 43 this
1314 846 216 57 language
1553 846 45 42 of
1619 859 196 42 pictures

153 922 45 41 in
222 921 74 42 the
319 920 64 42 air
404 923 120 38 must
560 919 112 42 have
710 918 160 56 played
894 932 57 28 an
972 918 247 56 important
1250 923 98 52 part
1379 919 47 42 in
1465 932 236 42 preparing
1738 917 76 43 the

153 1008 95 27 way
272 993 66 42 for
360 992 74 43 the
457 991 215 56 language
695 991 49 42 of
764 990 178 43 Spoken
963 990 173 43 Words.
1201 991 115 51 This,
1341 991 216 43 however,
1574 994 162 40 cannot
1757 990 55 43 be

152 1065 161 56 proved
337 1069 45 38 to
404 1064 54 43 be
481 1078 25 28 a
528 1064 105 42 fact:
665 1064 36 41 it
723 1063 37 43 is
783 1063 106 42 only
912 1077 24 27 a
957 1063 287 55 proposition,
1265 1064 110 42 with
1398 1064 133 42 much
1564 1068 45 38 to
1643 1063 53 42 be
1718 1062 96 43 said

151 1139 45 40 in
218 1138 56 42 its
292 1137 165 43 favour.
512 1138 45 41 It
578 1137 37 42 is
635 1151 104 28 very
759 1136 208 42 different
984 1136 43 41 in
1054 1136 155 42 regard
1232 1140 45 38 to
1295 1136 75 43 the
1388 1137 141 42 origin
1548 1137 44 42 of
1613 1136 202 42 "Written

153 1209 226 44 lansniaGre.
464 1209 119 42 Here
631 1208 75 42 the
755 1207 209 43 evidence
1012 1208 37 42 is
1093 1208 263 43 conclusive.
1439 1208 80 42 All
1551 1208 263 42 authorities

152 1294 72 28 are
248 1280 154 55 agreed
425 1280 98 42 that
545 1281 123 41 there
692 1293 80 28 can
796 1279 52 42 be
871 1293 57 28 no
950 1279 191 56 possible
1174 1279 139 42 doubt
1343 1279 136 43 about
1499 1279 75 43 the
1598 1280 90 41 fact
1714 1279 99 41 that

155 1350 369 56 picture-writing
560 1349 212 57 preceded
813 1349 132 42 word*
956 1349 188 56 writing,
1167 1349 87 42 and
1287 1349 98 42 that
1423 1354 78 37 out
1538 1349 47 41 of
1617 1354 194 50 picture-

152 1427 190 52 writing,
364 1422 319 43 word-writing
714 1435 89 28 was
836 1421 156 55 slowly
1025 1421 196 42 evolved.
1285 1422 129 41 From
1438 1421 76 42 the
1538 1425 199 37 writings
1770 1420 48 42 of

154 1492 75 42 Mr
250 1493 47 42 E.
322 1493 47 42 B.
398 1492 142 56 Tylor,
574 1493 22 41 I
629 1491 115 43 shall
776 1491 250 43 endeavour
1058 1496 45 37 to
1137 1496 170 38 extract
1338 1505 26 29 a
1396 1492 84 42 few
1512 1491 45 42 of
1590 1491 76 42 the
1698 1496 117 37 most

153 1564 269 42 illustrative
444 1565 110 41 facts
580 1563 180 56 bearing
781 1577 118 42 upon
922 1563 76 42 the
1020 1563 216 55 question.

213 1637 91 41 The
337 1636 173 42 various
543 1635 134 43 tribes
701 1636 48 41 of
773 1635 148 42 North
942 1634 238 43 American
1220 1635 185 43 Indians
1437 1635 114 43 have
1583 1635 140 42 made,
1756 1649 59 28 on

153 1708 127 43 rocks
322 1708 88 42 and
452 1708 274 42 tombstones
769 1707 87 42 and
900 1706 155 43 blazed
1107 1708 254 55 pine-trees,
1403 1722 136 42 many
1593 1707 222 43 excellent

153 1780 224 43 examples
412 1781 46 41 of
490 1779 75 43 the
598 1784 114 38 most
749 1779 229 56 primitive
1015 1783 106 52 type
1156 1780 48 41 of
1237 1779 384 56 picture-writing.
1686 1778 131 57 They

153 1852 187 56 practise
383 1851 107 43 such
533 1851 371 56 picture-writing
941 1856 44 37 to
1023 1851 75 43 the
1140 1855 182 52 present
1360 1852 96 56 day.
1537 1852 279 56 Everything

151 1924 224 43 indicated
398 1925 36 41 is
457 1923 156 43 rudely
637 1923 79 43 but
739 1923 162 43 clearly
930 1923 161 43 drawn.
1156 1924 55 41 In
1235 1924 76 42 the
1332 1924 153 42 record
1507 1924 45 42 of
1574 1938 24 28 a
1620 1924 194 56 hunting

155 1996 269 56 expedition,
446 1996 67 42 for
534 1995 215 56 example,
765 2000 88 38 two
877 1995 348 56 comparatively
1247 1995 120 57 large
1390 1996 174 56 figures,
1580 1996 124 42 those
1728 1997 48 41 of
1788 2011 26 28 a

153 2068 106 42 bear
280 2068 85 42 and
389 2082 25 28 a
436 2067 188 43 cat-fish,
646 2067 192 43 indicate
861 2068 75 42 the
960 2068 99 42 clan
1080 2082 153 28 names
1256 2082 47 28 or
1325 2072 160 38 totems
1508 2069 48 41 of
1574 2068 76 43 the
1672 2069 141 42 chiefs

151 2139 99 43 who
272 2140 107 42 took
410 2144 99 51 part
529 2140 48 41 in
600 2140 61 42 it;
693 2140 86 42 and
802 2154 24 28 a
848 2154 187 28 number
1056 2139 45 43 of
1123 2139 178 43 smaller
1333 2140 172 56 figures,
1529 2140 126 43 those
1677 2141 49 42 of
1743 2141 71 43 six

149 2211 176 43 cat-fish
362 2211 87 42 and
487 2225 81 29 one
606 2211 115 43 bear,
743 2211 193 43 indicate
975 2212 75 42 the
1089 2211 113 43 spoil
1240 2212 48 41 of
1321 2211 76 43 the
1436 2212 269 56 expedition.
1769 2213 44 43 A

151 2283 181 43 warlike
365 2283 268 57 expedition,
661 2284 48 41 in
742 2284 90 43 like
865 2298 196 29 manner,
1083 2284 37 42 is
1152 2284 213 43 rendered
1398 2285 60 56 by
1489 2285 77 43 the
1599 2286 136 56 figure
1769 2286 45 43 of

149 2355 75 42 the
257 2355 118 43 chief
406 2370 56 28 on
496 2355 268 44 horseback;
797 2356 75 43 the
906 2361 139 38 totem
1078 2356 48 42 of
1153 2356 70 43 his
1256 2357 220 56 principal
1509 2357 104 56 ally,
1636 2373 24 27 a
1682 2359 130 57 king-

150 2427 156 54 fisher;
347 2427 68 43 six
458 2442 169 29 canoes,
663 2428 108 43 with
806 2428 180 57 upright
1019 2428 113 43 lines
1169 2428 48 42 in
1255 2428 122 44 them
1416 2433 45 39 to
1499 2430 194 44 indicate
1736 2431 77 43 the

150 2500 186 43 number
358 2500 48 43 of
423 2515 103 29 men
548 2500 48 42 in
619 2514 131 40 each;
782 2514 25 28 a
829 2500 192 53 tortoise,
1044 2500 264 57 apparently
1331 2506 45 38 to
1399 2502 194 43 indicate
1616 2503 98 42 that
1737 2504 76 42 the

149 2574 252 54 expedition
425 2578 75 52 got
522 2578 46 38 to
590 2573 130 55 land;
754 2573 86 43 and
875 2573 124 43 three
1032 2573 115 43 discs
1180 2574 142 43 under
1344 2589 25 28 a
1390 2574 138 54 vault,
1552 2579 44 39 to
1619 2575 194 44 indicate

148 2645 97 42 that
268 2645 124 43 there
415 2659 111 30 were
556 2645 125 44 three
713 2659 107 30 suns
853 2645 143 43 under
1027 2645 183 44 heaven,
1233 2645 99 44 that
1353 2647 50 51 is,
1426 2647 99 43 that
1547 2647 76 43 the
1645 2662 167 42 voyage

149 2715 102 42 took
274 2716 122 43 three
423 2717 117 43 days.

208 2787 175 56 Among
406 2788 75 42 the
503 2789 340 42 semi-civilized
864 2788 161 44 Aztecs
1049 2789 47 43 of
1115 2789 191 52 Mexico,
1330 2789 76 44 the
1429 2790 163 43 Indian
1620 2795 191 52 picture-

149 2858 177 55 writing
348 2859 125 43 made
496 2874 118 29 some
637 2865 120 38 steps
779 2861 48 41 in
851 2860 205 44 advance.
1122 2861 214 43 Pictures,
1359 2862 145 42 better
1526 2862 153 42 drawn
1704 2863 108 42 than

148 2928 125 43 those
295 2929 46 42 of
361 2929 73 43 the
461 2931 132 43 ruder
625 2932 197 43 Indians,
846 2932 239 43 continued
1108 2936 45 39 to
1176 2933 53 42 be
1252 2933 108 43 used
1383 2934 44 41 in
1455 2935 188 55 writing,
1666 2949 47 28 as
1735 2935 77 43 the

148 3001 365 54 representatives
536 3003 45 42 of
603 3003 74 44 the
701 3004 150 57 things
874 3004 215 56 pictured,
1112 3004 81 43 but
1215 3005 192 56 already,
1429 3005 104 57 long
1565 3006 148 43 before
1736 3007 76 43 the

150 3076 212 51 conquest
383 3073 47 41 of
450 3073 73 43 the
546 3080 186 51 country
756 3076 58 56 by
839 3075 73 43 the
937 3076 250 56 Spaniards,
1204 3091 25 27 a
1251 3091 99 28 new
1374 3077 194 43 element
1590 3078 87 42 had
1702 3078 111 43 been

151 3142 139 43 added
316 3148 42 38 to
383 3144 73 42 the
481 3145 184 57 writing.
730 3147 45 42 It
808 3161 89 29 was
930 3147 76 43 the
1033 3148 305 57 employment
1360 3149 45 42 of
1427 3164 25 27 a
1474 3149 119 57 large
1628 3149 186 43 number
