2113 3404
855 230 86 31 THE
976 230 239 33 DISORDERS
1247 232 51 33 OF
1331 234 172 32 SPEECH.

355 214 86 42 354

953 757 276 43 CHAPTER
1260 759 130 43 XIII.

360 893 207 42 Aphasia
609 904 48 31 in
699 893 228 42 Relation
965 904 53 30 to
1053 893 204 42 Organic
1291 894 220 42 Diseases
1548 905 54 31 of
1642 906 86 31 the
1770 897 205 40 Brain—

1055 963 242 43 Continued.

361 1116 377 42 Graphic-motor
765 1115 216 42 Aphasia.
1057 1115 221 43 Summary
1310 1126 53 32 of
1393 1127 86 30 the
1511 1116 203 42 Leading
1745 1116 232 42 Features

421 1197 53 31 of
519 1197 88 30 the
652 1196 245 31 different
945 1196 157 31 simple
1149 1186 152 41 forms
1333 1197 53 30 of
1417 1186 214 42 aphasia.
1694 1187 285 41 additional

421 1268 159 31 simple
602 1258 157 41 Forms
785 1268 272 30 recognised
1080 1268 55 30 by
1159 1255 256 43 Lichtheim
1438 1268 89 31 and
1549 1257 262 42 Wernicke.
1861 1258 117 41 Com-

422 1340 147 31 pound
602 1330 165 41 Forms.
830 1329 201 41 Method
1063 1339 53 30 of
1148 1328 319 42 Case-taking.

864 1473 375 42 Graphic-motor
1270 1472 214 42 Aphasia.

419 1576 97 42 The
537 1575 338 56 graphic-motor
897 1580 145 37 centre
1064 1575 42 41 D
1124 1574 91 42 still
1233 1575 186 41 remains
1436 1579 44 37 to
1497 1574 52 42 be
1566 1574 258 42 considered.
1877 1574 102 41 This

361 1652 146 36 centre
540 1647 36 41 is
612 1645 194 43 believed
838 1650 44 38 to
916 1645 52 42 be
999 1645 201 42 situated,
1221 1659 46 27 as
1299 1644 149 43 shown
1479 1645 47 41 in
1548 1644 73 42 the
1643 1644 337 55 accompanying

362 1718 190 54 diagram
574 1717 108 54 (Fig.
709 1716 85 55 13),
826 1721 45 36 at
907 1716 74 41 the
1017 1715 210 55 posterior
1263 1715 233 42 extremity
1527 1714 44 42 of
1607 1714 73 42 the
1714 1713 155 43 second
1900 1713 79 42 left

1345 1802 23 31 •2

1117 2804 68 25 FlO.
1204 2802 42 26 13.

370 2889 162 44 frontal
553 2885 291 51 convolution,
866 2882 293 43 immediately
1185 2882 43 40 in
1254 2881 115 40 front
1400 2880 47 40 of
1475 2878 72 42 the
1579 2883 137 36 motor
1747 2890 142 28 centre
1920 2876 64 41 for

370 2963 75 42 the
466 2959 129 44 hand,
619 2957 142 43 which
787 2953 182 45 extends
991 2958 45 37 at
1059 2953 71 41 the
1154 2966 116 27 same
1292 2949 112 43 level
1426 2962 139 29 across
1588 2947 103 43 both
1714 2947 72 42 the
1808 2946 176 42 ascend-

370 3034 75 41 ing
469 3028 159 45 frontal
651 3027 85 43 and
759 3024 231 57 ascending
1013 3021 182 59 parietal
1217 3023 310 41 convolutions.
