1895 3217
684 319 90 30 THE
799 318 236 32 SAPAJOUS.
1448 310 91 49 l69

180 461 109 46 very
312 447 246 46 abundant,
587 445 89 46 and
699 445 46 45 in
779 445 60 45 all
862 452 78 38 the
975 458 207 32 sonorous
1200 443 126 47 Voice
1359 442 39 48 is
1432 458 105 32 con-

182 538 216 29 spicuous.

247 599 97 45 The
367 607 110 37 next
500 614 136 45 group
660 598 148 46 which
831 613 148 31 occurs
1003 598 38 44 is

639 840 110 37 THE
778 839 290 48 SAPAJOUS,

246 995 270 61 Containing
538 995 192 46 animals
753 995 51 46 of
818 1011 27 30 a
866 1011 121 29 more
1011 1010 175 30 slender
1212 994 142 54 form;
1379 995 165 45 milder

183 1072 309 60 dispositions;
527 1072 78 45 the
638 1071 92 47 face
763 1073 152 44 rather
936 1072 110 54 flat;
1082 1078 78 39 the
1182 1071 84 46 tail
1288 1087 110 45 very
1420 1071 120 54 long,

184 1149 89 44 and
295 1155 77 38 the
395 1148 144 45 whole
561 1148 113 45 form
709 1149 47 45 in
792 1155 79 38 the
905 1148 180 61 general
1115 1154 183 39 contour
1325 1147 135 46 allied
1492 1153 47 40 to

183 1225 79 43 the
285 1224 212 45 Guenons
521 1223 50 47 of
584 1225 79 44 the
686 1224 89 46 Old
797 1225 175 46 World.
1031 1225 97 45 The
1150 1223 96 46 first
1263 1239 139 45 genus
1420 1229 46 40 to
1484 1224 56 45 be

185 1301 258 44 mentioned
478 1300 36 45 is
543 1301 143 45 Ateles
725 1300 50 46 of
796 1300 225 62 Geoffroy,
1051 1316 45 30 so
1127 1300 165 45 named
1322 1299 111 45 from
1463 1300 80 45 the

186 1376 229 60 imperfect
439 1383 217 39 stmcture
674 1376 50 46 of
737 1376 78 46 the
837 1376 89 46 fore
944 1376 290 53 extremities,
1255 1375 147 46 which
1417 1382 126 39 want

186 1459 77 38 the
287 1453 198 53 thumbs,
505 1453 88 44 and
611 1453 106 44 thus
740 1454 105 44 bear
866 1453 191 61 analogy
1079 1459 46 40 to
1148 1458 127 40 those
1290 1451 50 46 of
1359 1451 184 47 Colobus

186 1528 48 44 in
257 1529 78 44 the
357 1528 95 45 first
475 1529 302 60 geographical
811 1529 203 45 division.
1083 1529 45 45 It
1151 1543 110 46 may
1284 1529 55 45 be
1362 1528 182 45 charac-

187 1604 163 44 terised
372 1606 62 58 by
464 1619 28 29 a
514 1603 128 46 facial
665 1620 128 44 angle
816 1604 50 46 of
888 1610 135 40 about
1048 1603 81 47 60°
1144 1620 16 38 ,*
1200 1605 64 60 by
1292 1611 79 38 the
1394 1611 148 39 extre-

186 1680 149 46 mities
384 1681 130 59 being
576 1696 109 44 very
736 1681 102 60 long
896 1681 90 44 and
1052 1681 202 53 slender;
1316 1681 80 45 the
1454 1680 90 46 fore

185 1756 144 45 hands
368 1757 215 44 destitute
616 1755 51 47 of
697 1772 27 29 a
745 1757 177 53 thumb,
959 1772 47 30 or
1030 1757 168 60 having
1218 1762 103 40 that
1343 1759 202 43 member

187 1833 202 59 supplied
421 1833 62 60 by
507 1847 27 29 a
555 1832 260 53 rudiment;
851 1839 78 38 the
961 1832 84 46 tail
1073 1848 111 45 very
1207 1833 116 61 long,
1360 1834 184 45 covered

187 1915 46 37 at
257 1915 77 38 the
363 1915 67 53 tip
453 1908 113 45 with
596 1924 27 29 a
659 1909 186 44 delicate
879 1910 115 52 skin,
1030 1915 199 54 strongly
1258 1909 283 60 prehensile;

187 1990 77 38 the
288 1999 45 29 os
356 1984 184 59 hyoides
557 1984 134 60 large,
710 1985 82 43 but
809 1990 78 38 not
905 1991 215 53 apparent
1143 1999 56 31 on
1220 1990 79 39 the
1323 1985 187 45 outside.

254 2061 70 58 By
340 2058 223 61 Geoffrey,
583 2066 90 38 two
693 2075 177 44 species,
888 2060 146 44 which
1051 2060 115 46 have
1185 2075 27 31 a
1228 2060 313 63 rudimentary

189 2136 176 52 thumb,
391 2150 73 29 are
487 2135 225 60 generally
734 2135 154 60 placed
915 2142 47 38 at
990 2142 78 39 the
1097 2144 379 38 commencement
1500 2138 52 45 of

187 2212 90 44 this
292 2211 280 60 genus—the
591 2211 54 44 A.
659 2211 302 59 hyjpoxanthus
976 2212 88 46 and
1080 2212 459 55 Suhpentadactylus^

188 2288 82 43 but
295 2287 76 44 the
395 2286 110 45 form
529 2286 37 46 is
590 2287 102 44 well
714 2288 280 59 represented
1017 2290 62 59 by
