2107 3450
399 319 169 33 SPEECH
601 317 232 33 MEMORIES
866 317 57 31 Oil
955 317 183 32 IMAGES,
1171 317 92 32 ETC.

1569 304 87 47 247

1 444 154 42 within
198 442 75 43 the
308 440 101 43 field
444 441 44 42 of
526 439 154 43 vision.
746 437 269 45 Correlative
1059 437 107 43 with
1201 437 75 44 the
1309 437 270 57 immobility
1612 437 48 43 of

1 515 73 43 the
98 514 111 43 head
231 513 86 43 and
340 526 114 43 eyes,
478 511 120 43 there
620 511 38 42 is
692 509 74 44 the
789 515 150 51 aspect
966 509 44 42 of
1033 513 249 38 nninterest
1314 508 87 43 and
1424 508 232 56 stupidity,

1 587 73 43 the
95 600 185 29 absence
304 585 47 42 of
380 588 97 39 that
499 583 142 43 active
675 582 210 43 curiosity
909 581 144 42 which
1077 581 37 42 is
1149 580 217 56 normally
1390 580 265 43 manifested

1 659 53 56 by
79 672 225 42 monkeys,
328 656 87 43 and
436 656 76 43 the
534 655 167 44 mental
734 654 283 44 degradation
1052 654 145 43 which
1230 668 140 29 seems
1404 659 44 38 to
1482 654 173 57 depend

1 745 51 29 on
76 731 74 42 the
174 730 88 43 loss
297 729 44 43 of
364 729 74 43 the
474 727 167 43 faculty
665 728 48 42 of
743 727 232 43 attention,
998 726 86 43 and
1108 726 60 43 all
1201 726 95 43 that
1330 726 37 43 it
1398 726 177 57 implies
1607 727 47 42 in

1 803 68 42 bhe
92 802 154 43 sphere
268 802 45 43 of
333 800 275 44 intellectual
631 798 305 44 operations."1
986 799 43 42 It
1046 799 192 43 remains
1255 802 77 53 yet
1350 803 44 39 to
1418 799 52 43 be
1494 813 102 30 seen
1620 799 39 43 if

1 874 169 44 clinical
202 873 278 44 observation
514 887 118 42 upon
668 872 74 43 the
778 871 167 44 human
981 872 172 43 subject
1190 871 92 42 will
1319 871 114 57 fully
1470 872 183 42 confirm

1 946 116 43 these
156 946 285 43 conclusions.
506 945 45 42 It
586 959 102 42 may
731 945 54 43 be
817 944 107 53 said,
956 944 215 44 however,
1203 944 99 43 that
1334 944 76 43 the
1443 944 210 43 evidence

1 1017 220 44 furnished
254 1018 58 42 by
360 1017 75 43 the
469 1017 176 43 clinical
688 1031 120 29 cases
851 1017 48 42 of
936 1016 140 44 lesion
1121 1017 47 42 of
1207 1016 76 44 the
1325 1016 164 43 frontal
1532 1016 122 44 lobes

1 1089 168 58 already
193 1104 120 43 upon
334 1089 152 44 record
510 1089 101 43 does
634 1092 78 40 not
735 1103 118 29 seem
876 1093 45 39 to
944 1089 52 43 be
1020 1088 190 44 entirely
1234 1088 46 43 in
1303 1089 215 43 harmony
1544 1096 107 35 with

1 1162 125 44 them.
180 1163 128 43 Some
331 1163 44 43 of
397 1162 123 43 these
544 1176 130 39 cases,
693 1161 172 44 indeed,
882 1176 116 29 seem
1023 1162 187 56 entirely
1230 1161 192 56 opposed
1438 1166 44 38 to
1501 1161 153 44 them.2

54 1234 84 44 Let
164 1249 52 28 us
248 1249 100 28 now
380 1234 173 56 inquire
586 1233 97 43 how
717 1234 74 42 the
825 1234 191 42 exercise
1049 1233 45 42 of
1128 1232 74 43 the
1236 1233 222 42 attention
1491 1233 161 43 should

1 1307 141 43 result,
165 1307 47 42 in
236 1306 236 43 obedience
504 1310 45 38 to
573 1305 74 43 the
677 1305 106 43 laws
807 1306 47 42 of
872 1306 59 43 its
964 1305 239 57 operation,
1226 1305 46 42 in
1306 1304 76 43 the
1416 1310 235 38 education

1 1393 36 29 :o
60 1379 158 43 speech
241 1379 45 42 of
308 1392 80 29 one
411 1377 277 57 hemisphere
711 1377 115 57 only.

52 1452 84 42 We
184 1451 148 56 speak,
370 1450 290 57 figuratively,
699 1450 44 42 of
792 1449 74 43 the
910 1450 109 56 light
1061 1450 46 41 of
1151 1449 77 43 the
1275 1449 285 57 intelligence
1603 1465 49 28 or

1 1537 329 30 jonsciousness.
393 1522 148 43 When
577 1536 79 28 our
694 1521 146 43 minds
878 1535 74 29 are
990 1521 163 51 awake,
1187 1521 81 43 but
1305 1523 46 40 in
1389 1521 77 44 the
1500 1522 149 43 condi-

1 1594 83 43 tion
121 1594 49 42 of
208 1608 102 42 easy
347 1607 164 43 repose,
549 1593 89 43 this
680 1593 116 56 light
833 1607 103 42 may
974 1593 52 42 be
1064 1592 220 56 supposed
1328 1597 45 38 to
1416 1593 53 43 be
1513 1600 137 51 softly

1 1666 175 43 liffused
198 1667 47 42 in
276 1666 61 43 all
369 1680 81 29 our
481 1665 214 44 faculties.
760 1666 91 42 But
883 1665 128 43 when
1042 1679 80 29 our
1144 1666 222 42 attention
1389 1666 37 43 is
1450 1667 200 57 strongly

1 1739 235 43 iwakened,
279 1753 64 28 we
386 1739 177 43 become
606 1739 228 42 conscious
878 1738 48 43 of
977 1742 87 39 two
1111 1738 269 58 things—an
1423 1739 227 45 increased

1 1811 286 57 ixpenditure,
311 1811 86 43 and
431 1826 25 28 a
479 1811 330 44 concentration
832 1812 45 42 of
903 1825 80 29 our
1006 1811 166 43 mental
1195 1812 209 56 energies.
1469 1813 182 55 Indeed,

1 1883 59 44 -he
83 1884 331 43 concentration
431 1884 43 42 of
497 1883 189 57 thought
709 1898 118 42 upon
852 1898 82 29 one
956 1883 99 44 idea
1077 1898 103 43 may
1198 1885 54 43 be
1275 1899 47 29 so
1345 1886 185 44 marked
1553 1887 98 43 that

1 1954 59 44 ,he
90 1955 248 43 individual
360 1969 113 43 may,
497 1955 65 43 for
585 1956 75 43 the
684 1956 119 43 time,
828 1956 176 43 become
1032 1955 160 44 almost
1214 1956 220 45 oblivious
1457 1963 45 38 to
1525 1959 126 43 other

1 2032 192 48 natters;
225 2026 87 43 and
334 2026 103 44 thus
469 2027 38 42 it
528 2026 50 44 is,
601 2041 56 28 no
690 2027 150 53 doubt,
863 2027 100 42 that
991 2041 47 28 so
1063 2041 133 44 many
1222 2028 199 44 eminent
1445 2030 205 44 thinkers

1 2112 96 29 lave
140 2098 215 56 appeared
387 2104 45 37 to
465 2098 76 44 the
573 2099 151 57 public
762 2104 44 37 to
845 2100 53 42 be
934 2099 440 45 "absent-minded."
1438 2102 55 42 In
1532 2103 117 44 close

1 2171 206 57 linking,
230 2171 74 43 the
336 2171 114 56 light
481 2172 37 43 is
551 2186 55 28 no
638 2171 153 57 longer
823 2171 135 57 softly
981 2172 214 44 diffused;
1226 2173 36 43 it
1295 2173 37 44 is
1367 2174 212 57 gathered
1601 2190 49 29 or

1 2243 291 43 ioncentrated
313 2243 94 43 into
430 2258 25 28 a
476 2243 113 57 glow
612 2244 47 43 in
683 2258 132 42 every
838 2249 98 51 part
959 2245 47 42 of
1035 2244 76 45 the
1140 2245 126 44 mind
1289 2246 89 43 and
1400 2247 125 43 brain
1550 2248 98 44 that

1 2330 20 29 s
64 2316 190 57 actively
287 2316 203 56 engaged.
569 2317 54 52 If,
660 2317 67 42 for
764 2317 213 56 example,
1015 2317 76 44 the
1130 2318 123 43 mind
1290 2319 38 43 is
1367 2320 195 56 engaged
1599 2322 49 43 in

5 2388 198 57 eceiving
234 2388 86 43 and
354 2388 292 57 interpreting
677 2389 284 56 impressions
995 2391 175 57 coming
1201 2391 113 43 from
1346 2392 202 55 without,
1570 2394 77 45 the

1 2461 105 57 ight,
129 2476 65 29 we
227 2476 102 42 may
351 2461 205 56 imagine,
578 2462 135 56 glows
747 2462 45 42 in
827 2462 74 44 the
934 2463 181 43 cortical
1145 2464 222 57 receptive
1391 2470 186 50 centres,
1599 2481 47 30 as

1 2533 79 43 pell
103 2548 46 29 as
171 2534 47 43 in
251 2534 125 43 those
393 2534 143 57 layers
560 2549 47 28 or
629 2535 173 57 regions
822 2535 45 43 of
889 2535 76 44 the
984 2540 162 50 cortex,
1170 2536 224 45 wherever
1417 2538 107 58 they
1542 2554 103 43 may

1 2621 44 38 >e,
69 2606 96 44 that
188 2621 70 29 are
281 2607 241 44 concerned
546 2608 108 42 with
678 2608 75 44 the
776 2608 154 57 higher
954 2609 202 43 function
1181 2611 48 42 of
1247 2610 299 60 interpreting
1568 2613 77 44 the

1 2679 185 57 aeaning
221 2680 47 42 of
309 2679 75 44 the
423 2694 218 43 messages
679 2681 213 44 received.
956 2682 120 43 Thus
1121 2682 197 58 brightly
1360 2683 286 46 illuminated

1 2765 35 28 >n
73 2751 205 58 reaching
317 2752 74 44 the
430 2753 181 43 cortical
649 2757 184 50 centres,
866 2754 289 57 impressions
1194 2756 114 43 from
1341 2756 192 46 without
1570 2773 74 30 are

1 2823 200 56 >romptly
233 2825 199 43 received
465 2825 86 43 and
584 2826 284 57 interpreted.
932 2826 64 44 At
1029 2827 76 44 the
1141 2842 120 30 same
1298 2829 120 53 time,
1441 2830 106 58 they
1571 2846 73 30 are

2 2894 213 56 egistered
247 2896 157 44 within
437 2898 75 43 the
544 2903 219 53 gateway;
796 2899 232 58 becoming
1066 2900 185 58 thereby
1285 2902 166 58 images
1486 2904 48 43 in
1567 2905 77 44 the

29 3009 12 25 1
71 3011 69 37 The
159 3012 181 39 Function
358 3015 40 47 of
411 3015 55 37 the
486 3016 131 37 Brain,
638 3016 76 36 2nd
733 3016 155 47 edition,
907 3029 36 36 p.
964 3019 82 35 465.

28 3071 14 24 2
68 3072 79 45 See,
165 3073 54 36 for
233 3075 180 49 example,
428 3076 65 37 the
509 3077 128 37 record
653 3077 40 37 of
706 3077 63 37 the
785 3078 247 37 well-known
1053 3079 20 19 "
1086 3079 205 38 American
1306 3080 204 38 Crow-Bar
1529 3081 114 38 Case"

1 3130 169 49 Bigelow,
186 3134 196 38 American
395 3136 162 38 Journal
571 3138 42 47 of
622 3138 54 36 the
694 3138 93 37 Med.
804 3138 167 47 Sciences,
987 3137 96 49 July
1101 3139 112 49 1850)
1230 3153 8 31 ;
1253 3139 79 37 also
1346 3139 201 50 Velpeau's
1561 3154 81 25 case

2 3191 15 37 f
31 3192 63 37 the
113 3192 213 52 loquacious
344 3196 144 50 barber,
508 3198 162 38 referred
690 3204 37 32 to
746 3199 51 50 by
817 3200 197 46 Bateman,
1034 3200 184 49 Aphasia,
1237 3201 77 36 2nd
1334 3201 155 46 edition,
1509 3214 36 37 p.
1569 3204 56 35 28.
