2113 3404
934 262 86 32 THE
1055 264 240 34 DISORDERS
1328 268 53 31 OF
1412 268 174 34 SPEECI1.

448 246 85 41 422

448 387 47 29 so
517 374 189 44 situated
729 391 45 28 as
797 384 43 36 to
863 384 74 38 cut
967 394 141 30 across
1139 383 103 55 only
1265 384 71 43 the
1369 386 127 42 fibres
1521 388 254 53 proceeding
1797 388 263 42 downwards

448 443 109 44 from
591 445 37 42 B
659 448 185 42 towards
877 449 73 43 the
983 452 198 53 medulla,
1210 454 84 42 and
1326 456 119 42 leave
1474 456 137 43 intact
1631 458 58 42 all
1711 457 72 45 the
1807 458 124 42 fibres
1961 472 98 28 con-

449 516 175 57 necting
641 517 35 41 B
701 518 106 42 with
830 519 72 43 the
924 521 124 43 other
1069 523 354 54 speech-centres.
1487 525 51 45 In
1563 527 86 43 this
1671 541 107 29 case,
1799 528 73 42 the
1895 533 102 50 type
2018 527 45 41 of

447 584 179 56 aphasia
648 588 215 54 produced
885 590 36 42 is
945 590 94 42 that
1071 591 139 43 which
1242 593 77 43 has
1350 595 106 42 been
1487 597 163 41 termed
1682 597 72 41 the
1785 596 275 43 sub-cortical

447 669 47 28 or
515 656 336 56 infra-pictorial
877 665 138 37 motor
1046 665 112 51 type.
1223 663 42 41 Tt
1286 663 37 43 is
1345 664 311 44 characterised
1688 667 55 41 by
1777 666 72 42 the
1880 680 179 28 absence

448 726 46 41 of
513 728 193 41 amnesia
729 729 195 51 verbalis,
945 730 87 42 and
1053 731 57 54 by
1133 731 73 43 the
1229 735 214 41 retention
1466 735 43 41 of
1541 735 73 42 the
1642 749 141 41 power
1813 736 43 41 of
1889 743 170 48 writing

446 796 166 41 —with
645 798 74 42 the
750 798 91 52 left,
872 800 38 40 if
938 804 77 38 not
1046 801 106 41 with
1187 802 73 42 the
1297 803 115 56 right
1449 804 125 44 hand.
1636 806 173 42 Patrick
1847 806 211 56 Keaney's

449 881 94 28 case
567 882 99 42 may
688 869 52 41 be
762 870 131 42 taken
916 884 46 28 as
984 885 24 27 a
1031 871 80 41 fair
1133 873 197 55 example
1352 874 46 41 of
1416 875 45 42 it.

506 938 130 51 Here,
657 952 109 37 now,
798 953 141 29 comes
966 953 24 28 a
1019 940 201 55 question
1251 942 44 41 of
1331 956 116 28 some
1484 943 225 55 difficulty.
1770 945 41 40 If
1847 945 100 54 only
1981 958 77 30 one

448 1023 198 28 common
668 1010 150 42 strand
840 1010 47 41 of
905 1014 139 38 motor
1066 1011 127 42 fibres
1210 1012 86 54 (for
1317 1012 73 42 the
1412 1012 119 42 vocal
1553 1013 84 42 and
1660 1014 72 42 the
1753 1014 88 42 oral
1862 1014 197 42 articula-

448 1079 88 42 tive
559 1080 307 55 mechanisms)
901 1081 150 54 passed
1078 1081 266 43 downwards
1371 1082 108 42 from
1512 1083 166 43 Broca's
1710 1085 274 41 convolution
2016 1089 44 37 to

449 1150 72 43 the
539 1150 104 43 cells
657 1151 47 41 of
717 1151 74 42 the
805 1151 157 42 second
978 1151 168 55 trophic
1160 1152 133 42 realm
1308 1152 45 42 in
1372 1153 71 42 the
1462 1154 199 51 medulla,
1676 1154 115 52 then,
1805 1155 168 54 clearly,
1987 1155 72 41 the

447 1220 169 55 cutting
638 1234 140 28 across
795 1221 46 41 of
860 1220 96 42 that
972 1220 137 56 single
1127 1221 148 42 strand
1294 1222 57 54 by
1365 1222 163 43 disease
1547 1223 139 42 would
1702 1223 159 55 always
1875 1223 183 55 produce

446 1289 74 43 the
543 1304 116 28 same
682 1291 400 55 effect—complete
1104 1296 138 37 motor
1263 1292 285 42 disablement
1570 1294 43 41 of
1635 1294 270 54 speech,—at
1928 1302 129 33 what-

448 1375 100 28 ever
578 1361 113 42 level
723 1361 44 42 in
806 1362 74 42 the
918 1366 111 37 tract
1062 1362 74 42 the
1169 1362 136 42 lesion
1339 1363 139 55 might
1511 1364 51 41 be
1596 1364 197 41 situated.
1857 1365 50 40 In
1940 1364 119 42 other

449 1431 150 51 words,
622 1436 138 38 motor
781 1431 176 56 aphasia
979 1432 43 41 of
1040 1432 72 42 the
1130 1432 331 55 infra-pictorial
1478 1437 102 51 type
1599 1434 142 41 would
1763 1434 50 42 be
1837 1435 221 54 produced,

448 1501 195 42 whether
665 1501 71 42 the
760 1505 112 38 tract
895 1515 109 28 were
1027 1505 73 38 cut
1121 1515 139 28 across
1282 1506 44 37 at
1347 1516 25 27 a
1393 1502 114 43 little
1529 1503 190 42 distance
1753 1504 105 40 from
1894 1503 164 42 Broca's

446 1572 279 42 convolution
767 1586 46 27 or
854 1576 45 37 at
939 1586 24 27 a
997 1577 118 50 great
1156 1572 192 42 distance
1391 1573 108 41 from
1541 1574 183 54 it—say,
1765 1573 45 42 in
1852 1574 72 41 the
1961 1587 96 28 crus

446 1642 175 42 cerebri.
683 1642 89 41 But
794 1655 64 28 we
879 1641 128 41 know
1030 1647 96 36 that
1148 1641 87 42 this
1257 1642 36 41 is
1316 1646 76 37 not
1413 1643 72 41 the
1508 1656 93 28 case
1617 1659 8 25 :
1656 1657 61 27 we
1732 1643 124 40 know
1874 1643 94 41 that
1985 1643 72 41 the

444 1711 334 55 infra-pictorial
811 1716 102 50 type
946 1711 45 41 of
1022 1715 138 37 motor
1190 1712 176 54 aphasia
1398 1712 37 41 is
1469 1712 208 54 typically
1710 1712 213 54 produced
1956 1711 101 55 only

445 1783 127 41 when
595 1783 73 41 the
690 1796 140 28 motor
851 1786 110 37 tract
985 1782 75 41 has
1081 1782 109 41 been
1213 1782 206 55 damaged
1452 1782 44 42 in
1529 1782 73 42 the
1636 1796 134 40 upper
1800 1786 97 51 part
1927 1782 43 40 of
2002 1782 55 41 its

445 1868 160 28 course,
646 1852 260 43 somewhere
947 1852 196 42 between
1180 1852 168 41 Broca's
1385 1852 276 42 convolution
1694 1852 85 42 and
1817 1852 71 42 the
1925 1865 133 43 upper

444 1929 97 51 part
577 1925 45 41 of
656 1925 74 41 the
765 1923 190 43 internal
993 1923 183 42 capsule.
1254 1923 177 41 Lesions
1467 1922 46 42 in
1550 1923 73 42 the
1660 1923 185 41 internal
1887 1922 170 54 capsule

446 1994 225 41 involving
694 1993 73 42 the
789 1993 300 55 speech-tract,
1111 1993 35 41 it
1167 1993 36 41 is
1225 1993 219 55 generally
1467 1993 204 42 believed,
1694 1993 52 41 do
1770 1997 74 37 not
1874 1993 182 54 produce

443 2078 177 42 aphasia
643 2064 171 56 (except
835 2064 231 55 indirectly
1087 2064 58 55 by
1168 2077 207 41 pressure,
1398 2068 123 50 etc.);
1552 2078 75 27 nor
1658 2063 54 42 do
1743 2063 156 42 lesions
1930 2063 127 42 lower

444 2136 139 42 down,
606 2135 45 41 in
674 2135 74 41 the
770 2148 96 28 crus
888 2148 46 28 or
955 2148 117 41 pons.
1137 2134 114 42 Such
1272 2133 159 43 lesions
1454 2148 98 40 may
1574 2134 64 41 for
1668 2148 25 27 a
1725 2134 102 41 time
1849 2134 205 54 seriously

443 2207 203 41 interfere
668 2205 107 42 with
797 2204 290 52 articulation,
1117 2204 238 55 producing
1386 2218 24 28 a
1441 2204 241 42 dysarthric
1712 2203 273 42 disturbance
2015 2204 44 41 of

444 2277 157 43 speech
623 2280 96 38 that
741 2275 245 42 commonly
1009 2275 120 41 takes
1153 2274 72 42 the
1248 2274 109 42 form
1388 2274 44 42 of
1462 2274 212 55 slurring;
1705 2274 79 41 but
1816 2273 71 42 the
1921 2273 136 41 words

445 2347 241 45 attempted
742 2360 71 28 are
867 2345 222 42 evidently
1142 2345 72 42 the
1268 2345 116 54 right
1432 2358 115 37 ones,
1598 2343 175 55 though,
1824 2344 108 40 from
1984 2342 71 42 the

444 2417 167 44 slurred
633 2416 86 42 and
741 2429 196 41 slovenly
960 2414 286 42 articulation,
1275 2414 36 41 it
1341 2428 100 27 may
1472 2413 52 42 be
1555 2412 184 42 difficult
1768 2416 44 38 to
1843 2412 215 55 recognise

444 2490 131 41 them.
635 2486 128 43 After
784 2500 24 27 a
830 2485 117 42 time,
969 2498 107 28 even
1100 2484 87 42 this
1210 2484 243 54 dysarthria
1482 2498 98 40 may
1602 2497 97 40 pass
1730 2496 133 41 away,
1894 2479 160 59 though

444 2560 73 42 the
550 2557 133 43 break
719 2557 46 41 in
797 2556 74 41 the
903 2558 138 38 motor
1074 2558 112 38 tract
1221 2553 97 42 that
1350 2553 229 55 originally
1610 2552 154 42 caused
1796 2553 35 40 it
1862 2552 192 42 remains.

443 2631 101 41 Two
581 2626 230 57 problems,
842 2624 222 51 therefore,
1100 2627 175 52 present
1311 2622 259 43 themselves
1607 2623 63 40 for
1706 2622 198 42 solution.
1980 2623 74 52 (1.)

441 2700 119 43 Why
584 2698 100 42 does
706 2711 24 27 a
761 2696 137 41 lesion
930 2693 46 43 in
1008 2694 73 42 the
1113 2693 286 42 speech-tract
1435 2696 44 38 at
1515 2706 45 28 or
1592 2692 137 42 below
1763 2692 73 42 the
1868 2691 186 43 internal

443 2769 174 45 capsule
649 2772 78 38 not
748 2779 185 43 produce
959 2762 329 44 infra-pictorial
1310 2776 139 28 motor
1469 2762 176 55 aphasia
1665 2764 14 39 ?
1711 2762 83 41 and
1818 2762 77 54 (2.)
1927 2761 129 50 Why,

440 2843 48 42 in
518 2840 75 44 the
626 2841 201 53 majority
860 2836 45 42 of
935 2848 129 29 cases,
1100 2834 37 42 is
1172 2833 72 42 the
1279 2832 242 56 dysarthria
1556 2831 213 56 produced
1803 2831 56 56 by
1893 2831 102 42 such
2031 2844 24 28 a

440 2913 138 43 lesion
599 2907 227 46 recovered
851 2907 120 41 from,
995 2905 108 42 after
1125 2918 24 27 a
1171 2903 104 42 time
1294 2905 14 39 ?

498 2983 137 43 These
670 2985 85 38 two
792 2976 216 58 problems
1043 2990 79 28 can
1150 2975 52 41 be
1237 2973 146 43 solved
1412 2972 100 56 only
1553 2972 54 56 by
1640 2986 76 28 our
1747 2971 204 56 adopting
1983 2970 69 41 the

444 3056 106 41 view
595 3057 94 37 that
734 3050 73 42 the
839 3052 289 39 speech-tract
1161 3044 139 43 which
1333 3043 141 43 leaves
1510 3041 168 44 Broca's
1710 3046 277 38 convolution
2018 3039 35 41 is
