2418 3377
116 209 124 49 such
283 208 300 52 besonders
629 211 267 63 geeignet.
940 210 123 49 Von
1107 209 106 50 den
1256 209 202 50 beiden
1503 208 372 50 zutraulichen
1919 208 220 64 Nagern
2184 211 69 47 ist

117 280 214 57 „Frau"
358 281 522 51 Meerschweinchen
908 282 332 50 schneeweiß
1267 283 98 48 mit
1392 292 158 38 roten
1577 279 209 64 Augen,
1813 280 127 55 „er"
1967 280 286 64 hingegen,

117 353 145 50 Herr
304 353 542 60 Meerschweinchen,
888 357 70 47 ist
1003 373 132 44 ganz
1180 354 231 50 schwarz
1454 353 113 49 und
1612 352 368 63 dunkeläugig
2022 355 99 46 wie
2167 354 87 46 ein

117 425 215 50 kleiner
366 427 181 49 Satan.
580 427 223 49 Freund
835 427 164 49 Peter
1034 426 158 50 sollte
1228 426 210 49 einfach
1472 424 326 58 feststellen,
1831 425 100 47 wie
1968 424 85 49 die
2087 423 166 50 Nach¬

117 497 257 50 kommen
402 499 265 49 aussehen
690 499 243 58 würden,
956 498 113 49 und
1093 518 58 28 er
1174 518 112 29 war
1308 528 70 4 —
1401 497 135 50 stolz
1564 497 93 48 auf
1684 496 183 49 diesen
1891 494 357 64 Forschungs¬

119 571 221 63 auftrag
363 601 71 4 —
456 571 336 55 mindestens
821 570 198 50 ebenso
1048 581 266 53 gespannt
1338 571 100 47 wie
1466 571 87 47 ein
1578 568 677 61 Universitätsprofessor,

119 642 96 49 der
259 643 123 52 dem
423 642 266 64 Ergebnis
734 646 151 46 einer
926 641 531 63 bedeutungsvollen
1496 638 428 52 Versuchsreihe
1968 651 287 51 entgegen¬

118 714 162 49 sieht:
329 715 166 49 Peter
540 716 182 62 fragte
769 715 123 58 sich,
940 713 67 50 ob
1056 714 85 49 die
1187 712 730 62 Meerschweinchenjungen
1962 711 143 49 wohl
2154 710 101 49 alle

118 787 231 48 schwarz
395 786 226 50 würden
667 788 135 48 oder
848 787 104 49 alle
999 786 158 60 weiß,
1203 786 68 49 ob
1319 805 53 30 es
1420 805 93 43 gar
1559 784 306 64 gescheckte
1912 783 134 49 oder
2093 801 163 46 graue

118 858 524 50 Meerschweinchen
688 859 171 63 geben
902 859 187 49 würde
1135 858 133 50 oder
1312 857 272 50 vielleicht
1630 857 129 49 alles
1806 855 449 49 durcheinander.

119 930 94 51 Als
253 931 145 49 dann
436 931 96 49 der
570 932 168 62 große
774 930 336 64 Augenblick
1148 930 323 63 gekommen
1506 949 129 39 war,
1673 928 178 50 schien
1888 927 165 49 Peter
2092 939 164 37 etwas

119 1003 327 59 enttäuscht,
486 1003 103 49 daß
630 1004 102 48 alle
770 1005 117 47 vier
926 1002 212 63 Jungen
1178 1022 173 44 genau
1390 1021 56 31 so
1487 1000 265 50 aussahen
1789 1000 100 48 wie
1931 999 94 49 der
2062 998 192 50 Vater:

119 1075 244 50 Schwarz
396 1076 114 49 und
542 1075 391 64 dunkeläugig!

190 1149 152 51 Aber
383 1151 167 49 Peter
591 1154 71 47 ist
705 1163 144 37 trotz
894 1154 179 47 seiner
1116 1150 216 64 Jugend
1374 1152 160 49 schon
1578 1153 151 47 einer
1772 1170 107 30 von
1924 1151 103 49 den
2071 1151 187 50 echten

120 1223 469 50 Naturforschern
621 1254 70 4 —
726 1244 58 28 er
818 1223 94 49 hat
946 1223 118 49 ihre
1102 1236 143 36 erste
1281 1223 243 63 Tugend,
1560 1223 232 58 Geduld,
1828 1223 112 48 und
1976 1224 129 48 auch
2140 1223 118 48 ihre

121 1298 213 47 zweite:
363 1295 118 50 Ihm
506 1296 124 48 fällt
657 1307 165 38 etwas
848 1296 180 48 Neues
1055 1296 108 48 ein!
1191 1296 125 49 Und
1341 1298 87 46 ein
1451 1295 227 49 bißchen
1706 1295 167 49 Glück
1900 1294 94 49 hat
2020 1315 58 29 er
2106 1294 149 49 auch:

120 1368 145 49 Zwei
302 1367 96 50 der
435 1367 214 64 Jungen
688 1368 120 49 sind
845 1367 308 58 Weibchen,
1189 1370 132 46 zwei
1356 1367 318 49 Männchen.
1712 1366 125 50 Und
1874 1385 56 30 so
1967 1379 198 37 wartet
2202 1385 57 29 er

121 1443 88 46 ein
242 1440 189 50 halbes
467 1440 134 54 Jahr
636 1459 60 44 ge
706 1440 202 62 duldig,
942 1439 80 50 bis
1057 1441 148 48 seine
1238 1442 199 60 jungen
1474 1438 522 51 Meerschweinchen
2032 1438 227 50 erwach¬

122 1531 92 30 sen
256 1512 144 59 sind;
444 1532 58 30 er
544 1512 94 49 hat
681 1515 76 47 sie
798 1511 262 50 während
1104 1511 177 54 dieser
1323 1512 118 48 Zeit
1485 1512 74 49 als
1602 1510 240 49 Pärchen
1884 1509 374 50 voneinander

121 1596 258 51 getrennt
418 1584 269 63 gehalten.
728 1585 160 48 Dann
925 1586 69 47 ist
1034 1604 53 30 es
1128 1586 208 47 soweit:
1377 1581 726 51 Meerschweinchen-Enkel
2142 1581 116 50 sind

1024 1758 44 60 ^
1378 1758 38 66 ?

128 2679 87 51 da!
271 2678 151 50 Aber
474 2681 101 48 wie
630 2677 393 64 merkwürdig!
1079 2678 62 49 In
1193 2678 198 50 beiden
1445 2678 231 50 Würfen
1730 2679 132 63 liegt
1915 2679 177 50 neben
2149 2679 117 50 drdi

127 2751 322 60 schwarzen,
486 2752 84 49 die
607 2749 265 52 aussehen
905 2753 101 47 wie
1044 2750 84 50 die
1165 2751 303 49 schwarzen
1500 2751 210 60 Eltern,
1746 2754 87 47 ein
1869 2751 396 50 schneeweißes

127 2825 222 62 Junges,
392 2824 191 50 dessen
622 2823 192 64 Augen
856 2824 142 49 denn
1040 2823 130 50 auch
1211 2844 175 44 genau
1426 2844 57 30 so
1524 2824 343 49 korallenrot
1906 2824 220 49 werden
2165 2825 100 47 wie

127 2897 86 51 die
247 2899 180 47 seiner
460 2896 456 57 „Großmutter"!

196 2975 168 49 Peter
393 2974 177 50 macht
601 2974 105 50 sich
738 2977 148 47 seine
918 2976 225 61 eigenen
1175 2973 301 51 Gedanken
1506 2974 137 49 über
1676 2977 149 47 seine
1855 2972 411 52 Meerschwein¬

129 3047 494 63 chenzüchtungen.
650 3047 192 59 Wenn,
870 3066 56 30 so
955 3059 117 50 sagt
1101 3066 58 29 er
1185 3047 125 59 sich,
1333 3049 60 47 in
1424 3046 96 50 der
1548 3047 227 59 dritten,
1804 3046 97 49 der
1927 3046 338 63 Enkelgene¬

126 3124 202 56 ration,
352 3119 204 50 wieder
579 3120 173 48 weiße
776 3119 159 50 Tiere
961 3119 290 51 entstehen
1273 3119 269 59 konnten,
1567 3139 55 30 so
1648 3119 149 50 kann
1820 3120 56 47 in
1902 3118 96 51 der
2022 3122 247 56 zweiten.

1183 3268 30 47 6
