2149 3654
630 1010 239 56 PAET
922 1010 298 57 FIBST.

28 1187 116 51 THE
185 1187 365 53 FUNCTIONAL
603 1189 322 52 DISORDERS
967 1189 69 52 OF
1090 1190 115 50 THE
1248 1189 177 52 VOCAL
1465 1186 359 54 MECHANISM.

748 1473 285 43 CHAPTEE
1066 1473 33 42 I.

187 1621 72 43 On
291 1620 331 44 Stammering;
674 1632 94 30 and
802 1631 59 31 on
894 1631 89 31 the
1017 1619 154 43 Study
1203 1630 54 32 of
1290 1631 89 31 the
1411 1619 258 43 Alphabet.

153 1760 97 42 The
272 1759 300 56 performance
596 1760 48 41 of
662 1773 25 28 a
707 1758 113 57 good
842 1758 155 56 player
1014 1772 56 28 on
1097 1758 74 43 the
1195 1757 142 43 violin
1360 1758 160 43 affords
1542 1772 25 29 a
1591 1758 169 43 beauti-

92 1832 67 42 ful
180 1831 269 43 illustration
467 1831 48 42 of
533 1830 274 43 co-ordinate
826 1835 265 38 movement.
1136 1830 86 42 His
1239 1835 86 37 two
1345 1829 143 44 hands
1511 1834 248 39 co-operate

92 1909 109 38 with
236 1904 105 43 each
379 1904 138 50 other,
539 1903 244 57 gracefully
806 1903 87 42 and
929 1903 150 56 easily,
1102 1903 47 42 in
1186 1903 74 42 the
1296 1903 234 43 execution
1562 1903 48 43 of
1641 1904 117 42 their

92 1976 186 43 delicate
313 1976 111 42 task.
488 1976 121 42 Each
646 1975 119 42 hand
803 1975 79 43 has
920 1975 58 42 its
1014 1989 100 28 own
1145 1974 122 43 work
1306 1979 45 38 to
1388 1975 206 55 perform.
1659 1974 98 44 The

90 2048 130 56 right,
243 2048 208 42 wielding
473 2048 74 42 the
570 2048 109 41 bow,
702 2047 38 42 is
762 2047 76 43 the
860 2047 216 56 producer
1098 2046 47 42 of
1172 2046 165 43 sound:
1370 2047 48 41 in
1450 2061 159 41 proper
1635 2047 121 52 time,

91 2121 88 42 and
202 2121 108 42 with
333 2125 165 37 correct
520 2119 221 42 emphasis
765 2119 45 42 of
843 2118 145 43 touch,
1010 2118 37 43 it
1069 2117 108 44 calls
1199 2118 119 42 forth
1340 2118 76 43 the
1437 2119 245 43 vibrations
1711 2122 49 40 of

92 2192 74 43 the
188 2193 162 42 strings
372 2192 48 41 in
451 2191 126 56 rapid
609 2190 259 43 succession.
934 2190 91 43 The
1047 2189 83 44 left
1161 2189 120 43 hand
1310 2190 176 43 moulds
1508 2190 76 44 the
1611 2193 144 42 sound

88 2265 96 42 into
216 2277 153 38 music,
393 2263 58 42 by
478 2263 59 42 its
569 2261 326 44 manipulation
928 2262 45 42 of
1005 2261 77 43 the
1115 2261 171 57 strings.
1352 2261 66 43 Its
1440 2264 161 54 fingers
1633 2268 121 37 must

88 2343 78 35 not
198 2335 106 57 only
326 2335 111 55 keep
465 2348 119 42 pace,
606 2348 120 42 upon
748 2334 76 43 the
857 2334 178 57 strings,
1058 2333 109 42 with
1190 2333 76 43 the
1298 2339 278 38 movements
1599 2334 46 43 of
1675 2335 76 43 the

88 2407 121 43 bow:
243 2408 106 42 they
378 2413 120 36 must
522 2406 132 43 touch
679 2406 108 43 each
810 2406 156 56 string,
991 2411 44 37 to
1059 2420 25 28 a
1106 2405 162 56 nicety,
1290 2405 49 42 in
1361 2405 76 44 the
1460 2405 120 58 right
1602 2406 151 57 place;

87 2479 230 43 otherwise
341 2479 74 43 the
453 2484 103 38 note
586 2478 91 42 will
716 2479 54 42 be
808 2483 79 38 out
923 2478 48 43 of
1005 2483 118 38 tune.
1187 2478 81 43 Let
1303 2478 37 42 it
1375 2478 52 43 be
1461 2479 291 56 particularly

86 2550 186 43 noticed,
295 2565 47 28 as
365 2550 45 43 of
441 2550 164 43 special
626 2550 186 43 interest
844 2550 47 42 in
920 2549 249 44 connexion
1194 2549 110 42 with
1326 2564 80 28 our
1436 2554 179 51 present
1647 2551 103 42 sub-

79 2622 103 55 ject,
200 2622 98 42 that
321 2622 72 43 the
416 2627 87 38 two
527 2622 141 43 hands
686 2627 121 38 must
829 2625 73 40 act
928 2622 48 42 in
999 2620 168 58 perfect
1188 2621 327 43 co-ordination
1537 2636 83 29 one
1640 2632 109 33 with

84 2694 74 42 the
182 2694 147 43 other:
364 2695 98 43 that
493 2697 37 41 is
563 2700 45 38 to
641 2709 90 43 say,
754 2694 99 43 that
895 2694 107 43 each
1034 2694 132 43 hand,
1188 2694 48 42 in
1269 2694 210 57 assisting
1501 2694 76 44 the
1609 2695 140 52 other,

85 2774 117 36 must
235 2769 187 55 perform
446 2769 57 43 its
532 2773 101 52 part
655 2770 48 41 of
732 2768 75 43 the
836 2767 120 43 work
981 2767 177 43 exactly
1181 2771 46 39 at
1249 2768 75 42 the
1347 2767 120 57 right
1489 2773 259 38 moment—

84 2840 172 43 neither
282 2845 72 38 too
376 2855 106 28 soon
505 2855 81 28 nor
607 2845 72 38 too
702 2840 90 43 late
809 2840 193 54 ;—since
1024 2839 76 44 the
1134 2839 207 57 slightest
1372 2840 304 42 inexactitude
1699 2840 48 41 in

82 2911 87 43 this
192 2917 170 51 respect
383 2912 146 43 would
551 2913 53 43 be
626 2912 168 43 utterly
817 2911 270 43 destructive
1116 2912 45 41 of
1192 2911 76 43 the
1298 2911 151 43 music.
1514 2912 132 42 From
1670 2912 74 41 the

83 2984 319 43 consideration
435 2985 48 42 of
511 2985 123 43 these
666 2983 305 44 independent
1001 2982 89 44 and
1128 2982 234 44 combined
1395 2988 273 38 movements
1702 2983 48 43 of

84 3056 72 42 tlie
179 3061 86 37 two
298 3056 140 43 hands
471 3057 47 42 of
548 3057 75 43 the
656 3056 213 43 violinist,
892 3069 82 29 one
1008 3069 81 28 can
1112 3055 114 42 form
1259 3069 119 28 some
1417 3054 260 57 conception
1701 3054 45 41 of

85 3127 72 43 the
192 3128 245 44 wonderful
472 3129 171 43 facility
677 3128 87 43 and
800 3127 252 44 exactitude
1089 3127 47 42 of
1168 3127 233 43 execution
1444 3126 97 42 that
1576 3140 80 29 can
1691 3125 53 43 be

1535 3198 30 28 A
