1895 3217
1423 342 89 46 107

690 352 91 32 THE
805 352 228 31 SIAMANG.

145 481 273 47 surrounded
448 482 61 60 by
533 480 110 45 theii
684 480 103 60 long
820 494 133 39 arms^
979 478 90 45 and
1091 478 170 60 having
1282 477 78 45 the
1389 477 120 45 head

145 559 232 45 concealed
394 560 204 43 between
616 557 117 45 their
749 557 147 44 limbs.
948 557 66 44 Dr
1033 554 226 46 Horsfield
1272 553 241 54 mentions,

146 652 55 28 on
225 643 77 38 the
334 650 222 45 contrary,
581 640 102 38 that
707 649 26 29 a
760 633 213 61 Siamang
1003 632 47 45 in
1079 639 80 38 the
1192 630 247 63 possession
1473 630 51 46 of

145 713 71 46 Sir
237 712 225 47 Stamford
484 711 180 54 Raffles,
690 726 94 29 was
806 711 287 59 remarkably
1115 715 124 39 tame
1263 708 91 46 and
1375 714 140 39 tract-

145 791 115 52 able,
285 790 90 44 and
398 805 93 29 was
514 804 136 30 never
671 788 154 60 happy
848 788 82 44 but
955 802 133 30 when
1106 786 192 45 allowed
1319 793 46 37 to
1388 786 56 45 be
1466 785 48 45 in

146 881 220 46 company
390 866 114 44 with
539 881 119 29 some
690 880 112 38 one;
855 865 91 44 and
979 864 187 45 another
1200 862 227 45 described
1452 863 63 60 by

147 943 76 45 Mr
255 942 169 46 George
460 943 189 52 Rennet,
675 940 113 46 from
823 947 303 40 observations
1149 940 133 45 made
1306 940 160 61 during
1488 955 28 29 a

147 1035 169 45 voyage
347 1018 112 46 from
494 1020 133 44 India
656 1025 46 40 to
735 1019 92 45 this
861 1034 205 45 country,
1103 1018 182 46 showed
1318 1033 27 29 a
1374 1017 141 61 lively

147 1096 207 45 affection
398 1097 196 44 towards
637 1095 189 46 himself
862 1097 89 44 and
994 1102 127 39 those
1165 1095 103 45 who
1311 1095 204 45 behaved

147 1174 161 60 kindly
332 1181 45 38 to
401 1174 79 44 it.''^
549 1174 69 46 Sir
651 1174 225 45 Stamford
910 1172 166 46 Raffles
1099 1173 225 45 mentions
1347 1172 168 61 having

150 1266 103 29 seen
278 1266 26 30 a
327 1267 223 29 specimen
575 1251 194 61 entirely
793 1251 153 45 white.

215 1405 96 44 The
351 1411 126 38 other
512 1403 191 46 animals
727 1403 238 46 contained
1005 1404 46 44 in
1087 1404 91 45 this
1214 1419 138 46 group
1396 1404 116 46 have

147 1481 148 44 naked
331 1481 235 45 callosities
605 1496 56 30 on
696 1481 80 45 the
811 1482 224 53 buttocks,
1067 1481 92 45 like
1194 1482 78 44 the
1299 1482 210 54 baboons,

149 1557 89 45 and
260 1558 46 44 in
329 1558 117 45 their
469 1558 281 45 dispositions
775 1573 73 29 are
871 1573 122 30 more
1018 1558 159 45 active.
1246 1558 98 46 One
1369 1557 49 46 of
1432 1559 79 46 the

147 1637 95 41 first
265 1635 180 53 known,
470 1635 171 44 though
669 1635 72 44 till
771 1635 143 60 lately
937 1635 212 45 involved
1182 1635 49 45 in
1263 1635 245 54 obscurity,

146 1710 37 45 is
217 1711 77 44 the
328 1711 155 45 Simia
515 1710 72 45 lar
620 1711 50 45 of
709 1712 244 53 Linnaeus;
990 1712 79 45 the
1108 1713 283 44 long-armed
1427 1729 83 29 ape

147 1786 50 45 of
212 1788 219 44 Pennant.
483 1788 110 45 This
612 1803 92 30 was
719 1789 192 44 thought
926 1795 46 39 to
987 1790 54 43 be
1057 1790 170 44 subject
1241 1796 46 38 to
1311 1805 28 28 a
1360 1790 149 45 varia-

146 1864 93 44 tion
263 1863 47 45 in
333 1870 77 39 the
434 1879 147 30 colour
604 1863 49 47 of
674 1872 80 38 the
777 1865 147 44 wrists
955 1866 90 44 and
1077 1866 145 44 hands
1255 1872 47 38 to
1337 1866 169 54 white;

146 1941 82 43 but
272 1940 78 44 the
390 1941 257 44 distinction
682 1942 82 43 has
808 1942 165 43 turned
1013 1949 78 37 out
1133 1948 46 38 to
1224 1943 55 43 be
1318 1942 103 44 that
1466 1942 50 45 of

149 2015 204 44 different
383 2031 178 44 species,
587 2017 89 43 and
705 2015 66 45 for
803 2023 101 37 that
939 2017 115 44 with
1088 2017 139 44 white
1260 2018 145 44 hands
1437 2018 66 45 M.

148 2090 209 61 Geoffroy
380 2092 129 45 Saint
533 2092 174 44 Hilaire
736 2092 82 45 has
846 2092 202 46 retained
1081 2100 77 38 the
1193 2094 72 44 old
1298 2110 132 30 name
1465 2094 49 46 of

143 2167 85 53 lar,
255 2168 135 44 while
428 2174 78 39 the
529 2168 164 61 totally
717 2170 127 43 black
879 2169 164 45 species
1073 2170 79 44 has
1176 2171 112 44 been
1328 2171 177 45 dedica-

142 2245 77 44 ted
253 2245 62 60 by
339 2251 78 39 the
453 2260 123 30 same
613 2252 257 54 gentleman
894 2252 46 38 to
964 2246 70 45 Sir
1063 2247 225 46 Stamford
1318 2247 182 55 Raffles,

143 2321 141 44 under
305 2328 78 38 the
405 2336 134 30 name
557 2321 50 45 of
617 2321 241 61 Hylohates
883 2322 222 60 Rafflesii.
1174 2323 207 46 Another
1402 2324 99 46 ani-

141 2396 92 45 mal
250 2397 134 45 allied
401 2404 45 39 to
464 2404 139 46 these,
621 2399 90 44 and
727 2399 227 61 generally
969 2400 227 45 described
1213 2416 48 29 as
1279 2416 27 30 a
1324 2409 177 53 variety

140 2473 142 45 under
303 2481 77 38 the
403 2474 102 45 title
528 2473 50 47 of
592 2475 164 45 Lesser
779 2475 184 52 Gibbon,
981 2491 142 30 seems
1146 2483 79 55 yet
1248 2484 46 39 to
1317 2479 55 44 be
1394 2478 106 45 held

194 2587 21 19 *
246 2587 69 37 See
351 2597 79 29 that
463 2589 240 46 gentleman’s
733 2592 212 48 interesting
987 2595 214 46 description
1236 2596 39 36 in
1312 2596 185 38 Loudon's

144 2653 189 48 Magazine
353 2656 39 34 of
407 2653 160 38 Natural
586 2654 166 50 History,
769 2669 75 26 vol.
863 2670 35 24 v.
920 2671 35 35 p.
984 2658 87 36 131.
