2287 3957
1102 181 67 50 24

153 338 152 36 never
345 319 66 55 be
454 317 170 55 traced
665 316 101 54 and
802 315 295 54 calculated.
1175 314 107 53 The
1328 312 256 56 confident
1621 312 275 54 dogmatist
1927 312 51 54 in
2020 313 99 54 this

151 400 186 48 matter
355 393 169 54 might
540 393 112 53 well
673 392 139 53 learn
829 391 205 53 caution
1051 390 132 52 from
1199 389 88 53 the
1307 389 262 70 following
1587 387 228 54 example
1835 387 55 53 of
1902 392 86 48 the
2008 388 113 52 rash

153 488 138 34 error
331 469 55 52 of
430 488 28 33 a
484 472 194 67 greater
703 485 120 34 man
849 465 126 52 than
1002 464 234 53 himself:
1280 468 35 25 “
1333 464 54 52 It
1425 463 42 53 is
1493 468 87 47 the
1606 461 261 72 absurdity
1896 462 54 52 of
1985 462 137 54 these

154 543 290 71 opinions,”
489 541 108 53 said
623 541 189 63 Bacon,
855 545 32 23 “
903 544 114 49 that
1042 538 91 53 has
1162 539 175 52 driven
1363 556 117 34 men
1506 542 54 48 to
1588 537 88 52 the
1703 536 198 53 diurnal
1929 537 192 52 motion

156 618 57 52 of
247 622 89 48 the
362 616 144 54 earth
526 638 13 43 ;
580 616 177 64 which,
786 616 41 52 I
843 633 80 34 am
949 616 281 61 convinced,
1258 613 45 53 is
1329 618 125 47 most
1462 610 203 74 false”
1741 611 162 52 What
1942 629 182 34 should

155 691 148 72 fairly
331 691 101 53 and
457 689 234 72 honestly
718 689 62 53 be
806 687 225 55 weighed
1060 688 59 64 is,
1149 688 112 52 that
1288 686 142 54 mind
1457 687 42 52 is
1534 686 87 53 the
1646 685 115 65 last,
1790 684 86 53 the
1902 684 218 54 highest,

154 770 89 49 the
288 770 348 48 consummate
668 764 258 53 evolution
955 763 54 53 of
1034 763 222 52 nature's
1298 761 371 70 development,
1691 759 98 54 and
1811 759 127 65 that,
1958 760 163 53 there-

155 839 124 66 fore,
297 839 42 53 it
365 845 140 47 must
523 839 61 53 be
608 838 88 53 the
713 837 112 66 last,
853 844 88 46 the
969 842 132 48 most
1120 856 247 52 complex,
1389 835 100 54 and
1505 841 134 48 most
1662 834 214 53 difficult
1893 833 165 54 object
2076 835 52 52 of

156 914 193 52 human
376 914 170 52 study.
624 913 161 53 There
812 931 82 34 are
920 912 155 71 really
1101 931 67 34 no
1195 910 226 72 grounds
1449 911 77 51 for
1553 915 267 66 expecting
1847 928 27 33 a
1912 913 212 66 positive

158 1007 194 35 science
379 988 55 53 of
472 986 142 54 mind
641 992 51 48 at
718 991 234 66 present;
992 986 80 53 for
1097 991 54 49 to
1178 986 66 53 its
1285 984 386 54 establishment
1708 989 88 47 the
1823 993 301 61 completion

159 1062 58 53 of
258 1068 86 47 the
369 1067 145 48 other
540 1061 217 54 sciences
783 1061 43 53 is
864 1080 298 52 necessary;
1205 1080 114 45 and,
1349 1080 52 33 as
1427 1059 43 53 is
1499 1058 111 53 well
1635 1059 202 64 known,
1866 1057 43 53 it
1933 1058 43 52 is
2005 1057 116 72 only

157 1135 153 72 lately
337 1141 114 48 that
476 1142 88 47 the
589 1134 364 72 metaphysical
979 1135 144 71 spirit
1148 1135 89 53 has
1265 1134 129 54 been
1421 1139 89 66 got
1535 1133 81 53 rid
1649 1133 54 53 of
1737 1132 54 52 in
1818 1151 304 46 astronomy,

158 1210 224 71 physics,
412 1210 99 53 and
539 1210 285 71 chemistry,
855 1209 101 53 and
981 1215 113 47 that
1119 1215 143 47 these
1288 1209 233 64 sciences,
1551 1209 127 53 after
1704 1226 138 34 more
1876 1212 125 47 than
2026 1212 96 47 two

159 1284 260 54 thousand
444 1304 140 52 years
614 1284 55 53 of
705 1284 100 53 idle
831 1283 102 55 and
973 1283 216 72 shifting
1215 1284 205 64 fancies,
1449 1283 128 53 have
1604 1281 224 54 attained
1852 1286 55 48 to
1936 1282 187 52 certain

158 1359 288 71 principles.
527 1358 110 54 Still
684 1378 139 34 more
866 1358 223 72 recently
1114 1359 92 53 has
1247 1359 302 71 physiology
1588 1356 233 54 emerged
1865 1356 131 52 from
2039 1356 84 53 the

159 1433 107 70 fog,
296 1433 99 53 and
420 1432 114 54 that
559 1433 79 53 for
664 1432 213 54 obvious
904 1452 205 34 reasons
1133 1456 11 31 :
1184 1433 56 53 in
1264 1433 89 53 the
1378 1433 109 52 first
1512 1431 143 72 place
1684 1431 42 53 it
1763 1431 43 53 is
1846 1435 277 66 absolutely

161 1507 289 53 dependent
494 1526 141 34 upon
678 1512 89 48 the
816 1507 227 71 physical
1094 1508 102 53 and
1241 1507 244 54 chemical
1536 1507 239 64 sciences,
1821 1505 97 53 and
1969 1511 152 59 must,

159 1581 268 67 therefore,
454 1587 119 47 wait
600 1582 77 53 for
703 1589 89 46 the
818 1601 234 52 progress
1080 1583 57 52 of
1173 1588 170 59 them;
1386 1581 99 54 and
1522 1580 54 53 in
1615 1586 87 47 the
1741 1579 187 54 second
1968 1580 154 70 place,

158 1655 68 53 its
255 1676 132 33 close
413 1656 239 54 relations
678 1661 54 48 to
760 1656 313 71 psychology
1099 1657 126 53 have
1262 1656 191 54 tended
1491 1660 53 47 to
1582 1655 129 71 keep
1750 1655 41 53 it
1829 1660 88 48 the
1955 1653 168 54 victim

160 1730 57 54 of
238 1735 87 48 the
351 1731 364 71 metaphysical
743 1731 159 71 spirit.
980 1732 148 65 That,
1157 1731 268 65 therefore,
1453 1729 166 54 which
1647 1729 185 53 should
1858 1729 61 53 be
1945 1729 52 52 in
2023 1729 99 52 this

158 1809 184 49 matter
368 1805 42 53 is
448 1811 113 47 that
586 1805 167 53 which
778 1806 73 66 is;
893 1804 100 55 and
1020 1805 196 54 instead
1251 1807 55 53 of
1340 1805 153 72 being
1519 1824 29 34 a
1574 1823 148 35 cause
1750 1804 54 53 of
1841 1803 213 72 despair,
2082 1803 40 53 is

158 1899 30 33 a
213 1880 204 70 ground
445 1880 55 53 of
530 1880 147 71 hope.

231 1955 110 52 But
366 1954 70 53 let
461 1955 43 52 it
529 1960 92 48 not
648 1953 63 54 be
749 1953 262 72 forgotten
1036 1953 113 54 that
1175 1958 87 49 the
1289 1953 368 73 physiological
1684 1952 208 53 method
1926 1952 43 53 is
2010 1951 113 72 only

160 2047 94 34 one
286 2028 87 70 (I.)
411 2028 218 54 division
656 2029 55 53 of
747 2033 89 49 the
863 2029 246 53 objective
1135 2030 239 65 method;
1415 2035 142 47 there
1583 2047 83 35 are
1705 2028 145 53 other
1890 2027 232 53 divisions

155 2108 91 47 not
272 2102 99 53 less
398 2103 231 53 valuable
651 2120 89 31 :—

231 2176 79 54 II.
350 2177 107 53 The
494 2182 152 66 study
675 2177 56 53 of
753 2182 88 48 the
871 2179 133 66 plan
1043 2179 65 70 of
1136 2178 336 53 development
1511 2176 55 54 of
1601 2177 159 64 mind,
1792 2196 52 33 as
1867 2175 256 54 exhibited

158 2251 52 52 in
237 2256 88 48 the
356 2251 200 65 animal,
584 2252 88 53 the
698 2251 286 66 barbarian,
1014 2251 98 53 and
1139 2252 87 53 the
1251 2253 180 64 infant,
1460 2251 251 53 furnishes
1737 2251 187 53 results
1953 2251 54 52 of
2040 2250 83 52 the

158 2330 220 66 greatest
416 2326 162 64 value,
608 2326 100 52 and
738 2326 44 52 is
815 2345 52 34 as
900 2326 236 53 essential
1173 2332 54 47 to
1264 2347 28 33 a
1324 2333 114 47 true
1476 2326 190 53 mental
1707 2326 192 53 science
1940 2344 54 35 as
2037 2325 83 52 the

158 2405 154 65 study
339 2400 56 53 of
428 2400 68 53 its
537 2400 353 72 development
931 2401 315 72 confessedly
1272 2401 43 53 is
1353 2407 55 48 to
1446 2421 28 33 a
1501 2401 94 52 full
1621 2400 301 54 knowledge
1948 2400 54 53 of
2038 2400 83 52 the

157 2473 175 72 bodily
360 2475 276 70 organism.
714 2476 79 70 By
820 2480 111 48 that
959 2494 172 34 means
1166 2495 73 33 we
1279 2481 86 66 get
1397 2481 52 48 at
1487 2476 88 52 the
1610 2474 121 73 deep
1772 2475 101 53 and
1906 2480 113 48 true
2050 2493 70 33 re-

157 2547 185 54 lations
386 2549 55 53 of
490 2549 335 70 phenomena,
869 2549 100 53 and
1013 2569 82 33 are
1141 2550 213 53 enabled
1393 2556 54 48 to
1493 2555 191 48 correct
1727 2555 89 48 the
1856 2568 264 35 erroneous

157 2622 278 54 inferences
464 2624 56 52 of
557 2643 29 33 a
611 2624 286 70 superficial
925 2623 349 67 observation;
1317 2624 67 71 by
1411 2624 341 53 examination
1791 2624 55 53 of
1886 2625 88 52 the
2011 2623 107 53 bar-

156 2695 193 67 barian,
379 2698 78 52 for
482 2716 247 52 example,
758 2718 70 33 we
855 2698 255 53 eliminate
1136 2699 87 53 the
1262 2700 268 70 hypocrisy
1558 2699 168 52 which
1763 2699 42 52 is
1844 2704 87 48 the
1969 2703 152 48 result

158 2771 57 53 of
237 2777 88 47 the
352 2771 153 53 social
531 2772 276 65 condition,
832 2773 99 53 and
957 2773 164 53 which
1149 2773 43 52 is
1220 2780 86 65 apt
1332 2779 54 48 to
1413 2773 211 53 mislead
1640 2793 60 33 us
1721 2773 52 53 in
1790 2779 86 48 the
1897 2771 220 56 civilised

158 2844 298 54 individual.

233 2919 110 53 III.
385 2921 108 52 The
532 2925 151 65 study
711 2921 55 53 of
802 2920 87 54 the
916 2923 345 52 degeneration
1298 2921 55 54 of
1394 2922 160 67 mind,
1583 2942 53 34 as
1676 2922 257 54 exhibited
1960 2920 52 55 in
2038 2921 82 53 the

160 2992 233 54 different
431 2994 157 53 forms
628 2995 56 52 of
706 2995 164 71 idiocy
897 2996 101 52 and
1025 2996 240 71 insanity,
1291 2997 43 52 is
1373 2997 390 72 indispensable,
1795 3017 52 34 as
1886 2998 41 53 it
1964 2997 41 53 is
2043 2997 74 52 in-

157 3067 250 53 valuable.
489 3069 66 52 So
597 3088 74 33 we
716 3069 129 53 avail
885 3089 252 34 ourselves
1177 3071 55 53 of
1267 3077 87 47 the
1396 3072 335 72 experiments
1775 3071 240 72 provided
2056 3070 62 70 by

157 3160 201 47 nature,
405 3142 99 52 and
548 3141 153 72 bring
742 3162 93 34 our
878 3145 413 69 generalisations
1332 3150 54 48 to
1433 3166 29 32 a
1503 3152 131 47 most
1688 3146 265 71 searching
2002 3150 112 48 test.

159 3214 245 54 Hitherto
432 3221 88 47 the
548 3236 313 50 phenomena
889 3218 56 52 of
979 3218 220 73 insanity
1227 3219 126 53 have
1380 3219 126 53 been
1532 3226 134 47 most
1693 3221 285 71 grievously
2004 3219 112 53 mis-

157 3288 309 72 interpreted
501 3289 66 71 by
595 3296 87 46 the
722 3291 194 70 vulgar,
946 3291 211 55 because
1195 3294 305 70 interpreted
1542 3294 66 71 by
1635 3295 86 53 the
1759 3295 123 53 false
1921 3311 194 37 conclu-

159 3383 136 33 sions
323 3364 56 52 of
417 3383 24 33 a
472 3363 276 72 subjective
775 3365 331 72 psychology.
1186 3367 118 53 Had
1331 3373 91 47 not
1450 3373 86 48 the
1566 3374 300 48 revelations
1906 3369 56 52 of
2002 3386 113 35 con-

157 3437 281 53 sciousness
477 3437 53 53 in
583 3437 193 54 dreams
817 3439 101 53 and
949 3440 51 52 in
1038 3441 234 52 delirium
1303 3441 124 54 been
1476 3443 301 70 completely
1803 3442 209 71 ignored
2053 3440 61 70 by

156 3511 277 71 pretended
473 3512 256 53 empirical
767 3514 393 70 psychologists,
1202 3521 138 47 truer
1383 3517 413 70 generalisations
1836 3521 135 48 must
2009 3534 105 52 per-

157 3586 137 52 force
336 3605 80 33 ere
456 3586 103 52 this
605 3587 125 53 have
770 3586 128 54 been
943 3589 214 64 formed,
1194 3590 98 52 and
1326 3590 149 53 fewer
1511 3590 354 54 irresponsible
1903 3589 211 54 lunatics

155 3658 170 55 would
368 3660 124 54 have
535 3659 124 55 been
705 3662 243 53 executed
989 3683 52 33 as
1084 3663 312 72 responsible
1442 3664 270 55 criminals.
1790 3665 139 69 Why
1975 3663 139 52 those
