2411 3372
141 175 95 53 der
271 175 559 67 Kindergeneration,
865 180 55 49 in
957 178 95 52 der
1090 180 131 51 doch
1259 181 102 50 alle
1398 178 376 68 gleichförmig
1811 180 232 50 schwarz
2081 198 200 39 waren,

141 252 93 50 das
278 251 211 65 Erbgut
533 253 92 48 für
668 253 88 49 die
802 253 172 49 weiße
1020 253 311 50 Haarfarbe
1377 254 145 49 nicht
1565 253 426 50 verschwunden
2036 270 245 45 gewesen

141 327 130 46 sein.
310 324 150 49 Aber
495 344 81 29 wo
615 324 152 49 hatte
806 344 53 30 es
899 325 271 62 gesteckt?
1209 326 125 49 Und
1368 328 100 47 wie
1504 345 113 30 war
1653 344 55 31 es
1744 324 205 50 wieder
1986 344 123 29 zum
2144 323 136 49 Vor¬

142 395 178 50 schein
350 396 357 63 gekommen?

210 467 149 50 Uber
400 468 146 49 diese
585 468 211 62 Fragen
837 468 217 63 grübelt
1095 469 129 49 auch
1263 469 224 59 Martin,
1525 469 193 49 Peters
1757 467 240 60 Freund,
2039 467 97 49 der
2175 486 107 29 von

141 540 191 49 dessen
380 540 559 62 Experimentierlust
989 541 311 62 angesteckt
1347 543 71 47 ist
1465 541 113 49 und
1625 560 113 29 nun
1789 539 267 51 ebenfalls
2105 538 177 49 Meer¬

141 612 363 48 schweinchen
544 612 129 49 hält.
714 611 149 51 Auch
901 612 233 50 Martins
1174 611 803 51 Meerschweinchenweibchen
2016 614 70 47 ist
2124 610 159 58 weiß,

142 684 92 50 das
272 684 301 48 Männchen
612 683 130 50 aber
780 684 161 49 schön
977 683 261 51 fuchsrot.
1275 684 128 50 Fast
1441 704 97 28 zur
1575 684 185 49 selben
1798 684 118 47 Zeit
1951 685 101 47 wie
2088 683 193 49 Peters

140 757 139 49 Paar
318 756 270 49 bekamen
628 756 129 49 auch
795 756 233 49 Martins
1066 756 523 50 Meerschweinchen
1627 758 117 47 vier
1783 755 193 62 Junge.
2017 754 150 49 Aber
2207 756 75 47 sie

140 848 182 29 waren
358 829 145 48 nicht
539 828 264 59 fuchsrot,
838 830 100 46 wie
975 827 85 49 ihr
1096 827 171 50 Vater
1300 858 72 4 —
1408 828 92 49 das
1538 827 191 49 hatten
1769 827 86 48 die
1892 826 198 49 beiden
2127 825 154 50 nach¬

143 900 318 50 denklichen
504 900 191 50 Buben
737 900 131 49 nach
914 900 122 49 dem
1077 900 265 62 Ergebnis
1388 900 91 50 des
1523 897 759 51 Schwarz-Weiß-Versuches

142 985 258 40 erwartet
428 1003 86 28 —,
546 973 129 48 auch
706 972 144 49 nicht
879 972 158 58 weiß,
1066 974 100 47 wie
1200 972 85 49 die
1316 971 228 59 Mutter,
1577 971 239 50 sondern
1847 970 346 58 blaßrötlich,
2225 988 57 30 so

142 1045 125 50 halb
295 1045 112 49 und
432 1044 126 49 halb
587 1044 260 49 zwischen
873 1044 108 49 Rot
1008 1044 113 49 und
1147 1043 172 50 Weiß.
1348 1043 95 50 Als
1470 1042 207 49 Martin
1707 1042 102 48 den
1836 1041 242 51 Versuch
2108 1060 175 44 genau

140 1120 100 47 лvie
280 1117 165 49 Peter
485 1116 311 50 fortführte
836 1116 114 49 und
989 1119 51 59 je
1082 1117 87 48 ein
1208 1115 282 50 blaßrotes
1530 1114 304 49 Männchen
1873 1115 99 47 mit
2012 1116 52 59 je
2106 1115 179 48 einem

144 1189 198 50 ebenso
370 1189 293 49 blaßroten
690 1187 291 50 Weibchen
1010 1187 247 59 kreuzte,
1286 1187 66 49 da
1377 1186 188 50 wurde
1594 1206 54 30 es
1677 1185 305 51 schließlich
2012 1205 132 43 ganz
2172 1183 113 50 und

143 1281 92 43 gar
276 1261 465 49 unverständlich:
785 1260 255 49 Zweimal
1080 1261 116 47 vier
1238 1260 174 62 Junge
1454 1259 197 48 kamen
1694 1258 64 49 da
1801 1277 95 28 zur
1938 1257 144 49 Welt
2120 1286 71 5 —
2229 1258 56 45 in

141 1334 182 62 jedem
369 1333 269 50 Ställchen
686 1335 87 47 ein
819 1332 325 58 fuchsrotes,
1190 1334 133 47 zwei
1368 1330 361 50 blaßrötliche
1776 1328 113 50 und
1936 1331 87 47 ein
2070 1328 213 50 schnee¬

141 1406 221 49 weißes!
396 1406 109 49 Das
536 1425 112 30 war
679 1405 154 49 mehr
867 1405 74 49 als
974 1404 238 59 seltsam,
1243 1403 113 50 und
1388 1403 84 50 die
1503 1402 198 50 beiden
1733 1401 191 49 Buben
1956 1401 190 49 hatten
2181 1398 104 51 viel

141 1499 62 29 zu
236 1478 357 50 diskutiéren.
623 1477 152 49 Also:
807 1476 175 50 Wenn
1009 1496 125 29 man
1162 1479 132 47 zwei
1321 1474 387 52 verschiedene
1737 1472 547 51 Meerschweinchen¬

144 1563 184 38 sorten
355 1550 215 59 kreuzt.
599 1549 275 51 Schwarze
903 1552 98 47 mit
1030 1548 245 59 Weißen,
1302 1547 140 50 Rote
1472 1549 98 47 mit
1599 1546 246 58 Weißen,
1875 1544 144 49 dann
2049 1544 120 50 sind
2199 1543 84 49 die

1014 1751 42 54 cf
1356 1752 43 58 .$

483 1846 368 74 ^l[9e4rSvLxi/b
924 1822 294 92 Шх
1280 1820 200 102 ^

144 2647 160 49 dabei
348 2648 398 49 entstehenden
792 2647 214 64 Jungen
1053 2647 102 50 alle
1202 2648 371 65 gleichfarbig.
1620 2649 149 51 Aber
1814 2653 56 46 in
1915 2653 179 48 einem
2137 2648 151 52 Falle

143 2719 186 63 folgen
386 2719 85 50 die
528 2720 214 63 Jungen
799 2720 122 49 dem
974 2720 190 59 Vater,
1219 2724 74 46 im
1351 2722 241 49 anderen
1647 2722 331 52 bekommen
2033 2727 77 49 sie
2168 2727 120 47 eine

144 2792 533 64 Zwischenfärbung.
705 2791 175 50 Wenn
907 2812 125 30 man
1058 2792 389 66 Mischfarbige
1475 2813 112 30 nun
1613 2796 436 49 untereinander
2074 2799 214 47 weiter¬

143 2863 233 60 züchtet,
415 2864 144 49 dann
596 2864 272 64 „schlägt"
906 2868 88 46 ein
1032 2865 117 49 Teil
1185 2886 108 29 von
1332 2866 102 49 den
1471 2865 216 50 Enkeln
1725 2867 94 49 auf
1858 2866 87 51 die
1982 2867 307 64 Ausgangs¬

145 2940 323 59 generation
519 2937 97 49 der
665 2937 337 50 Großeltern
1050 2938 288 57 „zurück",
1384 2941 101 47 wie
1537 2939 130 49 auch
1715 2941 57 46 in
1822 2938 123 50 dem
1991 2940 151 51 Falle
2194 2940 95 49 der

144 3008 633 51 Schwarz-Weiß-Enkel
824 3012 152 47 einer
1025 3012 94 48 auf
1167 3010 92 51 das
1307 3010 156 50 Weiß
1513 3010 95 50 der
1656 3010 365 51 Großmutter
2069 3012 221 52 zurück¬

145 3080 326 64 gekommen
512 3101 127 31 war.
680 3083 107 50 Das
829 3081 211 65 Erbgut
1083 3083 127 64 geht
1255 3083 111 49 also
1411 3083 279 50 sicherlich
1733 3084 146 49 nicht
1920 3084 275 61 verloren,
2238 3104 53 29 es

1201 3228 32 49 7
