1895 3217
628 290 90 32 THE
743 290 152 33 NEGRO
919 290 218 34 MONKEY.

1477 283 89 49 129

206 429 76 38 the
320 419 168 48 violent
523 421 148 45 bustle
711 420 91 46 and
839 426 269 40 commotion
1143 418 176 47 excited
1356 420 62 61 by
1452 421 119 45 their

204 504 293 49 movements^
521 499 214 45 branches
759 496 50 47 of
834 497 218 62 decaying
1083 503 113 39 trees
1220 512 73 30 are
1316 503 79 39 not
1419 497 152 46 unfre-

205 574 188 62 quently
418 575 230 53 detached^
674 575 90 45 and
794 574 294 61 precipitated
1117 589 56 31 on
1207 580 79 39 the
1315 580 255 40 spectators.

206 654 131 59 They
360 668 74 30 are
457 651 121 46 often
601 652 162 45 chased
791 653 62 60 by
881 658 80 39 the
995 651 176 46 natives
1195 650 64 47 for
1280 658 79 38 the
1383 667 188 45 purpose

204 728 50 48 of
284 729 229 61 obtaining
545 729 118 45 their
695 728 84 47 fur.
847 729 56 45 In
933 735 126 39 these
1086 728 214 61 pursuits,
1325 728 148 45 which
1497 744 73 30 are

205 806 226 62 generally
454 807 181 45 ordered
657 806 90 45 and
770 806 215 45 attended
1006 807 63 60 by
1091 812 79 39 the
1193 805 151 55 chiefs,
1369 812 78 38 the
1469 805 100 45 ani-

204 899 113 30 mals
340 899 72 30 are
436 883 211 46 attacked
669 883 113 46 with
806 884 177 60 cudgels
1006 883 91 46 and
1115 889 161 48 stones,
1297 882 89 46 and
1399 882 170 62 cruelly

205 961 235 46 destroyed
462 960 46 46 in
537 967 124 55 great
689 962 227 44 numbers.
987 961 97 45 The
1116 961 121 45 skins
1261 975 73 31 are
1356 961 214 60 prepared

205 1039 61 60 by
289 1053 27 30 a
339 1038 157 61 simple
518 1053 186 46 process,
741 1038 147 45 which
919 1044 79 39 the
1024 1037 177 46 natives
1222 1037 117 46 have
1362 1038 209 45 acquired

204 1114 113 47 from
347 1115 79 46 the
457 1116 274 60 Europeans,
768 1116 89 44 and
890 1122 112 54 they
1031 1121 190 39 conduct
1249 1114 37 46 it
1316 1121 48 39 at
1395 1121 178 55 present

207 1192 113 45 with
341 1199 124 55 great
489 1193 116 44 skill.
673 1193 46 45 It
741 1192 161 46 affords
925 1208 27 30 a
972 1191 75 46 fur
1063 1191 50 47 of
1127 1208 27 29 a
1170 1192 68 62 jet
1256 1192 130 46 black
1403 1193 161 53 colour,

208 1270 181 45 covered
413 1269 112 45 with
553 1269 103 61 long
688 1269 120 61 silky
837 1269 134 54 haii’s,
1008 1269 148 45 which
1187 1269 37 45 is
1254 1268 197 62 usefully
1475 1285 97 29 em-

207 1347 162 60 ployed
391 1346 109 45 both
522 1347 62 60 by
607 1353 78 38 the
707 1352 177 39 natives
908 1346 90 46 and
1020 1346 79 47 the
1123 1346 258 45 Europeans
1404 1346 47 45 in
1473 1362 101 45 pre-

207 1423 156 61 paring
383 1422 145 62 riding
551 1423 236 61 equipages
810 1424 90 44 and
922 1423 203 62 military
1149 1423 289 46 decorations.

347 1501 96 44 The
483 1501 201 60 Budeng,
727 1500 160 62 during
920 1500 60 46 its
1013 1516 152 46 young
1197 1507 132 48 state,
1365 1499 120 47 feeds
1518 1516 57 30 on

209 1577 158 44 tender
395 1577 148 45 leaves
573 1576 50 46 of
646 1577 151 61 plants
827 1578 90 45 and
950 1584 149 48 trees;
1143 1578 91 45 and
1267 1578 132 45 when
1429 1577 144 54 adult,

210 1669 55 29 on
289 1653 109 46 wild
420 1652 129 47 fruits
573 1653 50 47 of
637 1670 135 46 every
796 1655 280 61 description,
1102 1655 148 45 which
1273 1670 74 30 are
1369 1653 138 47 found
1529 1655 47 46 in

209 1736 123 55 great
355 1731 260 45 abundance
639 1731 47 45 in
709 1732 78 45 the
809 1731 155 46 forests
988 1732 148 45 which
1158 1731 36 46 it
1217 1731 241 46 inhabits.”

277 1807 97 45 The
396 1807 88 46 last
507 1808 168 47 animal
706 1815 46 39 to
783 1810 54 44 be
870 1808 261 47 introduced
1163 1809 105 45 here
1301 1809 38 45 is
1371 1824 83 30 one
1485 1824 91 30 also

211 1883 170 61 figured
415 1884 47 45 in
498 1886 67 44 Dr
600 1885 263 46 Horsfield’s
899 1886 134 54 Java,
1071 1886 143 45 under
1251 1892 80 38 the
1366 1900 135 30 name
1535 1884 50 46 of

217 1960 364 59 Semnopithecus
604 1963 216 57 pyrrhus.
895 1963 45 44 It
973 1962 38 45 is
1045 1963 163 60 closely
1252 1962 135 45 allied
1419 1968 46 40 to
1498 1963 79 45 the

215 2036 235 62 preceding
471 2036 49 46 in
542 2036 112 47 form
685 2038 90 45 and
805 2037 108 55 size,
942 2040 83 44 but
1057 2038 149 46 differs
1236 2039 48 45 in
1315 2040 133 60 being
1476 2038 50 47 of
1551 2054 26 30 a

216 2128 116 30 clear
352 2113 376 55 reddish-brown,
750 2115 90 45 and
858 2115 36 45 is
912 2115 131 61 given
1061 2116 63 60 by
1141 2115 91 45 this
1251 2115 327 46 distinguished

216 2189 208 47 zoologist
449 2190 113 46 with
586 2207 120 30 some
730 2192 139 45 doubt
894 2207 48 30 as
966 2192 215 55 distinct;
1217 2194 84 44 but
1324 2192 79 46 the
1426 2191 151 47 differ-

216 2272 78 40 ent
323 2283 133 30 name
488 2269 63 61 by
581 2268 149 46 which
759 2268 37 46 it
827 2268 37 46 is
895 2270 167 44 known
1097 2284 162 46 among
1284 2275 79 39 the
1383 2269 192 54 natives,

218 2344 90 45 and
321 2350 78 40 the
413 2361 300 45 permanency
729 2344 48 48 of
791 2345 59 46 its
865 2346 173 55 shades,
1054 2346 58 46 he
1128 2346 171 55 thinks,
1310 2346 94 46 will
1419 2345 161 47 entitle

219 2420 35 45 it
278 2426 45 40 to
347 2421 264 46 separation.

283 2573 90 45 We
413 2590 102 30 now
551 2589 122 32 come
705 2581 46 40 to
787 2573 203 48 Frederic
1024 2575 166 47 Cuvier
1206 2592 20 29 s
1268 2574 160 48 second
1450 2579 124 57 great
