1895 3217
315 289 62 40 34

883 299 237 31 MONKEYS.

313 431 48 39 to
386 426 180 61 destroy
589 426 140 45 them.
782 427 307 45 Emboldened
1112 428 61 60 by
1189 427 91 45 this
1304 430 246 59 impunity^
1571 429 114 60 they

315 517 123 31 come
473 503 133 44 down
636 501 116 46 from
782 509 79 39 the
886 503 148 45 woods
1065 503 48 45 in
1142 504 120 45 large
1293 505 147 54 herds,
1465 506 90 45 and
1579 507 107 44 take

313 594 247 45 possession
590 578 50 46 of
676 580 78 44 the
798 580 356 45 husbandman’s
1193 581 95 54 toil,
1325 582 115 44 with
1476 598 48 29 as
1564 582 121 45 little

315 671 255 46 ceremony,
604 671 48 30 as
686 656 174 46 though
890 656 38 45 it
958 656 93 46 had
1080 658 113 44 been
1227 658 212 45 collected
1475 658 64 45 for
1569 659 119 44 their

316 748 93 29 use.

378 809 57 45 In
458 824 27 30 a
508 814 117 41 state
660 808 50 47 of
735 808 313 56 confinement,
1074 811 232 44 vegetable
1330 811 92 44 diet
1457 811 232 46 continues

311 885 120 46 their
452 885 220 47 favourite
696 887 90 46 and
807 893 118 39 most
947 887 262 61 nourishing
1232 895 212 53 support;
1471 889 82 43 but
1577 888 111 61 they

314 963 94 45 will
432 969 74 39 eat
529 963 164 46 almost
717 964 225 61 anything
963 970 103 39 that
1096 964 79 45 the
1206 964 169 61 luxury
1399 963 50 46 of
1475 980 107 29 man
1605 965 82 45 has

312 1039 277 55 introduced,
610 1041 90 45 and
723 1056 121 30 some
868 1056 112 30 even
994 1041 180 45 become
1192 1042 279 44 remarkable
1489 1041 65 45 for
1569 1042 119 44 their

312 1116 315 61 peculiarities.
698 1116 183 62 Among
910 1123 79 39 the
1023 1132 174 46 greater
1232 1124 102 54 part
1358 1117 49 45 of
1433 1125 142 46 them,
1609 1118 79 45 the

313 1193 101 45 love
444 1193 51 46 of
522 1193 119 46 wine
671 1209 47 30 or
747 1193 175 46 diluted
946 1193 150 46 spirits
1118 1195 203 44 becomes
1345 1194 163 45 almost
1531 1209 27 29 a
1584 1209 104 45 pas-

315 1288 95 31 sion
426 1289 14 38 ;
467 1279 113 55 they
603 1288 75 30 are
701 1272 122 47 often
847 1273 165 45 offered
1034 1288 49 30 as
1107 1288 27 30 a
1156 1274 124 44 bribe
1303 1279 46 39 to
1373 1281 78 37 the
1474 1271 215 62 perform-

315 1364 109 31 ance
443 1349 51 46 of
508 1350 178 45 various
704 1350 153 55 tricks,
874 1351 90 44 and
981 1356 113 54 they
1112 1349 95 46 will
1225 1350 174 45 always
1418 1351 54 44 be
1489 1350 200 60 greedily

317 1426 150 45 drunk
491 1426 134 45 when
648 1427 84 45 left
756 1433 163 39 within
941 1427 145 45 reach.
1146 1426 258 47 Vosmaer’s
1428 1442 151 45 orang,
1606 1442 78 30 one

316 1503 92 61 day
429 1503 134 45 when
585 1503 133 54 loose,
744 1504 286 45 commenced
1052 1503 57 46 its
1134 1503 190 61 exploits
1347 1504 62 60 by
1426 1502 213 62 finishing
1662 1519 27 29 a

315 1580 142 46 bottle
482 1579 51 46 of
548 1581 183 45 Malaga
754 1580 132 46 wine.
939 1581 171 60 Happy
1128 1580 150 61 Jerry,
1302 1586 79 39 the
1404 1580 156 45 ribbed
1582 1596 107 30 nose

315 1657 173 45 baboon
523 1657 47 45 in
605 1658 169 44 Exeter
812 1657 199 61 Change,
1052 1655 249 63 performed
1340 1657 61 44 all
1439 1656 71 45 his
1550 1658 137 43 tricks

315 1748 119 45 upon
457 1739 79 39 the
560 1733 293 61 anticipation
877 1733 50 47 of
941 1749 27 29 a
989 1749 117 46 glass
1130 1732 50 46 of
1192 1749 77 45 gin
1291 1733 92 45 and
1402 1748 170 38 water;
1599 1734 91 44 and

313 1816 79 38 the
428 1810 134 44 relish
599 1810 90 45 and
724 1825 255 46 expression
1009 1809 113 46 with
1159 1809 150 46 which
1343 1809 37 46 it
1411 1825 94 29 was
1532 1811 155 52 taken,

316 1886 151 45 would
502 1887 117 45 have
655 1887 114 45 done
804 1887 173 46 honour
1010 1893 47 40 to
1093 1893 80 39 the
1207 1892 119 40 most
1362 1886 327 61 accomplished

314 1970 154 38 taster.

382 2040 176 62 Nearly
573 2047 78 40 the
667 2056 146 31 whole
830 2040 162 62 family
1008 2056 75 31 are
1106 2040 297 62 gregarious,*
1430 2041 90 45 and
1543 2047 147 55 troops

315 2115 50 46 of
381 2132 142 45 many
546 2118 229 45 hundreds
809 2124 204 39 together
1046 2133 110 45 may
1179 2119 55 44 be
1258 2132 104 30 seen
1385 2117 48 45 in
1455 2117 79 45 the
1557 2116 133 46 forest

313 2193 151 61 glades
498 2193 90 45 and
622 2209 228 45 openings,
876 2209 47 30 or
945 2209 121 30 upon
1099 2194 79 44 the
1205 2194 143 45 banks
1372 2193 50 46 of
1447 2200 78 38 the
1559 2194 130 46 noble

313 2270 153 54 rivers,
492 2269 164 55 which,

447 2362 23 18 “
488 2359 146 39 Shaded
653 2361 72 36 and
744 2360 134 49 rolling
897 2374 47 24 on
963 2360 158 38 through
1141 2360 139 37 sunless
1299 2360 219 46 solitudes,”

315 2439 111 46 form
451 2440 162 45 almost
636 2446 79 39 the
745 2455 107 46 only
874 2455 206 46 passages
1103 2439 48 45 in
1174 2446 128 38 those
1324 2445 102 40 vast
1450 2439 238 46 countries.

373 2544 20 20 •
417 2543 181 37 Pithecia
619 2542 231 54 chiropotes^
869 2543 161 47 Humb.,
1049 2544 70 36 and
1139 2556 21 23 a
1178 2544 70 36 few
1267 2549 105 30 other
1390 2543 146 48 species,
1554 2543 75 36 live
1649 2544 40 37 in

317 2612 102 47 pairs.
