<?xml version="1.0" encoding="UTF-8"?>
<alto xmlns="http://www.loc.gov/standards/alto/ns-v2#" xmlns:xsi="http://www.w3.org/2001/XMLSchema-instance" xsi:schemaLocation="http://www.loc.gov/standards/alto/ns-v2# http://www.loc.gov/standards/alto/alto.xsd">
  <Description>
    <MeasurementUnit>pixel</MeasurementUnit>
    <sourceImageInformation>
      <fileName>b21273911_abbyy.xml</fileName>
    </sourceImageInformation>
    <OCRProcessing ID="OCR_1">
      <preProcessingStep>
        <processingDateTime>2014-10-24T02:15:27</processingDateTime>
        <processingAgency>intranda GmbH, www.intranda.com</processingAgency>
        <processingSoftware>
          <softwareCreator>intranda GmbH, Germany</softwareCreator>
          <softwareName>intranda OCR Module for TaskManager</softwareName>
          <softwareVersion>1.0r42</softwareVersion>
        </processingSoftware>
      </preProcessingStep>
      <ocrProcessingStep>
        <processingSoftware>
          <softwareCreator>ABBYY (BIT Software), Russia</softwareCreator>
          <softwareName>FineReader Engine</softwareName>
          <softwareVersion>10</softwareVersion>
        </processingSoftware>
      </ocrProcessingStep>
    </OCRProcessing>
  </Description>
  <Layout>
    <Page PHYSICAL_IMG_NR="398" ID="PAGE_398" WIDTH="2113" HEIGHT="3404">
      <TopMargin ID="TopMargin_1" HPOS="393" VPOS="206" WIDTH="1133" HEIGHT="57">
        <TextBlock ID="TextBlock_1256" HPOS="393" VPOS="206" WIDTH="1133" HEIGHT="57">
          <TextLine ID="TextLine_14805" HPOS="393" VPOS="206" WIDTH="84" HEIGHT="42">
            <String ID="Word_150262" HPOS="393" VPOS="206" WIDTH="84" HEIGHT="42" CONTENT="378" />
          </TextLine>
          <TextLine ID="TextLine_14806" HPOS="874" VPOS="227" WIDTH="652" HEIGHT="36">
            <String ID="Word_150263" HPOS="874" VPOS="227" WIDTH="88" HEIGHT="29" CONTENT="THE" />
            <SP ID="SP_135464" HPOS="962" VPOS="227" WIDTH="34" HEIGHT="0" />
            <String ID="Word_150264" HPOS="996" VPOS="228" WIDTH="241" HEIGHT="32" CONTENT="DISORDERS" />
            <SP ID="SP_135465" HPOS="1237" VPOS="228" WIDTH="31" HEIGHT="0" />
            <String ID="Word_150265" HPOS="1268" VPOS="229" WIDTH="53" HEIGHT="31" CONTENT="OF" />
            <SP ID="SP_135466" HPOS="1321" VPOS="229" WIDTH="33" HEIGHT="0" />
            <String ID="Word_150266" HPOS="1354" VPOS="230" WIDTH="172" HEIGHT="33" CONTENT="SPKECH." />
          </TextLine>
        </TextBlock>
      </TopMargin>
      <PrintSpace ID="PrintSpace_399" HPOS="382" VPOS="329" WIDTH="1632" HEIGHT="2748">
        <TextBlock ID="TextBlock_1255" HPOS="382" VPOS="329" WIDTH="1632" HEIGHT="2748">
          <TextLine ID="TextLine_14807" HPOS="394" VPOS="336" WIDTH="1611" HEIGHT="65">
            <String ID="Word_150267" HPOS="394" VPOS="336" WIDTH="299" HEIGHT="47" CONTENT="fundamental" />
            <SP ID="SP_135467" HPOS="693" VPOS="336" WIDTH="31" HEIGHT="0" />
            <String ID="Word_150268" HPOS="724" VPOS="356" WIDTH="125" HEIGHT="30" CONTENT="cause" />
            <SP ID="SP_135468" HPOS="849" VPOS="346" WIDTH="32" HEIGHT="0" />
            <String ID="Word_150269" HPOS="881" VPOS="346" WIDTH="44" HEIGHT="40" CONTENT="of" />
            <SP ID="SP_135469" HPOS="925" VPOS="346" WIDTH="33" HEIGHT="0" />
            <String ID="Word_150270" HPOS="958" VPOS="346" WIDTH="71" HEIGHT="41" CONTENT="the" />
            <SP ID="SP_135470" HPOS="1029" VPOS="346" WIDTH="22" HEIGHT="0" />
            <String ID="Word_150271" HPOS="1051" VPOS="346" WIDTH="177" HEIGHT="55" CONTENT="aphasia" />
            <SP ID="SP_135471" HPOS="1228" VPOS="346" WIDTH="29" HEIGHT="0" />
            <String ID="Word_150272" HPOS="1257" VPOS="347" WIDTH="49" HEIGHT="50" CONTENT="is," />
            <SP ID="SP_135472" HPOS="1306" VPOS="347" WIDTH="29" HEIGHT="0" />
            <String ID="Word_150273" HPOS="1335" VPOS="354" WIDTH="76" HEIGHT="36" CONTENT="not" />
            <SP ID="SP_135473" HPOS="1411" VPOS="354" WIDTH="19" HEIGHT="0" />
            <String ID="Word_150274" HPOS="1430" VPOS="363" WIDTH="26" HEIGHT="27" CONTENT="a" />
            <SP ID="SP_135474" HPOS="1456" VPOS="349" WIDTH="20" HEIGHT="0" />
            <String ID="Word_150275" HPOS="1476" VPOS="349" WIDTH="263" HEIGHT="43" CONTENT="destruction" />
            <SP ID="SP_135475" HPOS="1739" VPOS="349" WIDTH="32" HEIGHT="0" />
            <String ID="Word_150276" HPOS="1771" VPOS="351" WIDTH="44" HEIGHT="41" CONTENT="of" />
            <SP ID="SP_135476" HPOS="1815" VPOS="351" WIDTH="31" HEIGHT="0" />
            <String ID="Word_150277" HPOS="1846" VPOS="364" WIDTH="80" HEIGHT="28" CONTENT="one" />
            <SP ID="SP_135477" HPOS="1926" VPOS="361" WIDTH="31" HEIGHT="0" />
            <String ID="Word_150278" HPOS="1957" VPOS="365" WIDTH="48" HEIGHT="27" CONTENT="or" />
          </TextLine>
          <TextLine ID="TextLine_14808" HPOS="392" VPOS="411" WIDTH="1611" HEIGHT="60">
            <String ID="Word_150279" HPOS="392" VPOS="421" WIDTH="116" HEIGHT="29" CONTENT="more" />
            <SP ID="SP_135478" HPOS="508" VPOS="411" WIDTH="23" HEIGHT="0" />
            <String ID="Word_150280" HPOS="531" VPOS="411" WIDTH="46" HEIGHT="40" CONTENT="of" />
            <SP ID="SP_135479" HPOS="577" VPOS="411" WIDTH="20" HEIGHT="0" />
            <String ID="Word_150281" HPOS="597" VPOS="411" WIDTH="73" HEIGHT="43" CONTENT="the" />
            <SP ID="SP_135480" HPOS="670" VPOS="411" WIDTH="22" HEIGHT="0" />
            <String ID="Word_150282" HPOS="692" VPOS="414" WIDTH="356" HEIGHT="54" CONTENT="speech-centres," />
            <SP ID="SP_135481" HPOS="1048" VPOS="414" WIDTH="23" HEIGHT="0" />
            <String ID="Word_150283" HPOS="1071" VPOS="417" WIDTH="78" HEIGHT="41" CONTENT="but" />
            <SP ID="SP_135482" HPOS="1149" VPOS="417" WIDTH="22" HEIGHT="0" />
            <String ID="Word_150284" HPOS="1171" VPOS="430" WIDTH="25" HEIGHT="27" CONTENT="a" />
            <SP ID="SP_135483" HPOS="1196" VPOS="417" WIDTH="21" HEIGHT="0" />
            <String ID="Word_150285" HPOS="1217" VPOS="417" WIDTH="171" HEIGHT="54" CONTENT="general" />
            <SP ID="SP_135484" HPOS="1388" VPOS="417" WIDTH="23" HEIGHT="0" />
            <String ID="Word_150286" HPOS="1411" VPOS="419" WIDTH="314" HEIGHT="43" CONTENT="enfeeblement" />
            <SP ID="SP_135485" HPOS="1725" VPOS="419" WIDTH="21" HEIGHT="0" />
            <String ID="Word_150287" HPOS="1746" VPOS="421" WIDTH="44" HEIGHT="41" CONTENT="of" />
            <SP ID="SP_135486" HPOS="1790" VPOS="420" WIDTH="28" HEIGHT="0" />
            <String ID="Word_150288" HPOS="1818" VPOS="420" WIDTH="185" HEIGHT="42" CONTENT="cerebral" />
          </TextLine>
          <TextLine ID="TextLine_14809" HPOS="393" VPOS="482" WIDTH="1612" HEIGHT="62">
            <String ID="Word_150289" HPOS="393" VPOS="491" WIDTH="173" HEIGHT="44" CONTENT="energy," />
            <SP ID="SP_135487" HPOS="566" VPOS="482" WIDTH="31" HEIGHT="0" />
            <String ID="Word_150290" HPOS="597" VPOS="482" WIDTH="224" HEIGHT="55" CONTENT="betraying" />
            <SP ID="SP_135488" HPOS="821" VPOS="482" WIDTH="32" HEIGHT="0" />
            <String ID="Word_150291" HPOS="853" VPOS="485" WIDTH="129" HEIGHT="50" CONTENT="itself," />
            <SP ID="SP_135489" HPOS="982" VPOS="485" WIDTH="33" HEIGHT="0" />
            <String ID="Word_150292" HPOS="1015" VPOS="485" WIDTH="44" HEIGHT="40" CONTENT="in" />
            <SP ID="SP_135490" HPOS="1059" VPOS="485" WIDTH="32" HEIGHT="0" />
            <String ID="Word_150293" HPOS="1091" VPOS="500" WIDTH="25" HEIGHT="26" CONTENT="a" />
            <SP ID="SP_135491" HPOS="1116" VPOS="487" WIDTH="32" HEIGHT="0" />
            <String ID="Word_150294" HPOS="1148" VPOS="487" WIDTH="158" HEIGHT="54" CONTENT="special" />
            <SP ID="SP_135492" HPOS="1306" VPOS="487" WIDTH="25" HEIGHT="0" />
            <String ID="Word_150295" HPOS="1331" VPOS="502" WIDTH="103" HEIGHT="42" CONTENT="way," />
            <SP ID="SP_135493" HPOS="1434" VPOS="490" WIDTH="23" HEIGHT="0" />
            <String ID="Word_150296" HPOS="1457" VPOS="490" WIDTH="42" HEIGHT="41" CONTENT="in" />
            <SP ID="SP_135494" HPOS="1499" VPOS="490" WIDTH="35" HEIGHT="0" />
            <String ID="Word_150297" HPOS="1534" VPOS="490" WIDTH="238" HEIGHT="42" CONTENT="connexion" />
            <SP ID="SP_135495" HPOS="1772" VPOS="490" WIDTH="24" HEIGHT="0" />
            <String ID="Word_150298" HPOS="1796" VPOS="490" WIDTH="104" HEIGHT="41" CONTENT="with" />
            <SP ID="SP_135496" HPOS="1900" VPOS="490" WIDTH="34" HEIGHT="0" />
            <String ID="Word_150299" HPOS="1934" VPOS="490" WIDTH="71" HEIGHT="42" CONTENT="the" />
          </TextLine>
          <TextLine ID="TextLine_14810" HPOS="393" VPOS="548" WIDTH="1613" HEIGHT="68">
            <String ID="Word_150300" HPOS="393" VPOS="548" WIDTH="182" HEIGHT="45" CONTENT="delicate" />
            <SP ID="SP_135497" HPOS="575" VPOS="548" WIDTH="24" HEIGHT="0" />
            <String ID="Word_150301" HPOS="599" VPOS="553" WIDTH="195" HEIGHT="42" CONTENT="function" />
            <SP ID="SP_135498" HPOS="794" VPOS="553" WIDTH="25" HEIGHT="0" />
            <String ID="Word_150302" HPOS="819" VPOS="555" WIDTH="45" HEIGHT="41" CONTENT="of" />
            <SP ID="SP_135499" HPOS="864" VPOS="555" WIDTH="19" HEIGHT="0" />
            <String ID="Word_150303" HPOS="883" VPOS="555" WIDTH="165" HEIGHT="54" CONTENT="speech." />
            <SP ID="SP_135500" HPOS="1048" VPOS="555" WIDTH="64" HEIGHT="0" />
            <String ID="Word_150304" HPOS="1112" VPOS="556" WIDTH="102" HEIGHT="42" CONTENT="This" />
            <SP ID="SP_135501" HPOS="1214" VPOS="556" WIDTH="35" HEIGHT="0" />
            <String ID="Word_150305" HPOS="1249" VPOS="557" WIDTH="127" HEIGHT="57" CONTENT="being" />
            <SP ID="SP_135502" HPOS="1376" VPOS="557" WIDTH="33" HEIGHT="0" />
            <String ID="Word_150306" HPOS="1409" VPOS="573" WIDTH="57" HEIGHT="36" CONTENT="so," />
            <SP ID="SP_135503" HPOS="1466" VPOS="571" WIDTH="25" HEIGHT="0" />
            <String ID="Word_150307" HPOS="1491" VPOS="575" WIDTH="61" HEIGHT="27" CONTENT="we" />
            <SP ID="SP_135504" HPOS="1552" VPOS="565" WIDTH="36" HEIGHT="0" />
            <String ID="Word_150308" HPOS="1588" VPOS="565" WIDTH="158" HEIGHT="38" CONTENT="cannot" />
            <SP ID="SP_135505" HPOS="1746" VPOS="564" WIDTH="33" HEIGHT="0" />
            <String ID="Word_150309" HPOS="1779" VPOS="564" WIDTH="153" HEIGHT="39" CONTENT="expect" />
            <SP ID="SP_135506" HPOS="1932" VPOS="564" WIDTH="30" HEIGHT="0" />
            <String ID="Word_150310" HPOS="1962" VPOS="565" WIDTH="44" HEIGHT="37" CONTENT="to" />
          </TextLine>
          <TextLine ID="TextLine_14811" HPOS="395" VPOS="622" WIDTH="1611" HEIGHT="65">
            <String ID="Word_150311" HPOS="395" VPOS="625" WIDTH="112" HEIGHT="35" CONTENT="meet" />
            <SP ID="SP_135507" HPOS="507" VPOS="622" WIDTH="22" HEIGHT="0" />
            <String ID="Word_150312" HPOS="529" VPOS="622" WIDTH="116" HEIGHT="42" CONTENT="often" />
            <SP ID="SP_135508" HPOS="645" VPOS="622" WIDTH="25" HEIGHT="0" />
            <String ID="Word_150313" HPOS="670" VPOS="623" WIDTH="103" HEIGHT="41" CONTENT="with" />
            <SP ID="SP_135509" HPOS="773" VPOS="623" WIDTH="25" HEIGHT="0" />
            <String ID="Word_150314" HPOS="798" VPOS="625" WIDTH="178" HEIGHT="54" CONTENT="solitary" />
            <SP ID="SP_135510" HPOS="976" VPOS="625" WIDTH="26" HEIGHT="0" />
            <String ID="Word_150315" HPOS="1002" VPOS="625" WIDTH="287" HEIGHT="44" CONTENT="disablement" />
            <SP ID="SP_135511" HPOS="1289" VPOS="625" WIDTH="21" HEIGHT="0" />
            <String ID="Word_150316" HPOS="1310" VPOS="628" WIDTH="46" HEIGHT="42" CONTENT="of" />
            <SP ID="SP_135512" HPOS="1356" VPOS="628" WIDTH="27" HEIGHT="0" />
            <String ID="Word_150317" HPOS="1383" VPOS="643" WIDTH="80" HEIGHT="29" CONTENT="one" />
            <SP ID="SP_135513" HPOS="1463" VPOS="631" WIDTH="22" HEIGHT="0" />
            <String ID="Word_150318" HPOS="1485" VPOS="631" WIDTH="43" HEIGHT="41" CONTENT="of" />
            <SP ID="SP_135514" HPOS="1528" VPOS="631" WIDTH="32" HEIGHT="0" />
            <String ID="Word_150319" HPOS="1560" VPOS="632" WIDTH="72" HEIGHT="41" CONTENT="the" />
            <SP ID="SP_135515" HPOS="1632" VPOS="631" WIDTH="32" HEIGHT="0" />
            <String ID="Word_150320" HPOS="1664" VPOS="644" WIDTH="342" HEIGHT="30" CONTENT="speech-centres" />
          </TextLine>
          <TextLine ID="TextLine_14812" HPOS="394" VPOS="689" WIDTH="1609" HEIGHT="64">
            <String ID="Word_150321" HPOS="394" VPOS="689" WIDTH="84" HEIGHT="41" CONTENT="and" />
            <SP ID="SP_135516" HPOS="478" VPOS="689" WIDTH="20" HEIGHT="0" />
            <String ID="Word_150322" HPOS="498" VPOS="691" WIDTH="241" HEIGHT="42" CONTENT="functional" />
            <SP ID="SP_135517" HPOS="739" VPOS="691" WIDTH="17" HEIGHT="0" />
            <String ID="Word_150323" HPOS="756" VPOS="694" WIDTH="207" HEIGHT="56" CONTENT="integrity" />
            <SP ID="SP_135518" HPOS="963" VPOS="694" WIDTH="15" HEIGHT="0" />
            <String ID="Word_150324" HPOS="978" VPOS="696" WIDTH="45" HEIGHT="40" CONTENT="of" />
            <SP ID="SP_135519" HPOS="1023" VPOS="695" WIDTH="13" HEIGHT="0" />
            <String ID="Word_150325" HPOS="1036" VPOS="695" WIDTH="72" HEIGHT="42" CONTENT="the" />
            <SP ID="SP_135520" HPOS="1108" VPOS="695" WIDTH="17" HEIGHT="0" />
            <String ID="Word_150326" HPOS="1125" VPOS="696" WIDTH="153" HEIGHT="43" CONTENT="others." />
            <SP ID="SP_135521" HPOS="1278" VPOS="696" WIDTH="63" HEIGHT="0" />
            <String ID="Word_150327" HPOS="1341" VPOS="699" WIDTH="88" HEIGHT="42" CONTENT="The" />
            <SP ID="SP_135522" HPOS="1429" VPOS="699" WIDTH="15" HEIGHT="0" />
            <String ID="Word_150328" HPOS="1444" VPOS="706" WIDTH="167" HEIGHT="37" CONTENT="centres" />
            <SP ID="SP_135523" HPOS="1611" VPOS="701" WIDTH="23" HEIGHT="0" />
            <String ID="Word_150329" HPOS="1634" VPOS="701" WIDTH="41" HEIGHT="41" CONTENT="A" />
            <SP ID="SP_135524" HPOS="1675" VPOS="701" WIDTH="18" HEIGHT="0" />
            <String ID="Word_150330" HPOS="1693" VPOS="702" WIDTH="84" HEIGHT="41" CONTENT="and" />
            <SP ID="SP_135525" HPOS="1777" VPOS="700" WIDTH="21" HEIGHT="0" />
            <String ID="Word_150331" HPOS="1798" VPOS="700" WIDTH="48" HEIGHT="41" CONTENT="B," />
            <SP ID="SP_135526" HPOS="1846" VPOS="700" WIDTH="21" HEIGHT="0" />
            <String ID="Word_150332" HPOS="1867" VPOS="701" WIDTH="136" HEIGHT="39" CONTENT="which" />
          </TextLine>
          <TextLine ID="TextLine_14813" HPOS="393" VPOS="763" WIDTH="1613" HEIGHT="57">
            <String ID="Word_150333" HPOS="393" VPOS="773" WIDTH="70" HEIGHT="29" CONTENT="are" />
            <SP ID="SP_135527" HPOS="463" VPOS="773" WIDTH="24" HEIGHT="0" />
            <String ID="Word_150334" HPOS="487" VPOS="775" WIDTH="45" HEIGHT="27" CONTENT="so" />
            <SP ID="SP_135528" HPOS="532" VPOS="763" WIDTH="23" HEIGHT="0" />
            <String ID="Word_150335" HPOS="555" VPOS="763" WIDTH="159" HEIGHT="55" CONTENT="closely" />
            <SP ID="SP_135529" HPOS="714" VPOS="763" WIDTH="23" HEIGHT="0" />
            <String ID="Word_150336" HPOS="737" VPOS="764" WIDTH="164" HEIGHT="42" CONTENT="related" />
            <SP ID="SP_135530" HPOS="901" VPOS="764" WIDTH="23" HEIGHT="0" />
            <String ID="Word_150337" HPOS="924" VPOS="770" WIDTH="43" HEIGHT="36" CONTENT="to" />
            <SP ID="SP_135531" HPOS="967" VPOS="765" WIDTH="23" HEIGHT="0" />
            <String ID="Word_150338" HPOS="990" VPOS="765" WIDTH="102" HEIGHT="42" CONTENT="each" />
            <SP ID="SP_135532" HPOS="1092" VPOS="765" WIDTH="23" HEIGHT="0" />
            <String ID="Word_150339" HPOS="1115" VPOS="766" WIDTH="123" HEIGHT="43" CONTENT="other" />
            <SP ID="SP_135533" HPOS="1238" VPOS="766" WIDTH="21" HEIGHT="0" />
            <String ID="Word_150340" HPOS="1259" VPOS="767" WIDTH="46" HEIGHT="42" CONTENT="in" />
            <SP ID="SP_135534" HPOS="1305" VPOS="767" WIDTH="23" HEIGHT="0" />
            <String ID="Word_150341" HPOS="1328" VPOS="769" WIDTH="207" HEIGHT="51" CONTENT="function," />
            <SP ID="SP_135535" HPOS="1535" VPOS="769" WIDTH="22" HEIGHT="0" />
            <String ID="Word_150342" HPOS="1557" VPOS="784" WIDTH="114" HEIGHT="28" CONTENT="seem" />
            <SP ID="SP_135536" HPOS="1671" VPOS="770" WIDTH="32" HEIGHT="0" />
            <String ID="Word_150343" HPOS="1703" VPOS="770" WIDTH="66" HEIGHT="42" CONTENT="for" />
            <SP ID="SP_135537" HPOS="1769" VPOS="770" WIDTH="31" HEIGHT="0" />
            <String ID="Word_150344" HPOS="1800" VPOS="770" WIDTH="72" HEIGHT="42" CONTENT="the" />
            <SP ID="SP_135538" HPOS="1872" VPOS="770" WIDTH="23" HEIGHT="0" />
            <String ID="Word_150345" HPOS="1895" VPOS="775" WIDTH="111" HEIGHT="37" CONTENT="most" />
          </TextLine>
          <TextLine ID="TextLine_14814" HPOS="392" VPOS="832" WIDTH="1614" HEIGHT="62">
            <String ID="Word_150346" HPOS="392" VPOS="834" WIDTH="112" HEIGHT="50" CONTENT="part," />
            <SP ID="SP_135539" HPOS="504" VPOS="832" WIDTH="16" HEIGHT="0" />
            <String ID="Word_150347" HPOS="520" VPOS="832" WIDTH="45" HEIGHT="40" CONTENT="in" />
            <SP ID="SP_135540" HPOS="565" VPOS="832" WIDTH="15" HEIGHT="0" />
            <String ID="Word_150348" HPOS="580" VPOS="833" WIDTH="73" HEIGHT="41" CONTENT="the" />
            <SP ID="SP_135541" HPOS="653" VPOS="833" WIDTH="15" HEIGHT="0" />
            <String ID="Word_150349" HPOS="668" VPOS="847" WIDTH="117" HEIGHT="29" CONTENT="cases" />
            <SP ID="SP_135542" HPOS="785" VPOS="847" WIDTH="18" HEIGHT="0" />
            <String ID="Word_150350" HPOS="803" VPOS="848" WIDTH="97" HEIGHT="27" CONTENT="now" />
            <SP ID="SP_135543" HPOS="900" VPOS="840" WIDTH="16" HEIGHT="0" />
            <String ID="Word_150351" HPOS="916" VPOS="840" WIDTH="42" HEIGHT="36" CONTENT="to" />
            <SP ID="SP_135544" HPOS="958" VPOS="835" WIDTH="16" HEIGHT="0" />
            <String ID="Word_150352" HPOS="974" VPOS="835" WIDTH="52" HEIGHT="42" CONTENT="be" />
            <SP ID="SP_135545" HPOS="1026" VPOS="835" WIDTH="17" HEIGHT="0" />
            <String ID="Word_150353" HPOS="1043" VPOS="836" WIDTH="263" HEIGHT="43" CONTENT="considered," />
            <SP ID="SP_135546" HPOS="1306" VPOS="836" WIDTH="17" HEIGHT="0" />
            <String ID="Word_150354" HPOS="1323" VPOS="843" WIDTH="43" HEIGHT="36" CONTENT="to" />
            <SP ID="SP_135547" HPOS="1366" VPOS="838" WIDTH="14" HEIGHT="0" />
            <String ID="Word_150355" HPOS="1380" VPOS="838" WIDTH="52" HEIGHT="42" CONTENT="be" />
            <SP ID="SP_135548" HPOS="1432" VPOS="838" WIDTH="18" HEIGHT="0" />
            <String ID="Word_150356" HPOS="1450" VPOS="838" WIDTH="223" HEIGHT="43" CONTENT="enfeebled" />
            <SP ID="SP_135549" HPOS="1673" VPOS="838" WIDTH="17" HEIGHT="0" />
            <String ID="Word_150357" HPOS="1690" VPOS="840" WIDTH="211" HEIGHT="54" CONTENT="together;" />
            <SP ID="SP_135550" HPOS="1901" VPOS="840" WIDTH="20" HEIGHT="0" />
            <String ID="Word_150358" HPOS="1921" VPOS="840" WIDTH="85" HEIGHT="41" CONTENT="and" />
          </TextLine>
          <TextLine ID="TextLine_14815" HPOS="392" VPOS="901" WIDTH="1614" HEIGHT="57">
            <String ID="Word_150359" HPOS="392" VPOS="915" WIDTH="46" HEIGHT="27" CONTENT="as" />
            <SP ID="SP_135551" HPOS="438" VPOS="901" WIDTH="21" HEIGHT="0" />
            <String ID="Word_150360" HPOS="459" VPOS="901" WIDTH="36" HEIGHT="41" CONTENT="it" />
            <SP ID="SP_135552" HPOS="495" VPOS="901" WIDTH="21" HEIGHT="0" />
            <String ID="Word_150361" HPOS="516" VPOS="902" WIDTH="37" HEIGHT="42" CONTENT="is" />
            <SP ID="SP_135553" HPOS="553" VPOS="902" WIDTH="23" HEIGHT="0" />
            <String ID="Word_150362" HPOS="576" VPOS="903" WIDTH="86" HEIGHT="42" CONTENT="this" />
            <SP ID="SP_135554" HPOS="662" VPOS="903" WIDTH="23" HEIGHT="0" />
            <String ID="Word_150363" HPOS="685" VPOS="904" WIDTH="330" HEIGHT="50" CONTENT="enfeeblement," />
            <SP ID="SP_135555" HPOS="1015" VPOS="904" WIDTH="21" HEIGHT="0" />
            <String ID="Word_150364" HPOS="1036" VPOS="906" WIDTH="145" HEIGHT="42" CONTENT="rather" />
            <SP ID="SP_135556" HPOS="1181" VPOS="906" WIDTH="21" HEIGHT="0" />
            <String ID="Word_150365" HPOS="1202" VPOS="907" WIDTH="105" HEIGHT="42" CONTENT="than" />
            <SP ID="SP_135557" HPOS="1307" VPOS="907" WIDTH="23" HEIGHT="0" />
            <String ID="Word_150366" HPOS="1330" VPOS="908" WIDTH="298" HEIGHT="50" CONTENT="disablement," />
            <SP ID="SP_135558" HPOS="1628" VPOS="908" WIDTH="14" HEIGHT="0" />
            <String ID="Word_150367" HPOS="1642" VPOS="909" WIDTH="94" HEIGHT="42" CONTENT="that" />
            <SP ID="SP_135559" HPOS="1736" VPOS="909" WIDTH="18" HEIGHT="0" />
            <String ID="Word_150368" HPOS="1754" VPOS="923" WIDTH="62" HEIGHT="28" CONTENT="we" />
            <SP ID="SP_135560" HPOS="1816" VPOS="910" WIDTH="22" HEIGHT="0" />
            <String ID="Word_150369" HPOS="1838" VPOS="910" WIDTH="107" HEIGHT="42" CONTENT="have" />
            <SP ID="SP_135561" HPOS="1945" VPOS="910" WIDTH="17" HEIGHT="0" />
            <String ID="Word_150370" HPOS="1962" VPOS="914" WIDTH="44" HEIGHT="37" CONTENT="to" />
          </TextLine>
          <TextLine ID="TextLine_14816" HPOS="391" VPOS="971" WIDTH="1613" HEIGHT="62">
            <String ID="Word_150371" HPOS="391" VPOS="971" WIDTH="53" HEIGHT="41" CONTENT="do" />
            <SP ID="SP_135562" HPOS="444" VPOS="971" WIDTH="24" HEIGHT="0" />
            <String ID="Word_150372" HPOS="468" VPOS="972" WIDTH="119" HEIGHT="50" CONTENT="with," />
            <SP ID="SP_135563" HPOS="587" VPOS="972" WIDTH="22" HEIGHT="0" />
            <String ID="Word_150373" HPOS="609" VPOS="973" WIDTH="73" HEIGHT="42" CONTENT="the" />
            <SP ID="SP_135564" HPOS="682" VPOS="973" WIDTH="23" HEIGHT="0" />
            <String ID="Word_150374" HPOS="705" VPOS="981" WIDTH="241" HEIGHT="47" CONTENT="symptoms" />
            <SP ID="SP_135565" HPOS="946" VPOS="976" WIDTH="26" HEIGHT="0" />
            <String ID="Word_150375" HPOS="972" VPOS="976" WIDTH="229" HEIGHT="54" CONTENT="presented" />
            <SP ID="SP_135566" HPOS="1201" VPOS="976" WIDTH="24" HEIGHT="0" />
            <String ID="Word_150376" HPOS="1225" VPOS="982" WIDTH="41" HEIGHT="36" CONTENT="to" />
            <SP ID="SP_135567" HPOS="1266" VPOS="982" WIDTH="23" HEIGHT="0" />
            <String ID="Word_150377" HPOS="1289" VPOS="991" WIDTH="50" HEIGHT="28" CONTENT="us" />
            <SP ID="SP_135568" HPOS="1339" VPOS="991" WIDTH="22" HEIGHT="0" />
            <String ID="Word_150378" HPOS="1361" VPOS="991" WIDTH="70" HEIGHT="28" CONTENT="are" />
            <SP ID="SP_135569" HPOS="1431" VPOS="977" WIDTH="21" HEIGHT="0" />
            <String ID="Word_150379" HPOS="1452" VPOS="977" WIDTH="130" HEIGHT="42" CONTENT="much" />
            <SP ID="SP_135570" HPOS="1582" VPOS="977" WIDTH="32" HEIGHT="0" />
            <String ID="Word_150380" HPOS="1614" VPOS="992" WIDTH="115" HEIGHT="28" CONTENT="more" />
            <SP ID="SP_135571" HPOS="1729" VPOS="979" WIDTH="32" HEIGHT="0" />
            <String ID="Word_150381" HPOS="1761" VPOS="979" WIDTH="243" HEIGHT="54" CONTENT="frequently" />
          </TextLine>
          <TextLine ID="TextLine_14817" HPOS="393" VPOS="1042" WIDTH="1612" HEIGHT="59">
            <String ID="Word_150382" HPOS="393" VPOS="1042" WIDTH="120" HEIGHT="42" CONTENT="those" />
            <SP ID="SP_135572" HPOS="513" VPOS="1042" WIDTH="23" HEIGHT="0" />
            <String ID="Word_150383" HPOS="536" VPOS="1043" WIDTH="44" HEIGHT="41" CONTENT="of" />
            <SP ID="SP_135573" HPOS="580" VPOS="1043" WIDTH="23" HEIGHT="0" />
            <String ID="Word_150384" HPOS="603" VPOS="1044" WIDTH="152" HEIGHT="42" CONTENT="failure" />
            <SP ID="SP_135574" HPOS="755" VPOS="1044" WIDTH="22" HEIGHT="0" />
            <String ID="Word_150385" HPOS="777" VPOS="1044" WIDTH="45" HEIGHT="41" CONTENT="in" />
            <SP ID="SP_135575" HPOS="822" VPOS="1044" WIDTH="25" HEIGHT="0" />
            <String ID="Word_150386" HPOS="847" VPOS="1046" WIDTH="254" HEIGHT="53" CONTENT="production" />
            <SP ID="SP_135576" HPOS="1101" VPOS="1046" WIDTH="22" HEIGHT="0" />
            <String ID="Word_150387" HPOS="1123" VPOS="1047" WIDTH="43" HEIGHT="41" CONTENT="of" />
            <SP ID="SP_135577" HPOS="1166" VPOS="1047" WIDTH="21" HEIGHT="0" />
            <String ID="Word_150388" HPOS="1187" VPOS="1047" WIDTH="155" HEIGHT="54" CONTENT="speech" />
            <SP ID="SP_135578" HPOS="1342" VPOS="1047" WIDTH="30" HEIGHT="0" />
            <String ID="Word_150389" HPOS="1372" VPOS="1048" WIDTH="105" HEIGHT="40" CONTENT="than" />
            <SP ID="SP_135579" HPOS="1477" VPOS="1048" WIDTH="22" HEIGHT="0" />
            <String ID="Word_150390" HPOS="1499" VPOS="1048" WIDTH="121" HEIGHT="42" CONTENT="those" />
            <SP ID="SP_135580" HPOS="1620" VPOS="1048" WIDTH="24" HEIGHT="0" />
            <String ID="Word_150391" HPOS="1644" VPOS="1049" WIDTH="45" HEIGHT="40" CONTENT="of" />
            <SP ID="SP_135581" HPOS="1689" VPOS="1048" WIDTH="19" HEIGHT="0" />
            <String ID="Word_150392" HPOS="1708" VPOS="1048" WIDTH="151" HEIGHT="42" CONTENT="failure" />
            <SP ID="SP_135582" HPOS="1859" VPOS="1048" WIDTH="23" HEIGHT="0" />
            <String ID="Word_150393" HPOS="1882" VPOS="1049" WIDTH="43" HEIGHT="41" CONTENT="in" />
            <SP ID="SP_135583" HPOS="1925" VPOS="1048" WIDTH="26" HEIGHT="0" />
            <String ID="Word_150394" HPOS="1951" VPOS="1048" WIDTH="54" HEIGHT="42" CONTENT="its" />
          </TextLine>
          <TextLine ID="TextLine_14818" HPOS="390" VPOS="1114" WIDTH="1615" HEIGHT="56">
            <String ID="Word_150395" HPOS="390" VPOS="1114" WIDTH="217" HEIGHT="53" CONTENT="reception" />
            <SP ID="SP_135584" HPOS="607" VPOS="1114" WIDTH="33" HEIGHT="0" />
            <String ID="Word_150396" HPOS="640" VPOS="1115" WIDTH="86" HEIGHT="40" CONTENT="and" />
            <SP ID="SP_135585" HPOS="726" VPOS="1115" WIDTH="32" HEIGHT="0" />
            <String ID="Word_150397" HPOS="758" VPOS="1115" WIDTH="345" HEIGHT="55" CONTENT="interpretation." />
            <SP ID="SP_135586" HPOS="1103" VPOS="1115" WIDTH="64" HEIGHT="0" />
            <String ID="Word_150398" HPOS="1167" VPOS="1117" WIDTH="55" HEIGHT="41" CONTENT="In" />
            <SP ID="SP_135587" HPOS="1222" VPOS="1117" WIDTH="32" HEIGHT="0" />
            <String ID="Word_150399" HPOS="1254" VPOS="1118" WIDTH="122" HEIGHT="41" CONTENT="other" />
            <SP ID="SP_135588" HPOS="1376" VPOS="1118" WIDTH="31" HEIGHT="0" />
            <String ID="Word_150400" HPOS="1407" VPOS="1118" WIDTH="147" HEIGHT="49" CONTENT="words," />
            <SP ID="SP_135589" HPOS="1554" VPOS="1118" WIDTH="21" HEIGHT="0" />
            <String ID="Word_150401" HPOS="1575" VPOS="1118" WIDTH="207" HEIGHT="42" CONTENT="Amnesia" />
            <SP ID="SP_135590" HPOS="1782" VPOS="1118" WIDTH="24" HEIGHT="0" />
            <String ID="Word_150402" HPOS="1806" VPOS="1119" WIDTH="199" HEIGHT="42" CONTENT="Verbalis" />
          </TextLine>
          <TextLine ID="TextLine_14819" HPOS="390" VPOS="1184" WIDTH="1615" HEIGHT="58">
            <String ID="Word_150403" HPOS="390" VPOS="1184" WIDTH="318" HEIGHT="54" CONTENT="(Logamnesia)" />
            <SP ID="SP_135591" HPOS="708" VPOS="1184" WIDTH="42" HEIGHT="0" />
            <String ID="Word_150404" HPOS="750" VPOS="1186" WIDTH="35" HEIGHT="39" CONTENT="is" />
            <SP ID="SP_135592" HPOS="785" VPOS="1186" WIDTH="41" HEIGHT="0" />
            <String ID="Word_150405" HPOS="826" VPOS="1186" WIDTH="127" HEIGHT="41" CONTENT="much" />
            <SP ID="SP_135593" HPOS="953" VPOS="1186" WIDTH="42" HEIGHT="0" />
            <String ID="Word_150406" HPOS="995" VPOS="1201" WIDTH="116" HEIGHT="27" CONTENT="more" />
            <SP ID="SP_135594" HPOS="1111" VPOS="1188" WIDTH="42" HEIGHT="0" />
            <String ID="Word_150407" HPOS="1153" VPOS="1188" WIDTH="200" HEIGHT="54" CONTENT="frequent" />
            <SP ID="SP_135595" HPOS="1353" VPOS="1188" WIDTH="36" HEIGHT="0" />
            <String ID="Word_150408" HPOS="1389" VPOS="1188" WIDTH="106" HEIGHT="40" CONTENT="than" />
            <SP ID="SP_135596" HPOS="1495" VPOS="1188" WIDTH="37" HEIGHT="0" />
            <String ID="Word_150409" HPOS="1532" VPOS="1188" WIDTH="73" HEIGHT="41" CONTENT="the" />
            <SP ID="SP_135597" HPOS="1605" VPOS="1188" WIDTH="38" HEIGHT="0" />
            <String ID="Word_150410" HPOS="1643" VPOS="1188" WIDTH="173" HEIGHT="41" CONTENT="failures" />
            <SP ID="SP_135598" HPOS="1816" VPOS="1188" WIDTH="36" HEIGHT="0" />
            <String ID="Word_150411" HPOS="1852" VPOS="1188" WIDTH="43" HEIGHT="40" CONTENT="in" />
            <SP ID="SP_135599" HPOS="1895" VPOS="1188" WIDTH="39" HEIGHT="0" />
            <String ID="Word_150412" HPOS="1934" VPOS="1188" WIDTH="71" HEIGHT="40" CONTENT="the" />
          </TextLine>
          <TextLine ID="TextLine_14820" HPOS="390" VPOS="1255" WIDTH="1615" HEIGHT="58">
            <String ID="Word_150413" HPOS="390" VPOS="1268" WIDTH="143" HEIGHT="40" CONTENT="power" />
            <SP ID="SP_135600" HPOS="533" VPOS="1255" WIDTH="36" HEIGHT="0" />
            <String ID="Word_150414" HPOS="569" VPOS="1255" WIDTH="44" HEIGHT="41" CONTENT="of" />
            <SP ID="SP_135601" HPOS="613" VPOS="1255" WIDTH="36" HEIGHT="0" />
            <String ID="Word_150415" HPOS="649" VPOS="1257" WIDTH="270" HEIGHT="53" CONTENT="recognising" />
            <SP ID="SP_135602" HPOS="919" VPOS="1257" WIDTH="37" HEIGHT="0" />
            <String ID="Word_150416" HPOS="956" VPOS="1257" WIDTH="137" HEIGHT="41" CONTENT="words" />
            <SP ID="SP_135603" HPOS="1093" VPOS="1257" WIDTH="35" HEIGHT="0" />
            <String ID="Word_150417" HPOS="1128" VPOS="1257" WIDTH="304" HEIGHT="56" CONTENT="(Logagnosia)" />
            <SP ID="SP_135604" HPOS="1432" VPOS="1257" WIDTH="34" HEIGHT="0" />
            <String ID="Word_150418" HPOS="1466" VPOS="1258" WIDTH="137" HEIGHT="41" CONTENT="which" />
            <SP ID="SP_135605" HPOS="1603" VPOS="1258" WIDTH="37" HEIGHT="0" />
            <String ID="Word_150419" HPOS="1640" VPOS="1272" WIDTH="60" HEIGHT="27" CONTENT="we" />
            <SP ID="SP_135606" HPOS="1700" VPOS="1263" WIDTH="33" HEIGHT="0" />
            <String ID="Word_150420" HPOS="1733" VPOS="1263" WIDTH="105" HEIGHT="36" CONTENT="term" />
            <SP ID="SP_135607" HPOS="1838" VPOS="1259" WIDTH="35" HEIGHT="0" />
            <String ID="Word_150421" HPOS="1873" VPOS="1259" WIDTH="132" HEIGHT="40" CONTENT="word-" />
          </TextLine>
          <TextLine ID="TextLine_14821" HPOS="390" VPOS="1325" WIDTH="1614" HEIGHT="58">
            <String ID="Word_150422" HPOS="390" VPOS="1325" WIDTH="197" HEIGHT="42" CONTENT="deafness" />
            <SP ID="SP_135608" HPOS="587" VPOS="1325" WIDTH="43" HEIGHT="0" />
            <String ID="Word_150423" HPOS="630" VPOS="1327" WIDTH="84" HEIGHT="40" CONTENT="and" />
            <SP ID="SP_135609" HPOS="714" VPOS="1327" WIDTH="45" HEIGHT="0" />
            <String ID="Word_150424" HPOS="759" VPOS="1327" WIDTH="373" HEIGHT="42" CONTENT="word-blindness." />
            <SP ID="SP_135610" HPOS="1132" VPOS="1327" WIDTH="78" HEIGHT="0" />
            <String ID="Word_150425" HPOS="1210" VPOS="1328" WIDTH="21" HEIGHT="40" CONTENT="I" />
            <SP ID="SP_135611" HPOS="1231" VPOS="1328" WIDTH="43" HEIGHT="0" />
            <String ID="Word_150426" HPOS="1274" VPOS="1329" WIDTH="140" HEIGHT="48" CONTENT="think," />
            <SP ID="SP_135612" HPOS="1414" VPOS="1328" WIDTH="37" HEIGHT="0" />
            <String ID="Word_150427" HPOS="1451" VPOS="1328" WIDTH="167" HEIGHT="42" CONTENT="indeed," />
            <SP ID="SP_135613" HPOS="1618" VPOS="1328" WIDTH="36" HEIGHT="0" />
            <String ID="Word_150428" HPOS="1654" VPOS="1328" WIDTH="95" HEIGHT="41" CONTENT="that" />
            <SP ID="SP_135614" HPOS="1749" VPOS="1328" WIDTH="42" HEIGHT="0" />
            <String ID="Word_150429" HPOS="1791" VPOS="1329" WIDTH="71" HEIGHT="41" CONTENT="the" />
            <SP ID="SP_135615" HPOS="1862" VPOS="1329" WIDTH="43" HEIGHT="0" />
            <String ID="Word_150430" HPOS="1905" VPOS="1343" WIDTH="99" HEIGHT="40" CONTENT="very" />
          </TextLine>
          <TextLine ID="TextLine_14822" HPOS="390" VPOS="1396" WIDTH="1614" HEIGHT="56">
            <String ID="Word_150431" HPOS="390" VPOS="1396" WIDTH="219" HEIGHT="41" CONTENT="existence" />
            <SP ID="SP_135616" HPOS="609" VPOS="1396" WIDTH="32" HEIGHT="0" />
            <String ID="Word_150432" HPOS="641" VPOS="1397" WIDTH="44" HEIGHT="40" CONTENT="of" />
            <SP ID="SP_135617" HPOS="685" VPOS="1397" WIDTH="34" HEIGHT="0" />
            <String ID="Word_150433" HPOS="719" VPOS="1397" WIDTH="333" HEIGHT="42" CONTENT="word-deafness" />
            <SP ID="SP_135618" HPOS="1052" VPOS="1397" WIDTH="30" HEIGHT="0" />
            <String ID="Word_150434" HPOS="1082" VPOS="1412" WIDTH="45" HEIGHT="27" CONTENT="or" />
            <SP ID="SP_135619" HPOS="1127" VPOS="1398" WIDTH="30" HEIGHT="0" />
            <String ID="Word_150435" HPOS="1157" VPOS="1398" WIDTH="371" HEIGHT="41" CONTENT="word-blindness," />
            <SP ID="SP_135620" HPOS="1528" VPOS="1398" WIDTH="22" HEIGHT="0" />
            <String ID="Word_150436" HPOS="1550" VPOS="1398" WIDTH="44" HEIGHT="40" CONTENT="in" />
            <SP ID="SP_135621" HPOS="1594" VPOS="1398" WIDTH="23" HEIGHT="0" />
            <String ID="Word_150437" HPOS="1617" VPOS="1412" WIDTH="83" HEIGHT="40" CONTENT="any" />
            <SP ID="SP_135622" HPOS="1700" VPOS="1412" WIDTH="24" HEIGHT="0" />
            <String ID="Word_150438" HPOS="1724" VPOS="1412" WIDTH="106" HEIGHT="27" CONTENT="case," />
            <SP ID="SP_135623" HPOS="1830" VPOS="1398" WIDTH="22" HEIGHT="0" />
            <String ID="Word_150439" HPOS="1852" VPOS="1412" WIDTH="152" HEIGHT="27" CONTENT="should" />
          </TextLine>
          <TextLine ID="TextLine_14823" HPOS="392" VPOS="1468" WIDTH="1614" HEIGHT="54">
            <String ID="Word_150440" HPOS="392" VPOS="1471" WIDTH="173" HEIGHT="50" CONTENT="suggest" />
            <SP ID="SP_135624" HPOS="565" VPOS="1471" WIDTH="43" HEIGHT="0" />
            <String ID="Word_150441" HPOS="608" VPOS="1481" WIDTH="55" HEIGHT="26" CONTENT="an" />
            <SP ID="SP_135625" HPOS="663" VPOS="1468" WIDTH="42" HEIGHT="0" />
            <String ID="Word_150442" HPOS="705" VPOS="1468" WIDTH="172" HEIGHT="54" CONTENT="organic" />
            <SP ID="SP_135626" HPOS="877" VPOS="1468" WIDTH="51" HEIGHT="0" />
            <String ID="Word_150443" HPOS="928" VPOS="1468" WIDTH="143" HEIGHT="42" CONTENT="rather" />
            <SP ID="SP_135627" HPOS="1071" VPOS="1468" WIDTH="53" HEIGHT="0" />
            <String ID="Word_150444" HPOS="1124" VPOS="1469" WIDTH="104" HEIGHT="40" CONTENT="than" />
            <SP ID="SP_135628" HPOS="1228" VPOS="1469" WIDTH="42" HEIGHT="0" />
            <String ID="Word_150445" HPOS="1270" VPOS="1483" WIDTH="24" HEIGHT="26" CONTENT="a" />
            <SP ID="SP_135629" HPOS="1294" VPOS="1469" WIDTH="42" HEIGHT="0" />
            <String ID="Word_150446" HPOS="1336" VPOS="1469" WIDTH="240" HEIGHT="41" CONTENT="functional" />
            <SP ID="SP_135630" HPOS="1576" VPOS="1469" WIDTH="53" HEIGHT="0" />
            <String ID="Word_150447" HPOS="1629" VPOS="1482" WIDTH="147" HEIGHT="28" CONTENT="cause;" />
            <SP ID="SP_135631" HPOS="1776" VPOS="1469" WIDTH="52" HEIGHT="0" />
            <String ID="Word_150448" HPOS="1828" VPOS="1469" WIDTH="178" HEIGHT="41" CONTENT="because" />
          </TextLine>
          <TextLine ID="TextLine_14824" HPOS="392" VPOS="1536" WIDTH="1611" HEIGHT="58">
            <String ID="Word_150449" HPOS="392" VPOS="1536" WIDTH="72" HEIGHT="42" CONTENT="the" />
            <SP ID="SP_135632" HPOS="464" VPOS="1536" WIDTH="45" HEIGHT="0" />
            <String ID="Word_150450" HPOS="509" VPOS="1537" WIDTH="298" HEIGHT="43" CONTENT="word-images" />
            <SP ID="SP_135633" HPOS="807" VPOS="1537" WIDTH="45" HEIGHT="0" />
            <String ID="Word_150451" HPOS="852" VPOS="1543" WIDTH="116" HEIGHT="36" CONTENT="must" />
            <SP ID="SP_135634" HPOS="968" VPOS="1539" WIDTH="41" HEIGHT="0" />
            <String ID="Word_150452" HPOS="1009" VPOS="1539" WIDTH="51" HEIGHT="41" CONTENT="be" />
            <SP ID="SP_135635" HPOS="1060" VPOS="1539" WIDTH="42" HEIGHT="0" />
            <String ID="Word_150453" HPOS="1102" VPOS="1539" WIDTH="208" HEIGHT="55" CONTENT="seriously" />
            <SP ID="SP_135636" HPOS="1310" VPOS="1539" WIDTH="47" HEIGHT="0" />
            <String ID="Word_150454" HPOS="1357" VPOS="1539" WIDTH="204" HEIGHT="42" CONTENT="disabled," />
            <SP ID="SP_135637" HPOS="1561" VPOS="1539" WIDTH="41" HEIGHT="0" />
            <String ID="Word_150455" HPOS="1602" VPOS="1539" WIDTH="83" HEIGHT="41" CONTENT="and" />
            <SP ID="SP_135638" HPOS="1685" VPOS="1539" WIDTH="44" HEIGHT="0" />
            <String ID="Word_150456" HPOS="1729" VPOS="1544" WIDTH="75" HEIGHT="36" CONTENT="not" />
            <SP ID="SP_135639" HPOS="1804" VPOS="1539" WIDTH="41" HEIGHT="0" />
            <String ID="Word_150457" HPOS="1845" VPOS="1553" WIDTH="158" HEIGHT="40" CONTENT="merely" />
          </TextLine>
          <TextLine ID="TextLine_14825" HPOS="390" VPOS="1608" WIDTH="1614" HEIGHT="56">
            <String ID="Word_150458" HPOS="390" VPOS="1608" WIDTH="236" HEIGHT="51" CONTENT="enfeebled," />
            <SP ID="SP_135640" HPOS="626" VPOS="1608" WIDTH="24" HEIGHT="0" />
            <String ID="Word_150459" HPOS="650" VPOS="1609" WIDTH="34" HEIGHT="40" CONTENT="if" />
            <SP ID="SP_135641" HPOS="684" VPOS="1609" WIDTH="21" HEIGHT="0" />
            <String ID="Word_150460" HPOS="705" VPOS="1609" WIDTH="104" HEIGHT="41" CONTENT="they" />
            <SP ID="SP_135642" HPOS="809" VPOS="1609" WIDTH="24" HEIGHT="0" />
            <String ID="Word_150461" HPOS="833" VPOS="1614" WIDTH="157" HEIGHT="36" CONTENT="cannot" />
            <SP ID="SP_135643" HPOS="990" VPOS="1610" WIDTH="32" HEIGHT="0" />
            <String ID="Word_150462" HPOS="1022" VPOS="1610" WIDTH="51" HEIGHT="40" CONTENT="be" />
            <SP ID="SP_135644" HPOS="1073" VPOS="1609" WIDTH="33" HEIGHT="0" />
            <String ID="Word_150463" HPOS="1106" VPOS="1609" WIDTH="174" HEIGHT="42" CONTENT="revived" />
            <SP ID="SP_135645" HPOS="1280" VPOS="1609" WIDTH="32" HEIGHT="0" />
            <String ID="Word_150464" HPOS="1312" VPOS="1609" WIDTH="57" HEIGHT="41" CONTENT="by" />
            <SP ID="SP_135646" HPOS="1369" VPOS="1609" WIDTH="23" HEIGHT="0" />
            <String ID="Word_150465" HPOS="1392" VPOS="1609" WIDTH="73" HEIGHT="41" CONTENT="the" />
            <SP ID="SP_135647" HPOS="1465" VPOS="1609" WIDTH="32" HEIGHT="0" />
            <String ID="Word_150466" HPOS="1497" VPOS="1617" WIDTH="149" HEIGHT="34" CONTENT="strong" />
            <SP ID="SP_135648" HPOS="1646" VPOS="1610" WIDTH="24" HEIGHT="0" />
            <String ID="Word_150467" HPOS="1670" VPOS="1610" WIDTH="203" HEIGHT="40" CONTENT="stimulus" />
            <SP ID="SP_135649" HPOS="1873" VPOS="1610" WIDTH="23" HEIGHT="0" />
            <String ID="Word_150468" HPOS="1896" VPOS="1610" WIDTH="108" HEIGHT="40" CONTENT="from" />
          </TextLine>
          <TextLine ID="TextLine_14826" HPOS="392" VPOS="1678" WIDTH="1611" HEIGHT="57">
            <String ID="Word_150469" HPOS="392" VPOS="1678" WIDTH="185" HEIGHT="41" CONTENT="without" />
            <SP ID="SP_135650" HPOS="577" VPOS="1678" WIDTH="43" HEIGHT="0" />
            <String ID="Word_150470" HPOS="620" VPOS="1678" WIDTH="139" HEIGHT="42" CONTENT="which" />
            <SP ID="SP_135651" HPOS="759" VPOS="1678" WIDTH="53" HEIGHT="0" />
            <String ID="Word_150471" HPOS="812" VPOS="1679" WIDTH="103" HEIGHT="54" CONTENT="they" />
            <SP ID="SP_135652" HPOS="915" VPOS="1679" WIDTH="43" HEIGHT="0" />
            <String ID="Word_150472" HPOS="958" VPOS="1679" WIDTH="212" HEIGHT="55" CONTENT="normally" />
            <SP ID="SP_135653" HPOS="1170" VPOS="1679" WIDTH="42" HEIGHT="0" />
            <String ID="Word_150473" HPOS="1212" VPOS="1679" WIDTH="145" HEIGHT="41" CONTENT="derive" />
            <SP ID="SP_135654" HPOS="1357" VPOS="1679" WIDTH="52" HEIGHT="0" />
            <String ID="Word_150474" HPOS="1409" VPOS="1680" WIDTH="106" HEIGHT="40" CONTENT="from" />
            <SP ID="SP_135655" HPOS="1515" VPOS="1679" WIDTH="54" HEIGHT="0" />
            <String ID="Word_150475" HPOS="1569" VPOS="1679" WIDTH="73" HEIGHT="42" CONTENT="the" />
            <SP ID="SP_135656" HPOS="1642" VPOS="1679" WIDTH="52" HEIGHT="0" />
            <String ID="Word_150476" HPOS="1694" VPOS="1680" WIDTH="176" HEIGHT="40" CONTENT="hearing" />
            <SP ID="SP_135657" HPOS="1870" VPOS="1680" WIDTH="50" HEIGHT="0" />
            <String ID="Word_150477" HPOS="1920" VPOS="1680" WIDTH="83" HEIGHT="40" CONTENT="and" />
          </TextLine>
          <TextLine ID="TextLine_14827" HPOS="390" VPOS="1749" WIDTH="1616" HEIGHT="55">
            <String ID="Word_150478" HPOS="390" VPOS="1749" WIDTH="146" HEIGHT="41" CONTENT="seeing" />
            <SP ID="SP_135658" HPOS="536" VPOS="1749" WIDTH="33" HEIGHT="0" />
            <String ID="Word_150479" HPOS="569" VPOS="1750" WIDTH="45" HEIGHT="40" CONTENT="of" />
            <SP ID="SP_135659" HPOS="614" VPOS="1749" WIDTH="33" HEIGHT="0" />
            <String ID="Word_150480" HPOS="647" VPOS="1749" WIDTH="146" HEIGHT="41" CONTENT="words." />
            <SP ID="SP_135660" HPOS="793" VPOS="1749" WIDTH="65" HEIGHT="0" />
            <String ID="Word_150481" HPOS="858" VPOS="1750" WIDTH="54" HEIGHT="40" CONTENT="In" />
            <SP ID="SP_135661" HPOS="912" VPOS="1750" WIDTH="33" HEIGHT="0" />
            <String ID="Word_150482" HPOS="945" VPOS="1763" WIDTH="117" HEIGHT="28" CONTENT="mere" />
            <SP ID="SP_135662" HPOS="1062" VPOS="1749" WIDTH="34" HEIGHT="0" />
            <String ID="Word_150483" HPOS="1096" VPOS="1749" WIDTH="315" HEIGHT="42" CONTENT="enfeeblement" />
            <SP ID="SP_135663" HPOS="1411" VPOS="1749" WIDTH="34" HEIGHT="0" />
            <String ID="Word_150484" HPOS="1445" VPOS="1750" WIDTH="42" HEIGHT="40" CONTENT="of" />
            <SP ID="SP_135664" HPOS="1487" VPOS="1749" WIDTH="31" HEIGHT="0" />
            <String ID="Word_150485" HPOS="1518" VPOS="1749" WIDTH="207" HEIGHT="41" CONTENT="function," />
            <SP ID="SP_135665" HPOS="1725" VPOS="1749" WIDTH="23" HEIGHT="0" />
            <String ID="Word_150486" HPOS="1748" VPOS="1749" WIDTH="73" HEIGHT="41" CONTENT="the" />
            <SP ID="SP_135666" HPOS="1821" VPOS="1749" WIDTH="26" HEIGHT="0" />
            <String ID="Word_150487" HPOS="1847" VPOS="1749" WIDTH="159" HEIGHT="55" CONTENT="images" />
          </TextLine>
          <TextLine ID="TextLine_14828" HPOS="390" VPOS="1819" WIDTH="1618" HEIGHT="55">
            <String ID="Word_150488" HPOS="390" VPOS="1820" WIDTH="117" HEIGHT="41" CONTENT="often" />
            <SP ID="SP_135667" HPOS="507" VPOS="1820" WIDTH="39" HEIGHT="0" />
            <String ID="Word_150489" HPOS="546" VPOS="1820" WIDTH="205" HEIGHT="41" CONTENT="continue" />
            <SP ID="SP_135668" HPOS="751" VPOS="1820" WIDTH="36" HEIGHT="0" />
            <String ID="Word_150490" HPOS="787" VPOS="1825" WIDTH="42" HEIGHT="35" CONTENT="to" />
            <SP ID="SP_135669" HPOS="829" VPOS="1819" WIDTH="37" HEIGHT="0" />
            <String ID="Word_150491" HPOS="866" VPOS="1819" WIDTH="186" HEIGHT="41" CONTENT="respond" />
            <SP ID="SP_135670" HPOS="1052" VPOS="1819" WIDTH="36" HEIGHT="0" />
            <String ID="Word_150492" HPOS="1088" VPOS="1823" WIDTH="44" HEIGHT="37" CONTENT="to" />
            <SP ID="SP_135671" HPOS="1132" VPOS="1819" WIDTH="37" HEIGHT="0" />
            <String ID="Word_150493" HPOS="1169" VPOS="1819" WIDTH="88" HEIGHT="42" CONTENT="this" />
            <SP ID="SP_135672" HPOS="1257" VPOS="1819" WIDTH="34" HEIGHT="0" />
            <String ID="Word_150494" HPOS="1291" VPOS="1823" WIDTH="146" HEIGHT="38" CONTENT="strong" />
            <SP ID="SP_135673" HPOS="1437" VPOS="1820" WIDTH="21" HEIGHT="0" />
            <String ID="Word_150495" HPOS="1458" VPOS="1820" WIDTH="202" HEIGHT="40" CONTENT="stimulus" />
            <SP ID="SP_135674" HPOS="1660" VPOS="1820" WIDTH="22" HEIGHT="0" />
            <String ID="Word_150496" HPOS="1682" VPOS="1820" WIDTH="108" HEIGHT="40" CONTENT="from" />
            <SP ID="SP_135675" HPOS="1790" VPOS="1819" WIDTH="24" HEIGHT="0" />
            <String ID="Word_150497" HPOS="1814" VPOS="1819" WIDTH="194" HEIGHT="50" CONTENT="without," />
          </TextLine>
          <TextLine ID="TextLine_14829" HPOS="391" VPOS="1889" WIDTH="1616" HEIGHT="54">
            <String ID="Word_150498" HPOS="391" VPOS="1890" WIDTH="124" HEIGHT="42" CONTENT="when" />
            <SP ID="SP_135676" HPOS="515" VPOS="1890" WIDTH="45" HEIGHT="0" />
            <String ID="Word_150499" HPOS="560" VPOS="1891" WIDTH="71" HEIGHT="41" CONTENT="the" />
            <SP ID="SP_135677" HPOS="631" VPOS="1890" WIDTH="43" HEIGHT="0" />
            <String ID="Word_150500" HPOS="674" VPOS="1890" WIDTH="170" HEIGHT="41" CONTENT="weaker" />
            <SP ID="SP_135678" HPOS="844" VPOS="1890" WIDTH="41" HEIGHT="0" />
            <String ID="Word_150501" HPOS="885" VPOS="1890" WIDTH="203" HEIGHT="41" CONTENT="stimulus" />
            <SP ID="SP_135679" HPOS="1088" VPOS="1890" WIDTH="43" HEIGHT="0" />
            <String ID="Word_150502" HPOS="1131" VPOS="1891" WIDTH="110" HEIGHT="39" CONTENT="from" />
            <SP ID="SP_135680" HPOS="1241" VPOS="1889" WIDTH="42" HEIGHT="0" />
            <String ID="Word_150503" HPOS="1283" VPOS="1889" WIDTH="156" HEIGHT="42" CONTENT="within" />
            <SP ID="SP_135681" HPOS="1439" VPOS="1889" WIDTH="41" HEIGHT="0" />
            <String ID="Word_150504" HPOS="1480" VPOS="1890" WIDTH="96" HEIGHT="41" CONTENT="that" />
            <SP ID="SP_135682" HPOS="1576" VPOS="1890" WIDTH="41" HEIGHT="0" />
            <String ID="Word_150505" HPOS="1617" VPOS="1890" WIDTH="35" HEIGHT="41" CONTENT="is" />
            <SP ID="SP_135683" HPOS="1652" VPOS="1890" WIDTH="43" HEIGHT="0" />
            <String ID="Word_150506" HPOS="1695" VPOS="1890" WIDTH="215" HEIGHT="53" CONTENT="produced" />
            <SP ID="SP_135684" HPOS="1910" VPOS="1890" WIDTH="41" HEIGHT="0" />
            <String ID="Word_150507" HPOS="1951" VPOS="1890" WIDTH="56" HEIGHT="53" CONTENT="by" />
          </TextLine>
          <TextLine ID="TextLine_14830" HPOS="390" VPOS="1959" WIDTH="1617" HEIGHT="57">
            <String ID="Word_150508" HPOS="390" VPOS="1961" WIDTH="207" HEIGHT="55" CONTENT="thoughts" />
            <SP ID="SP_135685" HPOS="597" VPOS="1961" WIDTH="32" HEIGHT="0" />
            <String ID="Word_150509" HPOS="629" VPOS="1961" WIDTH="177" HEIGHT="54" CONTENT="seeking" />
            <SP ID="SP_135686" HPOS="806" VPOS="1960" WIDTH="32" HEIGHT="0" />
            <String ID="Word_150510" HPOS="838" VPOS="1960" WIDTH="249" HEIGHT="41" CONTENT="expression" />
            <SP ID="SP_135687" HPOS="1087" VPOS="1960" WIDTH="29" HEIGHT="0" />
            <String ID="Word_150511" HPOS="1116" VPOS="1960" WIDTH="46" HEIGHT="40" CONTENT="in" />
            <SP ID="SP_135688" HPOS="1162" VPOS="1959" WIDTH="24" HEIGHT="0" />
            <String ID="Word_150512" HPOS="1186" VPOS="1959" WIDTH="137" HEIGHT="42" CONTENT="words" />
            <SP ID="SP_135689" HPOS="1323" VPOS="1959" WIDTH="32" HEIGHT="0" />
            <String ID="Word_150513" HPOS="1355" VPOS="1959" WIDTH="98" HEIGHT="41" CONTENT="fails" />
            <SP ID="SP_135690" HPOS="1453" VPOS="1959" WIDTH="23" HEIGHT="0" />
            <String ID="Word_150514" HPOS="1476" VPOS="1964" WIDTH="43" HEIGHT="37" CONTENT="to" />
            <SP ID="SP_135691" HPOS="1519" VPOS="1960" WIDTH="22" HEIGHT="0" />
            <String ID="Word_150515" HPOS="1541" VPOS="1960" WIDTH="145" HEIGHT="41" CONTENT="revive" />
            <SP ID="SP_135692" HPOS="1686" VPOS="1959" WIDTH="30" HEIGHT="0" />
            <String ID="Word_150516" HPOS="1716" VPOS="1959" WIDTH="127" HEIGHT="42" CONTENT="them." />
            <SP ID="SP_135693" HPOS="1843" VPOS="1959" WIDTH="62" HEIGHT="0" />
            <String ID="Word_150517" HPOS="1905" VPOS="1960" WIDTH="102" HEIGHT="40" CONTENT="And" />
          </TextLine>
          <TextLine ID="TextLine_14831" HPOS="391" VPOS="2030" WIDTH="1617" HEIGHT="55">
            <String ID="Word_150518" HPOS="391" VPOS="2032" WIDTH="101" HEIGHT="41" CONTENT="thus" />
            <SP ID="SP_135694" HPOS="492" VPOS="2032" WIDTH="22" HEIGHT="0" />
            <String ID="Word_150519" HPOS="514" VPOS="2032" WIDTH="36" HEIGHT="41" CONTENT="it" />
            <SP ID="SP_135695" HPOS="550" VPOS="2032" WIDTH="21" HEIGHT="0" />
            <String ID="Word_150520" HPOS="571" VPOS="2033" WIDTH="36" HEIGHT="40" CONTENT="is" />
            <SP ID="SP_135696" HPOS="607" VPOS="2032" WIDTH="23" HEIGHT="0" />
            <String ID="Word_150521" HPOS="630" VPOS="2032" WIDTH="96" HEIGHT="41" CONTENT="that" />
            <SP ID="SP_135697" HPOS="726" VPOS="2032" WIDTH="21" HEIGHT="0" />
            <String ID="Word_150522" HPOS="747" VPOS="2032" WIDTH="45" HEIGHT="40" CONTENT="in" />
            <SP ID="SP_135698" HPOS="792" VPOS="2031" WIDTH="24" HEIGHT="0" />
            <String ID="Word_150523" HPOS="816" VPOS="2031" WIDTH="73" HEIGHT="41" CONTENT="the" />
            <SP ID="SP_135699" HPOS="889" VPOS="2031" WIDTH="22" HEIGHT="0" />
            <String ID="Word_150524" HPOS="911" VPOS="2035" WIDTH="96" HEIGHT="37" CONTENT="vast" />
            <SP ID="SP_135700" HPOS="1007" VPOS="2030" WIDTH="22" HEIGHT="0" />
            <String ID="Word_150525" HPOS="1029" VPOS="2030" WIDTH="202" HEIGHT="55" CONTENT="majority" />
            <SP ID="SP_135701" HPOS="1231" VPOS="2030" WIDTH="23" HEIGHT="0" />
            <String ID="Word_150526" HPOS="1254" VPOS="2031" WIDTH="46" HEIGHT="40" CONTENT="of" />
            <SP ID="SP_135702" HPOS="1300" VPOS="2031" WIDTH="33" HEIGHT="0" />
            <String ID="Word_150527" HPOS="1333" VPOS="2044" WIDTH="116" HEIGHT="28" CONTENT="cases" />
            <SP ID="SP_135703" HPOS="1449" VPOS="2030" WIDTH="31" HEIGHT="0" />
            <String ID="Word_150528" HPOS="1480" VPOS="2030" WIDTH="44" HEIGHT="41" CONTENT="of" />
            <SP ID="SP_135704" HPOS="1524" VPOS="2030" WIDTH="37" HEIGHT="0" />
            <String ID="Word_150529" HPOS="1561" VPOS="2030" WIDTH="240" HEIGHT="41" CONTENT="functional" />
            <SP ID="SP_135705" HPOS="1801" VPOS="2030" WIDTH="31" HEIGHT="0" />
            <String ID="Word_150530" HPOS="1832" VPOS="2030" WIDTH="176" HEIGHT="54" CONTENT="aphasia" />
          </TextLine>
          <TextLine ID="TextLine_14832" HPOS="390" VPOS="2100" WIDTH="1614" HEIGHT="57">
            <String ID="Word_150531" HPOS="390" VPOS="2102" WIDTH="73" HEIGHT="42" CONTENT="the" />
            <SP ID="SP_135706" HPOS="463" VPOS="2102" WIDTH="24" HEIGHT="0" />
            <String ID="Word_150532" HPOS="487" VPOS="2107" WIDTH="240" HEIGHT="50" CONTENT="symptoms" />
            <SP ID="SP_135707" HPOS="727" VPOS="2107" WIDTH="18" HEIGHT="0" />
            <String ID="Word_150533" HPOS="745" VPOS="2116" WIDTH="71" HEIGHT="27" CONTENT="are" />
            <SP ID="SP_135708" HPOS="816" VPOS="2101" WIDTH="18" HEIGHT="0" />
            <String ID="Word_150534" HPOS="834" VPOS="2101" WIDTH="122" HEIGHT="41" CONTENT="those" />
            <SP ID="SP_135709" HPOS="956" VPOS="2101" WIDTH="14" HEIGHT="0" />
            <String ID="Word_150535" HPOS="970" VPOS="2102" WIDTH="46" HEIGHT="40" CONTENT="of" />
            <SP ID="SP_135710" HPOS="1016" VPOS="2100" WIDTH="15" HEIGHT="0" />
            <String ID="Word_150536" HPOS="1031" VPOS="2100" WIDTH="294" HEIGHT="56" CONTENT="Logamnesia," />
            <SP ID="SP_135711" HPOS="1325" VPOS="2100" WIDTH="17" HEIGHT="0" />
            <String ID="Word_150537" HPOS="1342" VPOS="2100" WIDTH="84" HEIGHT="41" CONTENT="and" />
            <SP ID="SP_135712" HPOS="1426" VPOS="2100" WIDTH="18" HEIGHT="0" />
            <String ID="Word_150538" HPOS="1444" VPOS="2104" WIDTH="75" HEIGHT="37" CONTENT="not" />
            <SP ID="SP_135713" HPOS="1519" VPOS="2100" WIDTH="17" HEIGHT="0" />
            <String ID="Word_150539" HPOS="1536" VPOS="2100" WIDTH="122" HEIGHT="41" CONTENT="those" />
            <SP ID="SP_135714" HPOS="1658" VPOS="2100" WIDTH="16" HEIGHT="0" />
            <String ID="Word_150540" HPOS="1674" VPOS="2100" WIDTH="45" HEIGHT="40" CONTENT="of" />
            <SP ID="SP_135715" HPOS="1719" VPOS="2100" WIDTH="15" HEIGHT="0" />
            <String ID="Word_150541" HPOS="1734" VPOS="2100" WIDTH="270" HEIGHT="55" CONTENT="Logagnosia." />
          </TextLine>
          <TextLine ID="TextLine_14833" HPOS="390" VPOS="2168" WIDTH="1327" HEIGHT="56">
            <String ID="Word_150542" HPOS="390" VPOS="2170" WIDTH="90" HEIGHT="42" CONTENT="The" />
            <SP ID="SP_135716" HPOS="480" VPOS="2170" WIDTH="22" HEIGHT="0" />
            <String ID="Word_150543" HPOS="502" VPOS="2171" WIDTH="177" HEIGHT="53" CONTENT="aphasia" />
            <SP ID="SP_135717" HPOS="679" VPOS="2170" WIDTH="21" HEIGHT="0" />
            <String ID="Word_150544" HPOS="700" VPOS="2170" WIDTH="36" HEIGHT="41" CONTENT="is" />
            <SP ID="SP_135718" HPOS="736" VPOS="2170" WIDTH="23" HEIGHT="0" />
            <String ID="Word_150545" HPOS="759" VPOS="2183" WIDTH="203" HEIGHT="28" CONTENT="amnesic," />
            <SP ID="SP_135719" HPOS="962" VPOS="2168" WIDTH="21" HEIGHT="0" />
            <String ID="Word_150546" HPOS="983" VPOS="2168" WIDTH="83" HEIGHT="43" CONTENT="and" />
            <SP ID="SP_135720" HPOS="1066" VPOS="2168" WIDTH="28" HEIGHT="0" />
            <String ID="Word_150547" HPOS="1094" VPOS="2183" WIDTH="101" HEIGHT="27" CONTENT="very" />
            <SP ID="SP_135721" HPOS="1195" VPOS="2169" WIDTH="25" HEIGHT="0" />
            <String ID="Word_150548" HPOS="1220" VPOS="2169" WIDTH="159" HEIGHT="41" CONTENT="seldom" />
            <SP ID="SP_135722" HPOS="1379" VPOS="2168" WIDTH="25" HEIGHT="0" />
            <String ID="Word_150549" HPOS="1404" VPOS="2168" WIDTH="89" HEIGHT="42" CONTENT="also" />
            <SP ID="SP_135723" HPOS="1493" VPOS="2168" WIDTH="21" HEIGHT="0" />
            <String ID="Word_150550" HPOS="1514" VPOS="2168" WIDTH="203" HEIGHT="42" CONTENT="agnostic." />
          </TextLine>
          <TextLine ID="TextLine_14834" HPOS="449" VPOS="2238" WIDTH="1557" HEIGHT="58">
            <String ID="Word_150551" HPOS="449" VPOS="2241" WIDTH="257" HEIGHT="55" CONTENT="Beginning," />
            <SP ID="SP_135724" HPOS="706" VPOS="2240" WIDTH="22" HEIGHT="0" />
            <String ID="Word_150552" HPOS="728" VPOS="2240" WIDTH="119" HEIGHT="41" CONTENT="then," />
            <SP ID="SP_135725" HPOS="847" VPOS="2240" WIDTH="25" HEIGHT="0" />
            <String ID="Word_150553" HPOS="872" VPOS="2240" WIDTH="106" HEIGHT="40" CONTENT="with" />
            <SP ID="SP_135726" HPOS="978" VPOS="2240" WIDTH="24" HEIGHT="0" />
            <String ID="Word_150554" HPOS="1002" VPOS="2244" WIDTH="258" HEIGHT="37" CONTENT="evanescent" />
            <SP ID="SP_135727" HPOS="1260" VPOS="2239" WIDTH="22" HEIGHT="0" />
            <String ID="Word_150555" HPOS="1282" VPOS="2239" WIDTH="171" HEIGHT="55" CONTENT="organic" />
            <SP ID="SP_135728" HPOS="1453" VPOS="2239" WIDTH="22" HEIGHT="0" />
            <String ID="Word_150556" HPOS="1475" VPOS="2239" WIDTH="222" HEIGHT="41" CONTENT="affections" />
            <SP ID="SP_135729" HPOS="1697" VPOS="2238" WIDTH="31" HEIGHT="0" />
            <String ID="Word_150557" HPOS="1728" VPOS="2238" WIDTH="44" HEIGHT="41" CONTENT="of" />
            <SP ID="SP_135730" HPOS="1772" VPOS="2238" WIDTH="32" HEIGHT="0" />
            <String ID="Word_150558" HPOS="1804" VPOS="2238" WIDTH="71" HEIGHT="41" CONTENT="the" />
            <SP ID="SP_135731" HPOS="1875" VPOS="2238" WIDTH="22" HEIGHT="0" />
            <String ID="Word_150559" HPOS="1897" VPOS="2252" WIDTH="109" HEIGHT="27" CONTENT="cere-" />
          </TextLine>
          <TextLine ID="TextLine_14835" HPOS="392" VPOS="2307" WIDTH="1616" HEIGHT="56">
            <String ID="Word_150560" HPOS="392" VPOS="2311" WIDTH="90" HEIGHT="41" CONTENT="bral" />
            <SP ID="SP_135732" HPOS="482" VPOS="2311" WIDTH="32" HEIGHT="0" />
            <String ID="Word_150561" HPOS="514" VPOS="2315" WIDTH="157" HEIGHT="38" CONTENT="cortex," />
            <SP ID="SP_135733" HPOS="671" VPOS="2311" WIDTH="21" HEIGHT="0" />
            <String ID="Word_150562" HPOS="692" VPOS="2311" WIDTH="62" HEIGHT="40" CONTENT="let" />
            <SP ID="SP_135734" HPOS="754" VPOS="2311" WIDTH="24" HEIGHT="0" />
            <String ID="Word_150563" HPOS="778" VPOS="2324" WIDTH="49" HEIGHT="26" CONTENT="us" />
            <SP ID="SP_135735" HPOS="827" VPOS="2323" WIDTH="24" HEIGHT="0" />
            <String ID="Word_150564" HPOS="851" VPOS="2323" WIDTH="96" HEIGHT="27" CONTENT="now" />
            <SP ID="SP_135736" HPOS="947" VPOS="2309" WIDTH="23" HEIGHT="0" />
            <String ID="Word_150565" HPOS="970" VPOS="2309" WIDTH="197" HEIGHT="41" CONTENT="consider" />
            <SP ID="SP_135737" HPOS="1167" VPOS="2309" WIDTH="32" HEIGHT="0" />
            <String ID="Word_150566" HPOS="1199" VPOS="2309" WIDTH="153" HEIGHT="41" CONTENT="briefly" />
            <SP ID="SP_135738" HPOS="1352" VPOS="2309" WIDTH="22" HEIGHT="0" />
            <String ID="Word_150567" HPOS="1374" VPOS="2309" WIDTH="73" HEIGHT="41" CONTENT="the" />
            <SP ID="SP_135739" HPOS="1447" VPOS="2308" WIDTH="32" HEIGHT="0" />
            <String ID="Word_150568" HPOS="1479" VPOS="2308" WIDTH="203" HEIGHT="41" CONTENT="relations" />
            <SP ID="SP_135740" HPOS="1682" VPOS="2308" WIDTH="22" HEIGHT="0" />
            <String ID="Word_150569" HPOS="1704" VPOS="2308" WIDTH="45" HEIGHT="41" CONTENT="of" />
            <SP ID="SP_135741" HPOS="1749" VPOS="2307" WIDTH="27" HEIGHT="0" />
            <String ID="Word_150570" HPOS="1776" VPOS="2307" WIDTH="154" HEIGHT="55" CONTENT="speech" />
            <SP ID="SP_135742" HPOS="1930" VPOS="2307" WIDTH="35" HEIGHT="0" />
            <String ID="Word_150571" HPOS="1965" VPOS="2313" WIDTH="43" HEIGHT="35" CONTENT="to" />
          </TextLine>
          <TextLine ID="TextLine_14836" HPOS="390" VPOS="2378" WIDTH="1616" HEIGHT="54">
            <String ID="Word_150572" HPOS="390" VPOS="2382" WIDTH="106" HEIGHT="42" CONTENT="such" />
            <SP ID="SP_135743" HPOS="496" VPOS="2382" WIDTH="33" HEIGHT="0" />
            <String ID="Word_150573" HPOS="529" VPOS="2382" WIDTH="248" HEIGHT="41" CONTENT="affections;" />
            <SP ID="SP_135744" HPOS="777" VPOS="2379" WIDTH="34" HEIGHT="0" />
            <String ID="Word_150574" HPOS="811" VPOS="2379" WIDTH="85" HEIGHT="42" CONTENT="and" />
            <SP ID="SP_135745" HPOS="896" VPOS="2379" WIDTH="32" HEIGHT="0" />
            <String ID="Word_150575" HPOS="928" VPOS="2383" WIDTH="254" HEIGHT="37" CONTENT="afterwards" />
            <SP ID="SP_135746" HPOS="1182" VPOS="2378" WIDTH="33" HEIGHT="0" />
            <String ID="Word_150576" HPOS="1215" VPOS="2378" WIDTH="194" HEIGHT="41" CONTENT="consider" />
            <SP ID="SP_135747" HPOS="1409" VPOS="2378" WIDTH="31" HEIGHT="0" />
            <String ID="Word_150577" HPOS="1440" VPOS="2378" WIDTH="88" HEIGHT="41" CONTENT="also" />
            <SP ID="SP_135748" HPOS="1528" VPOS="2378" WIDTH="30" HEIGHT="0" />
            <String ID="Word_150578" HPOS="1558" VPOS="2379" WIDTH="55" HEIGHT="40" CONTENT="its" />
            <SP ID="SP_135749" HPOS="1613" VPOS="2378" WIDTH="31" HEIGHT="0" />
            <String ID="Word_150579" HPOS="1644" VPOS="2378" WIDTH="202" HEIGHT="41" CONTENT="relations" />
            <SP ID="SP_135750" HPOS="1846" VPOS="2378" WIDTH="23" HEIGHT="0" />
            <String ID="Word_150580" HPOS="1869" VPOS="2383" WIDTH="42" HEIGHT="35" CONTENT="to" />
            <SP ID="SP_135751" HPOS="1911" VPOS="2378" WIDTH="23" HEIGHT="0" />
            <String ID="Word_150581" HPOS="1934" VPOS="2378" WIDTH="72" HEIGHT="41" CONTENT="the" />
          </TextLine>
          <TextLine ID="TextLine_14837" HPOS="391" VPOS="2444" WIDTH="1616" HEIGHT="59">
            <String ID="Word_150582" HPOS="391" VPOS="2464" WIDTH="116" HEIGHT="27" CONTENT="more" />
            <SP ID="SP_135752" HPOS="507" VPOS="2449" WIDTH="52" HEIGHT="0" />
            <String ID="Word_150583" HPOS="559" VPOS="2449" WIDTH="238" HEIGHT="40" CONTENT="important" />
            <SP ID="SP_135753" HPOS="797" VPOS="2448" WIDTH="48" HEIGHT="0" />
            <String ID="Word_150584" HPOS="845" VPOS="2448" WIDTH="43" HEIGHT="40" CONTENT="of" />
            <SP ID="SP_135754" HPOS="888" VPOS="2446" WIDTH="47" HEIGHT="0" />
            <String ID="Word_150585" HPOS="935" VPOS="2446" WIDTH="73" HEIGHT="42" CONTENT="the" />
            <SP ID="SP_135755" HPOS="1008" VPOS="2445" WIDTH="54" HEIGHT="0" />
            <String ID="Word_150586" HPOS="1062" VPOS="2445" WIDTH="241" HEIGHT="42" CONTENT="functional" />
            <SP ID="SP_135756" HPOS="1303" VPOS="2445" WIDTH="52" HEIGHT="0" />
            <String ID="Word_150587" HPOS="1355" VPOS="2445" WIDTH="209" HEIGHT="41" CONTENT="disorders" />
            <SP ID="SP_135757" HPOS="1564" VPOS="2445" WIDTH="47" HEIGHT="0" />
            <String ID="Word_150588" HPOS="1611" VPOS="2446" WIDTH="44" HEIGHT="40" CONTENT="of" />
            <SP ID="SP_135758" HPOS="1655" VPOS="2445" WIDTH="46" HEIGHT="0" />
            <String ID="Word_150589" HPOS="1701" VPOS="2445" WIDTH="72" HEIGHT="41" CONTENT="the" />
            <SP ID="SP_135759" HPOS="1773" VPOS="2444" WIDTH="46" HEIGHT="0" />
            <String ID="Word_150590" HPOS="1819" VPOS="2445" WIDTH="188" HEIGHT="41" CONTENT="cerebral" />
          </TextLine>
          <TextLine ID="TextLine_14838" HPOS="390" VPOS="2525" WIDTH="156" HEIGHT="37">
            <String ID="Word_150591" HPOS="390" VPOS="2533" WIDTH="156" HEIGHT="29" CONTENT="cortex." />
          </TextLine>
          <TextLine ID="TextLine_14839" HPOS="847" VPOS="2667" WIDTH="708" HEIGHT="55">
            <String ID="Word_150592" HPOS="847" VPOS="2669" WIDTH="250" HEIGHT="41" CONTENT="Evanescent" />
            <SP ID="SP_135760" HPOS="1097" VPOS="2668" WIDTH="24" HEIGHT="0" />
            <String ID="Word_150593" HPOS="1121" VPOS="2668" WIDTH="179" HEIGHT="54" CONTENT="Organic" />
            <SP ID="SP_135761" HPOS="1300" VPOS="2667" WIDTH="21" HEIGHT="0" />
            <String ID="Word_150594" HPOS="1321" VPOS="2667" WIDTH="234" HEIGHT="55" CONTENT="Affections." />
          </TextLine>
          <TextLine ID="TextLine_14840" HPOS="452" VPOS="2795" WIDTH="1553" HEIGHT="57">
            <String ID="Word_150595" HPOS="452" VPOS="2803" WIDTH="21" HEIGHT="41" CONTENT="I" />
            <SP ID="SP_135762" HPOS="473" VPOS="2801" WIDTH="23" HEIGHT="0" />
            <String ID="Word_150596" HPOS="496" VPOS="2801" WIDTH="128" HEIGHT="42" CONTENT="think" />
            <SP ID="SP_135763" HPOS="624" VPOS="2800" WIDTH="20" HEIGHT="0" />
            <String ID="Word_150597" HPOS="644" VPOS="2800" WIDTH="35" HEIGHT="40" CONTENT="it" />
            <SP ID="SP_135764" HPOS="679" VPOS="2798" WIDTH="19" HEIGHT="0" />
            <String ID="Word_150598" HPOS="698" VPOS="2798" WIDTH="88" HEIGHT="42" CONTENT="will" />
            <SP ID="SP_135765" HPOS="786" VPOS="2796" WIDTH="25" HEIGHT="0" />
            <String ID="Word_150599" HPOS="811" VPOS="2796" WIDTH="262" HEIGHT="44" CONTENT="sufficiently" />
            <SP ID="SP_135766" HPOS="1073" VPOS="2796" WIDTH="19" HEIGHT="0" />
            <String ID="Word_150600" HPOS="1092" VPOS="2796" WIDTH="112" HEIGHT="41" CONTENT="fulfil" />
            <SP ID="SP_135767" HPOS="1204" VPOS="2795" WIDTH="19" HEIGHT="0" />
            <String ID="Word_150601" HPOS="1223" VPOS="2795" WIDTH="72" HEIGHT="42" CONTENT="the" />
            <SP ID="SP_135768" HPOS="1295" VPOS="2795" WIDTH="14" HEIGHT="0" />
            <String ID="Word_150602" HPOS="1309" VPOS="2809" WIDTH="205" HEIGHT="42" CONTENT="purposes" />
            <SP ID="SP_135769" HPOS="1514" VPOS="2796" WIDTH="15" HEIGHT="0" />
            <String ID="Word_150603" HPOS="1529" VPOS="2796" WIDTH="46" HEIGHT="41" CONTENT="of" />
            <SP ID="SP_135770" HPOS="1575" VPOS="2795" WIDTH="20" HEIGHT="0" />
            <String ID="Word_150604" HPOS="1595" VPOS="2795" WIDTH="85" HEIGHT="42" CONTENT="this" />
            <SP ID="SP_135771" HPOS="1680" VPOS="2795" WIDTH="17" HEIGHT="0" />
            <String ID="Word_150605" HPOS="1697" VPOS="2795" WIDTH="175" HEIGHT="54" CONTENT="chapter" />
            <SP ID="SP_135772" HPOS="1872" VPOS="2795" WIDTH="17" HEIGHT="0" />
            <String ID="Word_150606" HPOS="1889" VPOS="2795" WIDTH="33" HEIGHT="40" CONTENT="if" />
            <SP ID="SP_135773" HPOS="1922" VPOS="2795" WIDTH="23" HEIGHT="0" />
            <String ID="Word_150607" HPOS="1945" VPOS="2808" WIDTH="60" HEIGHT="27" CONTENT="we" />
          </TextLine>
          <TextLine ID="TextLine_14841" HPOS="390" VPOS="2865" WIDTH="1617" HEIGHT="58">
            <String ID="Word_150608" HPOS="390" VPOS="2888" WIDTH="132" HEIGHT="29" CONTENT="select" />
            <SP ID="SP_135774" HPOS="522" VPOS="2873" WIDTH="38" HEIGHT="0" />
            <String ID="Word_150609" HPOS="560" VPOS="2873" WIDTH="109" HEIGHT="40" CONTENT="from" />
            <SP ID="SP_135775" HPOS="669" VPOS="2873" WIDTH="38" HEIGHT="0" />
            <String ID="Word_150610" HPOS="707" VPOS="2883" WIDTH="157" HEIGHT="28" CONTENT="among" />
            <SP ID="SP_135776" HPOS="864" VPOS="2867" WIDTH="37" HEIGHT="0" />
            <String ID="Word_150611" HPOS="901" VPOS="2867" WIDTH="106" HEIGHT="42" CONTENT="such" />
            <SP ID="SP_135777" HPOS="1007" VPOS="2866" WIDTH="28" HEIGHT="0" />
            <String ID="Word_150612" HPOS="1035" VPOS="2867" WIDTH="345" HEIGHT="53" CONTENT="affections(1)" />
            <SP ID="SP_135778" HPOS="1380" VPOS="2865" WIDTH="26" HEIGHT="0" />
            <String ID="Word_150613" HPOS="1406" VPOS="2865" WIDTH="242" HEIGHT="43" CONTENT="conditions" />
            <SP ID="SP_135779" HPOS="1648" VPOS="2865" WIDTH="31" HEIGHT="0" />
            <String ID="Word_150614" HPOS="1679" VPOS="2867" WIDTH="46" HEIGHT="40" CONTENT="of" />
            <SP ID="SP_135780" HPOS="1725" VPOS="2867" WIDTH="27" HEIGHT="0" />
            <String ID="Word_150615" HPOS="1752" VPOS="2870" WIDTH="255" HEIGHT="37" CONTENT="evanescent" />
          </TextLine>
          <TextLine ID="TextLine_14842" HPOS="389" VPOS="2935" WIDTH="1618" HEIGHT="59">
            <String ID="Word_150616" HPOS="389" VPOS="2943" WIDTH="316" HEIGHT="44" CONTENT="inflammation" />
            <SP ID="SP_135781" HPOS="705" VPOS="2943" WIDTH="21" HEIGHT="0" />
            <String ID="Word_150617" HPOS="726" VPOS="2957" WIDTH="8" HEIGHT="36" CONTENT=";" />
            <SP ID="SP_135782" HPOS="734" VPOS="2940" WIDTH="35" HEIGHT="0" />
            <String ID="Word_150618" HPOS="769" VPOS="2940" WIDTH="63" HEIGHT="54" CONTENT="(2)" />
            <SP ID="SP_135783" HPOS="832" VPOS="2937" WIDTH="39" HEIGHT="0" />
            <String ID="Word_150619" HPOS="871" VPOS="2937" WIDTH="244" HEIGHT="43" CONTENT="conditions" />
            <SP ID="SP_135784" HPOS="1115" VPOS="2937" WIDTH="32" HEIGHT="0" />
            <String ID="Word_150620" HPOS="1147" VPOS="2937" WIDTH="46" HEIGHT="41" CONTENT="of" />
            <SP ID="SP_135785" HPOS="1193" VPOS="2935" WIDTH="29" HEIGHT="0" />
            <String ID="Word_150621" HPOS="1222" VPOS="2935" WIDTH="287" HEIGHT="56" CONTENT="compression" />
            <SP ID="SP_135786" HPOS="1509" VPOS="2935" WIDTH="30" HEIGHT="0" />
            <String ID="Word_150622" HPOS="1539" VPOS="2936" WIDTH="85" HEIGHT="42" CONTENT="and" />
            <SP ID="SP_135787" HPOS="1624" VPOS="2935" WIDTH="31" HEIGHT="0" />
            <String ID="Word_150623" HPOS="1655" VPOS="2935" WIDTH="44" HEIGHT="42" CONTENT="of" />
            <SP ID="SP_135788" HPOS="1699" VPOS="2935" WIDTH="32" HEIGHT="0" />
            <String ID="Word_150624" HPOS="1731" VPOS="2935" WIDTH="249" HEIGHT="42" CONTENT="concussion" />
            <SP ID="SP_135789" HPOS="1980" VPOS="2935" WIDTH="19" HEIGHT="0" />
            <String ID="Word_150625" HPOS="1999" VPOS="2949" WIDTH="8" HEIGHT="36" CONTENT=";" />
          </TextLine>
          <TextLine ID="TextLine_14843" HPOS="388" VPOS="3009" WIDTH="792" HEIGHT="61">
            <String ID="Word_150626" HPOS="388" VPOS="3016" WIDTH="86" HEIGHT="42" CONTENT="and" />
            <SP ID="SP_135790" HPOS="474" VPOS="3014" WIDTH="23" HEIGHT="0" />
            <String ID="Word_150627" HPOS="497" VPOS="3015" WIDTH="62" HEIGHT="55" CONTENT="(3)" />
            <SP ID="SP_135791" HPOS="559" VPOS="3012" WIDTH="28" HEIGHT="0" />
            <String ID="Word_150628" HPOS="587" VPOS="3012" WIDTH="244" HEIGHT="44" CONTENT="conditions" />
            <SP ID="SP_135792" HPOS="831" VPOS="3011" WIDTH="23" HEIGHT="0" />
            <String ID="Word_150629" HPOS="854" VPOS="3011" WIDTH="45" HEIGHT="40" CONTENT="of" />
            <SP ID="SP_135793" HPOS="899" VPOS="3009" WIDTH="20" HEIGHT="0" />
            <String ID="Word_150630" HPOS="919" VPOS="3009" WIDTH="261" HEIGHT="55" CONTENT="congestion." />
          </TextLine>
        </TextBlock>
      </PrintSpace>
    </Page>
  </Layout>
</alto>
