2418 3377
75 149 88 54 bei
203 150 240 63 Pflanze,
482 153 127 51 Tier
647 154 113 50 und
802 154 215 51 Mensch
1057 155 202 52 beruht
1297 160 54 59 ja
1395 158 217 59 darauf,
1654 157 106 50 daß
1805 157 87 49 die
1934 157 148 50 Zelle
2124 156 87 50 die

75 224 27 49 Ь
121 224 244 63 ähigkeit
407 226 112 59 hat,
564 227 104 49 sich
713 246 65 30 zu
822 228 191 59 teilen;
1060 247 91 31 aus
1198 232 153 47 einer
1393 229 146 49 Zelle
1583 229 222 49 werden
1852 229 169 49 deren
2064 230 150 57 zwei,

77 317 93 30 aus
201 300 133 46 zwei
363 300 133 57 vier,
529 318 92 30 aus
653 301 116 47 vier
801 300 134 58 aTcht,
968 319 92 31 aus
1093 301 116 49 acht
1241 301 262 49 sechzehn
1533 301 113 49 und
1675 321 57 31 so
1765 301 133 58 fort,
1928 301 81 50 bis
2040 303 55 46 in
2128 300 84 49 die

76 367 285 51 Millionen
403 370 112 48 und
557 370 289 50 Billionen.
891 371 98 49 Bei
1034 372 185 50 diesen
1262 374 105 48 sich
1411 373 280 49 teilenden
1734 373 187 49 Zellen
1964 393 112 29 nun
2120 372 92 49 hat

75 447 106 49 sich
211 447 97 48 der
333 445 153 50 Kern
510 449 60 46 in
599 449 121 47 eine
749 447 212 49 Anzahl
989 449 416 49 verschiedener
1431 449 186 49 Fäden
1647 450 293 62 aufgelöst,
1969 450 88 49 die
2087 468 126 30 man

74 517 324 50 Kernfäden
443 519 132 49 oder
619 518 419 51 Kernschleifen
1081 532 187 37 nennt.
1314 522 102 48 Die
1460 521 392 49 Wissenschaft
1896 521 318 50 bezeichnet

75 591 145 48 diese
255 591 279 49 schleifen-
569 590 133 49 oder
734 591 460 63 hakenförmigen
1227 592 230 50 Gebilde
1492 593 74 50 als
1602 593 612 50 Chromosomen

76 662 128 62 (von
245 662 234 59 chroma,
521 663 83 48 die
644 661 196 61 Farbe,
879 663 113 49 und
1031 683 167 40 soma,
1240 664 95 49 der
1374 665 263 62 Körper),
1679 665 111 49 also
1834 665 74 50 als
1949 664 263 50 färbbare

73 734 370 63 Körperchen.
489 734 308 61 Hunderte,
841 735 305 60 Tausende,
1189 736 420 49 Abertausende
1655 736 209 51 solcher
1908 736 304 63 Präparate

73 810 98 47 mit
200 807 105 49 sich
335 807 279 48 teilenden
643 807 185 48 Zellen
856 807 94 49 hat
980 807 84 49 die
1094 807 390 50 Wissenschaft
1512 808 338 58 untersucht,
1878 807 113 49 und
2018 811 196 46 immer

74 879 202 49 wieder
327 878 246 50 dasselbe
623 879 353 62 festgestellt:
1030 879 165 54 Jeder
1247 880 177 49 dieser
1473 880 326 48 Kernfäden
1849 881 69 48 ist
1969 879 242 49 zweimal

76 955 335 50 vorhanden.
453 955 125 49 Und
616 955 156 62 jeder
811 975 107 30 von
957 955 166 49 ihnen
1164 956 202 62 spaltet
1407 957 105 49 sich
1555 956 74 50 als
1668 955 413 64 Vorbereitung
2121 957 92 47 für

75 1027 84 51 die
197 1028 328 63 Zellteilung
561 1030 56 46 in
656 1027 95 49 der
787 1028 446 63 Längsrichtung.
1273 1028 434 49 Durchmustern
1745 1030 97 46 wir
1880 1048 165 29 unser
2084 1028 127 48 Prä¬

75 1112 158 50 parat
280 1102 209 56 weiter,
539 1119 55 30 so
644 1099 170 49 findet
864 1099 104 49 sich
1016 1099 128 49 bald
1192 1102 119 46 eine
1358 1102 225 46 weitere
1631 1099 164 58 Zelle,
1843 1099 89 49 bei
1982 1100 95 48 der
2127 1099 84 49 die

77 1170 225 65 Teilung
335 1172 161 50 schon
526 1172 452 62 fortgeschritten
1009 1174 92 55 ist;
1136 1172 84 49 die
1254 1171 371 62 Spalthälften
1657 1171 179 49 haben
1869 1172 106 49 sich
2006 1171 206 50 bereits

77 1244 373 49 voneinander
492 1244 264 49 entfernt.
798 1243 220 49 Wieder
1060 1244 194 49 suchen
1296 1246 115 57 wir,
1454 1242 67 50 da
1560 1272 72 5 —
1671 1243 111 49 und
1828 1243 146 49 dort:
2018 1246 196 45 immer

73 1320 189 45 weiter
296 1316 138 49 wird
468 1315 96 49 der
599 1314 251 51 Abstand
886 1315 95 49 der
1016 1314 432 51 Chromosomen
1482 1314 393 49 voneinander.
1912 1314 133 50 Eine
2082 1315 130 47 Zwi-

75 1388 319 51 ßchenwand
445 1387 261 60 entsteht,
760 1387 84 49 die
895 1387 185 49 Zellen
1132 1387 120 49 sind
1304 1399 273 51 getrennt,
1627 1389 137 59 jetzt
1815 1385 241 50 knäueln
2107 1385 105 50 Aich

75 1460 83 50 die
207 1461 432 50 Chromosomen
687 1460 111 58 auf,
843 1459 317 49 verdichten
1206 1459 105 48 sich
1357 1462 55 45 in
1460 1458 152 54 jeder
1661 1458 96 48 der
1802 1477 180 30 neuen
2026 1458 187 49 Zellen

84 1554 64 29 zu
176 1536 179 47 einem
379 1533 173 49 Kern:
580 1532 111 50 Aus
719 1534 152 47 einer
895 1532 148 48 Zelle

81 1606 120 50 sind
235 1609 131 46 zwei
399 1604 308 65 geworden,
737 1605 113 49 und
880 1603 160 50 beide

80 1677 180 50 haben
289 1678 148 48 dank
465 1678 179 49 dieser
670 1675 101 50 Art
800 1677 96 49 der
922 1675 117 49 Tei¬

80 1750 129 63 lung
249 1748 300 51 denselben
588 1747 452 51 Chromosomen¬

82 1821 232 50 bestand
357 1823 99 47 wie
494 1821 93 49 idie
630 1822 139 57 eine,
813 1839 92 30 aus
948 1818 95 49 der

75 1895 76 47 sie
181 1892 482 63 hervorgegangen
692 1892 140 49 sind.

149 1991 128 50 Man
339 2004 172 37 nennt
573 1991 148 49 diese
782 1990 101 50 Art
945 1990 97 49 der

80 2063 332 64 Zellteilung
505 2063 286 49 Mitose
891 2063 148 61 (vom

79 2136 194 63 griech.
355 2138 182 57 mitos,
616 2134 236 62 í'aden).
932 2134 106 49 Das

82 2207 387 49 Kennzeichen
548 2207 175 49 dieses
802 2205 234 62 kompli¬

79 2281 209 47 zierten
332 2280 316 62 Vorganges
693 2281 70 47 ist
809 2279 86 49 die
942 2280 98 46 mit

78 2351 157 50 Hilfe
266 2351 96 49 der
393 2351 648 61 Chromosomenteilung

79 2422 262 50 erreichte
391 2422 390 64 gleichmäßige
828 2422 211 50 Vertei¬

76 2495 131 63 lung
259 2494 92 50 des
404 2494 348 50 Chromatins
806 2494 95 49 auf
951 2493 87 49 die

70 2565 430 50 Tochterzellen.
523 2564 276 65 Auffällig
823 2569 71 46 ist
917 2566 120 48 wei¬

78 2650 100 48 ter,
214 2638 105 49 daß
356 2639 87 48 die
478 2637 134 50 Zahl
648 2638 96 49 der
779 2638 257 49 Chromo¬

78 2728 187 32 somen
317 2710 89 50 bei
461 2709 106 50 den
619 2710 420 49 verschiedenen

75 2782 147 49 Tier-
269 2782 113 50 und
428 2781 425 50 Pflanzenarten
899 2800 141 30 zwar

77 2853 125 50 sehr
250 2853 475 65 unterschiedlich,
776 2854 91 49 für
914 2853 125 63 jede

78 2925 101 50 Art
224 2925 130 50 aber
395 2938 132 38 stets
571 2926 87 49 die
702 2926 202 64 gleiche
948 2927 89 47 ist:

78 2997 112 50 Der
238 2997 308 64 Spulwurm
592 2996 96 51 hat
734 3000 117 47 vier
902 2997 137 63 (also

83 3070 244 50 zweimal
368 3069 80 64 2),
489 3070 86 50 die
617 3069 298 64 Taufliege,
956 3071 89 48 ein

1109 3215 64 50 19
