2107 3450
625 138 296 32 INTELLIGENT
954 137 179 32 SPEECH.

1624 127 83 42 109

60 261 88 44 this
172 262 117 51 time,
313 276 187 41 unique;
534 261 78 42 but
634 260 36 42 it
691 260 37 41 is
751 257 242 56 extremely
1019 255 277 52 instructive,
1318 269 47 29 as
1388 255 211 57 showing,
1621 258 45 40 in
1685 270 25 30 a

58 347 106 43 very
187 334 187 42 striking
399 332 87 43 and
517 330 276 56 exceptional
817 343 107 42 way,
951 329 107 47 how,
1072 328 204 42 different
1307 327 37 41 is
1378 327 75 42 the
1487 328 146 41 action
1666 327 44 46 of

59 404 75 42 the
167 405 235 42 Cerebrum
436 404 44 41 in
509 403 209 42 babbling
749 401 86 43 and
870 400 224 43 echolalia,
1128 399 112 42 from
1274 398 58 43 its
1366 399 148 41 action
1549 399 47 41 in
1635 399 74 43 the

57 481 259 49 production
339 475 48 42 of
407 480 231 37 voluntary
661 474 86 42 and
773 473 251 55 intelligent
1046 471 168 57 speech.

119 547 40 40 A
183 547 170 54 subject
373 560 115 27 upon
509 545 142 42 which
675 559 25 28 a
722 545 80 41 few
826 543 138 43 words
987 557 101 42 may
1108 542 93 43 still
1225 542 51 42 be
1301 541 106 51 said,
1426 542 36 43 is
1486 541 74 43 the
1583 541 127 43 order

57 618 47 41 in
133 618 138 42 which
306 618 73 42 the
402 617 162 43 vowels
602 617 84 42 and
727 620 265 39 consonants
1031 629 71 29 are
1140 614 223 57 produced
1402 614 64 43 for
1504 614 75 43 the
1617 614 95 43 first

58 691 119 47 time,
201 690 158 42 during
381 690 74 42 the
488 689 174 43 earliest
694 690 147 41 efforts
875 694 45 37 at
952 693 237 51 voluntary
1213 687 169 57 speech.
1446 688 106 42 This
1585 688 127 42 order

58 762 216 55 certainly
298 776 139 28 seems
468 767 43 37 to
535 761 126 42 differ
693 761 114 42 from
839 765 99 39 that
971 760 213 44 observed
1206 759 46 43 in
1286 759 76 44 the
1384 760 263 56 production
1670 761 48 42 of

57 833 75 43 the
169 834 208 42 babbling
415 834 172 42 sounds.
668 834 55 41 In
759 833 74 43 the
871 833 146 43 latter,
1050 833 38 43 it
1123 832 145 43 would
1303 847 162 42 appear
1502 833 98 43 that
1637 832 75 44 the

61 905 160 44 vowels
244 907 87 42 and
355 912 264 37 consonants
642 920 72 29 are
737 906 112 43 from
867 906 75 43 the
964 906 96 42 first
1087 905 222 57 produced
1336 906 160 43 almost
1517 906 196 43 indiffer-

60 978 135 55 ently,
229 979 85 42 and
348 988 108 34 with
483 979 131 57 equal
647 993 121 40 ease;
801 978 104 43 only
940 993 25 28 a
1000 978 241 53 few—viz.,
1271 991 64 40 w,
1359 990 37 41 s,
1419 990 38 38 z,
1479 978 30 44 f,
1542 979 86 42 and
1652 978 63 46 sh

60 1051 202 57 —being,
295 1052 47 41 in
374 1051 75 43 the
481 1066 96 29 case
611 1051 47 43 of
687 1050 193 57 Preyer's
915 1051 98 55 boy,
1056 1050 66 42 for
1154 1065 119 28 some
1305 1050 177 42 months
1515 1050 197 57 delayed.

60 1122 56 42 In
140 1124 236 56 voluntary
399 1124 170 56 speech,
592 1139 56 27 on
672 1124 74 42 the
770 1124 125 41 other
918 1122 128 43 hand,
1070 1122 124 43 there
1217 1123 37 42 is
1278 1122 215 43 certainly
1511 1137 55 27 an
1590 1123 126 42 order

58 1194 46 42 of
126 1194 242 57 difficulty;
402 1196 167 41 though
592 1199 44 38 to
663 1195 128 42 make
814 1199 77 37 out
914 1194 87 43 this
1034 1194 126 42 order
1182 1194 46 42 in
1262 1193 135 43 detail
1430 1208 134 41 many
1594 1208 120 29 cases

61 1266 146 42 would
231 1266 109 42 have
364 1272 44 36 to
432 1267 50 42 be
506 1266 205 43 recorded
729 1266 86 42 and
834 1266 241 42 compared.
1129 1266 64 41 At
1212 1269 187 52 present,
1417 1279 65 28 we
1505 1279 82 29 can
1609 1266 106 56 only

60 1338 244 56 say:—(1.)
326 1338 65 42 As
421 1342 44 38 to
488 1338 75 42 the
587 1337 174 43 vowels,
784 1337 97 42 that
913 1339 16 42 i
951 1336 102 55 (ee)
1086 1337 87 41 and
1205 1348 36 31 u
1261 1335 113 56 (oo)
1407 1351 71 28 are
1511 1337 76 43 the
1609 1339 108 55 only

62 1422 103 28 ones
183 1413 77 37 not
282 1409 281 55 pronounced
582 1409 110 42 with
715 1423 97 28 ease
830 1409 109 41 from
959 1423 54 27 an
1038 1408 119 57 early
1175 1408 151 56 period
1343 1423 9 39 ;
1387 1409 77 55 (2.)
1486 1409 66 43 As
1571 1415 44 38 to
1637 1411 77 44 the

60 1485 279 46 consonants,
348 1480 97 43 that
460 1482 75 41 the
554 1480 120 43 three
689 1480 282 56 pronounced
986 1480 160 56 during
1160 1480 170 42 closure
1346 1480 44 42 of
1406 1480 73 43 the
1495 1481 222 45 Labial,or

61 1552 95 42 first
174 1553 471 55 stop-position—viz.,
667 1564 47 43 p,
737 1551 48 44 b,
810 1552 86 43 and
914 1552 205 42 m—and
1141 1551 77 44 the
1236 1553 341 58 corresponding
1594 1555 124 45 three

58 1625 283 54 pronounced
360 1625 158 43 during
533 1625 168 43 closure
716 1625 44 42 of
778 1624 74 43 the
870 1624 209 43 Anterior
1093 1624 382 57 Linguo-Palatal,
1494 1641 48 28 or
1555 1629 163 43 second

57 1697 472 55 stop-position—viz.,
548 1697 35 50 t,
601 1696 45 53 d,
667 1697 87 42 and
769 1708 218 32 n—seem
1002 1700 45 39 to
1066 1697 53 43 be
1136 1697 74 43 the
1229 1697 160 43 easiest
1406 1698 68 42 for
1491 1698 75 44 the
1585 1701 132 52 child,

56 1767 86 43 and
159 1770 225 54 generally
407 1770 76 42 the
501 1770 95 42 first
618 1769 243 57 employed.
915 1769 265 57 Everybody
1198 1769 155 43 knows
1374 1770 99 44 that
1492 1772 74 43 the
1584 1774 134 43 sylla-

56 1840 93 43 bles
183 1852 82 43 pa,
287 1841 82 51 ba,
393 1854 100 38 ma,
517 1843 71 49 ta,
613 1841 81 51 da,
716 1853 82 39 na,
830 1842 112 42 rank
974 1856 160 43 among
1156 1842 76 43 the
1264 1843 95 43 first
1382 1843 145 44 which
1559 1860 83 28 can
1665 1847 53 44 be

59 1916 272 56 reproduced
353 1916 56 55 by
435 1915 74 42 the
533 1914 131 44 child.
717 1915 91 42 The
832 1919 265 38 consonants
1119 1914 223 57 produced
1366 1915 161 59 during
1549 1918 168 45 closure

55 1990 46 42 of
120 1989 74 43 the
215 1987 118 44 third
348 1987 471 55 stop-position—viz.,
835 1984 49 52 k,
902 1996 45 44 g,
968 1986 86 42 and
1070 1997 205 43 ng—are
1289 1987 114 43 later
1416 1988 46 42 in
1477 1992 241 56 appearing

57 2076 46 28 as
136 2075 122 43 parts
282 2060 44 42 of
354 2064 237 51 voluntary
615 2058 185 57 speech;
822 2059 86 42 and
941 2060 253 42 sometimes
1228 2059 116 43 their
1376 2074 271 42 appearance
1679 2065 39 43 is

58 2133 185 44 delayed
282 2132 67 43 for
385 2131 191 52 months,
614 2145 48 28 or
699 2145 112 29 even
847 2131 67 42 for
950 2145 138 43 years.
1152 2131 178 57 Among
1363 2132 76 43 the
1479 2133 237 56 fricatives,

57 2206 125 42 those
222 2203 145 43 which
410 2210 115 36 most
548 2202 254 57 frequently
824 2208 178 51 present
1025 2203 256 44 difficulties
1314 2209 45 37 to
1394 2205 75 43 the
1492 2206 120 44 child
1644 2223 73 29 are

56 2276 215 58 probably
293 2287 26 31 r
341 2275 87 43 and
450 2273 29 52 1,
502 2275 99 52 and,
624 2275 46 42 in
693 2290 25 27 a
739 2275 87 43 less
849 2275 168 57 degree,
1041 2274 74 52 sh,
1137 2287 37 40 s,
1205 2274 76 45 ch,
1303 2277 83 42 and
1407 2288 47 44 y.
1519 2279 198 45 Preyer's

55 2351 85 42 boy
164 2349 87 43 had
275 2362 163 43 special
463 2347 219 57 difficulty
706 2348 107 42 with
838 2348 75 43 the
936 2346 64 45 sh
1022 2349 141 43 sound
1186 2363 47 29 as
1256 2350 234 56 compared
1513 2351 111 44 with
1643 2354 75 43 the

57 2437 25 31 s
102 2439 8 36 ;
148 2423 82 41 but
264 2421 76 43 the
376 2434 173 30 reverse
585 2420 44 43 of
664 2420 90 43 this
793 2421 253 43 sometimes
1083 2421 214 57 happens,
1319 2436 47 30 as
1398 2422 38 44 is
1471 2423 153 45 shown
1657 2427 60 56 by

56 2495 75 42 the
154 2509 96 28 case
282 2494 45 43 of
356 2508 24 28 a
402 2492 118 44 child
555 2493 210 42 observed
789 2493 58 56 by
871 2493 173 44 Gustav
1066 2494 198 44 Lindner
1286 2495 92 56 (see
1399 2494 243 57 Appendix
1670 2503 46 39 to

55 2566 195 57 Preyer's
274 2565 159 44 second
462 2564 209 58 volume),
694 2565 97 43 who
828 2565 66 43 for
926 2566 180 44 months
1142 2567 109 43 used
1275 2567 75 43 the
1386 2565 64 45 sh
1484 2570 143 43 sound
1650 2571 67 43 in-

53 2638 122 42 stead
199 2638 46 42 of
264 2638 74 42 the
361 2652 37 33 s.

112 2709 203 44 Another
336 2714 125 52 point
485 2709 99 43 well
608 2709 139 44 worth
771 2710 157 58 noting
949 2711 37 43 is
1011 2711 74 43 the
1108 2715 23 19 "
1148 2712 247 58 Smudging
1412 2714 22 16 "
1466 2728 48 29 or
1536 2715 181 57 Scamp-

55 2781 75 57 ing
153 2782 47 43 of
214 2782 74 43 the
306 2782 207 57 syllables
538 2782 46 42 in
601 2782 116 57 baby
733 2783 169 56 speech.
958 2783 91 44 The
1068 2784 120 43 child
1203 2786 133 42 omits
1359 2786 76 43 the
1451 2794 267 37 consonants

56 2853 187 44 difficult
262 2860 44 37 to
324 2855 111 53 him;
450 2855 252 43 sometimes
720 2856 179 57 putting
917 2856 189 43 nothing
1123 2857 46 42 in
1190 2857 115 43 their
1323 2859 137 42 stead,
1474 2859 87 42 and
1576 2873 139 30 some-

57 2927 129 43 times
209 2927 294 57 substituting
526 2927 67 43 for
615 2927 120 44 them
759 2928 147 44 others
931 2927 98 45 that
1050 2929 55 43 he
1129 2944 82 28 can
1235 2944 252 42 pronounce
1524 2936 191 38 without

60 2998 136 43 effort.
245 3000 71 43 He
334 2999 91 44 also
444 3004 202 40 converts
670 3000 161 44 double
855 3006 266 38 consonants
1139 3001 95 43 into
1252 3002 141 43 single
1412 3016 115 29 ones.
1579 3002 135 43 Often
