2107 3450
483 317 182 32 MENTAL
699 315 218 32 PERCEPTS
950 315 55 32 OF
1038 315 200 32 OBJCETS.

1605 309 86 40 229

36 445 38 41 is
97 444 79 42 but
198 456 24 29 a
245 440 167 44 revival
435 440 47 42 of
513 440 73 42 the
608 438 315 43 sense-images
957 450 48 28 or
1039 435 231 43 memories
1304 436 45 42 of
1383 436 37 42 it
1453 437 98 42 that
1583 437 113 44 have

38 516 110 42 been
180 514 145 44 stored
359 526 59 30 up
448 512 47 42 in
531 511 75 42 the
640 509 180 44 cortical
855 522 171 30 centres
1062 507 239 56 belonging
1333 512 45 38 to
1411 508 75 43 the
1520 510 176 43 various

37 601 157 29 senses.
257 584 121 44 Each
400 598 133 28 organ
556 583 48 43 of
622 597 126 29 sense
770 581 79 44 has
881 581 58 43 its
973 580 179 44 cortical
1185 584 150 39 centre
1367 580 47 42 in
1448 580 75 43 the
1556 581 138 44 brain.

38 659 117 42 Here
188 672 95 28 new
305 656 296 56 impressions,
623 654 200 43 received
854 653 115 44 from
992 652 202 52 without,
1216 666 72 29 are
1323 652 253 57 constantly
1599 668 97 41 pre-

36 730 154 45 sented
213 735 44 37 to
279 729 76 43 the
378 741 340 31 consciousness.
784 726 44 42 If
859 725 76 44 the
968 725 285 57 impressions
1286 739 73 28 are
1382 730 79 38 not
1483 726 212 42 attended

35 807 57 47 to,
124 801 106 56 they
268 814 161 43 appear
467 805 44 37 to
549 813 100 42 pass
687 812 123 42 away
848 797 169 57 utterly
1054 797 48 42 in
1140 812 25 27 a
1204 796 123 44 short
1361 797 119 52 time,
1518 797 178 58 leaving

34 872 118 44 little
174 887 49 28 or
244 886 56 29 no
322 876 118 39 trace
463 872 46 41 in
543 871 75 42 the
652 884 207 29 memory.
925 870 91 42 But
1049 869 38 43 if
1117 869 76 43 the
1229 870 222 42 attention
1483 869 38 43 is
1554 875 143 38 either

34 943 272 44 voluntarily
330 943 194 43 directed
547 957 46 28 or
614 942 325 44 involuntarily
963 942 218 43 attracted
1214 947 44 38 to
1291 942 123 42 them
1447 942 104 57 (and
1576 957 119 29 some

33 1014 286 56 impressions
342 1028 72 29 are
436 1028 46 29 so
505 1013 229 57 powerful,
751 1028 47 28 or
821 1028 47 28 so
891 1013 178 43 fraught
1088 1013 108 43 with
1219 1014 105 55 pain
1348 1028 47 28 or
1416 1013 215 57 pleasure,
1649 1029 46 29 as

36 1093 44 37 to
104 1087 188 43 demaud
315 1086 251 57 attention),
585 1086 107 43 then
715 1086 107 57 they
840 1101 71 29 are
933 1086 239 43 registered
1195 1086 47 42 in
1267 1086 73 43 the
1363 1085 113 44 local
1500 1101 197 43 memory

36 1160 46 42 of
113 1159 75 43 the
212 1163 146 39 centre
379 1176 9 37 ;
422 1159 98 42 and,
544 1173 46 28 so
623 1158 104 43 long
750 1173 46 28 as
821 1159 75 43 the
931 1158 238 57 registered
1206 1158 285 56 impressions
1525 1160 168 42 remain

36 1232 183 43 distinct
241 1231 46 44 in
312 1232 74 42 the
420 1246 206 42 memory,
650 1231 109 56 they
782 1246 102 28 may
907 1231 54 43 be
992 1231 179 43 revived
1204 1231 50 42 in
1286 1231 76 43 the
1394 1231 303 43 imagination,

36 1304 141 43 either
207 1304 59 56 by
290 1304 126 43 effort
448 1304 44 42 of
524 1303 76 43 the
623 1303 104 52 will,
750 1318 58 37 or,
831 1302 336 57 involuntarily,
1189 1308 47 37 at
1269 1302 75 43 the
1377 1304 254 55 suggestion,
1653 1305 47 42 of

36 1390 119 29 some
188 1376 242 43 associated
468 1376 410 43 sense-impression
913 1389 47 28 or
998 1375 125 42 other
1160 1389 210 41 memory.
1435 1375 121 43 Thus
1590 1377 106 42 each

35 1449 179 42 cortical
237 1454 146 37 centre
407 1449 66 41 for
494 1447 433 44 sense-impressions
950 1446 160 43 should
1133 1447 51 42 be
1203 1447 210 56 regarded
1430 1461 47 29 as
1495 1452 78 38 not
1591 1448 106 56 only

34 1535 25 28 a
92 1521 221 42 receiving
345 1520 122 43 office
499 1520 66 42 for
597 1519 117 43 fresh
747 1519 296 55 impressions,
1077 1519 81 42 but
1190 1518 92 43 also
1315 1533 25 28 a
1373 1519 256 44 storehouse
1653 1521 46 42 of

35 1593 71 42 old
131 1593 283 55 impressions
438 1596 97 38 that
567 1591 112 43 have
706 1591 110 43 been
840 1591 108 56 duly
972 1591 212 42 attended
1207 1596 58 47 to,
1287 1591 240 57 registered
1549 1593 48 42 in
1621 1593 76 43 the

34 1679 207 42 memory,
271 1664 87 42 and
389 1663 154 43 linked
577 1669 109 37 with
719 1663 244 43 associated
995 1663 436 56 sense-impressions
1463 1665 150 44 stored
1649 1666 48 42 in

34 1736 125 43 other
181 1741 180 38 centres.

92 1808 149 43 When
264 1808 75 43 the
362 1807 129 57 apple
516 1822 88 29 was
627 1812 82 52 put
733 1812 43 38 to
800 1807 74 44 the
898 1806 154 45 child's
1076 1822 118 29 nose,
1217 1808 75 43 the
1315 1809 129 43 smell
1473 1810 45 42 of
1550 1811 35 42 it
1608 1825 90 30 was

33 1880 252 43 recognised
308 1894 46 28 as
378 1894 80 28 one
482 1894 178 42 already
681 1879 237 56 registered
939 1896 9 37 ;
979 1879 88 43 and
1090 1880 76 43 the
1189 1880 169 43 revival
1381 1882 44 42 of
1452 1882 89 43 this
1565 1884 132 43 regis-

36 1952 120 43 tered
179 1952 128 43 smell
330 1952 141 43 called
502 1967 59 41 up
594 1957 46 37 at
671 1967 118 28 once,
813 1953 47 41 in
894 1952 76 43 the
1004 1953 135 51 mind,
1162 1954 191 43 revivals
1387 1955 47 42 of
1464 1955 74 43 the
1571 1956 128 43 other

36 2025 431 43 sense-impressions
498 2024 180 43 derived
703 2025 110 42 from
835 2024 152 57 apples
1006 2040 9 39 ;
1051 2025 75 43 the
1152 2026 216 43 members
1392 2027 45 42 of
1459 2028 75 42 the
1557 2042 138 43 group

36 2097 48 42 of
114 2097 283 55 impressions
431 2096 131 57 being
596 2111 46 28 so
677 2096 154 43 linked
864 2097 200 56 together
1096 2097 59 57 by
1186 2098 263 43 association
1483 2099 99 43 that
1614 2115 82 29 one

38 2169 195 42 member
264 2173 163 37 cannot
464 2169 53 42 be
555 2168 180 43 revived
772 2169 187 42 without
990 2169 123 43 there
1147 2170 130 43 being
1311 2186 25 27 a
1376 2186 117 29 more
1532 2187 47 28 or
1610 2173 87 44 less

37 2239 185 44 distinct
252 2240 168 42 revival
444 2240 44 41 of
515 2239 73 43 the
611 2240 147 42 others
782 2239 130 51 along
937 2240 106 42 with
1076 2241 46 43 it.
1188 2242 45 42 It
1265 2243 37 42 is
1336 2243 90 43 this
1460 2245 238 42 congeries,

38 2324 47 28 or
117 2311 266 56 complexus,
406 2312 47 42 of
471 2311 179 43 revived
673 2311 165 57 images
861 2312 98 42 that
982 2327 63 28 we
1079 2312 85 43 call
1188 2313 74 43 the
1287 2314 119 52 Idea,
1429 2330 47 28 or
1499 2316 199 43 Percept,

38 2384 47 42 of
112 2398 56 28 an
192 2384 138 56 apple.
394 2384 72 43 No
486 2383 149 52 doubt,
660 2384 46 41 in
731 2384 74 43 the
828 2384 269 56 complexus,
1120 2399 120 29 some
1274 2400 82 29 one
1379 2388 47 42 of
1451 2388 77 43 the
1551 2403 146 30 sense-

37 2455 162 58 images
224 2457 36 42 is
281 2456 224 57 generally
528 2471 120 29 more
665 2456 186 43 distinct
872 2457 87 42 and
977 2456 244 57 important
1240 2458 108 44 than
1368 2460 75 44 the
1466 2465 233 41 restour

35 2534 179 50 percept
235 2529 47 42 of
301 2544 55 28 an
379 2528 141 57 apple,
544 2529 66 43 for
632 2529 215 57 example,
870 2530 202 43 contains
1096 2530 74 44 the
1196 2531 144 44 visual
1363 2532 193 45 element
1578 2549 120 30 more

37 2600 229 56 distinctly
285 2600 107 43 than
412 2601 74 43 the
509 2601 211 57 olfactory
737 2601 154 54 ;but
913 2601 59 43 all
990 2601 74 44 the
1082 2616 150 30 senses
1251 2603 98 44 that
1367 2604 113 45 have
1498 2608 199 43 received

36 2673 281 55 impressions
340 2688 72 29 are
434 2679 47 38 at
513 2673 113 43 least
659 2674 134 57 ready
826 2678 45 39 to
906 2674 276 55 contribute;
1220 2691 112 29 even
1365 2678 77 43 the
1474 2680 225 44 muscular

38 2758 124 30 sense
184 2745 129 57 being
335 2746 145 57 ready,
499 2760 46 29 as
569 2760 64 29 we
655 2746 113 44 have
792 2760 114 38 seen,
930 2751 45 39 to
998 2747 102 57 give
1123 2748 186 45 distinct
1332 2750 210 46 evidence
1568 2752 127 44 when

38 2817 208 55 appealed
271 2823 53 37 to.

100 2889 103 42 This
240 2892 218 42 reference
497 2896 45 38 to
577 2891 75 43 the
688 2891 230 44 Muscular
956 2892 134 44 Sense
1129 2893 122 44 leads
1289 2910 70 28 me
1397 2900 45 39 to
1481 2897 86 43 add
1602 2898 99 44 that

41 2961 229 56 according
292 2967 44 38 to
358 2962 75 44 the
456 2963 204 58 teaching
683 2964 47 43 of
748 2978 119 30 some
886 2965 199 44 eminent
1106 2967 337 58 psychologists,
1460 2970 240 58 especially

40 3031 48 42 of
116 3032 222 43 Professor
371 3032 126 55 Bain,
529 3034 236 46 Memories
798 3037 45 43 of
875 3037 175 44 Motion
1083 3053 73 29 are
1189 3038 166 58 always
1389 3042 145 43 stored
1557 3057 61 42 up
1651 3044 48 42 in

41 3101 75 44 the
145 3103 121 43 brain
291 3104 128 58 along
442 3107 106 43 with
581 3107 75 44 the
688 3109 230 44 memories
953 3110 45 43 of
1020 3112 237 52 sensation,
1291 3113 83 43 and
1410 3127 73 30 are
1518 3116 179 41 revived

40 3174 128 57 along
201 3176 107 43 with
341 3176 120 45 them
495 3179 127 44 when
663 3180 73 44 the
768 3181 97 44 idea
903 3182 47 43 of
984 3197 56 28 an
1079 3184 145 55 object
1260 3185 37 43 is
1331 3186 181 43 formed.
1577 3187 120 43 Each
