2107 3450
207 307 189 31 MANNER
418 305 46 32 IN
488 303 155 33 WHICH
666 301 246 33 LANGUAGE
936 301 200 32 MIRRORS
1160 301 247 32 CONDITION
1431 301 54 32 OF
1510 301 128 32 MIND.
1673 291 83 42 189

99 431 272 38 movements
394 440 70 28 are
486 423 148 57 lively,
652 422 181 43 sudden,
858 421 242 42 uncertain.
1165 421 92 42 The
1277 426 273 37 movements
1576 422 85 41 and
1688 422 73 41 the

97 505 197 50 gestures
312 498 44 42 of
379 510 205 29 maniacs,
602 494 144 42 which
765 507 164 42 appear
946 507 133 42 every
1095 507 82 28 one
1198 507 120 28 more
1336 493 297 56 meaningless
1653 493 107 42 than

99 569 193 42 another,
324 582 72 28 are
429 567 79 42 but
540 565 74 43 the
648 564 254 43 expression
927 563 47 42 of
1003 563 77 43 the
1113 563 242 42 exaltation
1389 564 88 42 and
1498 563 199 43 disorder
1719 563 49 42 of

100 640 73 42 the
195 639 120 42 ideas
337 637 86 43 and
447 636 216 43 emotions
686 636 48 42 of
757 634 123 43 these
902 633 259 57 patients."1

158 710 53 42 In
235 708 166 43 Simple
425 708 154 41 Mania
614 707 74 42 the
726 720 119 29 same
879 706 353 42 characteristics
1265 720 73 28 are
1371 704 230 44 exhibited
1633 719 47 29 as
1712 705 49 43 in

97 782 145 42 Acute
276 781 165 41 Mania,
466 780 79 41 but
581 779 106 43 they
710 793 72 28 are
820 778 172 57 greatly
1016 778 133 43 toned
1185 778 140 42 down.
1391 777 138 43 There
1567 777 38 43 is
1642 777 121 42 inco-

98 853 185 42 herence
301 853 47 41 of
366 851 157 43 speech
543 850 87 43 and
653 850 329 43 inconsistency
1001 851 47 41 of
1067 850 203 43 conduct,
1288 856 108 36 with
1416 849 346 57 comparatively

96 924 109 42 mild
228 930 242 37 exaltation
493 923 85 43 and
602 923 279 43 excitement.
946 923 120 43 Here
1088 923 37 43 is
1152 923 117 43 what
1301 923 23 42 I
1357 927 74 52 got
1462 922 136 43 taken
1630 922 130 43 down

95 997 111 41 from
231 996 74 42 the
342 995 112 43 mild
492 995 208 42 delirium
734 995 48 42 of
812 1010 25 27 a
878 995 297 42 middle-aged
1215 1008 172 28 woman
1422 994 47 43 in
1508 994 75 42 the
1619 993 142 57 Eoyal

96 1067 258 57 Edinburgh
376 1066 208 57 Asylum,
604 1067 96 42 who
723 1071 69 38 sat
808 1066 175 42 talking
999 1070 45 38 to
1062 1065 167 44 herself
1242 1065 184 57 quietly,
1444 1065 87 42 and
1549 1064 213 57 laughing

98 1139 292 56 occasionally
409 1143 92 40 :—"
516 1139 162 42 You're
701 1143 77 38 not
801 1138 111 43 dead
935 1142 85 53 yet.
1086 1137 72 43 I'll
1190 1143 78 36 not
1299 1143 74 50 get
1393 1151 99 42 you.
1555 1137 149 42 When
1739 1137 23 41 I

101 1225 87 28 was
211 1211 47 41 in
274 1211 124 42 York
420 1211 119 42 Lane
563 1210 100 42 why
683 1210 75 42 did
782 1224 86 42 you
892 1216 78 35 not
992 1210 102 42 take
1113 1209 75 43 the
1207 1209 232 42 candidate
1463 1208 23 42 I
1508 1208 88 42 had
1621 1209 107 42 then
1747 1210 15 41 ?

99 1282 147 42 When
269 1296 87 42 you
378 1297 86 27 was
486 1282 47 42 in
557 1282 186 43 Seafield
766 1296 88 41 you
872 1281 146 42 would
1042 1285 79 38 not
1143 1295 76 28 say
1239 1281 98 42 that
1354 1284 45 38 to
1417 1281 175 42 Eobert.
1647 1281 115 41 That

100 1354 217 42 beautiful
340 1355 92 41 face
455 1354 44 42 of
520 1354 136 42 thine.
719 1354 148 42 When
906 1354 22 41 I
964 1353 142 56 forget
1143 1352 166 43 Spittal
1344 1352 146 43 Street
1525 1352 71 42 I'll
1624 1351 138 43 shine.

99 1426 48 41 If
166 1426 82 42 I'm
270 1440 57 28 no
349 1426 218 55 religious,
590 1440 81 28 can
693 1440 88 42 you
803 1425 73 42 lift
899 1426 36 42 it
958 1440 60 27 up
1050 1426 48 41 in
1132 1424 165 44 Spittal
1329 1424 146 43 Street
1496 1425 15 43 ?
1529 1423 21 17 "
1614 1424 44 43 If
1690 1424 76 43 the

100 1502 184 38 amount
305 1499 48 41 of
371 1498 189 56 thought
583 1504 99 35 that
703 1497 284 56 presumably
1005 1496 235 57 suggested
1259 1497 123 42 these
1401 1500 230 38 sentences
1651 1511 113 27 were

99 1575 82 50 put
203 1570 94 41 into
321 1569 74 43 the
417 1570 194 42 balance,
634 1570 37 41 it
694 1568 146 43 would
878 1569 230 56 evidently
1131 1568 141 43 weigli
1295 1583 48 28 as
1367 1568 187 56 nothing
1576 1568 47 42 in
1646 1583 121 28 com-

99 1641 175 55 parison
298 1641 106 42 with
430 1641 74 42 the
526 1645 184 38 amount
732 1641 45 42 of
800 1640 158 56 speech
983 1640 232 56 produced.
1270 1640 106 43 This
1399 1644 199 52 suggests
1617 1655 25 28 a
1659 1655 107 41 very

98 1714 242 55 important
371 1713 218 56 question,
611 1713 98 50 viz.,
733 1713 74 43 the
839 1713 208 56 question
1080 1712 200 43 whether
1312 1713 46 41 in
1392 1712 110 43 such
1535 1727 120 29 cases
1688 1713 76 43 the

98 1787 157 42 speech
279 1792 173 37 centres
475 1800 70 28 are
563 1790 79 38 not
659 1790 45 38 to
722 1800 25 28 a
763 1785 119 43 large
900 1790 154 38 extent
1072 1785 254 57 displaying
1349 1785 177 43 restless
1545 1785 220 43 activities

99 1858 45 41 of
166 1858 116 42 their
299 1873 98 27 own
421 1857 96 43 that
539 1871 74 29 are
635 1857 159 43 almost
815 1857 302 43 independent
1134 1858 47 42 of
1201 1857 73 43 the
1298 1857 170 42 normal
1491 1857 209 43 stimulus
1725 1858 48 41 of

99 1928 200 44 thought.
364 1929 22 41 I
420 1928 113 43 shall
565 1929 114 42 refer
710 1929 128 42 again
872 1933 45 38 to
949 1929 91 43 this
1073 1929 204 56 question
1301 1929 47 42 in
1372 1929 75 43 the
1470 1934 109 38 next
1600 1934 102 52 part
1723 1930 48 42 of

101 2002 92 42 this
216 2015 191 42 chapter.

162 2073 45 42 It
234 2073 37 42 is
304 2072 224 57 generally
550 2072 217 43 admitted
799 2072 100 43 that
935 2073 76 43 the
1049 2073 227 43 condition
1311 2073 47 43 of
1389 2073 148 42 mania
1571 2073 37 43 is
1647 2088 118 29 more

101 2144 193 56 perilous
317 2148 45 38 to
384 2143 76 43 the
482 2144 125 42 mind
631 2144 108 42 than
772 2144 98 42 that
901 2144 45 42 of
980 2144 304 43 melancholia.
1348 2145 168 51 Mania,
1539 2159 118 29 more
1681 2145 85 43 fre-

100 2216 187 57 quently
309 2215 108 42 than
440 2215 302 53 melancholia,
766 2230 153 29 causes
952 2216 75 44 the
1060 2217 124 42 mind
1217 2222 45 37 to
1295 2217 103 42 sink
1429 2217 95 42 into
1558 2231 25 28 a
1612 2223 155 37 stupor

102 2288 143 42 which
269 2288 37 42 is
328 2293 76 51 apt
426 2292 44 38 to
492 2288 53 43 be
566 2287 239 57 prolonged
840 2289 95 42 into
958 2294 263 51 permanent
1245 2290 249 42 Dementia.
1558 2290 127 42 Even
1716 2290 48 43 in

100 2374 120 29 cases
239 2359 143 43 where
404 2359 121 43 there
548 2359 36 43 is
617 2364 214 52 apparent
863 2375 218 42 recovery,
1104 2361 75 43 the
1212 2362 175 55 patient
1420 2362 78 42 has
1532 2366 78 38 not
1643 2367 122 38 often

100 2431 267 57 completely
388 2431 193 44 restored
604 2436 46 38 to
674 2432 91 42 him
788 2432 70 43 his
881 2434 162 42 former
1063 2448 148 41 power
1234 2434 45 42 of
1311 2433 125 43 mind
1463 2434 88 43 and
1576 2435 190 43 fineness

100 2505 45 42 of
167 2504 261 57 sensibility.
492 2504 91 43 The
607 2504 107 57 edge
737 2505 79 43 has
838 2505 230 57 generally
1086 2506 111 43 been
1217 2506 135 43 taken
1377 2506 63 43 off
1459 2507 68 42 his
1550 2507 216 52 intellect,

102 2576 86 43 and
210 2576 68 43 his
302 2576 227 43 affections
552 2576 91 43 also
667 2576 111 43 have
801 2577 111 43 been
936 2577 196 44 blunted.

163 2725 45 43 C.
241 2725 306 52 Monomania,
569 2726 173 43 Mokal
774 2727 235 53 Insanity,
1031 2728 185 43 etc.—I
1250 2729 54 43 do
1338 2734 79 38 not
1449 2729 132 43 think
1615 2731 37 42 it
1676 2731 92 42 will

103 2797 53 43 be
175 2811 227 42 necessary
422 2803 43 37 to
485 2803 113 37 treat
615 2798 46 42 in
681 2798 90 43 this
789 2799 183 56 chapter
989 2799 47 42 of
1055 2799 75 44 the
1150 2800 159 56 speech
1329 2801 47 42 of
1395 2801 195 56 patients
1613 2802 155 43 suffer-

103 2869 76 55 ing
202 2868 110 42 from
334 2868 299 53 Monomania,
656 2870 143 42 Moral
824 2871 218 57 Insanity,
1065 2886 47 28 or
1133 2871 77 43 the
1233 2872 127 43 other
1378 2872 166 56 special
1566 2873 135 43 forms
1724 2874 46 42 of

104 2940 165 42 mental
308 2940 322 57 derangement.
696 2943 55 42 In
790 2943 103 51 fact,
915 2943 188 57 nothing
1140 2944 131 43 could
1310 2945 54 42 be
1399 2944 95 44 said
1527 2945 136 43 about
1694 2946 76 43 the

103 3011 157 56 speech
284 3012 47 42 of
350 3012 106 43 such
480 3013 194 56 patients
692 3019 158 52 except
875 3015 108 51 that,
1005 3029 47 29 as
1076 3016 47 42 in
1155 3016 297 44 melancholia
1486 3017 86 42 and
1609 3018 162 52 mania,

445 3155 10 23 1
478 3155 188 49 Esquirol,
687 3157 183 37 Maladies
891 3158 192 36 Mcntales,
1103 3157 73 37 vol.
1198 3158 40 36 ii.
1259 3170 35 36 p.
1321 3161 80 34 151.
