2113 3404
891 275 86 31 THE
1010 276 242 34 DISORDERS
1285 279 52 31 OF
1368 279 173 32 SPEECH.

399 259 83 41 212

395 390 174 55 organic
591 391 186 57 changes
811 393 46 45 in
880 395 73 43 the
976 401 138 37 motor
1135 402 169 39 centres
1327 399 64 41 for
1414 399 181 55 writing,
1617 413 45 27 as
1685 400 43 40 in
1751 399 73 42 the
1846 404 159 37 tremu-

395 458 95 44 lous
513 462 173 57 writing
703 464 46 44 of
767 479 132 42 many
916 480 116 29 cases
1054 468 45 41 of
1118 469 134 42 senile
1274 469 230 42 dementia,
1521 469 83 41 and
1626 470 45 40 in
1690 469 72 42 the
1784 469 90 42 still
1894 483 112 28 more

396 531 240 45 tremulous
658 535 85 41 and
766 535 237 57 disorderly
1022 538 172 56 writing
1215 539 44 41 of
1280 539 188 55 patients
1490 539 205 42 suffering
1713 539 107 41 from
1838 537 169 57 general

396 601 211 54 paralysis
641 605 44 41 of
720 605 72 43 the
827 607 162 42 insane.
1053 608 52 41 In
1143 609 71 42 the
1248 609 130 43 latter
1412 609 218 42 condition
1664 609 73 42 the
1772 614 237 37 characters

395 684 101 43 may
518 673 52 43 be
592 676 231 42 converted
856 677 93 42 into
983 678 206 55 irregular
1211 679 176 55 zigzags,
1409 679 85 42 and
1523 693 44 28 so
1588 679 195 43 crowded
1817 679 193 55 together

395 755 47 29 as
464 746 43 39 to
530 744 52 42 be
604 746 156 55 totally
782 746 199 43 illegible.

456 883 206 44 Aphasia,
684 897 157 31 among
862 898 88 31 the
971 888 347 44 Insane.—This
1341 890 37 41 is
1395 904 24 27 a
1435 890 167 42 subject
1624 890 138 42 which
1787 891 21 41 I
1832 903 177 43 propose

399 958 43 37 to
465 954 119 43 defer
604 956 74 42 the
702 958 318 42 consideration
1042 960 43 40 of
1120 959 113 42 until
1257 960 21 41 I
1300 960 110 42 have
1432 960 219 43 discussed
1685 961 74 42 the
1781 960 166 43 subject
1968 960 43 42 of

397 1024 179 54 aphasia
611 1040 46 29 as
690 1028 218 54 produced
942 1029 58 55 by
1034 1043 145 29 coarse
1212 1030 171 55 organic
1417 1030 159 43 lesions
1609 1031 44 43 of
1689 1031 73 43 the
1795 1031 130 42 brain.
1989 1030 21 41 I

398 1094 111 42 shall
527 1095 100 42 here
645 1097 102 56 only
767 1113 76 41 say
862 1099 96 41 that
975 1099 187 55 aphasia,
1177 1100 45 41 in
1239 1100 59 42 all
1314 1101 56 42 its
1388 1101 142 42 forms,
1549 1102 35 41 is
1601 1102 43 41 of
1661 1107 75 36 not
1756 1114 254 29 uncommon

398 1177 252 31 occurrence
673 1181 156 42 among
847 1168 73 42 the
941 1169 160 42 insane.
1165 1170 54 41 In
1241 1183 116 29 some
1378 1184 116 28 cases
1516 1171 35 40 it
1572 1171 36 41 is
1630 1185 24 27 a
1672 1170 237 42 functional
1929 1167 79 45 and

397 1238 249 54 temporary
674 1238 305 54 complication
1007 1239 43 41 of
1083 1239 73 42 the
1187 1239 202 42 insanity.
1452 1240 53 41 In
1539 1239 122 42 other
1691 1253 117 28 cases
1841 1253 23 27 a
1895 1253 116 41 gross

397 1305 137 43 lesion
556 1308 44 41 of
632 1308 74 42 the
739 1309 123 41 brain
894 1309 75 43 has
1002 1310 156 42 caused
1190 1310 74 42 the
1297 1310 185 55 aphasia,
1515 1310 97 51 and,
1642 1310 36 42 it
1709 1324 99 41 may
1839 1310 64 50 be,
1934 1311 77 42 has

398 1375 90 43 also
510 1377 71 42 led
604 1382 43 38 to
670 1379 73 42 the
767 1379 304 43 development
1093 1381 46 41 of
1156 1380 74 42 the
1253 1381 201 42 insanity.

976 1544 146 42 Speech
1143 1545 49 40 in
1213 1544 230 42 Dementia.

457 1659 264 43 Permanent
743 1661 144 55 injury
912 1662 43 41 of
987 1661 73 42 the
1083 1661 120 42 mind
1226 1662 36 41 is
1284 1676 24 27 a
1331 1675 195 28 common
1559 1662 133 42 result
1715 1662 43 41 of
1788 1676 54 27 an
1865 1662 146 41 attack

398 1729 45 41 of
476 1729 204 55 insanity.
744 1730 55 41 In
836 1736 76 36 not
948 1745 24 27 a
1003 1731 82 41 few
1117 1745 116 28 cases
1271 1731 73 42 the
1380 1731 177 54 damage
1591 1736 200 36 amounts
1825 1736 42 36 to
1905 1731 107 41 total

397 1799 289 43 disablement
707 1800 85 42 and
815 1800 267 42 destruction
1105 1801 46 41 of
1169 1801 72 41 the
1262 1801 164 41 mental
1448 1801 207 42 faculties.
1718 1801 88 42 The
1829 1801 75 42 sad
1928 1801 84 41 and

397 1870 198 55 hopeless
622 1871 221 42 condition
873 1871 46 42 of
950 1871 241 56 Secondary
1215 1871 244 43 Dementia,
1481 1870 220 43 exhibited
1735 1872 56 54 by
1814 1886 45 27 so
1882 1885 129 41 many

397 1942 47 40 of
464 1941 73 42 the
564 1941 191 56 patients
777 1942 44 40 in
845 1956 127 28 every
995 1942 166 41 lunatic
1182 1941 181 56 asylum,
1386 1942 36 41 is
1444 1941 102 43 thus
1574 1941 185 42 brought
1787 1942 140 41 about.
1990 1942 22 40 I

400 2012 129 42 know
552 2013 81 41 few
657 2012 137 42 sights
814 2026 115 28 more
945 2012 254 55 impressive
1221 2012 106 41 than
1344 2012 94 41 that
1461 2012 140 42 which
1619 2026 79 28 one
1715 2026 91 28 sees
1823 2026 54 28 on
1892 2012 121 42 visit-

399 2083 86 55 ing,
509 2088 44 37 at
576 2098 23 27 a
621 2083 167 42 lunatic
805 2083 183 55 asylum,
1010 2083 74 41 the
1113 2083 223 55 day-room
1359 2086 65 39 set
1445 2087 122 37 apart
1592 2082 64 42 for
1678 2083 120 41 these
1821 2082 193 55 hopeless

401 2153 207 43 dements.
672 2154 135 42 There
827 2154 101 55 they
948 2159 69 45 sit,
1035 2153 161 42 wrecks
1214 2154 106 40 from
1339 2153 72 42 the
1430 2154 95 41 fires
1544 2153 42 42 of
1604 2153 72 42 the
1693 2153 169 42 various
1884 2153 129 42 forms

402 2226 46 40 of
458 2225 204 41 insanity.
706 2225 177 41 Passive
897 2224 81 42 and
997 2224 124 42 inert,
1135 2224 260 41 inattentive
1409 2237 108 28 even
1531 2228 43 37 to
1590 2223 71 42 the
1677 2223 103 42 calls
1795 2225 45 39 of
1850 2237 164 36 nature,

402 2296 103 42 they
523 2296 101 42 take
646 2309 55 28 no
723 2296 143 41 notice
889 2295 43 42 of
947 2295 102 42 each
1072 2294 131 42 other.
1267 2294 118 42 They
1404 2300 57 36 sit
1483 2293 89 43 still
1595 2294 64 41 for
1681 2294 73 41 the
1778 2298 110 37 most
1910 2300 105 48 part,

401 2367 87 42 and
507 2380 130 28 many
655 2366 46 41 of
715 2366 119 41 them
854 2365 141 42 would
1013 2379 131 28 never
1162 2379 123 27 move
1302 2365 108 41 from
1430 2364 112 42 their
1559 2370 111 36 seats
1687 2364 35 41 if
1735 2369 76 37 not
1832 2364 121 42 made
1972 2370 42 35 to

401 2443 72 51 get
497 2451 69 41 up,
588 2437 86 41 and
693 2437 132 41 taken
848 2441 75 37 out
946 2436 65 41 for
1033 2436 196 42 exercise.
1293 2435 51 41 In
1364 2449 129 28 some,
1516 2434 72 43 the
1610 2435 74 42 fire
1707 2435 47 42 of
1765 2434 192 43 insanity
1978 2434 36 42 is

401 2512 121 51 quite
554 2508 134 40 burnt
709 2511 87 37 out,
819 2506 84 41 and
938 2506 73 41 the
1045 2504 161 42 mental
1239 2505 196 41 faculties
1470 2519 69 27 are
1572 2504 153 42 totally
1748 2504 188 42 extinct;
1969 2504 44 40 in

401 2580 157 42 others,
580 2578 35 41 it
644 2577 240 42 smoulders
911 2591 54 27 on
989 2577 44 40 in
1064 2576 73 41 the
1158 2576 107 40 form
1291 2575 44 41 of
1363 2589 116 27 some
1507 2574 221 42 enfeebled
1754 2578 199 38 remnant
1972 2573 47 41 of

402 2650 73 41 the
511 2648 220 42 delusions
753 2646 108 41 with
892 2645 141 42 which
1068 2645 73 41 the
1175 2644 121 41 mind
1330 2658 85 27 was
1445 2657 104 28 once
1583 2643 58 41 all
1672 2643 155 41 ablaze.
1891 2642 123 42 Some

401 2718 47 42 of
478 2716 74 43 the
573 2720 191 51 patients
799 2715 167 42 exhibit
988 2714 170 42 curious
1181 2714 131 41 forms
1334 2713 43 42 of
1410 2713 233 41 automatic
1664 2712 194 55 activity.
1921 2711 92 42 One

401 2803 99 41 may
524 2787 248 43 constantly
794 2787 80 41 rub
897 2786 67 41 his
998 2785 138 42 hands
1168 2784 217 55 together;
1418 2783 180 43 another
1630 2797 99 41 may
1752 2781 125 43 stand
1902 2795 111 41 upon

399 2861 74 42 the
498 2860 102 41 floor
634 2859 83 41 and
742 2871 187 42 perform
951 2855 271 57 perpetually
1245 2869 24 28 a
1298 2868 168 29 curious
1489 2854 211 55 swinging
1721 2867 45 27 or
1788 2851 226 55 balancing

400 2933 274 40 movement;
706 2928 87 42 and
823 2940 116 30 some
974 2940 101 28 may
1107 2926 52 42 be
1194 2923 246 56 constantly
1478 2922 187 56 engaged
1700 2922 42 41 in
1779 2920 235 54 muttering

397 3007 44 38 to
479 2999 261 44 themselves
779 2998 120 42 those
939 2997 170 42 curious
1146 2995 235 42 automatic
1418 2993 284 56 maundering
1738 3004 276 41 monologues

393 3087 175 40 already
594 3069 235 44 described,
850 3069 46 41 in
932 3067 142 43 which
1098 3068 81 41 few
1213 3065 227 43 articulate
1470 3063 149 51 words,
1640 3063 85 42 and
1759 3076 54 27 no
1836 3061 179 42 definite
