2016 2742
139 150 324 44 unerkennbar
493 155 92 40 und
613 156 333 50 unentwickelt,
975 173 47 26 so
1054 158 107 41 doch
1190 161 266 50 wenigstens
1489 160 77 41 der
1594 159 145 41 Masse
1769 158 122 48 nach,

141 210 263 42 vorhanden
432 214 72 48 ist,
533 230 46 25 so
608 216 58 39 ist
695 231 44 25 es
771 231 108 36 ganz
909 217 255 49 rätselhaft,
1191 220 82 39 wie
1301 221 46 37 in
1376 219 78 40 der
1481 220 217 50 winzigen
1728 216 162 42 Eizelle

141 279 114 32 etwa
294 273 121 40 eines
454 273 281 52 Säugetieres
775 275 76 41 das
891 291 136 36 ganze
1064 279 178 49 spätere
1279 277 105 40 Tier
1420 277 176 41 stecken
1634 277 98 49 soll,
1769 277 123 47 oder,

141 346 131 24 wenn
295 331 107 40 auch
422 331 120 42 nicht
564 332 76 42 das
662 333 103 41 Tier
787 333 153 50 selbst,
961 349 47 26 so
1032 335 106 40 doch
1161 337 95 39 sein
1278 335 241 52 „Erbgut".
1541 335 84 41 Die
1648 335 243 42 Gelehrten

142 405 310 36 vergangener
486 391 339 44 Jahrhunderte
858 392 145 42 haben
1037 394 87 40 sich
1158 394 116 40 denn
1309 394 105 40 auch
1448 394 117 40 nicht
1599 394 186 40 schlecht
1818 410 74 23 um

144 448 144 42 dieses
316 450 138 51 große
479 450 215 41 Problem
721 453 250 50 gestritten.
997 452 85 41 Die
1109 454 129 39 einen
1264 455 212 46 meinten,
1502 455 45 37 in
1574 452 77 40 der
1677 454 215 49 winzigen

142 507 170 43 Eizelle
341 509 146 41 stecke
516 510 258 40 tatsächlich
803 510 76 41 das
909 513 178 49 spätere
1115 511 104 41 Tier
1243 511 239 52 ¡gleichsam
1511 511 381 52 eingeschachtelt.

145 566 52 44 Ja
228 590 58 21 -3?-
318 567 108 41 aber
456 584 67 25 wo
557 569 168 41 steckte
759 569 117 40 dann
910 569 69 40 die
1011 569 371 52 vorhergehende
1415 570 276 40 Generation
1722 571 81 38 mit
1837 568 56 41 all

147 625 85 42 den
273 626 362 53 Eigenschaften,
679 628 71 41 die
793 630 62 39 sie
900 628 84 40 den
1025 628 334 41 Nachkommen
1400 627 207 42 vererbt?
1648 627 57 42 Es
1748 628 146 40 schien

145 683 134 42 keine
320 685 166 41 andere
525 686 180 52 Lösung
742 702 54 25 zu
835 686 157 53 geben:
1034 686 121 41 Auch
1197 687 69 40 die
1304 686 217 40 früheren
1561 685 333 41 Generationen

146 744 189 40 mußten
361 747 46 37 in
435 745 80 41 der
541 747 132 39 einen
698 746 168 41 Eizelle
893 746 250 53 verborgen
1171 749 108 47 sein,
1307 748 168 41 sowohl
1503 749 70 40 die
1602 747 293 42 Großmutter

146 804 82 39 wie
255 803 70 40 die
351 803 354 52 Urgroßmutter
730 805 92 40 und
848 805 84 41 alle
957 804 160 42 Ahnen
1142 806 163 40 zurück
1328 806 67 41 bis
1422 822 54 24 an
1503 806 83 41 den
1611 806 179 51 Anfang
1817 806 78 40 der

146 859 134 51 Welt,
312 862 53 40 da
395 878 103 25 zum
527 873 150 30 ersten
706 863 92 40 Mal
830 863 75 41 das
936 863 282 42 betreffende
1249 864 120 40 Tier-
1400 864 108 41 oder
1538 864 356 41 Pflanzenwesen

147 921 269 40 entstanden
441 938 105 25 war.
572 921 182 42 Andere
779 922 216 41 Forscher
1021 923 79 40 der
1124 922 363 52 Vergangenheit
1512 923 200 40 machten
1738 939 44 24 es
1809 922 85 41 sich

147 978 204 50 leichter;
385 981 62 39 sie
479 979 323 52 behaupteten,
835 980 156 41 sobald
1021 983 60 38 im
1113 981 136 40 Huhn
1282 981 74 41 das
1388 981 52 40 Ei
1471 981 86 40 sich
1590 997 53 24 zu
1676 981 219 40 entfalten

147 1037 210 53 beginne,
388 1039 263 40 wanderten
683 1056 76 24 aus
792 1039 119 40 allen
939 1038 324 53 Körperteilen
1295 1040 74 40 des
1400 1039 308 41 Muttertieres
1739 1039 155 52 gleich¬

149 1112 94 26 sam
271 1099 187 50 winzige
487 1097 221 42 Abbilder
734 1098 126 51 jedes
890 1100 147 39 seiner
1065 1098 177 51 Organe
1269 1123 58 4 —
1356 1098 74 41 des
1460 1097 147 51 Auges
1636 1100 80 38 mit
1745 1099 151 39 seinen

149 1157 147 41 vielen
314 1156 316 50 Einzelteilen,
651 1157 80 41 der
748 1157 132 48 Nase,
901 1157 80 40 der
997 1157 167 52 Lunge,
1185 1157 75 40 des
1280 1156 198 41 Herzens
1497 1180 59 4 —
1572 1158 46 38 in
1639 1156 71 40 die
1728 1155 168 41 Eizelle

149 1215 171 41 hinein.
346 1216 134 40 Diese
508 1216 223 40 Abbilder
758 1215 184 41 würden
971 1215 120 40 dann
1121 1216 61 40 als
1210 1215 171 51 Erbgut
1408 1214 370 52 weitergegeben,
1803 1213 93 40 und

149 1276 61 38 im
250 1274 144 40 Laufe
437 1274 75 41 des
555 1274 276 41 Wachstums
874 1274 188 52 gestalte
1106 1273 74 41 das
1222 1289 115 24 neue
1378 1271 245 42 Hühnchen
1663 1272 108 40 nach
1814 1271 82 40 den

150 1333 245 47 „Bildern"
427 1335 122 39 seine
581 1333 177 51 Organe
791 1349 90 25 aus.

208 1411 234 41 Natürlich
474 1412 182 40 wußten
690 1412 69 40 die
793 1411 232 53 gelehrten
1058 1413 175 39 Herren
1265 1428 82 25 vor
1378 1411 306 42 zweihundert
1718 1412 180 47 Jahren,

153 1471 85 41 daß
261 1487 44 25 es
327 1470 146 42 neben
497 1471 78 40 der
597 1472 159 39 Henne
780 1470 105 41 auch
908 1472 120 40 eines
1051 1471 181 40 Hahnes
1254 1470 228 48 bedurfte,
1503 1486 129 25 wenn
1654 1487 76 25 aus
1754 1472 144 39 einem

151 1530 52 40 Ei
241 1532 72 38 ein
348 1546 139 25 neues
525 1529 270 41 Lebewesen
832 1528 311 52 hervorgehen
1182 1529 143 41 sollte.
1363 1529 65 40 Im
1464 1529 223 40 Tierreich
1725 1545 90 24 war
1854 1544 43 25 es

153 1588 235 52 durchweg
410 1605 62 31 so,
496 1588 84 40 daß
601 1588 74 40 bei
697 1588 78 40 der
797 1587 285 51 Weitergabe
1106 1587 74 41 des
1203 1587 172 41 Lebens
1400 1603 53 24 an
1476 1587 69 40 die
1567 1586 331 41 Nachkommen

152 1650 72 38 ein
253 1647 272 41 männliches
554 1647 93 40 und
676 1649 71 38 ein
776 1646 250 41 weibliches
1056 1645 159 41 Wesen
1245 1643 427 43 zusammenwirken
1701 1645 197 40 mußten.

151 1706 56 42 Es
240 1722 93 25 war
367 1708 98 38 eine
501 1706 78 40 der
613 1705 169 52 großen
815 1705 271 51 Leistungen
1121 1704 77 40 der
1231 1703 331 47 Wissenschaft,
1596 1703 61 41 als
1693 1702 206 41 deutsche

152 1765 217 42 forscher
390 1764 238 48 bewiesen,
653 1764 84 40 daß
761 1780 44 25 es
830 1763 105 41 auch
957 1762 73 41 bei
1053 1763 83 40 den
1157 1762 209 40 Pflanzen
1387 1761 226 41 weibliche
1635 1762 92 40 und
1749 1765 150 36 männ-

152 1824 110 41 lidie
302 1824 233 41 Elemente
577 1822 95 53 gab.
713 1822 50 40 In
804 1822 79 40 der
921 1821 133 41 Blüte
1092 1823 57 39 ist
1190 1821 77 40 der
1305 1820 337 40 Fruchtknoten
1680 1821 81 39 mit
1802 1819 98 40 dem

152 1883 200 51 Stempel
391 1882 79 41 der
506 1881 229 41 weibliche
774 1881 96 40 Teil
909 1880 78 41 der
1023 1880 179 41 Pflanze
1239 1879 91 40 und
1368 1878 244 51 entspricht
1650 1888 112 31 etwa
1802 1877 98 41 dem

152 1942 152 48 Huhn,
340 1942 78 40 der
455 1940 126 53 gelbe
616 1938 299 42 Blütenstaub
948 1962 59 5 —
1041 1938 105 40 auch
1180 1936 156 42 Pollen
1372 1945 194 43 genannt
1597 1961 70 23 —,
1704 1936 82 40 den
1823 1935 78 40 der

154 2000 133 41 Wind
315 2002 47 38 in
392 2000 219 51 goldenen
641 1998 191 41 Wolken
862 2014 87 23 von
981 1996 83 41 den
1094 1995 401 41 Haselsträuchern
1525 1994 108 41 oder
1665 1994 70 41 die
1765 1994 135 40 Hum¬

153 2061 119 40 meln
306 2059 93 41 und
433 2059 171 40 Bienen
638 2074 88 24 von
762 2057 83 40 den
880 2056 189 40 Blumen
1102 2055 315 50 herantragen,
1451 2055 56 39 ist
1543 2052 78 40 der
1655 2052 246 40 männliche

153 2119 245 52 Gegenpol.
436 2117 107 41 Man
579 2126 141 31 nennt
757 2118 102 48 jene
896 2114 165 49 Zellen,
1100 2130 76 25 aus
1215 2113 142 40 denen
1395 2111 105 41 alles
1538 2114 177 47 spätere
1752 2110 150 41 Leben

153 2177 272 53 entsprießt,
446 2175 300 41 Keimzellen:
770 2173 202 41 Eizellen
996 2173 71 40 die
1090 2171 276 50 weiblichen,
1390 2171 71 40 die
1482 2172 63 38 im
1567 2169 335 40 Fruchtknoten

154 2238 79 42 der
266 2236 134 41 Blüte
436 2235 110 41 oder
579 2237 61 38 im
673 2233 109 41 Leib
820 2233 74 40 des
929 2231 313 40 Muttertieres
1278 2229 224 52 geborgen
1534 2228 158 51 liegen,
1727 2227 174 41 Samen¬

152 2296 144 41 zellen
324 2296 70 40 die
421 2293 293 41 männlichen.
742 2291 104 41 Und
870 2292 82 39 wie
982 2289 74 42 das
1084 2287 276 43 Pollenkorn
1388 2287 77 40 auf
1492 2286 83 41 den
1603 2285 197 51 Stempel
1828 2284 74 41 des

153 2354 363 42 Fruchtknotens
548 2353 215 52 gelangen
794 2349 92 41 und
916 2349 86 41 sich
1032 2365 88 23 von
1152 2348 101 40 dort
1285 2362 76 25 aus
1390 2348 82 38 mit
1504 2345 78 40 der
1611 2344 166 41 Eizelle
1807 2359 95 25 ver¬

155 2417 177 50 einigen
353 2414 122 48 muß,
498 2429 46 25 so
568 2414 179 38 müssen
770 2410 87 41 sich
881 2408 106 41 auch
1009 2408 73 40 bei
1106 2405 114 42 allen
1243 2406 161 40 Tieren
1425 2402 166 43 Eizelle
1613 2403 93 40 und
1728 2403 175 41 Samen¬

153 2475 111 41 zelle
302 2472 265 48 verbinden,
608 2471 77 40 auf
725 2469 85 40 daß
848 2482 137 26 neues
1024 2465 151 41 Leben
1213 2463 211 42 entsteht.
1464 2462 104 41 Wer
1605 2462 173 40 freilich
1817 2476 86 25 von

153 2534 163 42 beiden
341 2533 75 40 das
440 2530 174 53 Erbgut
638 2532 120 49 trägt
779 2552 58 4 —
861 2526 69 41 die
956 2526 190 52 größere
1170 2522 207 54 kugelige
1400 2521 165 42 Eizelle
1590 2520 109 41 oder
1724 2520 69 41 die
1817 2519 87 40 viel
