1895 3217
339 307 60 40 22

783 319 185 32 MEMOIR
1002 320 52 31 OF
1090 319 196 32 BUFFON.

337 441 182 64 ‘‘^They
543 459 117 30 were
693 445 108 45 read
830 444 115 45 with
968 451 78 38 the
1070 444 117 46 view
1211 443 49 46 of
1285 444 185 61 hearing
1503 443 199 62 opinions

330 520 96 45 and
447 519 222 62 receiving
699 520 414 46 correctionshe
1136 520 222 61 willingly
1380 520 203 45 received
1613 535 90 46 any

331 596 106 46 hint
459 596 51 46 of
524 597 325 60 improprieties
872 596 50 46 of
946 603 133 54 style,
1104 597 91 45 and
1217 611 95 31 was
1335 611 112 31 open
1469 604 47 38 to
1539 596 166 61 imper-

333 673 188 46 fections
545 688 135 30 when
710 672 186 62 pointed
926 680 79 39 out
1034 679 48 40 to
1112 673 111 46 him.
1292 673 44 45 It
1360 672 37 46 is
1427 679 80 39 not
1539 688 46 31 so
1613 688 92 30 cer-

329 750 105 45 tain
467 750 103 45 that
604 764 60 31 an
698 749 179 61 opinion
912 749 52 46 of
997 749 146 62 pieces
1181 755 169 40 recited
1382 748 48 46 in
1463 749 92 46 this
1600 764 106 46 way

333 840 99 32 was
466 826 174 61 always
683 841 134 46 given
856 826 115 46 with
1004 832 103 40 that
1140 841 197 31 candour
1370 826 150 46 which
1554 826 152 46 would

335 903 136 46 allow
494 902 254 46 correction.

402 979 76 45 He
501 979 229 45 delighted
752 979 94 46 also
869 978 47 46 in
940 979 126 45 what
1090 994 93 30 was
1200 979 236 45 luxurious
1455 993 47 32 or
1529 977 178 62 magni-

335 1055 152 54 ficent,
513 1056 86 44 and
627 1071 94 29 was
745 1056 193 45 devoted
960 1061 48 40 to
1030 1055 71 46 his
1124 1055 121 45 dress
1268 1054 164 46 almost
1454 1061 47 39 to
1524 1060 79 40 the
1627 1070 81 30 ex-

335 1139 146 37 treme
505 1130 50 47 of
579 1130 199 62 foppery.
846 1132 75 45 He
945 1137 130 39 spent
1097 1131 138 46 much
1256 1137 112 39 time
1391 1137 49 39 at
1469 1131 71 45 his
1562 1131 144 53 toilet,

337 1209 93 45 and
470 1224 114 30 even
620 1208 50 45 in
703 1208 71 46 his
807 1208 137 46 latest
985 1223 131 46 years
1154 1208 93 46 had
1283 1208 72 45 his
1392 1208 100 44 hair
1530 1208 178 44 dressed

337 1285 94 45 and
469 1285 240 61 powdered
746 1291 149 48 twice,
932 1300 47 30 or
1011 1291 128 39 three
1177 1284 136 46 times
1351 1284 139 46 daily.
1559 1285 150 60 Every

338 1362 190 59 Sunday
576 1361 57 45 he
675 1361 232 45 exhibited
946 1361 190 45 himself
1171 1360 116 47 after
1331 1360 165 47 service
1540 1367 47 39 to
1631 1362 79 44 the

336 1443 247 58 peasantry
601 1436 50 46 of
666 1438 258 54 Montbard,
951 1438 177 45 dressed
1145 1437 47 46 in
1215 1453 28 30 a
1259 1437 94 45 rich
1375 1438 94 45 lace
1486 1444 221 54 garment,

341 1515 90 44 and
454 1514 218 46 attended
688 1515 63 60 by
772 1514 72 45 his
868 1529 78 31 son
970 1515 90 45 and
1082 1513 218 61 principal
1321 1514 230 45 retainers.

406 1591 56 44 In
484 1597 80 39 the
586 1590 174 61 private
779 1591 226 45 character
1019 1589 50 47 of
1086 1590 178 54 Buffon,
1281 1605 70 31 we
1367 1597 144 38 regret
1529 1590 126 46 there
1674 1591 36 44 is

338 1674 81 37 not
438 1667 137 45 much
592 1674 46 38 to
661 1667 173 60 praise;
859 1667 71 45 his
949 1667 259 60 disposition
1227 1683 93 30 was
1338 1668 113 45 kind
1468 1668 91 45 and
1573 1669 138 45 bene-

337 1744 171 52 volent,
534 1744 90 44 and
645 1744 59 44 he
727 1759 93 29 was
843 1744 227 60 generally
1092 1744 188 45 beloved
1308 1745 63 59 by
1393 1744 71 45 his
1492 1743 216 55 inferiors,

337 1817 238 57 followers,
601 1820 90 45 and
708 1820 289 61 dependents,
1024 1820 148 45 which
1195 1835 117 30 were
1334 1835 242 31 numerous
1607 1835 104 31 over

342 1896 69 44 his
446 1902 232 39 extensive
713 1902 243 55 property;
1007 1896 58 45 he
1096 1911 94 30 was
1222 1894 175 63 strictly
1421 1895 288 55 honourable,

344 1973 90 44 and
469 1988 94 30 was
594 1988 59 30 an
687 1973 282 45 affectionate
999 1979 173 54 parent.
1239 1972 58 46 In
1328 1988 124 46 early
1476 1973 144 61 youth
1653 1974 57 44 he

344 2050 91 44 had
458 2050 184 45 entered
664 2049 94 47 into
781 2056 79 39 the
883 2050 225 60 pleasures
1132 2050 90 45 and
1246 2049 284 61 dissipations
1554 2049 50 46 of
1618 2050 91 54 life,

345 2126 90 44 and
458 2125 234 45 licentious
715 2126 151 44 habits
890 2141 120 29 seem
1028 2132 46 38 to
1091 2126 117 44 have
1222 2126 112 45 been
1352 2126 203 45 retained
1572 2132 46 39 to
1633 2127 78 44 the

343 2201 102 45 last.
514 2201 94 45 But
630 2208 78 37 the
730 2207 124 54 great
877 2201 191 45 blemish
1099 2201 46 44 in
1169 2201 109 44 such
1309 2216 26 29 a
1364 2201 127 45 mind
1523 2217 93 30 was
1640 2203 70 44 his

346 2277 203 45 declared
571 2275 225 62 infidelity
815 2293 10 37 ;
861 2276 37 45 it
921 2291 200 45 presents
1140 2291 81 30 one
1240 2275 49 46 of
1304 2283 126 39 those
1453 2278 257 45 exceptions

347 2368 162 46 among
525 2359 78 39 the
620 2368 179 45 persons
818 2353 101 45 who
937 2353 116 45 have
1070 2354 113 44 been
1202 2353 189 45 devoted
1409 2358 45 40 to
1472 2358 78 40 the
1569 2355 141 60 study

348 2429 50 47 of
415 2431 207 53 Nature;
659 2430 90 44 and
771 2429 36 45 it
830 2429 37 46 is
890 2435 78 40 not
992 2444 107 46 easy
1114 2435 45 40 to
1182 2429 195 45 imagine
1409 2444 27 30 a
1468 2429 130 46 mind
1629 2445 82 46 ap-

348 2514 209 54 parently
576 2507 112 45 with
715 2507 107 45 such
853 2521 185 47 powers,
1076 2521 193 45 scarcely
1293 2505 369 62 acknowledging
1684 2523 27 29 a

349 2585 197 51 Creator,
563 2584 89 45 and
675 2584 133 45 when
822 2583 192 46 noticed,
1034 2584 106 54 only
1157 2583 63 61 by
1241 2598 57 30 an
1320 2582 302 46 an*aignment
1646 2582 64 46 for
