1933 3302
741 156 145 32 Pulpöse
911 154 111 32 Form.

87 269 123 38 Farbe
241 268 66 38 der
335 265 301 41 Granulationen
664 278 108 24 nicht
799 263 110 39 mehr
938 275 207 25 erkennen.
1194 260 56 38 Zu
1281 260 124 38 dieser
1430 259 85 38 Zeit
1535 280 47 5 —
1605 258 79 38 und

89 323 65 37 das
184 322 121 50 pflegt
334 335 61 25 am
424 322 161 36 zehnten
621 319 92 37 oder
741 318 179 38 zwölften
951 315 123 50 Tage,
1106 314 185 38 zuweilen
1321 314 99 38 auch
1448 312 76 40 viel
1553 314 132 48 später

88 389 46 25 zu
162 375 82 38 sein
272 397 51 5 —
353 375 94 38 wird
477 373 59 38 die
556 371 155 39 Wunde
740 371 312 38 schmerzhafter,
1082 368 82 38 ihre
1193 366 156 39 Ränder
1377 367 154 38 werden
1559 366 126 38 braun

87 429 79 38 und
194 428 118 38 leicht
339 428 132 50 teigig.
520 425 72 38 Die
613 425 212 38 weissliche
847 422 227 40 Oberfläche
1105 422 67 38 der
1194 420 232 51 ergriffenen
1447 420 118 39 Stelle
1586 419 98 38 wird

88 483 112 49 opak,
231 495 95 38 grau
346 482 78 38 und
444 479 138 50 teigig;
614 492 88 24 man
732 481 88 47 sagt
848 478 93 38 sich,
973 478 87 36 dass
1090 476 60 37 die
1170 474 216 46 Membran,
1416 475 190 37 nachdem
1627 486 56 26 sie

89 537 82 38 eine
200 548 172 38 gewisse,
404 534 88 38 sehr
521 532 219 38 erhebliche
769 531 123 38 Dicke
922 530 166 39 erreicht
1115 530 78 44 hat,
1225 528 221 50 untergeht,
1483 528 81 38 sich
1594 528 88 37 auf-

88 590 87 38 löst,
207 590 66 37 der
291 588 175 38 Fäulniss
495 585 165 38 verfällt.
711 586 74 37 Am
816 586 134 37 besten
979 585 104 37 kann
1113 597 89 23 man
1233 582 73 38 den
1337 584 128 35 ersten
1486 581 104 39 Grad
1616 582 68 37 der

88 643 232 49 Zersetzung
335 640 241 39 vergleichen
593 639 71 38 mit
680 639 86 38 dem
777 642 125 35 ersten
918 637 143 39 Zerfall
1073 638 66 37 der
1155 635 276 51 scrophulösen
1446 635 233 47 Tuberkeln,

89 695 215 39 abgesehen
333 708 74 24 von
437 694 66 37 der
530 692 144 46 Farbe,
706 705 144 25 welche
879 692 102 38 beim
1010 690 305 39 Hospitalbrand
1344 688 76 39 viel
1449 702 141 37 grauer
1617 689 63 38 ist.

88 749 173 38 Alsdann
290 748 107 38 stellt
424 747 83 37 sich
536 746 97 38 auch
663 746 61 38 die
753 746 294 49 Absonderung,
1068 758 142 24 wieder
1239 744 73 37 ein.
1372 742 63 39 Sie
1472 743 113 50 quillt
1614 757 68 25 aus

88 803 65 37 der
180 806 188 45 pulpösen
397 800 127 38 Masse
561 800 78 38 und
676 800 51 37 ist
755 800 89 38 weit
872 813 88 25 vom
991 798 211 39 Charakter
1237 798 65 37 des
1332 796 129 38 Eiters
1496 798 183 37 entfernt.

87 854 62 39 Sie
196 856 51 36 ist
290 854 167 45 ichorös,
508 854 137 37 fötide,
695 854 73 37 den
811 853 66 38 der
922 852 220 39 Krankheit
1184 864 163 37 eigenen
1396 850 150 39 Geruch
1591 864 89 24 aus-

86 908 206 38 strömend.
340 907 79 38 Der
436 906 122 39 locale
578 908 160 37 Process
767 909 240 48 vergrössert
1035 919 93 25 sich,
1156 905 120 39 selbst
1304 918 112 25 wenn
1446 917 40 25 es
1516 904 165 48 scheint,

87 962 55 38 als
172 962 125 38 bliebe
327 975 40 24 er
395 961 147 37 stehen.
599 960 134 38 Durch
762 961 67 37 das
858 960 214 38 Einsinken
1102 960 66 37 der
1196 963 190 46 pulpösen
1415 958 139 46 Masse,
1586 958 94 38 wel-

87 1015 88 38 ches
204 1029 86 24 man
322 1014 120 38 durch
460 1015 134 37 Druck
622 1014 335 50 bewerkstelligen
977 1014 117 37 kann,
1123 1013 98 38 lässt
1240 1013 82 38 sich
1342 1013 95 38 über
1456 1012 82 39 ihre
1557 1012 124 38 Dicke

85 1069 202 37 urtheilen,
317 1069 78 37 und
424 1068 121 38 durch
574 1067 129 39 diesen
731 1067 176 39 Versuch
934 1068 105 37 kann
1067 1081 91 24 man
1187 1067 82 37 sich
1297 1067 257 50 überzeugen,
1592 1067 87 37 dass

86 1135 53 25 sie
176 1122 81 38 sich
293 1122 147 50 täglich
476 1121 38 38 in
545 1121 60 38 die
635 1121 108 38 Tiefe
773 1121 221 38 ausbreitet.
1053 1121 200 37 Während
1292 1121 60 37 die
1381 1120 129 38 Masse
1540 1134 42 24 so
1613 1121 69 37 der

85 1176 121 37 Dicke
244 1176 96 37 nach
378 1177 213 36 anwächst,
636 1174 153 39 zerfällt
823 1175 54 37 sie
907 1189 48 23 an
985 1175 67 38 der
1081 1173 237 39 Oberfläche.
1379 1173 63 39 Sie
1470 1174 96 38 wird
1595 1174 86 38 hier

86 1229 144 51 täglich
249 1229 176 45 weicher,
455 1229 222 50 gelblicher,
709 1228 306 38 eiterähnlicher;
1045 1228 129 38 liefert
1203 1228 88 38 sehr
1320 1228 225 51 ausgiebige
1564 1228 114 38 Plüs-

87 1296 339 37 sigkeitsmengen,
454 1282 145 38 welche
628 1285 156 47 prompt
811 1282 59 38 die
891 1283 205 38 Verbände
1117 1282 263 38 dm-chnässen
1407 1283 79 37 und
1505 1295 75 26 von
1604 1295 74 25 un-

89 1336 269 38 erträglichem
389 1336 171 38 Gestank
589 1337 95 37 sind.
742 1335 108 39 Aber
887 1337 59 37 die
975 1336 154 38 Massen
1167 1339 150 35 stossen
1356 1336 81 37 sich
1470 1336 108 37 nicht
1615 1336 64 46 ab,

90 1390 166 38 sondern
284 1390 155 50 hängen
467 1390 77 38 fest
573 1403 47 24 an
650 1390 67 37 der
745 1389 229 52 Unterlage,
1012 1390 59 38 die
1101 1390 53 37 sie
1185 1403 99 37 ganz
1313 1390 250 38 verdecken."
1623 1390 54 37 Es

86 1443 56 38 sei
179 1443 193 38 bemerkt,
416 1444 86 37 dass
537 1443 259 38 intercurrent
832 1444 98 37 doch
958 1444 48 37 ab
1043 1444 80 37 und
1152 1457 49 24 an
1230 1444 60 37 die
1319 1442 208 39 Schichten
1555 1456 121 38 abge-

87 1499 148 35 stossen
254 1497 154 37 werden
435 1497 167 38 können.
647 1497 160 38 Tribes
827 1511 31 24 z.
879 1497 44 38 B.
944 1497 209 38 berichtet:
1201 1497 217 47 „Zuweilen
1447 1502 119 33 stösst
1595 1510 83 25 sich

86 1549 59 38 die
166 1548 224 39 Oberfläche
411 1550 47 38 ab
480 1550 70 37 mit
568 1550 300 38 Hinterlassung
889 1551 101 37 eines
1010 1551 245 50 ungleichen,
1285 1551 151 46 harten,
1466 1550 212 39 blutenden

86 1601 184 48 Gnmdes,
301 1603 97 38 doch
425 1617 73 24 nur
527 1604 69 37 auf
620 1604 116 37 kurze
755 1603 95 40 Zeit.
893 1604 54 38 Es
978 1604 170 38 entsteht
1177 1605 83 37 eine
1289 1618 98 24 neue
1406 1609 270 34 membranöse

84 1656 246 38 Essudation.
387 1656 125 38 Dabei
540 1657 92 37 aber
660 1657 173 50 gewinnt
861 1658 67 37 der
955 1658 232 38 moleculare
1217 1658 144 38 Zerfall
1392 1659 64 37 des
1485 1658 191 38 lebenden

86 1708 181 39 Gewebes
297 1723 48 24 an
365 1709 144 40 Tiefe."
559 1710 207 50 Delpech
794 1710 107 38 fährt
919 1711 94 38 fort:
1064 1712 65 45 „In
1159 1712 67 38 der
1245 1711 113 39 Nähe
1387 1711 291 39 unterscheidet

85 1776 89 24 man
202 1763 39 37 in
270 1763 123 38 dieser
412 1763 127 38 Masse
558 1763 262 39 Blutstreifen,
851 1765 145 37 welche
1026 1765 39 37 in
1085 1765 104 38 ihrer
1207 1766 124 37 Dicke
1351 1766 216 38 verborgen
1587 1779 87 25 ver-

85 1815 129 38 laufen
249 1817 78 37 und
365 1817 60 38 die
461 1831 90 24 man
586 1831 74 24 nur
695 1818 63 37 bei
794 1818 92 38 halb
923 1819 308 50 durchsichtiger
1260 1819 312 39 Beschaffenheit
1610 1821 67 37 der

87 1867 224 40 Oberfläche
349 1870 140 38 einmal
527 1885 46 23 zu
611 1871 118 38 sehen
765 1871 210 38 bekommt.
1048 1872 79 38 Der
1163 1872 172 39 Anblick
1376 1874 67 37 der
1484 1878 192 45 pulpösen

85 1922 126 38 Masse
239 1923 131 38 macht
398 1924 73 37 den
499 1923 198 39 Eindruck
726 1925 102 37 eines
858 1926 138 37 dicken
1023 1926 140 38 Eiters,
1196 1927 73 37 den
1298 1941 90 24 man
1416 1930 181 35 versucht
1624 1927 53 38 ist

85 1976 320 50 wegzuwischen;
436 1977 97 38 doch
561 1977 125 38 haben
706 1978 197 39 Versuche
933 1980 128 37 derart
1089 1994 74 24 nur
1192 1981 73 37 den
1292 1981 136 38 Effect,
1461 1981 60 38 die
1545 1981 129 38 Masse

86 2031 115 35 etwas
231 2043 46 24 zu
303 2031 261 45 verschieben,
595 2031 98 38 ohne
723 2031 54 38 sie
806 2046 74 24 von
910 2033 66 37 der
1003 2032 215 52 Unterlage
1248 2048 45 24 zu
1324 2035 238 37 entfernen."

212 2083 76 37 Zur
324 2083 393 52 Vervollständigung
754 2086 134 50 obiger
925 2086 293 52 Beschreibung
1256 2088 181 38 schliesse
1474 2088 63 38 ich
1574 2088 102 38 noch

87 2135 60 37 die
166 2149 33 24 V.
221 2135 167 39 Pitha's
418 2151 74 24 von
513 2138 73 37 den
606 2138 233 39 schwersten
857 2139 136 39 Fällen
1013 2154 60 24 an.
1124 2141 107 46 „Den
1251 2141 143 39 Grund,
1427 2141 60 39 die
1507 2142 167 47 Ränder,

88 2187 60 37 die
175 2187 235 53 Umgebung
439 2191 64 37 des
533 2190 259 48 Geschwüres,
818 2193 43 49 ja
890 2193 66 38 das
986 2207 121 37 ganze
1133 2194 123 38 Glied,
1287 2195 69 37 auf
1382 2196 86 37 dem
1497 2196 177 37 dasselbe

88 2253 90 31 sass,
201 2237 98 42 sieht
314 2256 87 24 man
420 2244 179 48 plötzlich
620 2245 256 38 anschwellen
895 2247 79 37 und
990 2248 67 36 das
1073 2260 120 37 ganze
1211 2247 208 39 Geschwür
1434 2249 70 37 mit
1519 2262 152 25 ausser-

89 2294 252 38 ordentHcher
369 2296 276 51 Schnelligkeit
673 2299 228 46 zunehmen,
937 2300 182 38 während
1154 2301 82 38 sich
1271 2302 81 38 sein
1381 2301 133 39 Grund
1553 2303 120 37 durch

89 2345 264 53 Aufquellung
386 2350 76 36 und
492 2350 178 51 Blähung
704 2352 66 37 der
798 2352 142 38 lividen
971 2352 300 40 Granulationen
1304 2355 138 38 immer
1470 2356 110 38 mehr
1609 2369 62 25 er-

87 2398 117 39 höhte
223 2401 77 37 und
316 2402 151 39 wölbte.
509 2402 83 38 Auf
609 2405 101 37 diese
730 2405 130 38 Weise
879 2419 80 24 war
988 2407 60 37 die
1077 2408 271 49 granulirende
1368 2409 140 38 Fläche
1528 2410 145 38 binnen

90 2452 152 50 einigen
271 2453 131 52 Tagen
431 2469 45 23 zu
505 2456 104 38 einer
638 2458 40 45 5,
721 2458 67 45 10,
830 2459 46 36 15
907 2458 136 39 Linien
1074 2461 152 46 dicken,
1273 2465 397 48 schmutzig-grauen,

89 2504 295 53 schwammigen
412 2507 126 39 Masse
568 2509 269 50 aufgequollen
866 2512 77 37 und
971 2526 74 24 von
1074 2513 159 48 lividen,
1270 2515 311 40 violett-rothen,
1617 2516 54 38 im

88 2558 184 38 höchsten
293 2559 122 39 Grade
436 2562 303 49 empfindlichen,
763 2564 312 50 aufgeworfenen
1094 2567 181 39 Rändern
1301 2569 222 51 eingefasst,
1555 2571 117 37 deren

87 2611 156 50 zackige
271 2611 332 54 Ausbuchtungen
639 2616 81 38 sich
756 2617 260 40 fortwährend
1051 2622 251 38 erweiterten.
1362 2623 108 38 Weit
1498 2625 172 37 verbrei-

87 2667 99 35 tetes
207 2664 156 47 Oedem,
393 2667 210 50 glänzende
633 2669 211 52 Spannung
872 2673 78 37 und
979 2673 391 52 livid-erysipelatöse
1390 2677 184 50 Röthung
1604 2677 68 38 der

87 2716 107 39 Haut
220 2717 40 38 in
287 2718 233 53 Umgebung
548 2722 65 37 des
643 2721 264 50 Geschwüres,
950 2725 244 54 Schwellung
1232 2729 67 37 der
1326 2733 344 36 nächstliegenden

89 2769 337 51 Saugaderdrüsen
463 2775 177 38 deuteten
677 2776 59 38 die
774 2775 251 42 Fortschritte
1065 2781 66 38 der
1167 2781 120 38 tiefen
1316 2782 354 41 Jauchinfiltration

88 2835 58 33 an,
177 2824 181 38 während
387 2826 59 37 die
474 2831 151 35 äussere
650 2828 194 39 Secretion
874 2836 198 47 verzögert
1100 2835 184 38 erschien.
1342 2836 76 37 Ein
1447 2837 222 38 bleigrauer

88 2876 90 37 oder
207 2877 314 41 eisenschwarzer
548 2882 286 39 membranöser
852 2883 205 53 Ueberzug
1085 2888 66 37 der
1179 2888 256 39 wuchernden
1463 2889 110 40 Basis
1603 2891 67 39 des

89 2927 246 41 Geschwüres
364 2931 221 41 behinderte
615 2935 133 38 dessen
768 2934 293 56 Absonderung.
1110 2941 116 38 Diese
1255 2941 85 38 dem
1361 2941 209 42 Geschwür
1598 2945 72 38 zäh
