1933 3302
402 198 192 32 Beziehung
617 195 57 32 des
697 191 303 35 Hospitalbrandes
1024 200 59 21 zur
1105 188 367 41 Rachendiphtlieritis.
1653 185 73 38 101

146 307 171 45 schrieb,
357 303 317 53 diphtheritische
709 300 315 40 Erkrankungen
1054 296 95 38 aller
1178 295 76 38 Art
1291 307 234 33 vorkamen,
1567 292 86 38 dass
1691 292 40 36 in

148 362 73 37 den
260 359 249 39 böhmischen
538 356 242 38 Lazarethen
817 353 80 39 sich
939 352 66 36 der
1042 349 304 50 Hospitalbrand
1385 350 70 35 mit
1492 345 239 46 bösartigen,

149 418 70 34 mit
249 412 259 52 Diphtheritis
548 411 264 49 complicirten
847 403 428 50 Scharlachepidemien
1310 404 165 48 gepaart
1502 401 112 45 habe,
1646 399 87 38 dass

149 468 97 38 auch
274 468 52 37 im
356 462 471 42 deutsch-französischen
847 460 147 38 Kriege
1025 458 61 38 ein
1116 468 284 38 gemeinsames
1423 454 208 38 Auftreten
1657 466 76 24 von

152 519 302 41 Hospitalbrand
489 520 70 36 mit
588 515 261 39 Diphtheritis
884 514 78 37 und
991 511 109 39 Ruhr
1130 508 233 40 beobachtet
1391 509 67 37 sei.
1515 508 54 38 Es
1600 519 133 26 würde

151 590 44 22 zu
233 577 92 35 weit
361 573 156 37 führen,
559 585 46 23 zu
645 582 278 26 untersuchen,
963 567 39 36 in
1043 566 167 36 wieweit
1250 563 105 37 diese
1386 561 247 39 Thatsachen
1669 561 64 38 für

151 629 65 37 He
226 629 106 36 ine's
355 625 162 39 Ansicht
545 623 179 38 wirklich
753 636 47 24 zu
821 619 245 41 verwerthen
1097 618 96 38 sind.
1243 615 74 39 Die
1338 614 277 40 Unsicherheit
1644 627 91 26 sehr

151 695 120 25 vieler
300 680 200 38 derselben
529 678 95 37 wird
656 678 66 36 der
743 676 120 38 Leser
892 688 67 24 aus
981 686 168 25 anderen
1171 670 148 38 Stellen
1349 670 125 37 dieser
1494 668 148 39 Schrift
1671 681 63 25 er-

153 735 117 38 sehen
298 735 166 36 können.
522 731 110 37 Doch
661 731 50 37 ist
748 730 96 38 auch
882 741 84 25 eine
1004 725 128 39 solche
1163 724 133 38 Kritik
1334 736 70 38 gar
1441 722 107 38 nicht
1584 723 149 49 nöthig.

150 789 101 37 Dass
279 787 134 38 früher
441 784 303 39 Hospitalbrand
775 786 70 35 mit
873 780 261 40 Diphtheritis
1170 790 223 26 zusammen
1428 789 308 37 vorgekommen

150 843 61 37 ist,
241 854 95 24 wird
366 839 243 38 Niemanden
644 838 186 38 auffallen
868 836 77 38 und
974 833 245 39 Niemanden
1257 831 98 39 ohne
1385 830 179 38 weiteres
1594 843 140 25 veran-

150 895 144 37 lassen,
335 906 111 25 einen
484 892 268 38 ursächlichen
791 888 338 40 Zusammenhang
1167 898 279 26 anzunehmen.
1505 883 130 39 Wenn
1667 884 69 37 da-

152 961 129 38 gegen
312 947 83 37 eine
427 960 40 24 so
497 959 133 37 grosse
660 945 153 38 Anzahl
843 946 97 36 alter
970 942 77 38 und
1078 941 98 37 auch
1205 953 120 24 neuer
1354 938 196 46 Autoren,
1590 937 147 38 welche

152 1002 71 37 mit
252 1013 157 38 grosser
439 999 173 39 Sorgfalt
647 1000 77 37 und
762 997 234 39 klassischer
1026 995 161 39 Schärfe
1219 994 60 37 die
1315 1005 163 39 grossen
1506 991 231 50 Epidemien

153 1056 66 37 des
234 1054 348 50 Hospitalbrandes
597 1053 264 45 beschrieben,
883 1045 853 49 wieDelpech,Blackadder,Marmy,

154 1107 282 39 Goldsmith
472 1121 36 23 u.
540 1107 60 37 A.,
638 1107 114 37 keine
791 1106 92 37 oder
921 1116 150 25 wenige
1102 1102 108 38 Fälle
1250 1115 72 24 von
1353 1100 280 50 Complication
1666 1101 73 35 mit

153 1161 406 50 Rachendiphtheritis
590 1160 218 38 erwähnen,
839 1172 40 24 so
901 1171 154 24 müssen
1076 1170 70 25 wir
1171 1155 180 39 Roser's
1370 1154 192 38 Einwand
1582 1153 56 39 als
1659 1153 80 38 voll

153 1215 219 39 berechtigt
398 1215 188 37 bestehen
613 1214 139 38 lassen.
794 1213 100 38 Dass
916 1212 59 37 die
992 1211 187 45 Autoren,
1210 1209 237 38 namentlich
1468 1208 99 38 auch
1588 1208 60 37 die
1670 1208 69 38 der

154 1283 170 24 neueren
353 1268 102 38 Zeit,
495 1269 60 37 die
583 1266 341 40 Verwandtschaft
954 1266 66 37 der
1049 1265 140 37 beiden
1218 1263 186 38 Processe
1434 1262 108 38 nicht
1571 1262 165 46 ahnend,

156 1325 197 36 versäumt
389 1322 151 38 hatten,
582 1322 60 37 ihr
673 1321 252 38 Augenmerk
964 1319 69 38 auf
1067 1319 66 37 das
1164 1317 492 38 Zusammenvorkommen
1691 1329 48 24 zu

153 1377 162 37 richten,
347 1376 86 37 dass
454 1376 59 37 die
535 1375 412 38 Diphtheriekranken
968 1373 69 38 auf
1054 1373 59 37 die
1135 1371 286 39 medicinische,
1452 1371 60 37 die
1533 1370 204 50 Hospital-

154 1430 301 38 brandkranken
498 1429 69 38 auf
604 1430 60 37 die
704 1427 263 40 chirurgische
1008 1426 150 38 Station
1201 1438 235 38 gekommen
1485 1425 124 46 seien,
1654 1424 85 38 sind

156 1484 214 38 Einwände
407 1483 70 38 He
488 1484 130 37 ine's,
661 1483 117 37 deren
814 1481 283 39 Beurtheilung
1137 1479 61 38 ich
1239 1481 88 36 dem
1365 1479 121 37 Leser
1527 1478 210 38 überlasse.

160 1537 249 50 Umgekehrt
443 1537 149 37 wurde,
631 1550 72 24 wie
733 1536 159 38 Heine
928 1535 121 38 selbst
1088 1533 177 50 angiebt,
1308 1534 67 36 das
1405 1532 218 38 Entstehen
1663 1545 76 25 von

161 1590 305 38 Hospitalbrand
494 1591 53 37 im
567 1590 211 38 Anschluss
800 1603 48 24 an
868 1587 406 39 Rachendiphtheritis
1304 1589 169 36 seltener
1493 1586 245 38 beobachtet.

158 1644 75 38 Die
263 1644 177 50 wenigen
470 1643 121 38 Fälle,
622 1644 144 37 welche
798 1657 41 23 er
869 1642 170 38 anführt,
1070 1642 84 37 sind
1185 1642 90 37 kein
1299 1640 318 50 Hospitalbrand,
1649 1653 89 25 son-

159 1698 93 37 dern
286 1710 465 24 rachendiphtheritische
784 1696 334 38 Wundinfection,
1159 1696 47 36 da
1244 1708 54 24 sie
1335 1694 297 50 grösstentheils
1670 1696 71 35 mit

157 1751 258 49 Lähmungen
436 1751 292 50 einhergingen.
778 1750 88 37 Wir
887 1750 152 38 können
1060 1749 251 49 hinzufügen,
1334 1749 86 37 dass
1441 1749 38 36 in
1501 1748 73 38 den
1594 1748 147 38 letzten

161 1805 47 37 15
229 1804 147 38 Jahren
403 1806 99 36 trotz
524 1805 65 37 des
617 1804 121 38 leider
769 1818 40 24 so
829 1804 185 50 häufigen
1043 1803 275 38 sporadischen
1346 1803 78 37 und
1454 1803 287 37 epidemischen

159 1857 227 38 Auftretens
424 1859 67 36 der
521 1857 258 50 Diphtheritis
821 1858 97 37 auch
955 1857 107 37 nicht
1100 1857 84 37 eine
1222 1857 52 37 im
1305 1856 213 38 Anschluss
1548 1870 49 23 an
1636 1856 105 38 diese

161 1911 249 37 entstehende
430 1911 200 38 wirkliche
653 1911 562 49 Hospitalbranderkrankung
1239 1910 238 50 mitgetheilt
1499 1911 158 37 worden
1677 1911 60 37 ist.

157 1964 72 38 Bei
259 1965 67 37 der
356 1965 471 50 Ansteckungsfähigkeit
857 1966 66 37 des
952 1964 350 38 Hospitalbrandes
1334 1964 127 38 dürfte
1493 1964 125 37 dieser
1640 1963 99 39 Um-

160 2019 112 36 stand
302 2019 77 36 und
410 2018 157 49 speciell
595 2018 97 38 noch
724 2019 84 37 der,
848 2019 87 37 dass
972 2018 97 38 auch
1105 2018 162 38 niemals
1305 2018 83 37 eine
1421 2017 319 38 Tracheotomie-

159 2072 136 36 wunde
325 2072 335 49 hospitalbrandig
698 2073 189 37 erkrankt
914 2073 62 44 ist,
1007 2072 121 38 völlig
1165 2072 261 37 unvereinbar
1455 2072 71 36 mit
1555 2072 67 37 der
1652 2072 88 50 Hy-

158 2125 160 49 pothese
357 2126 66 36 der
452 2125 187 38 Identität
678 2126 67 38 der
785 2126 137 37 beiden
951 2125 271 38 Krankheiten
1262 2125 237 38 erscheinen.
1556 2125 71 38 Bei
1668 2126 73 37 den

161 2178 348 50 Beobachtungen,
550 2179 146 38 welche
726 2179 156 38 Heine
913 2193 67 24 aus
1011 2181 67 36 der
1119 2180 164 37 eigenen
1312 2178 137 38 Praxis
1478 2178 261 48 hervorzieht,

159 2245 66 23 um
257 2231 72 37 den
357 2231 351 39 Identitätsbeweis
738 2246 47 24 zu
814 2233 158 37 führen,
1013 2233 161 37 handelt
1204 2246 39 24 es
1279 2233 81 37 sich
1390 2233 62 36 bei
1491 2233 250 50 gleichzeitig

159 2284 264 38 bestehenden
459 2285 230 49 Epidemien
740 2299 74 24 von
851 2286 304 38 Hospitalbrand
1203 2287 78 36 und
1320 2285 260 50 Diphtheritis
1625 2287 116 37 theils

159 2351 66 24 um
254 2337 201 38 wirkliche
485 2338 471 50 Doppelerkrankungen,
993 2339 116 38 theils
1139 2353 65 23 um
1234 2339 319 49 diphtheritische
1585 2339 155 39 Wund-

158 2391 185 38 infection
365 2391 67 37 der
452 2391 417 50 Rachendiphtheritis.
916 2391 97 39 Sehr
1034 2393 128 37 wenig
1183 2393 143 37 Werth
1345 2393 155 37 können
1521 2393 69 37 wir
1611 2393 131 38 ferner

161 2445 86 36 dem
272 2444 174 39 Versuch
466 2445 179 37 Heine's
675 2446 190 49 beilegen,
897 2447 72 36 den
999 2446 250 49 specifischen
1279 2447 339 48 pathognomonen
1640 2447 100 38 Cha-

159 2498 133 37 rakter
323 2498 66 37 der
420 2498 344 49 diphtheritischen
792 2499 258 37 Lähmungen
1080 2513 45 23 zu
1157 2500 234 37 entkräften.
1441 2500 54 37 Er
1525 2500 120 45 zieht,
1675 2515 67 23 um

164 2551 102 37 diese
296 2550 256 51 Lähmungen
591 2565 46 24 zu
676 2552 197 38 erklären,
914 2553 58 37 die
1003 2553 261 37 Localisation
1302 2554 67 36 der
1398 2553 261 49 Diphtheritis
1688 2555 54 37 im

160 2603 175 46 Rachen,
374 2604 79 38 also
491 2604 97 38 nahe
629 2605 66 38 der
725 2604 287 40 Schädelbasis,
1055 2620 46 23 zu
1130 2606 138 38 Rathe.
1326 2607 117 37 Diese
1483 2606 259 39 Lähmungen

162 2656 137 38 sollten
329 2658 118 36 durch
482 2658 83 37 eine
594 2657 175 40 Neuritis
805 2659 172 50 migrans
1017 2660 218 38 entstehen,
1275 2660 144 38 welche
1455 2673 75 25 von
1560 2661 67 37 der
1657 2661 84 37 An-

160 2709 167 51 heftung
357 2711 66 36 der
452 2711 415 39 Rachenscbleimhaut
896 2727 45 23 an
974 2713 59 37 die
1059 2712 269 39 Schädelbasis
1359 2727 46 23 zu
1435 2714 74 36 den
1529 2713 212 39 Austritts-

161 2763 138 37 stellen
331 2763 66 37 der
428 2762 290 41 Gehirnnerven
756 2765 183 51 gelange,
980 2767 76 37 und
1086 2779 74 25 von
1190 2767 47 37 da
1266 2767 38 36 in
1335 2767 60 37 die
1424 2766 161 38 Bahnen
1616 2768 127 38 dieser

162 2816 161 50 geleitet
359 2817 139 37 werde.
557 2817 86 38 Wir
682 2819 84 37 sind
804 2819 188 37 vielmehr
1029 2819 99 38 nach
1167 2820 86 37 dem
1288 2820 173 50 jetzigen
1492 2819 251 40 Standpunkt

163 2869 140 38 darauf
336 2869 278 49 hingewiesen,
663 2872 60 37 die
762 2872 345 48 diphtheritischen
1144 2872 259 38 Lähmungen
1442 2873 56 37 als
1540 2873 201 39 Ptomain-

164 2923 230 49 wirkungen
425 2922 244 39 aufzufassen
698 2925 77 37 und
805 2931 154 32 müssen
990 2926 147 37 danach
1167 2926 142 49 gerade
1341 2927 66 36 das
1435 2925 147 39 Fehlen
1618 2928 124 38 dieser

163 2975 254 50 Lähmungen
457 2975 102 37 beim
589 2976 302 50 Hospitalbrand
929 2979 55 37 als
1023 2979 73 37 den
1133 2979 220 37 strictesten
1383 2979 151 38 Beweis
1564 2980 63 38 für
1657 2983 84 37 eine
