2107 3450
234 317 88 34 TIIE
353 315 327 35 DEVELOPMENT
712 314 53 33 OF
798 313 168 33 SrEECII
1000 313 48 32 IN
1081 313 88 33 THE
1202 314 165 32 HUMAN
1401 313 125 33 RACE.
1624 299 83 47 151

52 438 208 42 meaning
297 439 44 41 of
378 442 80 38 "to
495 435 200 58 plough,"
732 434 55 45 he
826 435 112 42 finds
977 434 36 42 it
1045 434 43 42 in
1126 434 74 42 the
1234 432 133 43 Latin
1402 444 171 32 ar-are
1593 445 9 41 ;
1635 433 75 43 the

53 508 146 44 Greek
232 521 211 31 ar-oun;
477 509 74 41 the
575 508 116 42 Irish
721 518 86 32 ar;
841 507 74 42 the
939 505 270 45 Lithuanian
1234 505 152 52 ar-ti;
1419 505 76 43 the
1518 505 192 43 Russian

51 581 185 43 or-ati;
269 581 75 43 the
368 581 159 43 Gothic
551 578 200 56 ar-jan;
785 579 74 42 the
882 578 319 57 Anglo-Saxon
1225 575 168 56 er-jan
1411 588 10 42 ;
1454 577 88 42 and
1563 577 46 42 in
1633 577 76 43 the

50 651 180 43 modern
254 651 183 57 English
460 651 57 43 to
548 662 101 32 ear.
717 650 301 56 Shakespeare
1052 663 100 43 says
1186 648 214 57 (Richard
1441 648 75 51 II.,
1550 648 61 43 iii.
1649 648 59 52 2),

50 725 74 39 "to
147 737 73 28 ear
243 723 72 42 the
331 723 106 42 land
460 723 98 43 that
575 723 77 42 has
671 736 119 29 some
807 722 113 42 hope
939 726 44 38 to
1000 720 156 58 grow."
1218 721 106 43 And
1347 721 47 41 in
1417 721 133 43 Dent.
1571 720 88 42 xxi.
1680 722 28 41 4

50 806 62 32 we
137 794 112 52 read,
284 799 21 16 "
319 794 42 43 A
383 795 138 57 rough
544 795 146 43 valley
713 794 145 43 which
881 794 38 43 is
942 794 174 43 neither
1148 794 129 43 eared
1305 808 80 28 nor
1414 792 157 44 sown."
1635 793 73 43 He

47 865 170 43 further
248 872 138 38 traces
420 867 87 43 this
540 872 96 38 root
667 868 95 42 into
795 867 75 43 the
906 867 140 43 words
1080 867 245 57 signifying
1357 866 78 43 the
1459 865 179 57 plough,
1661 880 48 28 or

50 937 72 43 the
160 938 269 44 instrument
467 940 44 42 of
549 940 176 57 earing;
767 939 109 44 such
915 954 45 29 as
1004 940 76 43 the
1124 940 133 42 Latin
1298 938 290 44 ara-trum;
1631 939 76 42 the

47 1010 186 43 Cornish
266 1010 217 55 aradar;
517 1012 75 44 the
623 1012 158 44 "Welsh
812 1011 159 45 arad;
1005 1013 87 42 and
1115 1027 135 28 many
1274 1011 125 43 other
1426 1010 279 44 derivatives.

45 1083 161 43 "Even
244 1084 75 44 the
358 1086 118 43 word
514 1084 165 45 earth,
721 1086 75 42 the
835 1085 162 43 Gothic
1039 1083 189 45 airtha,
1270 1085 76 43 the
1387 1083 319 58 Anglo-Saxon

46 1154 194 54 eorthe,
266 1166 120 35 must
407 1158 113 44 have
542 1159 111 43 been
675 1158 134 43 taken
833 1157 234 57 originally
1089 1157 47 43 in
1159 1157 75 43 the
1258 1171 126 29 sense
1409 1157 48 43 of
1483 1157 223 57 ploughed

47 1240 48 28 or
132 1229 243 45 cultivated
412 1231 141 43 land."
616 1231 172 56 Taking
824 1230 128 56 again
990 1230 76 42 the
1109 1229 120 43 word
1266 1227 343 56 respectable,
1650 1229 57 44 he

45 1306 222 49 separates
290 1303 113 43 from
426 1304 36 42 it
483 1304 58 42 its
564 1308 95 38 root
681 1305 21 21 "
720 1302 137 57 spac,"
881 1307 44 38 to
945 1302 101 42 look
1080 1317 47 28 or
1157 1316 83 38 see,
1263 1302 88 42 and
1384 1301 323 44 demonstrates

45 1371 76 44 the
143 1387 208 42 presence
375 1376 45 43 of
443 1375 89 43 this
554 1379 96 39 root
671 1375 48 43 in
751 1389 25 29 a
798 1379 100 38 vast
923 1375 188 42 number
1133 1373 44 43 of
1201 1373 140 44 words
1365 1374 46 42 of
1430 1373 76 44 the
1529 1374 177 44 various

44 1443 251 61 languages,
318 1452 177 39 ancient
517 1448 87 43 and
635 1448 193 43 modern,
853 1447 143 42 which
1030 1446 240 43 constitute
1298 1446 77 43 the
1397 1451 123 52 great
1551 1447 154 43 Aryan

43 1530 150 42 group.
257 1520 138 43 These
427 1535 72 28 are
531 1520 81 43 but
644 1525 87 37 two
755 1519 45 43 of
831 1519 74 43 the
933 1533 239 29 numerous
1195 1519 224 43 examples
1443 1519 47 42 of
1508 1524 117 38 roots
1656 1520 49 42 in

45 1589 75 43 the
154 1591 155 57 Aryan
343 1592 239 58 languages
616 1592 147 42 which
797 1606 71 28 are
890 1592 131 56 given
1048 1592 59 56 by
1131 1591 225 44 Professor
1390 1591 178 45 Muller.
1633 1593 73 43 He

42 1661 143 45 shows
207 1664 98 43 that
327 1674 114 34 after
463 1665 74 43 the
560 1669 116 38 most
698 1664 165 43 careful
896 1663 196 57 analysis
1115 1664 47 42 of
1191 1678 88 42 any
1302 1678 82 28 one
1408 1664 45 43 of
1485 1664 75 44 the
1586 1679 119 29 more

42 1732 155 60 highly
219 1736 241 58 developed
492 1738 237 56 languages
763 1737 45 42 of
840 1736 229 43 mankind,
1103 1736 98 43 four
1233 1751 48 28 or
1314 1737 85 43 five
1422 1737 205 44 hundred
1660 1739 49 42 of

43 1808 108 43 such
173 1814 117 39 roots
312 1825 72 28 are
417 1814 119 39 what
567 1809 169 44 remain
769 1809 48 43 in
850 1809 75 43 the
959 1809 219 43 crucible;
1209 1809 88 43 and
1321 1809 99 43 that
1444 1810 112 43 from
1579 1810 125 44 these

43 1881 76 43 the
151 1881 244 46 thousands
428 1884 47 43 of
504 1883 144 43 words
681 1883 256 56 composing
969 1883 75 43 the
1076 1882 216 57 language
1330 1897 73 29 are
1447 1883 259 57 essentially

42 1953 180 44 formed.
285 1955 71 43 He
378 1955 38 44 is
438 1970 106 42 very
568 1955 221 44 emphatic
819 1955 47 42 in
889 1955 70 43 his
983 1954 215 44 assertion
1223 1954 98 44 that
1343 1955 125 44 these
1491 1960 117 39 roots
1631 1971 73 28 are

42 2026 283 56 predicative,
348 2028 87 43 and
457 2028 75 44 the
566 2028 120 43 signs
709 2028 45 43 of
785 2027 177 57 general
989 2027 330 43 ideas:—Thus
1342 2027 76 43 the
1440 2033 97 38 root
1558 2027 150 44 "ni&"

41 2099 48 41 in
123 2099 198 43 Sanscrit
352 2115 151 28 means
537 2105 38 38 to
607 2115 205 28 measure,
846 2100 112 42 from
993 2099 145 43 which
1171 2099 38 43 is
1242 2099 181 44 derived
1460 2115 136 37 moon,
1629 2101 76 43 the

42 2185 244 30 measurer;
318 2177 22 16 "
356 2172 138 43 man,"
517 2187 26 28 a
565 2172 245 44 derivative
827 2176 105 39 root,
955 2185 152 29 means
1131 2175 39 39 to
1194 2172 137 53 think,
1353 2172 87 43 and
1465 2187 46 28 as
1534 2187 26 28 a
1582 2187 122 29 noun

40 2243 37 41 it
100 2243 218 45 therefore
351 2259 151 29 means
536 2246 65 42 the
634 2245 199 43 thinker;
867 2244 76 43 the
974 2258 84 29 sun
1089 2243 38 44 is
1157 2243 76 44 the
1255 2244 222 58 begetter;
1509 2245 77 44 the
1608 2251 98 39 root

40 2319 21 18 "
76 2330 56 41 ga
146 2315 20 17 "
190 2331 150 30 means
357 2318 155 56 going;
544 2322 22 17 "
581 2316 136 53 stha,"
736 2317 232 56 standing;
1000 2320 20 18 "
1037 2315 114 53 sad,"
1169 2317 183 57 sitting;
1378 2322 21 17 "
1415 2317 92 53 da,"
1524 2319 156 56 giving
1697 2336 9 38 ;

40 2391 20 19 "
80 2389 128 51 mar,"
251 2390 161 57 dying;
460 2395 21 17 "
499 2390 111 52 7,-ar,"
654 2390 220 56 walking;
921 2391 20 20 "
960 2388 116 53 kar,"
1119 2389 143 57 doing.
1342 2390 73 44 He
1459 2390 78 44 has
1580 2406 122 30 some

40 2460 260 59 interesting
322 2464 196 42 remarks
550 2477 136 29 about
717 2462 75 44 the
822 2461 196 58 struggle
1042 2461 65 43 for
1128 2461 224 44 existence
1378 2462 142 45 which
1544 2463 80 45 has
1657 2469 46 39 to

41 2532 52 44 be
116 2535 167 44 carried
305 2550 56 29 on
384 2551 159 43 among
565 2536 123 44 these
711 2540 129 39 roots,
856 2534 130 44 when
1005 2533 215 59 language
1242 2534 37 44 is
1298 2535 132 58 being
1447 2536 255 46 developed.

40 2605 71 44 He
134 2607 143 45 shows
299 2609 99 44 that
428 2608 48 45 in
508 2609 76 44 the
607 2608 155 45 earlier
795 2622 143 43 stages
961 2607 48 43 of
1032 2607 312 57 development
1367 2623 24 29 a
1414 2609 218 59 language
1666 2612 37 43 is

40 2678 163 58 always
226 2695 107 43 very
364 2682 94 42 rich
490 2682 48 42 in
571 2695 269 43 synonyms;
872 2680 67 43 for
968 2680 371 57 example,—"In
1364 2696 203 30 common
1593 2684 111 44 San-

39 2752 106 42 scrit
166 2753 295 45 dictionaries,
484 2769 66 29 we
581 2753 94 44 find
707 2754 86 43 five
826 2753 141 43 words
991 2753 68 43 for
1082 2753 168 55 'hand/
1273 2754 156 45 eleven
1453 2756 66 43 for
1542 2757 162 43 'light,'

40 2821 152 43 fifteen
229 2824 65 42 for
330 2824 178 52 'cloud,'
546 2829 171 38 twenty
759 2824 68 42 for
868 2822 180 52 'moon,'
1092 2824 265 57 twenty-six
1401 2825 69 43 for
1512 2827 192 53 'snake,'

41 2894 286 58 thirty-three
360 2897 66 42 for
457 2897 272 57 'slaughter,'
763 2896 251 57 thirty-five
1048 2896 67 43 for
1137 2897 124 43 'fire,'
1285 2898 89 42 and
1404 2899 300 44 thirty-seven

39 2968 68 43 for
139 2968 130 44 'sun.'
332 2969 90 44 The
459 2985 83 29 sun
581 2969 143 57 might
760 2969 54 43 be
852 2969 142 43 called
1032 2969 77 44 the
1140 2969 164 58 bright,
1335 2970 76 44 the
1447 2986 147 38 warm,
1628 2972 75 44 the

39 3041 173 57 golden,
230 3041 74 44 the
327 3056 238 43 preserver,
583 3041 75 45 the
676 3042 241 56 destroyer,
934 3041 75 44 the
1029 3041 117 54 wolf,
1165 3042 75 44 the
1262 3042 105 52 lion,
1386 3043 75 44 the
1484 3044 222 57 heavenly

39 3129 93 42 eye,
164 3114 76 44 the
271 3115 146 44 father
448 3115 47 44 of
522 3115 115 57 light
672 3114 87 43 and
791 3114 89 44 life.
946 3115 158 43 Hence
1137 3115 76 43 the
1243 3116 396 55 superabundance
1662 3117 46 43 of

41 3200 243 44 synonyms
323 3188 44 42 in
407 3192 179 39 ancient
621 3187 198 44 dialects,
857 3186 87 44 and
989 3187 138 43 hence
1166 3186 100 44 that
1302 3188 182 56 struggle
1515 3188 81 56 for
1632 3189 78 57 life
