2113 3404
844 255 86 30 THE
962 251 242 40 DISORDERS
1236 257 53 32 OF
1321 258 174 32 SPEECH.

343 241 83 40 198

587 3034 12 23 1
626 3032 136 48 S(5glas,
782 3044 51 35 op.
853 3032 68 46 cit.,
938 3043 36 36 p.
996 3032 77 35 185.

1416 3031 14 23 2
1454 3031 106 45 Ibid.,
1578 3043 35 35 p.
1636 3031 76 35 187.

401 369 90 43 The
513 370 337 45 hallucinations
872 387 70 29 are
970 374 133 56 really
1127 376 82 42 due
1240 381 44 38 to
1316 377 74 42 the
1422 377 276 55 involuntary
1730 378 226 42 formation

341 440 59 56 "by
423 441 73 42 the
518 441 169 55 patient
708 443 47 41 of
772 444 322 55 psycho-motor
1116 446 296 56 word-images
1429 463 9 36 ;
1464 447 83 41 and
1570 447 244 42 sometimes
1835 447 121 42 these

343 522 71 29 are
451 522 46 29 so
533 509 122 42 vivid
692 510 95 43 that
823 511 103 56 they
963 525 71 29 are
1070 514 280 42 exteriorized
1385 514 85 42 and
1512 514 310 42 involuntarily
1858 514 100 42 arti-

343 585 183 37 culated.

405 651 129 41 From
568 650 181 55 Seglas's
787 665 231 28 numerous
1049 653 220 55 examples
1303 654 22 41 I
1357 654 108 42 shall
1499 654 131 42 select
1657 658 107 38 two:
1801 667 80 28 one
1911 653 46 41 in

347 721 142 41 which
512 720 73 42 the
608 720 335 42 hallucinations
966 735 71 28 are
1059 722 135 54 solely
1217 724 332 53 psycho-motor,
1567 724 84 41 and
1674 724 72 41 the
1768 724 124 41 other
1912 723 46 41 in

349 790 141 42 which
514 790 104 42 such
640 789 338 42 hallucinations
1000 804 70 28 are
1092 792 235 41 associated
1351 793 101 40 with
1476 793 122 41 other
1622 792 334 42 hallucinations

348 862 46 42 of
412 862 361 55 psycho-sensory
796 865 165 39 nature.

405 932 80 54 (1.)
517 931 77 41 "A
615 931 179 54 patient,
818 931 141 41 whom
990 945 62 28 we
1082 931 110 43 have
1224 932 84 42 had
1340 933 135 42 under
1506 933 269 42 observation
1808 938 44 37 at
1882 933 73 42 the

347 1001 270 55 Salpetriere,
668 1001 215 54 supposed
933 1000 159 42 herself
1142 1006 44 37 to
1238 1003 52 41 be
1330 1002 47 42 in
1416 1003 183 42 relation
1641 1004 101 41 with
1786 1004 171 41 various

347 1071 243 43 celebrated
626 1084 111 29 men.
811 1070 63 42 At
911 1071 92 41 first
1043 1071 76 42 she
1156 1072 231 42 conversed
1424 1073 107 41 with
1567 1073 120 42 them
1723 1073 233 51 mentally;

346 1143 104 54 they
474 1142 133 42 spoke
629 1146 43 37 to
693 1141 79 42 her
792 1141 247 57 internally,
1060 1142 47 41 in
1130 1142 72 42 the
1223 1142 121 52 head,
1368 1144 78 41 but
1467 1147 76 38 not
1573 1144 46 40 in
1651 1143 72 42 the
1754 1157 80 28 ear.
1895 1144 63 41 At

345 1213 107 43 such
474 1213 127 42 times
624 1212 75 42 she
735 1211 80 43 felt
846 1211 76 43 her
952 1216 159 52 tongue
1142 1227 124 28 move
1298 1227 46 28 as
1375 1214 38 40 if
1440 1213 75 43 she
1548 1213 160 42 wished
1740 1218 43 37 to
1815 1215 141 54 speak.

342 1282 270 44 Afterwards
634 1282 76 42 she
732 1282 164 55 obeyed
917 1282 87 42 this
1034 1283 260 42 solicitation
1325 1284 46 41 of
1400 1284 72 42 the
1505 1289 167 50 tongue,
1704 1284 84 41 and
1823 1285 136 54 began

343 1359 45 37 to
411 1353 133 43 speak
566 1353 138 41 under
726 1353 73 42 the
821 1353 257 55 inspiration
1101 1354 43 41 of
1165 1354 73 42 the
1260 1354 157 55 spirits.
1479 1355 85 42 She
1586 1355 153 41 speaks
1767 1355 42 41 in
1849 1360 111 49 spite

345 1425 48 42 of
419 1424 170 42 herself.
651 1423 94 42 Her
774 1423 120 42 voice
926 1428 45 37 at
1002 1424 105 42 such
1140 1424 126 42 times
1297 1425 38 41 is
1370 1439 117 28 more
1523 1425 219 41 agreeable
1782 1425 104 41 than
1924 1424 37 42 it

346 1494 173 55 usually
549 1494 49 51 is,
625 1493 85 41 and
741 1493 118 42 what
890 1493 76 43 she
997 1508 98 40 says
1126 1494 36 42 is
1194 1494 246 42 admirable.
1501 1495 45 41 It
1575 1495 49 41 is,
1646 1508 45 28 as
1721 1495 36 41 it
1788 1508 122 28 were,
1936 1508 25 28 a

345 1564 294 56 superhuman
662 1577 144 40 power
826 1563 97 42 that
945 1564 146 42 makes
1118 1564 76 42 her
1223 1565 146 54 speak.
1432 1565 282 50 Lammenais,
1736 1565 223 50 Paganini,

344 1634 139 52 Pinel,
505 1633 132 43 speak
659 1634 46 40 in
728 1633 86 42 this
838 1647 93 41 way
954 1634 56 55 by
1033 1634 77 41 her
1130 1634 214 41 mouth."1
1404 1635 102 41 This
1528 1635 35 41 is
1586 1648 78 28 one
1690 1635 44 41 of
1764 1634 73 41 the
1867 1648 92 27 rare

345 1719 118 29 cases
484 1704 47 42 in
554 1703 141 42 which
717 1703 74 41 the
817 1703 212 55 supposed
1063 1704 145 54 spirits
1240 1705 110 41 have
1382 1704 83 42 had
1497 1704 212 56 anything
1739 1704 219 42 agreeable

343 1779 46 38 to
413 1789 87 41 say.

406 1845 80 55 (2.)
517 1847 21 19 "
553 1842 119 42 Mile.
697 1842 43 42 L.
764 1842 36 42 is
822 1843 189 54 pursued
1032 1844 58 41 by
1112 1848 8 17 '
1135 1843 225 55 injectors,'
1390 1843 95 42 who
1517 1858 76 27 say
1613 1844 47 41 in
1691 1842 178 44 her~ear
1899 1844 59 41 all

345 1916 133 42 kinds
496 1914 43 42 of
561 1913 170 43 insults.
794 1913 88 42 But
904 1927 25 27 a
949 1913 114 42 little
1085 1914 188 41 internal
1294 1914 132 42 voice,
1443 1913 140 42 which
1601 1928 140 28 comes
1759 1914 200 42 from'the

347 1985 208 50 stomach,
585 1989 102 51 puts
723 1983 76 42 her
834 1997 117 41 upon
988 1984 78 42 her
1095 1984 146 55 guard,
1273 1984 151 56 saying
1455 1989 44 37 to
1536 1985 87 42 her,
1654 1985 66 41 for
1750 1985 208 50 example,

345 2059 9 25 *■
371 2054 119 42 They
513 2066 71 28 are
607 2052 145 54 trying
774 2056 43 36 to
839 2051 151 54 poison
1012 2065 97 41 you,
1131 2052 168 42 mother
1316 2052 30 42 !'
1406 2053 102 41 This
1530 2052 113 42 little
1665 2052 133 42 voice]
1815 2053 146 41 makes

345 2125 80 42 her
445 2137 125 28 move
593 2122 74 42 the
689 2126 159 50 tongue
870 2121 85 42 and
977 2135 110 41 open
1109 2122 74 42 the
1203 2122 111 54 lips;
1335 2121 76 43 she
1432 2122 285 42 understands
1743 2122 36 42 it
1810 2123 56 54 by
1890 2122 71 42 the

346 2206 271 30 movements
639 2192 45 42 of
710 2192 73 42 the
806 2197 168 37 tongue.
1039 2192 83 42 She
1144 2192 154 55 replies
1321 2192 117 42 often
1462 2197 43 36 to
1528 2193 87 41 this
1637 2192 114 42 little
1773 2193 119 41 voice
1914 2193 44 41 in

346 2265 74 42 the
452 2277 117 29 same
601 2276 107 41 way,
740 2263 58 54 by
829 2262 176 42 moving
1036 2262 74 42 the
1142 2266 172 51 tongue,
1345 2277 103 27 very
1479 2263 129 41 much
1644 2277 45 27 as
1722 2262 125 42 when
1880 2276 80 28 one

346 2348 156 30 speaks
533 2334 45 40 in
613 2347 25 27 a
671 2333 196 41 whisper.
919 2332 146 42 When
1102 2332 76 42 her
1210 2333 184 54 thought
1425 2333 36 41 is
1492 2333 46 40 in
1570 2333 149 41 accord
1750 2332 106 42 with
1887 2332 73 42 the

346 2404 117 42 little
486 2403 130 42 voice,
639 2402 76 42 she
736 2401 113 42 finds
871 2401 95 42 that
988 2401 75 42 she
1085 2402 153 54 speaks
1270 2402 140 42 aloud.
1474 2402 83 42 She
1579 2402 75 41 has
1677 2402 115 41 since
1815 2402 145 51 found,

346 2473 162 42 thanks
540 2476 44 37 to
607 2471 87 41 this
716 2471 114 41 little
853 2471 132 50 voice,
1009 2471 93 41 that
1123 2471 74 42 she
1221 2485 77 27 can
1318 2471 228 55 prophecy,
1568 2471 193 42 discover
1783 2472 179 50 thieves,

346 2541 134 46 etc."2

406 2614 43 42 A
470 2617 119 52 great
610 2611 183 42 number
814 2611 47 42 of
878 2625 116 27 cases
1016 2610 122 43 have,
1159 2611 87 41 like
1269 2610 72 42 the
1363 2610 95 43 last,
1475 2611 105 42 both
1601 2611 359 55 psycho-sensory

348 2685 87 43 and
475 2697 327 42 psycho-motor
840 2681 347 42 hallucinations.
1262 2680 146 55 Seglas
1449 2680 186 42 believes
1677 2680 96 42 that
1808 2681 46 40 in
1889 2681 72 41 the

347 2756 204 54 ordinary
572 2766 195 43 progress
801 2752 45 42 of
876 2751 105 43 such
1004 2765 116 28 cases
1154 2751 74 42 the
1253 2751 358 55 psycho-sensory
1633 2765 155 41 appear
1819 2751 142 42 before

347 2826 75 42 the
445 2838 332 42 psycho-motor.
839 2822 90 41 The
951 2835 263 42 appearance
1245 2821 44 42 of
1320 2821 73 42 the
1424 2820 129 43 latter
1586 2821 54 43 he
1672 2821 148 42 thinks
1851 2821 111 41 indi-

347 2897 141 43 cative
510 2895 46 42 of
574 2909 26 28 a
620 2907 117 29 more
759 2892 219 43 advanced
1001 2891 300 43 deterioration
1331 2891 44 41 of
1406 2891 122 42 brain
1561 2891 195 42 function
1788 2890 104 42 than
1924 2891 36 41 is
