1895 3217
1429 351 61 48 9^

357 359 91 32 THE
472 360 89 31 RED
584 358 58 33 OB
664 356 184 33 ASIATIC
872 355 387 33 ORANG-OUTANG.

133 489 111 45 from
276 486 118 45 their
425 491 125 55 great
586 483 207 60 timidity
823 483 90 45 and
951 482 333 45 awkwardness
1317 482 51 45 of
1392 498 103 45 pro-

132 563 193 63 gression
356 577 57 31 on
449 577 27 30 a
514 559 350 62 comparatively
898 559 80 45 flat
1013 557 182 47 surface.
1265 558 97 46 The
1397 558 97 47 first

133 656 69 29 we
227 639 114 45 shall
376 638 202 45 mention
601 637 37 45 is
662 652 28 30 a
711 652 103 30 new
838 635 164 46 species
1026 634 111 46 from
1160 640 79 40 the
1262 635 230 46 continent

134 715 49 48 of
200 715 144 47 India.

609 1213 109 37 THE
750 1211 274 40 HOOLOCK.

487 1319 218 36 Hylobates
725 1317 421 38 hoolock.—Harlan.

700 1423 134 36 Plate
856 1423 82 37 III.

149 1515 113 39 Simia
279 1515 171 46 hoolock,
473 1515 184 46 Harlan^
685 1516 283 36 Transactions
988 1515 48 46 of
1055 1514 64 38 the
1135 1513 218 38 American
1370 1514 139 39 Philo-

346 1580 176 38 sophical
537 1581 166 46 Society,
723 1580 161 38 Volume
903 1582 49 36 iv.
974 1581 52 36 N.
1053 1580 39 38 S.
1117 1580 97 37 Page
1234 1580 63 37 52.

217 1710 118 45 This
366 1724 172 30 curious
573 1725 164 45 species
768 1725 94 30 was
885 1709 96 45 first
1015 1709 178 46 noticed
1225 1710 62 60 by
1321 1724 28 31 a
1383 1709 130 45 well-

150 1787 168 44 known
357 1785 243 46 American
637 1786 258 55 naturalist,
936 1786 90 46 and
1065 1785 38 46 is
1141 1785 172 46 figured
1346 1785 49 46 in
1432 1786 81 45 the

154 1863 123 45 work
311 1878 139 30 above
480 1863 166 59 quoted
663 1879 15 37 j
714 1863 37 44 it
785 1869 147 39 wants
966 1869 79 39 the
1080 1863 237 44 callosities
1346 1877 57 30 on
1435 1862 80 45 the

152 1938 117 61 hips,
289 1939 90 45 and
396 1937 111 46 fi’om
525 1939 59 44 its
598 1954 156 30 nearer
771 1939 219 59 approach
1008 1938 48 45 in
1078 1944 275 55 proportions
1368 1944 46 39 to
1437 1938 80 45 the

157 2030 170 45 orangs,
353 2015 151 44 would
530 2021 107 39 take
674 2015 264 59 precedence
968 2015 47 44 in
1050 2030 81 29 our
1164 2020 171 39 system
1365 2013 50 46 of
1438 2014 81 45 the

159 2091 126 45 other
308 2090 214 45 Gibbons.

225 2168 45 44 It
294 2167 37 45 is
354 2182 27 29 a
398 2173 154 39 native
576 2165 50 47 of
639 2166 79 45 the
742 2166 187 46 Garrow
953 2166 136 54 Hills,
1108 2166 48 45 in
1173 2173 79 39 the
1270 2166 191 62 vicinity
1477 2167 51 46 of

160 2242 239 62 Goalpara,
430 2243 48 44 in
509 2242 169 46 British
713 2243 144 45 India.
928 2243 96 45 The
1053 2242 97 46 first
1185 2243 266 61 description
1479 2243 50 46 of

159 2319 37 45 it
219 2319 37 45 is
279 2321 61 59 by
359 2320 66 45 Dr
449 2320 202 54 Harlan,
675 2321 139 44 taken
843 2318 112 47 from
983 2319 141 62 living
1155 2335 245 45 specimens
1431 2321 90 44 and

160 2395 264 62 interesting
455 2397 154 45 letters
644 2397 148 45 which
815 2396 314 46 accompanied
1159 2403 142 47 them,
1322 2397 90 45 and
1443 2398 79 44 de-

160 2471 141 46 tailed
331 2473 125 45 what
478 2473 91 45 had
602 2474 113 44 been
749 2474 211 45 observed
992 2473 232 61 regarding
1256 2474 127 44 them
1417 2473 47 45 in
1496 2489 27 30 a

164 2548 108 46 wild
291 2555 130 39 state.
489 2549 44 46 A
558 2549 222 61 specimen
801 2551 82 45 has
904 2551 143 60 lately
1069 2552 112 44 been
1209 2550 146 46 added
1376 2556 46 39 to
1444 2550 80 45 the

167 2624 213 47 Museum
400 2625 49 47 of
464 2626 278 62 Edinburgh,
767 2627 148 45 which
937 2627 81 45 has
1042 2627 155 46 served
1219 2626 65 46 for
1301 2642 79 30 our
1396 2626 129 46 illus-

1296 2717 35 31 M
