<?xml version="1.0" encoding="UTF-8"?>
<alto xmlns="http://www.loc.gov/standards/alto/ns-v2#" xmlns:xsi="http://www.w3.org/2001/XMLSchema-instance" xsi:schemaLocation="http://www.loc.gov/standards/alto/ns-v2# http://www.loc.gov/standards/alto/alto.xsd">
  <Description>
    <MeasurementUnit>pixel</MeasurementUnit>
    <sourceImageInformation>
      <fileName>b21273911_abbyy.xml</fileName>
    </sourceImageInformation>
    <OCRProcessing ID="OCR_1">
      <preProcessingStep>
        <processingDateTime>2014-10-24T02:15:27</processingDateTime>
        <processingAgency>intranda GmbH, www.intranda.com</processingAgency>
        <processingSoftware>
          <softwareCreator>intranda GmbH, Germany</softwareCreator>
          <softwareName>intranda OCR Module for TaskManager</softwareName>
          <softwareVersion>1.0r42</softwareVersion>
        </processingSoftware>
      </preProcessingStep>
      <ocrProcessingStep>
        <processingSoftware>
          <softwareCreator>ABBYY (BIT Software), Russia</softwareCreator>
          <softwareName>FineReader Engine</softwareName>
          <softwareVersion>10</softwareVersion>
        </processingSoftware>
      </ocrProcessingStep>
    </OCRProcessing>
  </Description>
  <Layout>
    <Page PHYSICAL_IMG_NR="174" ID="PAGE_174" WIDTH="2113" HEIGHT="3404">
      <TopMargin ID="TopMargin_1" HPOS="299" VPOS="253" WIDTH="1157" HEIGHT="62">
        <TextBlock ID="TextBlock_557" HPOS="299" VPOS="253" WIDTH="1157" HEIGHT="62">
          <TextLine ID="TextLine_6359" HPOS="299" VPOS="253" WIDTH="87" HEIGHT="49">
            <String ID="Word_64218" HPOS="299" VPOS="253" WIDTH="87" HEIGHT="49" CONTENT="158" />
          </TextLine>
          <TextLine ID="TextLine_6360" HPOS="803" VPOS="264" WIDTH="653" HEIGHT="51">
            <String ID="Word_64219" HPOS="803" VPOS="264" WIDTH="87" HEIGHT="47" CONTENT="tHB" />
            <SP ID="SP_57864" HPOS="890" VPOS="264" WIDTH="32" HEIGHT="0" />
            <String ID="Word_64220" HPOS="922" VPOS="279" WIDTH="244" HEIGHT="35" CONTENT="DISORDERS" />
            <SP ID="SP_57865" HPOS="1166" VPOS="279" WIDTH="31" HEIGHT="0" />
            <String ID="Word_64221" HPOS="1197" VPOS="281" WIDTH="54" HEIGHT="33" CONTENT="OF" />
            <SP ID="SP_57866" HPOS="1251" VPOS="270" WIDTH="31" HEIGHT="0" />
            <String ID="Word_64222" HPOS="1282" VPOS="270" WIDTH="174" HEIGHT="45" CONTENT="SPEECtt." />
          </TextLine>
        </TextBlock>
      </TopMargin>
      <PrintSpace ID="PrintSpace_175" HPOS="272" VPOS="383" WIDTH="1651" HEIGHT="2748">
        <TextBlock ID="TextBlock_556" HPOS="272" VPOS="383" WIDTH="1651" HEIGHT="2748">
          <TextLine ID="TextLine_6361" HPOS="295" VPOS="389" WIDTH="1621" HEIGHT="64">
            <String ID="Word_64223" HPOS="295" VPOS="389" WIDTH="75" HEIGHT="44" CONTENT="the" />
            <SP ID="SP_57867" HPOS="370" VPOS="389" WIDTH="22" HEIGHT="0" />
            <String ID="Word_64224" HPOS="392" VPOS="391" WIDTH="128" HEIGHT="44" CONTENT="Latin" />
            <SP ID="SP_57868" HPOS="520" VPOS="391" WIDTH="30" HEIGHT="0" />
            <String ID="Word_64225" HPOS="550" VPOS="405" WIDTH="194" HEIGHT="44" CONTENT="spuere," />
            <SP ID="SP_57869" HPOS="744" VPOS="401" WIDTH="24" HEIGHT="0" />
            <String ID="Word_64226" HPOS="768" VPOS="401" WIDTH="43" HEIGHT="39" CONTENT="to" />
            <SP ID="SP_57870" HPOS="811" VPOS="398" WIDTH="23" HEIGHT="0" />
            <String ID="Word_64227" HPOS="834" VPOS="398" WIDTH="111" HEIGHT="55" CONTENT="spit;" />
            <SP ID="SP_57871" HPOS="945" VPOS="398" WIDTH="30" HEIGHT="0" />
            <String ID="Word_64228" HPOS="975" VPOS="413" WIDTH="47" HEIGHT="29" CONTENT="or" />
            <SP ID="SP_57872" HPOS="1022" VPOS="400" WIDTH="32" HEIGHT="0" />
            <String ID="Word_64229" HPOS="1054" VPOS="405" WIDTH="104" HEIGHT="37" CONTENT="witli" />
            <SP ID="SP_57873" HPOS="1158" VPOS="399" WIDTH="22" HEIGHT="0" />
            <String ID="Word_64230" HPOS="1180" VPOS="399" WIDTH="36" HEIGHT="52" CONTENT="t," />
            <SP ID="SP_57874" HPOS="1216" VPOS="399" WIDTH="24" HEIGHT="0" />
            <String ID="Word_64231" HPOS="1240" VPOS="415" WIDTH="45" HEIGHT="28" CONTENT="as" />
            <SP ID="SP_57875" HPOS="1285" VPOS="401" WIDTH="29" HEIGHT="0" />
            <String ID="Word_64232" HPOS="1314" VPOS="401" WIDTH="46" HEIGHT="41" CONTENT="in" />
            <SP ID="SP_57876" HPOS="1360" VPOS="400" WIDTH="30" HEIGHT="0" />
            <String ID="Word_64233" HPOS="1390" VPOS="400" WIDTH="73" HEIGHT="43" CONTENT="the" />
            <SP ID="SP_57877" HPOS="1463" VPOS="400" WIDTH="30" HEIGHT="0" />
            <String ID="Word_64234" HPOS="1493" VPOS="401" WIDTH="160" HEIGHT="44" CONTENT="Arabic" />
            <SP ID="SP_57878" HPOS="1653" VPOS="401" WIDTH="30" HEIGHT="0" />
            <String ID="Word_64235" HPOS="1683" VPOS="403" WIDTH="107" HEIGHT="44" CONTENT="tufl." />
            <SP ID="SP_57879" HPOS="1790" VPOS="402" WIDTH="59" HEIGHT="0" />
            <String ID="Word_64236" HPOS="1849" VPOS="402" WIDTH="67" HEIGHT="50" CONTENT="He" />
          </TextLine>
          <TextLine ID="TextLine_6362" HPOS="294" VPOS="462" WIDTH="1623" HEIGHT="66">
            <String ID="Word_64237" HPOS="294" VPOS="462" WIDTH="121" HEIGHT="55" CONTENT="gives" />
            <SP ID="SP_57880" HPOS="415" VPOS="462" WIDTH="23" HEIGHT="0" />
            <String ID="Word_64238" HPOS="438" VPOS="478" WIDTH="130" HEIGHT="43" CONTENT="many" />
            <SP ID="SP_57881" HPOS="568" VPOS="467" WIDTH="23" HEIGHT="0" />
            <String ID="Word_64239" HPOS="591" VPOS="467" WIDTH="123" HEIGHT="43" CONTENT="other" />
            <SP ID="SP_57882" HPOS="714" VPOS="467" WIDTH="21" HEIGHT="0" />
            <String ID="Word_64240" HPOS="735" VPOS="469" WIDTH="315" HEIGHT="44" CONTENT="modifications" />
            <SP ID="SP_57883" HPOS="1050" VPOS="469" WIDTH="22" HEIGHT="0" />
            <String ID="Word_64241" HPOS="1072" VPOS="472" WIDTH="44" HEIGHT="41" CONTENT="of" />
            <SP ID="SP_57884" HPOS="1116" VPOS="472" WIDTH="20" HEIGHT="0" />
            <String ID="Word_64242" HPOS="1136" VPOS="472" WIDTH="36" HEIGHT="41" CONTENT="it" />
            <SP ID="SP_57885" HPOS="1172" VPOS="472" WIDTH="20" HEIGHT="0" />
            <String ID="Word_64243" HPOS="1192" VPOS="472" WIDTH="47" HEIGHT="41" CONTENT="in" />
            <SP ID="SP_57886" HPOS="1239" VPOS="472" WIDTH="22" HEIGHT="0" />
            <String ID="Word_64244" HPOS="1261" VPOS="473" WIDTH="123" HEIGHT="41" CONTENT="other" />
            <SP ID="SP_57887" HPOS="1384" VPOS="472" WIDTH="27" HEIGHT="0" />
            <String ID="Word_64245" HPOS="1411" VPOS="472" WIDTH="242" HEIGHT="56" CONTENT="languages." />
            <SP ID="SP_57888" HPOS="1653" VPOS="472" WIDTH="62" HEIGHT="0" />
            <String ID="Word_64246" HPOS="1715" VPOS="474" WIDTH="70" HEIGHT="44" CONTENT="He" />
            <SP ID="SP_57889" HPOS="1785" VPOS="474" WIDTH="33" HEIGHT="0" />
            <String ID="Word_64247" HPOS="1818" VPOS="477" WIDTH="99" HEIGHT="45" CONTENT="thus" />
          </TextLine>
          <TextLine ID="TextLine_6363" HPOS="295" VPOS="533" WIDTH="1622" HEIGHT="72">
            <String ID="Word_64248" HPOS="295" VPOS="533" WIDTH="141" HEIGHT="44" CONTENT="shows" />
            <SP ID="SP_57890" HPOS="436" VPOS="533" WIDTH="35" HEIGHT="0" />
            <String ID="Word_64249" HPOS="471" VPOS="535" WIDTH="97" HEIGHT="43" CONTENT="how" />
            <SP ID="SP_57891" HPOS="568" VPOS="535" WIDTH="43" HEIGHT="0" />
            <String ID="Word_64250" HPOS="611" VPOS="537" WIDTH="247" HEIGHT="57" CONTENT="differently" />
            <SP ID="SP_57892" HPOS="858" VPOS="537" WIDTH="33" HEIGHT="0" />
            <String ID="Word_64251" HPOS="891" VPOS="554" WIDTH="24" HEIGHT="28" CONTENT="a" />
            <SP ID="SP_57893" HPOS="915" VPOS="541" WIDTH="32" HEIGHT="0" />
            <String ID="Word_64252" HPOS="947" VPOS="541" WIDTH="174" HEIGHT="42" CONTENT="natural" />
            <SP ID="SP_57894" HPOS="1121" VPOS="541" WIDTH="31" HEIGHT="0" />
            <String ID="Word_64253" HPOS="1152" VPOS="547" WIDTH="82" HEIGHT="46" CONTENT="act," />
            <SP ID="SP_57895" HPOS="1234" VPOS="541" WIDTH="31" HEIGHT="0" />
            <String ID="Word_64254" HPOS="1265" VPOS="541" WIDTH="249" HEIGHT="43" CONTENT="expressive" />
            <SP ID="SP_57896" HPOS="1514" VPOS="541" WIDTH="32" HEIGHT="0" />
            <String ID="Word_64255" HPOS="1546" VPOS="543" WIDTH="47" HEIGHT="41" CONTENT="of" />
            <SP ID="SP_57897" HPOS="1593" VPOS="543" WIDTH="27" HEIGHT="0" />
            <String ID="Word_64256" HPOS="1620" VPOS="543" WIDTH="169" HEIGHT="53" CONTENT="dislike," />
            <SP ID="SP_57898" HPOS="1789" VPOS="543" WIDTH="31" HEIGHT="0" />
            <String ID="Word_64257" HPOS="1820" VPOS="560" WIDTH="97" HEIGHT="45" CONTENT="may" />
          </TextLine>
          <TextLine ID="TextLine_6364" HPOS="293" VPOS="604" WIDTH="1574" HEIGHT="65">
            <String ID="Word_64258" HPOS="293" VPOS="604" WIDTH="47" HEIGHT="42" CONTENT="in" />
            <SP ID="SP_57899" HPOS="340" VPOS="604" WIDTH="25" HEIGHT="0" />
            <String ID="Word_64259" HPOS="365" VPOS="607" WIDTH="171" HEIGHT="42" CONTENT="various" />
            <SP ID="SP_57900" HPOS="536" VPOS="607" WIDTH="22" HEIGHT="0" />
            <String ID="Word_64260" HPOS="558" VPOS="607" WIDTH="233" HEIGHT="57" CONTENT="languages" />
            <SP ID="SP_57901" HPOS="791" VPOS="607" WIDTH="22" HEIGHT="0" />
            <String ID="Word_64261" HPOS="813" VPOS="610" WIDTH="53" HEIGHT="42" CONTENT="be" />
            <SP ID="SP_57902" HPOS="866" VPOS="610" WIDTH="23" HEIGHT="0" />
            <String ID="Word_64262" HPOS="889" VPOS="611" WIDTH="237" HEIGHT="42" CONTENT="translated" />
            <SP ID="SP_57903" HPOS="1126" VPOS="611" WIDTH="22" HEIGHT="0" />
            <String ID="Word_64263" HPOS="1148" VPOS="611" WIDTH="93" HEIGHT="42" CONTENT="into" />
            <SP ID="SP_57904" HPOS="1241" VPOS="611" WIDTH="23" HEIGHT="0" />
            <String ID="Word_64264" HPOS="1264" VPOS="625" WIDTH="54" HEIGHT="28" CONTENT="an" />
            <SP ID="SP_57905" HPOS="1318" VPOS="612" WIDTH="25" HEIGHT="0" />
            <String ID="Word_64265" HPOS="1343" VPOS="612" WIDTH="215" HEIGHT="43" CONTENT="imitative" />
            <SP ID="SP_57906" HPOS="1558" VPOS="612" WIDTH="26" HEIGHT="0" />
            <String ID="Word_64266" HPOS="1584" VPOS="613" WIDTH="283" HEIGHT="44" CONTENT="interjection." />
          </TextLine>
          <TextLine ID="TextLine_6365" HPOS="351" VPOS="675" WIDTH="1561" HEIGHT="63">
            <String ID="Word_64267" HPOS="351" VPOS="675" WIDTH="61" HEIGHT="43" CONTENT="To" />
            <SP ID="SP_57907" HPOS="412" VPOS="675" WIDTH="22" HEIGHT="0" />
            <String ID="Word_64268" HPOS="434" VPOS="676" WIDTH="100" HEIGHT="43" CONTENT="take" />
            <SP ID="SP_57908" HPOS="534" VPOS="676" WIDTH="22" HEIGHT="0" />
            <String ID="Word_64269" HPOS="556" VPOS="691" WIDTH="25" HEIGHT="28" CONTENT="a" />
            <SP ID="SP_57909" HPOS="581" VPOS="679" WIDTH="21" HEIGHT="0" />
            <String ID="Word_64270" HPOS="602" VPOS="679" WIDTH="157" HEIGHT="41" CONTENT="second" />
            <SP ID="SP_57910" HPOS="759" VPOS="679" WIDTH="22" HEIGHT="0" />
            <String ID="Word_64271" HPOS="781" VPOS="679" WIDTH="210" HEIGHT="55" CONTENT="example." />
            <SP ID="SP_57911" HPOS="991" VPOS="679" WIDTH="63" HEIGHT="0" />
            <String ID="Word_64272" HPOS="1054" VPOS="680" WIDTH="89" HEIGHT="42" CONTENT="The" />
            <SP ID="SP_57912" HPOS="1143" VPOS="680" WIDTH="22" HEIGHT="0" />
            <String ID="Word_64273" HPOS="1165" VPOS="680" WIDTH="140" HEIGHT="42" CONTENT="sound" />
            <SP ID="SP_57913" HPOS="1305" VPOS="680" WIDTH="22" HEIGHT="0" />
            <String ID="Word_64274" HPOS="1327" VPOS="681" WIDTH="44" HEIGHT="41" CONTENT="of" />
            <SP ID="SP_57914" HPOS="1371" VPOS="681" WIDTH="31" HEIGHT="0" />
            <String ID="Word_64275" HPOS="1402" VPOS="695" WIDTH="24" HEIGHT="28" CONTENT="a" />
            <SP ID="SP_57915" HPOS="1426" VPOS="682" WIDTH="31" HEIGHT="0" />
            <String ID="Word_64276" HPOS="1457" VPOS="682" WIDTH="92" HEIGHT="55" CONTENT="sigh" />
            <SP ID="SP_57916" HPOS="1549" VPOS="682" WIDTH="31" HEIGHT="0" />
            <String ID="Word_64277" HPOS="1580" VPOS="696" WIDTH="47" HEIGHT="28" CONTENT="or" />
            <SP ID="SP_57917" HPOS="1627" VPOS="695" WIDTH="20" HEIGHT="0" />
            <String ID="Word_64278" HPOS="1647" VPOS="697" WIDTH="130" HEIGHT="41" CONTENT="groan" />
            <SP ID="SP_57918" HPOS="1777" VPOS="685" WIDTH="24" HEIGHT="0" />
            <String ID="Word_64279" HPOS="1801" VPOS="685" WIDTH="47" HEIGHT="51" CONTENT="is," />
            <SP ID="SP_57919" HPOS="1848" VPOS="685" WIDTH="21" HEIGHT="0" />
            <String ID="Word_64280" HPOS="1869" VPOS="687" WIDTH="43" HEIGHT="43" CONTENT="in" />
          </TextLine>
          <TextLine ID="TextLine_6366" HPOS="292" VPOS="745" WIDTH="1621" HEIGHT="60">
            <String ID="Word_64281" HPOS="292" VPOS="745" WIDTH="194" HEIGHT="56" CONTENT="English," />
            <SP ID="SP_57920" HPOS="486" VPOS="745" WIDTH="36" HEIGHT="0" />
            <String ID="Word_64282" HPOS="522" VPOS="748" WIDTH="237" HEIGHT="43" CONTENT="translated" />
            <SP ID="SP_57921" HPOS="759" VPOS="748" WIDTH="36" HEIGHT="0" />
            <String ID="Word_64283" HPOS="795" VPOS="750" WIDTH="91" HEIGHT="41" CONTENT="into" />
            <SP ID="SP_57922" HPOS="886" VPOS="750" WIDTH="36" HEIGHT="0" />
            <String ID="Word_64284" HPOS="922" VPOS="750" WIDTH="72" HEIGHT="41" CONTENT="the" />
            <SP ID="SP_57923" HPOS="994" VPOS="750" WIDTH="35" HEIGHT="0" />
            <String ID="Word_64285" HPOS="1029" VPOS="750" WIDTH="272" HEIGHT="55" CONTENT="interjection" />
            <SP ID="SP_57924" HPOS="1301" VPOS="750" WIDTH="31" HEIGHT="0" />
            <String ID="Word_64286" HPOS="1332" VPOS="750" WIDTH="78" HEIGHT="49" CONTENT="ah," />
            <SP ID="SP_57925" HPOS="1410" VPOS="750" WIDTH="32" HEIGHT="0" />
            <String ID="Word_64287" HPOS="1442" VPOS="750" WIDTH="93" HEIGHT="53" CONTENT="ah;" />
            <SP ID="SP_57926" HPOS="1535" VPOS="750" WIDTH="43" HEIGHT="0" />
            <String ID="Word_64288" HPOS="1578" VPOS="753" WIDTH="46" HEIGHT="41" CONTENT="in" />
            <SP ID="SP_57927" HPOS="1624" VPOS="753" WIDTH="38" HEIGHT="0" />
            <String ID="Word_64289" HPOS="1662" VPOS="754" WIDTH="185" HEIGHT="43" CONTENT="German" />
            <SP ID="SP_57928" HPOS="1847" VPOS="754" WIDTH="32" HEIGHT="0" />
            <String ID="Word_64290" HPOS="1879" VPOS="759" WIDTH="34" HEIGHT="42" CONTENT="it" />
          </TextLine>
          <TextLine ID="TextLine_6367" HPOS="290" VPOS="816" WIDTH="1622" HEIGHT="62">
            <String ID="Word_64291" HPOS="290" VPOS="816" WIDTH="197" HEIGHT="43" CONTENT="becomes" />
            <SP ID="SP_57929" HPOS="487" VPOS="816" WIDTH="30" HEIGHT="0" />
            <String ID="Word_64292" HPOS="517" VPOS="816" WIDTH="123" HEIGHT="53" CONTENT="ach;" />
            <SP ID="SP_57930" HPOS="640" VPOS="816" WIDTH="33" HEIGHT="0" />
            <String ID="Word_64293" HPOS="673" VPOS="819" WIDTH="45" HEIGHT="41" CONTENT="in" />
            <SP ID="SP_57931" HPOS="718" VPOS="819" WIDTH="32" HEIGHT="0" />
            <String ID="Word_64294" HPOS="750" VPOS="819" WIDTH="166" HEIGHT="52" CONTENT="Welsh," />
            <SP ID="SP_57932" HPOS="916" VPOS="818" WIDTH="22" HEIGHT="0" />
            <String ID="Word_64295" HPOS="938" VPOS="818" WIDTH="194" HEIGHT="53" CONTENT="ochan;" />
            <SP ID="SP_57933" HPOS="1132" VPOS="821" WIDTH="32" HEIGHT="0" />
            <String ID="Word_64296" HPOS="1164" VPOS="821" WIDTH="85" HEIGHT="41" CONTENT="and" />
            <SP ID="SP_57934" HPOS="1249" VPOS="820" WIDTH="22" HEIGHT="0" />
            <String ID="Word_64297" HPOS="1271" VPOS="820" WIDTH="74" HEIGHT="43" CONTENT="the" />
            <SP ID="SP_57935" HPOS="1345" VPOS="820" WIDTH="21" HEIGHT="0" />
            <String ID="Word_64298" HPOS="1366" VPOS="821" WIDTH="104" HEIGHT="42" CONTENT="verb" />
            <SP ID="SP_57936" HPOS="1470" VPOS="821" WIDTH="22" HEIGHT="0" />
            <String ID="Word_64299" HPOS="1492" VPOS="826" WIDTH="42" HEIGHT="37" CONTENT="to" />
            <SP ID="SP_57937" HPOS="1534" VPOS="826" WIDTH="23" HEIGHT="0" />
            <String ID="Word_64300" HPOS="1557" VPOS="837" WIDTH="130" HEIGHT="41" CONTENT="groan" />
            <SP ID="SP_57938" HPOS="1687" VPOS="824" WIDTH="21" HEIGHT="0" />
            <String ID="Word_64301" HPOS="1708" VPOS="824" WIDTH="204" HEIGHT="54" CONTENT="becomes," />
          </TextLine>
          <TextLine ID="TextLine_6368" HPOS="290" VPOS="887" WIDTH="1623" HEIGHT="57">
            <String ID="Word_64302" HPOS="290" VPOS="887" WIDTH="46" HEIGHT="41" CONTENT="in" />
            <SP ID="SP_57939" HPOS="336" VPOS="887" WIDTH="35" HEIGHT="0" />
            <String ID="Word_64303" HPOS="371" VPOS="888" WIDTH="201" HEIGHT="51" CONTENT="German," />
            <SP ID="SP_57940" HPOS="572" VPOS="888" WIDTH="21" HEIGHT="0" />
            <String ID="Word_64304" HPOS="593" VPOS="888" WIDTH="164" HEIGHT="44" CONTENT="achen" />
            <SP ID="SP_57941" HPOS="757" VPOS="888" WIDTH="23" HEIGHT="0" />
            <String ID="Word_64305" HPOS="780" VPOS="904" WIDTH="45" HEIGHT="26" CONTENT="or" />
            <SP ID="SP_57942" HPOS="825" VPOS="889" WIDTH="31" HEIGHT="0" />
            <String ID="Word_64306" HPOS="856" VPOS="889" WIDTH="215" HEIGHT="44" CONTENT="achzen;" />
            <SP ID="SP_57943" HPOS="1071" VPOS="889" WIDTH="33" HEIGHT="0" />
            <String ID="Word_64307" HPOS="1104" VPOS="891" WIDTH="84" HEIGHT="42" CONTENT="and" />
            <SP ID="SP_57944" HPOS="1188" VPOS="891" WIDTH="23" HEIGHT="0" />
            <String ID="Word_64308" HPOS="1211" VPOS="905" WIDTH="46" HEIGHT="28" CONTENT="so" />
            <SP ID="SP_57945" HPOS="1257" VPOS="905" WIDTH="22" HEIGHT="0" />
            <String ID="Word_64309" HPOS="1279" VPOS="905" WIDTH="65" HEIGHT="28" CONTENT="on." />
            <SP ID="SP_57946" HPOS="1344" VPOS="891" WIDTH="65" HEIGHT="0" />
            <String ID="Word_64310" HPOS="1409" VPOS="891" WIDTH="137" HEIGHT="43" CONTENT="Other" />
            <SP ID="SP_57947" HPOS="1546" VPOS="891" WIDTH="21" HEIGHT="0" />
            <String ID="Word_64311" HPOS="1567" VPOS="894" WIDTH="278" HEIGHT="44" CONTENT="translations" />
            <SP ID="SP_57948" HPOS="1845" VPOS="894" WIDTH="26" HEIGHT="0" />
            <String ID="Word_64312" HPOS="1871" VPOS="899" WIDTH="42" HEIGHT="40" CONTENT="of" />
          </TextLine>
          <TextLine ID="TextLine_6369" HPOS="290" VPOS="957" WIDTH="1623" HEIGHT="63">
            <String ID="Word_64313" HPOS="290" VPOS="957" WIDTH="74" HEIGHT="42" CONTENT="the" />
            <SP ID="SP_57949" HPOS="364" VPOS="957" WIDTH="28" HEIGHT="0" />
            <String ID="Word_64314" HPOS="392" VPOS="958" WIDTH="94" HEIGHT="56" CONTENT="sigh" />
            <SP ID="SP_57950" HPOS="486" VPOS="958" WIDTH="33" HEIGHT="0" />
            <String ID="Word_64315" HPOS="519" VPOS="960" WIDTH="54" HEIGHT="42" CONTENT="he" />
            <SP ID="SP_57951" HPOS="573" VPOS="959" WIDTH="31" HEIGHT="0" />
            <String ID="Word_64316" HPOS="604" VPOS="959" WIDTH="113" HEIGHT="43" CONTENT="finds" />
            <SP ID="SP_57952" HPOS="717" VPOS="959" WIDTH="30" HEIGHT="0" />
            <String ID="Word_64317" HPOS="747" VPOS="960" WIDTH="47" HEIGHT="41" CONTENT="in" />
            <SP ID="SP_57953" HPOS="794" VPOS="960" WIDTH="31" HEIGHT="0" />
            <String ID="Word_64318" HPOS="825" VPOS="960" WIDTH="74" HEIGHT="42" CONTENT="the" />
            <SP ID="SP_57954" HPOS="899" VPOS="960" WIDTH="33" HEIGHT="0" />
            <String ID="Word_64319" HPOS="932" VPOS="961" WIDTH="126" HEIGHT="42" CONTENT="Latin" />
            <SP ID="SP_57955" HPOS="1058" VPOS="961" WIDTH="23" HEIGHT="0" />
            <String ID="Word_64320" HPOS="1081" VPOS="961" WIDTH="134" HEIGHT="43" CONTENT="Vae;" />
            <SP ID="SP_57956" HPOS="1215" VPOS="962" WIDTH="31" HEIGHT="0" />
            <String ID="Word_64321" HPOS="1246" VPOS="962" WIDTH="44" HEIGHT="40" CONTENT="in" />
            <SP ID="SP_57957" HPOS="1290" VPOS="962" WIDTH="24" HEIGHT="0" />
            <String ID="Word_64322" HPOS="1314" VPOS="962" WIDTH="74" HEIGHT="42" CONTENT="the" />
            <SP ID="SP_57958" HPOS="1388" VPOS="962" WIDTH="24" HEIGHT="0" />
            <String ID="Word_64323" HPOS="1412" VPOS="962" WIDTH="187" HEIGHT="42" CONTENT="German" />
            <SP ID="SP_57959" HPOS="1599" VPOS="962" WIDTH="21" HEIGHT="0" />
            <String ID="Word_64324" HPOS="1620" VPOS="962" WIDTH="145" HEIGHT="54" CONTENT="Weh," />
            <SP ID="SP_57960" HPOS="1765" VPOS="962" WIDTH="25" HEIGHT="0" />
            <String ID="Word_64325" HPOS="1790" VPOS="966" WIDTH="123" HEIGHT="54" CONTENT="pain;" />
          </TextLine>
          <TextLine ID="TextLine_6370" HPOS="289" VPOS="1025" WIDTH="996" HEIGHT="61">
            <String ID="Word_64326" HPOS="289" VPOS="1025" WIDTH="91" HEIGHT="44" CONTENT="Die" />
            <SP ID="SP_57961" HPOS="380" VPOS="1025" WIDTH="20" HEIGHT="0" />
            <String ID="Word_64327" HPOS="400" VPOS="1028" WIDTH="193" HEIGHT="44" CONTENT="wehen," />
            <SP ID="SP_57962" HPOS="593" VPOS="1028" WIDTH="24" HEIGHT="0" />
            <String ID="Word_64328" HPOS="617" VPOS="1030" WIDTH="75" HEIGHT="42" CONTENT="the" />
            <SP ID="SP_57963" HPOS="692" VPOS="1030" WIDTH="22" HEIGHT="0" />
            <String ID="Word_64329" HPOS="714" VPOS="1044" WIDTH="136" HEIGHT="41" CONTENT="pangs" />
            <SP ID="SP_57964" HPOS="850" VPOS="1031" WIDTH="23" HEIGHT="0" />
            <String ID="Word_64330" HPOS="873" VPOS="1031" WIDTH="46" HEIGHT="41" CONTENT="of" />
            <SP ID="SP_57965" HPOS="919" VPOS="1031" WIDTH="18" HEIGHT="0" />
            <String ID="Word_64331" HPOS="937" VPOS="1031" WIDTH="248" HEIGHT="43" CONTENT="childbirth," />
            <SP ID="SP_57966" HPOS="1185" VPOS="1031" WIDTH="22" HEIGHT="0" />
            <String ID="Word_64332" HPOS="1207" VPOS="1045" WIDTH="78" HEIGHT="29" CONTENT="etc." />
          </TextLine>
          <TextLine ID="TextLine_6371" HPOS="348" VPOS="1099" WIDTH="1559" HEIGHT="58">
            <String ID="Word_64333" HPOS="348" VPOS="1099" WIDTH="70" HEIGHT="41" CONTENT="He" />
            <SP ID="SP_57967" HPOS="418" VPOS="1099" WIDTH="23" HEIGHT="0" />
            <String ID="Word_64334" HPOS="441" VPOS="1099" WIDTH="89" HEIGHT="42" CONTENT="also" />
            <SP ID="SP_57968" HPOS="530" VPOS="1099" WIDTH="24" HEIGHT="0" />
            <String ID="Word_64335" HPOS="554" VPOS="1105" WIDTH="132" HEIGHT="38" CONTENT="treats" />
            <SP ID="SP_57969" HPOS="686" VPOS="1101" WIDTH="32" HEIGHT="0" />
            <String ID="Word_64336" HPOS="718" VPOS="1101" WIDTH="48" HEIGHT="41" CONTENT="of" />
            <SP ID="SP_57970" HPOS="766" VPOS="1101" WIDTH="26" HEIGHT="0" />
            <String ID="Word_64337" HPOS="792" VPOS="1101" WIDTH="125" HEIGHT="42" CONTENT="other" />
            <SP ID="SP_57971" HPOS="917" VPOS="1101" WIDTH="30" HEIGHT="0" />
            <String ID="Word_64338" HPOS="947" VPOS="1102" WIDTH="307" HEIGHT="54" CONTENT="interjections," />
            <SP ID="SP_57972" HPOS="1254" VPOS="1102" WIDTH="23" HEIGHT="0" />
            <String ID="Word_64339" HPOS="1277" VPOS="1102" WIDTH="105" HEIGHT="42" CONTENT="such" />
            <SP ID="SP_57973" HPOS="1382" VPOS="1102" WIDTH="23" HEIGHT="0" />
            <String ID="Word_64340" HPOS="1405" VPOS="1116" WIDTH="45" HEIGHT="28" CONTENT="as" />
            <SP ID="SP_57974" HPOS="1450" VPOS="1101" WIDTH="32" HEIGHT="0" />
            <String ID="Word_64341" HPOS="1482" VPOS="1101" WIDTH="116" HEIGHT="55" CONTENT="ugh," />
            <SP ID="SP_57975" HPOS="1598" VPOS="1101" WIDTH="27" HEIGHT="0" />
            <String ID="Word_64342" HPOS="1625" VPOS="1102" WIDTH="145" HEIGHT="53" CONTENT="hush," />
            <SP ID="SP_57976" HPOS="1770" VPOS="1102" WIDTH="23" HEIGHT="0" />
            <String ID="Word_64343" HPOS="1793" VPOS="1103" WIDTH="114" HEIGHT="54" CONTENT="hist," />
          </TextLine>
          <TextLine ID="TextLine_6372" HPOS="286" VPOS="1166" WIDTH="1625" HEIGHT="62">
            <String ID="Word_64344" HPOS="286" VPOS="1166" WIDTH="131" HEIGHT="54" CONTENT="foch," />
            <SP ID="SP_57977" HPOS="417" VPOS="1166" WIDTH="37" HEIGHT="0" />
            <String ID="Word_64345" HPOS="454" VPOS="1168" WIDTH="74" HEIGHT="52" CONTENT="fie," />
            <SP ID="SP_57978" HPOS="528" VPOS="1168" WIDTH="36" HEIGHT="0" />
            <String ID="Word_64346" HPOS="564" VPOS="1168" WIDTH="132" HEIGHT="54" CONTENT="hem," />
            <SP ID="SP_57979" HPOS="696" VPOS="1168" WIDTH="33" HEIGHT="0" />
            <String ID="Word_64347" HPOS="729" VPOS="1169" WIDTH="153" HEIGHT="51" CONTENT="blurt," />
            <SP ID="SP_57980" HPOS="882" VPOS="1169" WIDTH="34" HEIGHT="0" />
            <String ID="Word_64348" HPOS="916" VPOS="1171" WIDTH="102" HEIGHT="54" CONTENT="pet," />
            <SP ID="SP_57981" HPOS="1018" VPOS="1171" WIDTH="37" HEIGHT="0" />
            <String ID="Word_64349" HPOS="1055" VPOS="1172" WIDTH="149" HEIGHT="43" CONTENT="trotz," />
            <SP ID="SP_57982" HPOS="1204" VPOS="1172" WIDTH="35" HEIGHT="0" />
            <String ID="Word_64350" HPOS="1239" VPOS="1177" WIDTH="103" HEIGHT="49" CONTENT="etc.;" />
            <SP ID="SP_57983" HPOS="1342" VPOS="1172" WIDTH="31" HEIGHT="0" />
            <String ID="Word_64351" HPOS="1373" VPOS="1172" WIDTH="239" HEIGHT="56" CONTENT="indicating" />
            <SP ID="SP_57984" HPOS="1612" VPOS="1172" WIDTH="22" HEIGHT="0" />
            <String ID="Word_64352" HPOS="1634" VPOS="1173" WIDTH="73" HEIGHT="42" CONTENT="the" />
            <SP ID="SP_57985" HPOS="1707" VPOS="1173" WIDTH="34" HEIGHT="0" />
            <String ID="Word_64353" HPOS="1741" VPOS="1175" WIDTH="170" HEIGHT="42" CONTENT="natural" />
          </TextLine>
          <TextLine ID="TextLine_6373" HPOS="289" VPOS="1239" WIDTH="1621" HEIGHT="62">
            <String ID="Word_64354" HPOS="289" VPOS="1239" WIDTH="160" HEIGHT="42" CONTENT="sounds" />
            <SP ID="SP_57986" HPOS="449" VPOS="1239" WIDTH="22" HEIGHT="0" />
            <String ID="Word_64355" HPOS="471" VPOS="1239" WIDTH="97" HEIGHT="42" CONTENT="that" />
            <SP ID="SP_57987" HPOS="568" VPOS="1239" WIDTH="20" HEIGHT="0" />
            <String ID="Word_64356" HPOS="588" VPOS="1240" WIDTH="193" HEIGHT="56" CONTENT="possibly" />
            <SP ID="SP_57988" HPOS="781" VPOS="1240" WIDTH="22" HEIGHT="0" />
            <String ID="Word_64357" HPOS="803" VPOS="1241" WIDTH="224" HEIGHT="55" CONTENT="suggested" />
            <SP ID="SP_57989" HPOS="1027" VPOS="1241" WIDTH="25" HEIGHT="0" />
            <String ID="Word_64358" HPOS="1052" VPOS="1242" WIDTH="133" HEIGHT="42" CONTENT="them," />
            <SP ID="SP_57990" HPOS="1185" VPOS="1242" WIDTH="21" HEIGHT="0" />
            <String ID="Word_64359" HPOS="1206" VPOS="1242" WIDTH="85" HEIGHT="41" CONTENT="and" />
            <SP ID="SP_57991" HPOS="1291" VPOS="1242" WIDTH="31" HEIGHT="0" />
            <String ID="Word_64360" HPOS="1322" VPOS="1242" WIDTH="195" HEIGHT="56" CONTENT="showing" />
            <SP ID="SP_57992" HPOS="1517" VPOS="1242" WIDTH="31" HEIGHT="0" />
            <String ID="Word_64361" HPOS="1548" VPOS="1243" WIDTH="96" HEIGHT="42" CONTENT="how" />
            <SP ID="SP_57993" HPOS="1644" VPOS="1243" WIDTH="24" HEIGHT="0" />
            <String ID="Word_64362" HPOS="1668" VPOS="1243" WIDTH="242" HEIGHT="58" CONTENT="differently" />
          </TextLine>
          <TextLine ID="TextLine_6374" HPOS="289" VPOS="1309" WIDTH="1228" HEIGHT="59">
            <String ID="Word_64363" HPOS="289" VPOS="1309" WIDTH="103" HEIGHT="55" CONTENT="they" />
            <SP ID="SP_57994" HPOS="392" VPOS="1309" WIDTH="22" HEIGHT="0" />
            <String ID="Word_64364" HPOS="414" VPOS="1309" WIDTH="110" HEIGHT="43" CONTENT="have" />
            <SP ID="SP_57995" HPOS="524" VPOS="1309" WIDTH="22" HEIGHT="0" />
            <String ID="Word_64365" HPOS="546" VPOS="1311" WIDTH="107" HEIGHT="42" CONTENT="been" />
            <SP ID="SP_57996" HPOS="653" VPOS="1311" WIDTH="25" HEIGHT="0" />
            <String ID="Word_64366" HPOS="678" VPOS="1311" WIDTH="239" HEIGHT="42" CONTENT="translated" />
            <SP ID="SP_57997" HPOS="917" VPOS="1311" WIDTH="23" HEIGHT="0" />
            <String ID="Word_64367" HPOS="940" VPOS="1312" WIDTH="92" HEIGHT="42" CONTENT="into" />
            <SP ID="SP_57998" HPOS="1032" VPOS="1312" WIDTH="23" HEIGHT="0" />
            <String ID="Word_64368" HPOS="1055" VPOS="1312" WIDTH="201" HEIGHT="42" CONTENT="different" />
            <SP ID="SP_57999" HPOS="1256" VPOS="1312" WIDTH="20" HEIGHT="0" />
            <String ID="Word_64369" HPOS="1276" VPOS="1312" WIDTH="241" HEIGHT="56" CONTENT="languages." />
          </TextLine>
          <TextLine ID="TextLine_6375" HPOS="346" VPOS="1380" WIDTH="1562" HEIGHT="58">
            <String ID="Word_64370" HPOS="346" VPOS="1380" WIDTH="90" HEIGHT="42" CONTENT="The" />
            <SP ID="SP_58000" HPOS="436" VPOS="1380" WIDTH="41" HEIGHT="0" />
            <String ID="Word_64371" HPOS="477" VPOS="1381" WIDTH="157" HEIGHT="42" CONTENT="second" />
            <SP ID="SP_58001" HPOS="634" VPOS="1381" WIDTH="40" HEIGHT="0" />
            <String ID="Word_64372" HPOS="674" VPOS="1386" WIDTH="120" HEIGHT="51" CONTENT="great" />
            <SP ID="SP_58002" HPOS="794" VPOS="1386" WIDTH="42" HEIGHT="0" />
            <String ID="Word_64373" HPOS="836" VPOS="1396" WIDTH="148" HEIGHT="28" CONTENT="source" />
            <SP ID="SP_58003" HPOS="984" VPOS="1382" WIDTH="42" HEIGHT="0" />
            <String ID="Word_64374" HPOS="1026" VPOS="1382" WIDTH="44" HEIGHT="42" CONTENT="of" />
            <SP ID="SP_58004" HPOS="1070" VPOS="1382" WIDTH="40" HEIGHT="0" />
            <String ID="Word_64375" HPOS="1110" VPOS="1383" WIDTH="223" HEIGHT="55" CONTENT="primitive" />
            <SP ID="SP_58005" HPOS="1333" VPOS="1383" WIDTH="36" HEIGHT="0" />
            <String ID="Word_64376" HPOS="1369" VPOS="1383" WIDTH="139" HEIGHT="43" CONTENT="words" />
            <SP ID="SP_58006" HPOS="1508" VPOS="1383" WIDTH="42" HEIGHT="0" />
            <String ID="Word_64377" HPOS="1550" VPOS="1383" WIDTH="95" HEIGHT="43" CONTENT="that" />
            <SP ID="SP_58007" HPOS="1645" VPOS="1383" WIDTH="40" HEIGHT="0" />
            <String ID="Word_64378" HPOS="1685" VPOS="1384" WIDTH="76" HEIGHT="42" CONTENT="has" />
            <SP ID="SP_58008" HPOS="1761" VPOS="1384" WIDTH="43" HEIGHT="0" />
            <String ID="Word_64379" HPOS="1804" VPOS="1385" WIDTH="104" HEIGHT="43" CONTENT="been" />
          </TextLine>
          <TextLine ID="TextLine_6376" HPOS="287" VPOS="1450" WIDTH="1622" HEIGHT="59">
            <String ID="Word_64380" HPOS="287" VPOS="1450" WIDTH="185" HEIGHT="43" CONTENT="insisted" />
            <SP ID="SP_58009" HPOS="472" VPOS="1450" WIDTH="21" HEIGHT="0" />
            <String ID="Word_64381" HPOS="493" VPOS="1465" WIDTH="119" HEIGHT="41" CONTENT="upon" />
            <SP ID="SP_58010" HPOS="612" VPOS="1452" WIDTH="21" HEIGHT="0" />
            <String ID="Word_64382" HPOS="633" VPOS="1452" WIDTH="58" HEIGHT="55" CONTENT="by" />
            <SP ID="SP_58011" HPOS="691" VPOS="1452" WIDTH="22" HEIGHT="0" />
            <String ID="Word_64383" HPOS="713" VPOS="1453" WIDTH="74" HEIGHT="42" CONTENT="the" />
            <SP ID="SP_58012" HPOS="787" VPOS="1452" WIDTH="23" HEIGHT="0" />
            <String ID="Word_64384" HPOS="810" VPOS="1452" WIDTH="226" HEIGHT="43" CONTENT="Imitative" />
            <SP ID="SP_58013" HPOS="1036" VPOS="1452" WIDTH="35" HEIGHT="0" />
            <String ID="Word_64385" HPOS="1071" VPOS="1453" WIDTH="155" HEIGHT="42" CONTENT="School" />
            <SP ID="SP_58014" HPOS="1226" VPOS="1453" WIDTH="32" HEIGHT="0" />
            <String ID="Word_64386" HPOS="1258" VPOS="1453" WIDTH="36" HEIGHT="42" CONTENT="is" />
            <SP ID="SP_58015" HPOS="1294" VPOS="1453" WIDTH="32" HEIGHT="0" />
            <String ID="Word_64387" HPOS="1326" VPOS="1453" WIDTH="73" HEIGHT="43" CONTENT="the" />
            <SP ID="SP_58016" HPOS="1399" VPOS="1453" WIDTH="21" HEIGHT="0" />
            <String ID="Word_64388" HPOS="1420" VPOS="1453" WIDTH="246" HEIGHT="56" CONTENT="Voluntary" />
            <SP ID="SP_58017" HPOS="1666" VPOS="1453" WIDTH="23" HEIGHT="0" />
            <String ID="Word_64389" HPOS="1689" VPOS="1455" WIDTH="220" HEIGHT="42" CONTENT="Imitation" />
          </TextLine>
          <TextLine ID="TextLine_6377" HPOS="287" VPOS="1521" WIDTH="1623" HEIGHT="53">
            <String ID="Word_64390" HPOS="287" VPOS="1521" WIDTH="44" HEIGHT="40" CONTENT="of" />
            <SP ID="SP_58018" HPOS="331" VPOS="1521" WIDTH="21" HEIGHT="0" />
            <String ID="Word_64391" HPOS="352" VPOS="1521" WIDTH="186" HEIGHT="42" CONTENT="Natural" />
            <SP ID="SP_58019" HPOS="538" VPOS="1521" WIDTH="26" HEIGHT="0" />
            <String ID="Word_64392" HPOS="564" VPOS="1522" WIDTH="181" HEIGHT="52" CONTENT="Sounds," />
            <SP ID="SP_58020" HPOS="745" VPOS="1522" WIDTH="23" HEIGHT="0" />
            <String ID="Word_64393" HPOS="768" VPOS="1522" WIDTH="106" HEIGHT="42" CONTENT="such" />
            <SP ID="SP_58021" HPOS="874" VPOS="1522" WIDTH="32" HEIGHT="0" />
            <String ID="Word_64394" HPOS="906" VPOS="1537" WIDTH="46" HEIGHT="28" CONTENT="as" />
            <SP ID="SP_58022" HPOS="952" VPOS="1523" WIDTH="33" HEIGHT="0" />
            <String ID="Word_64395" HPOS="985" VPOS="1523" WIDTH="74" HEIGHT="42" CONTENT="the" />
            <SP ID="SP_58023" HPOS="1059" VPOS="1523" WIDTH="32" HEIGHT="0" />
            <String ID="Word_64396" HPOS="1091" VPOS="1523" WIDTH="174" HEIGHT="42" CONTENT="natural" />
            <SP ID="SP_58024" HPOS="1265" VPOS="1523" WIDTH="31" HEIGHT="0" />
            <String ID="Word_64397" HPOS="1296" VPOS="1523" WIDTH="107" HEIGHT="42" CONTENT="cries" />
            <SP ID="SP_58025" HPOS="1403" VPOS="1523" WIDTH="32" HEIGHT="0" />
            <String ID="Word_64398" HPOS="1435" VPOS="1524" WIDTH="44" HEIGHT="41" CONTENT="of" />
            <SP ID="SP_58026" HPOS="1479" VPOS="1524" WIDTH="31" HEIGHT="0" />
            <String ID="Word_64399" HPOS="1510" VPOS="1524" WIDTH="181" HEIGHT="42" CONTENT="animals" />
            <SP ID="SP_58027" HPOS="1691" VPOS="1524" WIDTH="32" HEIGHT="0" />
            <String ID="Word_64400" HPOS="1723" VPOS="1525" WIDTH="85" HEIGHT="41" CONTENT="and" />
            <SP ID="SP_58028" HPOS="1808" VPOS="1525" WIDTH="31" HEIGHT="0" />
            <String ID="Word_64401" HPOS="1839" VPOS="1525" WIDTH="71" HEIGHT="43" CONTENT="the" />
          </TextLine>
          <TextLine ID="TextLine_6378" HPOS="287" VPOS="1592" WIDTH="1620" HEIGHT="58">
            <String ID="Word_64402" HPOS="287" VPOS="1595" WIDTH="122" HEIGHT="39" CONTENT="notes" />
            <SP ID="SP_58029" HPOS="409" VPOS="1593" WIDTH="22" HEIGHT="0" />
            <String ID="Word_64403" HPOS="431" VPOS="1593" WIDTH="45" HEIGHT="41" CONTENT="of" />
            <SP ID="SP_58030" HPOS="476" VPOS="1592" WIDTH="21" HEIGHT="0" />
            <String ID="Word_64404" HPOS="497" VPOS="1592" WIDTH="119" HEIGHT="42" CONTENT="birds" />
            <SP ID="SP_58031" HPOS="616" VPOS="1592" WIDTH="22" HEIGHT="0" />
            <String ID="Word_64405" HPOS="638" VPOS="1593" WIDTH="365" HEIGHT="55" CONTENT="(onomatopoeia)." />
            <SP ID="SP_58032" HPOS="1003" VPOS="1593" WIDTH="65" HEIGHT="0" />
            <String ID="Word_64406" HPOS="1068" VPOS="1594" WIDTH="54" HEIGHT="42" CONTENT="So" />
            <SP ID="SP_58033" HPOS="1122" VPOS="1594" WIDTH="32" HEIGHT="0" />
            <String ID="Word_64407" HPOS="1154" VPOS="1594" WIDTH="103" HEIGHT="56" CONTENT="long" />
            <SP ID="SP_58034" HPOS="1257" VPOS="1594" WIDTH="30" HEIGHT="0" />
            <String ID="Word_64408" HPOS="1287" VPOS="1608" WIDTH="45" HEIGHT="28" CONTENT="as" />
            <SP ID="SP_58035" HPOS="1332" VPOS="1608" WIDTH="32" HEIGHT="0" />
            <String ID="Word_64409" HPOS="1364" VPOS="1608" WIDTH="25" HEIGHT="27" CONTENT="a" />
            <SP ID="SP_58036" HPOS="1389" VPOS="1593" WIDTH="31" HEIGHT="0" />
            <String ID="Word_64410" HPOS="1420" VPOS="1593" WIDTH="128" HEIGHT="43" CONTENT="child," />
            <SP ID="SP_58037" HPOS="1548" VPOS="1593" WIDTH="23" HEIGHT="0" />
            <String ID="Word_64411" HPOS="1571" VPOS="1608" WIDTH="47" HEIGHT="28" CONTENT="or" />
            <SP ID="SP_58038" HPOS="1618" VPOS="1594" WIDTH="21" HEIGHT="0" />
            <String ID="Word_64412" HPOS="1639" VPOS="1594" WIDTH="74" HEIGHT="42" CONTENT="the" />
            <SP ID="SP_58039" HPOS="1713" VPOS="1594" WIDTH="28" HEIGHT="0" />
            <String ID="Word_64413" HPOS="1741" VPOS="1598" WIDTH="21" HEIGHT="18" CONTENT="&quot;" />
            <SP ID="SP_58040" HPOS="1762" VPOS="1595" WIDTH="15" HEIGHT="0" />
            <String ID="Word_64414" HPOS="1777" VPOS="1595" WIDTH="130" HEIGHT="42" CONTENT="child-" />
          </TextLine>
          <TextLine ID="TextLine_6379" HPOS="286" VPOS="1662" WIDTH="1623" HEIGHT="57">
            <String ID="Word_64415" HPOS="286" VPOS="1662" WIDTH="136" HEIGHT="51" CONTENT="man,&quot;" />
            <SP ID="SP_58041" HPOS="422" VPOS="1662" WIDTH="20" HEIGHT="0" />
            <String ID="Word_64416" HPOS="442" VPOS="1667" WIDTH="167" HEIGHT="51" CONTENT="repeats" />
            <SP ID="SP_58042" HPOS="609" VPOS="1663" WIDTH="22" HEIGHT="0" />
            <String ID="Word_64417" HPOS="631" VPOS="1663" WIDTH="120" HEIGHT="43" CONTENT="these" />
            <SP ID="SP_58043" HPOS="751" VPOS="1663" WIDTH="23" HEIGHT="0" />
            <String ID="Word_64418" HPOS="774" VPOS="1664" WIDTH="171" HEIGHT="42" CONTENT="natural" />
            <SP ID="SP_58044" HPOS="945" VPOS="1664" WIDTH="19" HEIGHT="0" />
            <String ID="Word_64419" HPOS="964" VPOS="1664" WIDTH="161" HEIGHT="42" CONTENT="sounds" />
            <SP ID="SP_58045" HPOS="1125" VPOS="1664" WIDTH="22" HEIGHT="0" />
            <String ID="Word_64420" HPOS="1147" VPOS="1664" WIDTH="45" HEIGHT="42" CONTENT="in" />
            <SP ID="SP_58046" HPOS="1192" VPOS="1664" WIDTH="18" HEIGHT="0" />
            <String ID="Word_64421" HPOS="1210" VPOS="1678" WIDTH="25" HEIGHT="28" CONTENT="a" />
            <SP ID="SP_58047" HPOS="1235" VPOS="1664" WIDTH="16" HEIGHT="0" />
            <String ID="Word_64422" HPOS="1251" VPOS="1664" WIDTH="160" HEIGHT="42" CONTENT="merely" />
            <SP ID="SP_58048" HPOS="1411" VPOS="1664" WIDTH="22" HEIGHT="0" />
            <String ID="Word_64423" HPOS="1433" VPOS="1664" WIDTH="266" HEIGHT="42" CONTENT="mechanical" />
            <SP ID="SP_58049" HPOS="1699" VPOS="1664" WIDTH="22" HEIGHT="0" />
            <String ID="Word_64424" HPOS="1721" VPOS="1679" WIDTH="188" HEIGHT="37" CONTENT="manner," />
          </TextLine>
          <TextLine ID="TextLine_6380" HPOS="286" VPOS="1733" WIDTH="1623" HEIGHT="55">
            <String ID="Word_64425" HPOS="286" VPOS="1733" WIDTH="57" HEIGHT="55" CONTENT="by" />
            <SP ID="SP_58050" HPOS="343" VPOS="1733" WIDTH="15" HEIGHT="0" />
            <String ID="Word_64426" HPOS="358" VPOS="1733" WIDTH="220" HEIGHT="43" CONTENT="echolalia," />
            <SP ID="SP_58051" HPOS="578" VPOS="1733" WIDTH="17" HEIGHT="0" />
            <String ID="Word_64427" HPOS="595" VPOS="1734" WIDTH="73" HEIGHT="42" CONTENT="the" />
            <SP ID="SP_58052" HPOS="668" VPOS="1734" WIDTH="20" HEIGHT="0" />
            <String ID="Word_64428" HPOS="688" VPOS="1734" WIDTH="171" HEIGHT="41" CONTENT="natural" />
            <SP ID="SP_58053" HPOS="859" VPOS="1734" WIDTH="17" HEIGHT="0" />
            <String ID="Word_64429" HPOS="876" VPOS="1735" WIDTH="139" HEIGHT="41" CONTENT="sound" />
            <SP ID="SP_58054" HPOS="1015" VPOS="1734" WIDTH="17" HEIGHT="0" />
            <String ID="Word_64430" HPOS="1032" VPOS="1734" WIDTH="76" HEIGHT="42" CONTENT="has" />
            <SP ID="SP_58055" HPOS="1108" VPOS="1734" WIDTH="24" HEIGHT="0" />
            <String ID="Word_64431" HPOS="1132" VPOS="1748" WIDTH="55" HEIGHT="28" CONTENT="no" />
            <SP ID="SP_58056" HPOS="1187" VPOS="1734" WIDTH="16" HEIGHT="0" />
            <String ID="Word_64432" HPOS="1203" VPOS="1734" WIDTH="126" HEIGHT="42" CONTENT="claim" />
            <SP ID="SP_58057" HPOS="1329" VPOS="1734" WIDTH="24" HEIGHT="0" />
            <String ID="Word_64433" HPOS="1353" VPOS="1739" WIDTH="43" HEIGHT="37" CONTENT="to" />
            <SP ID="SP_58058" HPOS="1396" VPOS="1735" WIDTH="21" HEIGHT="0" />
            <String ID="Word_64434" HPOS="1417" VPOS="1735" WIDTH="109" HEIGHT="40" CONTENT="rank" />
            <SP ID="SP_58059" HPOS="1526" VPOS="1735" WIDTH="23" HEIGHT="0" />
            <String ID="Word_64435" HPOS="1549" VPOS="1749" WIDTH="45" HEIGHT="27" CONTENT="as" />
            <SP ID="SP_58060" HPOS="1594" VPOS="1749" WIDTH="22" HEIGHT="0" />
            <String ID="Word_64436" HPOS="1616" VPOS="1749" WIDTH="25" HEIGHT="27" CONTENT="a" />
            <SP ID="SP_58061" HPOS="1641" VPOS="1739" WIDTH="20" HEIGHT="0" />
            <String ID="Word_64437" HPOS="1661" VPOS="1739" WIDTH="96" HEIGHT="38" CONTENT="true" />
            <SP ID="SP_58062" HPOS="1757" VPOS="1736" WIDTH="15" HEIGHT="0" />
            <String ID="Word_64438" HPOS="1772" VPOS="1736" WIDTH="137" HEIGHT="52" CONTENT="word;" />
          </TextLine>
          <TextLine ID="TextLine_6381" HPOS="285" VPOS="1804" WIDTH="1622" HEIGHT="57">
            <String ID="Word_64439" HPOS="285" VPOS="1804" WIDTH="80" HEIGHT="41" CONTENT="but" />
            <SP ID="SP_58063" HPOS="365" VPOS="1804" WIDTH="20" HEIGHT="0" />
            <String ID="Word_64440" HPOS="385" VPOS="1804" WIDTH="229" HEIGHT="42" CONTENT="whenever" />
            <SP ID="SP_58064" HPOS="614" VPOS="1804" WIDTH="20" HEIGHT="0" />
            <String ID="Word_64441" HPOS="634" VPOS="1804" WIDTH="75" HEIGHT="42" CONTENT="the" />
            <SP ID="SP_58065" HPOS="709" VPOS="1804" WIDTH="24" HEIGHT="0" />
            <String ID="Word_64442" HPOS="733" VPOS="1805" WIDTH="240" HEIGHT="41" CONTENT="child-man" />
            <SP ID="SP_58066" HPOS="973" VPOS="1805" WIDTH="23" HEIGHT="0" />
            <String ID="Word_64443" HPOS="996" VPOS="1805" WIDTH="136" HEIGHT="42" CONTENT="began" />
            <SP ID="SP_58067" HPOS="1132" VPOS="1805" WIDTH="25" HEIGHT="0" />
            <String ID="Word_64444" HPOS="1157" VPOS="1810" WIDTH="43" HEIGHT="37" CONTENT="to" />
            <SP ID="SP_58068" HPOS="1200" VPOS="1810" WIDTH="23" HEIGHT="0" />
            <String ID="Word_64445" HPOS="1223" VPOS="1819" WIDTH="76" HEIGHT="28" CONTENT="use" />
            <SP ID="SP_58069" HPOS="1299" VPOS="1805" WIDTH="22" HEIGHT="0" />
            <String ID="Word_64446" HPOS="1321" VPOS="1805" WIDTH="74" HEIGHT="42" CONTENT="the" />
            <SP ID="SP_58070" HPOS="1395" VPOS="1805" WIDTH="22" HEIGHT="0" />
            <String ID="Word_64447" HPOS="1417" VPOS="1805" WIDTH="220" HEIGHT="42" CONTENT="imitation" />
            <SP ID="SP_58071" HPOS="1637" VPOS="1805" WIDTH="22" HEIGHT="0" />
            <String ID="Word_64448" HPOS="1659" VPOS="1819" WIDTH="45" HEIGHT="28" CONTENT="as" />
            <SP ID="SP_58072" HPOS="1704" VPOS="1819" WIDTH="17" HEIGHT="0" />
            <String ID="Word_64449" HPOS="1721" VPOS="1820" WIDTH="24" HEIGHT="27" CONTENT="a" />
            <SP ID="SP_58073" HPOS="1745" VPOS="1819" WIDTH="18" HEIGHT="0" />
            <String ID="Word_64450" HPOS="1763" VPOS="1820" WIDTH="144" HEIGHT="28" CONTENT="means" />
          </TextLine>
          <TextLine ID="TextLine_6382" HPOS="284" VPOS="1875" WIDTH="1625" HEIGHT="56">
            <String ID="Word_64451" HPOS="284" VPOS="1875" WIDTH="47" HEIGHT="41" CONTENT="of" />
            <SP ID="SP_58074" HPOS="331" VPOS="1875" WIDTH="17" HEIGHT="0" />
            <String ID="Word_64452" HPOS="348" VPOS="1875" WIDTH="250" HEIGHT="55" CONTENT="suggesting" />
            <SP ID="SP_58075" HPOS="598" VPOS="1875" WIDTH="20" HEIGHT="0" />
            <String ID="Word_64453" HPOS="618" VPOS="1875" WIDTH="74" HEIGHT="42" CONTENT="the" />
            <SP ID="SP_58076" HPOS="692" VPOS="1875" WIDTH="22" HEIGHT="0" />
            <String ID="Word_64454" HPOS="714" VPOS="1875" WIDTH="174" HEIGHT="53" CONTENT="animal," />
            <SP ID="SP_58077" HPOS="888" VPOS="1875" WIDTH="22" HEIGHT="0" />
            <String ID="Word_64455" HPOS="910" VPOS="1890" WIDTH="46" HEIGHT="28" CONTENT="or" />
            <SP ID="SP_58078" HPOS="956" VPOS="1875" WIDTH="21" HEIGHT="0" />
            <String ID="Word_64456" HPOS="977" VPOS="1875" WIDTH="123" HEIGHT="43" CONTENT="other" />
            <SP ID="SP_58079" HPOS="1100" VPOS="1875" WIDTH="22" HEIGHT="0" />
            <String ID="Word_64457" HPOS="1122" VPOS="1890" WIDTH="147" HEIGHT="28" CONTENT="source" />
            <SP ID="SP_58080" HPOS="1269" VPOS="1876" WIDTH="22" HEIGHT="0" />
            <String ID="Word_64458" HPOS="1291" VPOS="1876" WIDTH="46" HEIGHT="41" CONTENT="of" />
            <SP ID="SP_58081" HPOS="1337" VPOS="1876" WIDTH="26" HEIGHT="0" />
            <String ID="Word_64459" HPOS="1363" VPOS="1876" WIDTH="150" HEIGHT="42" CONTENT="sound," />
            <SP ID="SP_58082" HPOS="1513" VPOS="1876" WIDTH="20" HEIGHT="0" />
            <String ID="Word_64460" HPOS="1533" VPOS="1880" WIDTH="46" HEIGHT="37" CONTENT="to" />
            <SP ID="SP_58083" HPOS="1579" VPOS="1875" WIDTH="31" HEIGHT="0" />
            <String ID="Word_64461" HPOS="1610" VPOS="1875" WIDTH="74" HEIGHT="43" CONTENT="the" />
            <SP ID="SP_58084" HPOS="1684" VPOS="1875" WIDTH="30" HEIGHT="0" />
            <String ID="Word_64462" HPOS="1714" VPOS="1876" WIDTH="120" HEIGHT="42" CONTENT="mind" />
            <SP ID="SP_58085" HPOS="1834" VPOS="1876" WIDTH="31" HEIGHT="0" />
            <String ID="Word_64463" HPOS="1865" VPOS="1877" WIDTH="44" HEIGHT="41" CONTENT="of" />
          </TextLine>
          <TextLine ID="TextLine_6383" HPOS="284" VPOS="1946" WIDTH="1623" HEIGHT="56">
            <String ID="Word_64464" HPOS="284" VPOS="1946" WIDTH="184" HEIGHT="42" CONTENT="another" />
            <SP ID="SP_58086" HPOS="468" VPOS="1946" WIDTH="21" HEIGHT="0" />
            <String ID="Word_64465" HPOS="489" VPOS="1960" WIDTH="169" HEIGHT="41" CONTENT="person," />
            <SP ID="SP_58087" HPOS="658" VPOS="1947" WIDTH="17" HEIGHT="0" />
            <String ID="Word_64466" HPOS="675" VPOS="1947" WIDTH="105" HEIGHT="41" CONTENT="then" />
            <SP ID="SP_58088" HPOS="780" VPOS="1946" WIDTH="19" HEIGHT="0" />
            <String ID="Word_64467" HPOS="799" VPOS="1946" WIDTH="73" HEIGHT="42" CONTENT="the" />
            <SP ID="SP_58089" HPOS="872" VPOS="1946" WIDTH="22" HEIGHT="0" />
            <String ID="Word_64468" HPOS="894" VPOS="1947" WIDTH="220" HEIGHT="41" CONTENT="imitation" />
            <SP ID="SP_58090" HPOS="1114" VPOS="1947" WIDTH="21" HEIGHT="0" />
            <String ID="Word_64469" HPOS="1135" VPOS="1947" WIDTH="135" HEIGHT="41" CONTENT="began" />
            <SP ID="SP_58091" HPOS="1270" VPOS="1947" WIDTH="24" HEIGHT="0" />
            <String ID="Word_64470" HPOS="1294" VPOS="1950" WIDTH="45" HEIGHT="38" CONTENT="to" />
            <SP ID="SP_58092" HPOS="1339" VPOS="1950" WIDTH="22" HEIGHT="0" />
            <String ID="Word_64471" HPOS="1361" VPOS="1960" WIDTH="121" HEIGHT="28" CONTENT="serve" />
            <SP ID="SP_58093" HPOS="1482" VPOS="1946" WIDTH="22" HEIGHT="0" />
            <String ID="Word_64472" HPOS="1504" VPOS="1946" WIDTH="72" HEIGHT="42" CONTENT="the" />
            <SP ID="SP_58094" HPOS="1576" VPOS="1946" WIDTH="17" HEIGHT="0" />
            <String ID="Word_64473" HPOS="1593" VPOS="1960" WIDTH="206" HEIGHT="41" CONTENT="purposes" />
            <SP ID="SP_58095" HPOS="1799" VPOS="1947" WIDTH="22" HEIGHT="0" />
            <String ID="Word_64474" HPOS="1821" VPOS="1947" WIDTH="43" HEIGHT="41" CONTENT="of" />
            <SP ID="SP_58096" HPOS="1864" VPOS="1947" WIDTH="19" HEIGHT="0" />
            <String ID="Word_64475" HPOS="1883" VPOS="1961" WIDTH="24" HEIGHT="27" CONTENT="a" />
          </TextLine>
          <TextLine ID="TextLine_6384" HPOS="284" VPOS="2016" WIDTH="1623" HEIGHT="57">
            <String ID="Word_64476" HPOS="284" VPOS="2016" WIDTH="141" HEIGHT="42" CONTENT="word;" />
            <SP ID="SP_58097" HPOS="425" VPOS="2017" WIDTH="31" HEIGHT="0" />
            <String ID="Word_64477" HPOS="456" VPOS="2017" WIDTH="84" HEIGHT="41" CONTENT="and" />
            <SP ID="SP_58098" HPOS="540" VPOS="2017" WIDTH="24" HEIGHT="0" />
            <String ID="Word_64478" HPOS="564" VPOS="2017" WIDTH="35" HEIGHT="41" CONTENT="it" />
            <SP ID="SP_58099" HPOS="599" VPOS="2016" WIDTH="17" HEIGHT="0" />
            <String ID="Word_64479" HPOS="616" VPOS="2016" WIDTH="174" HEIGHT="42" CONTENT="became" />
            <SP ID="SP_58100" HPOS="790" VPOS="2016" WIDTH="23" HEIGHT="0" />
            <String ID="Word_64480" HPOS="813" VPOS="2032" WIDTH="53" HEIGHT="26" CONTENT="an" />
            <SP ID="SP_58101" HPOS="866" VPOS="2017" WIDTH="26" HEIGHT="0" />
            <String ID="Word_64481" HPOS="892" VPOS="2017" WIDTH="200" HEIGHT="42" CONTENT="ordinary" />
            <SP ID="SP_58102" HPOS="1092" VPOS="2017" WIDTH="24" HEIGHT="0" />
            <String ID="Word_64482" HPOS="1116" VPOS="2017" WIDTH="119" HEIGHT="42" CONTENT="word" />
            <SP ID="SP_58103" HPOS="1235" VPOS="2016" WIDTH="22" HEIGHT="0" />
            <String ID="Word_64483" HPOS="1257" VPOS="2016" WIDTH="138" HEIGHT="42" CONTENT="when," />
            <SP ID="SP_58104" HPOS="1395" VPOS="2016" WIDTH="22" HEIGHT="0" />
            <String ID="Word_64484" HPOS="1417" VPOS="2017" WIDTH="107" HEIGHT="41" CONTENT="after" />
            <SP ID="SP_58105" HPOS="1524" VPOS="2017" WIDTH="21" HEIGHT="0" />
            <String ID="Word_64485" HPOS="1545" VPOS="2017" WIDTH="200" HEIGHT="54" CONTENT="repeated" />
            <SP ID="SP_58106" HPOS="1745" VPOS="2017" WIDTH="23" HEIGHT="0" />
            <String ID="Word_64486" HPOS="1768" VPOS="2031" WIDTH="84" HEIGHT="28" CONTENT="use," />
            <SP ID="SP_58107" HPOS="1852" VPOS="2017" WIDTH="21" HEIGHT="0" />
            <String ID="Word_64487" HPOS="1873" VPOS="2017" WIDTH="34" HEIGHT="41" CONTENT="it" />
          </TextLine>
          <TextLine ID="TextLine_6385" HPOS="285" VPOS="2087" WIDTH="1619" HEIGHT="56">
            <String ID="Word_64488" HPOS="285" VPOS="2101" WIDTH="86" HEIGHT="28" CONTENT="was" />
            <SP ID="SP_58108" HPOS="371" VPOS="2087" WIDTH="21" HEIGHT="0" />
            <String ID="Word_64489" HPOS="392" VPOS="2087" WIDTH="203" HEIGHT="42" CONTENT="modified" />
            <SP ID="SP_58109" HPOS="595" VPOS="2087" WIDTH="29" HEIGHT="0" />
            <String ID="Word_64490" HPOS="624" VPOS="2087" WIDTH="86" HEIGHT="42" CONTENT="and" />
            <SP ID="SP_58110" HPOS="710" VPOS="2087" WIDTH="22" HEIGHT="0" />
            <String ID="Word_64491" HPOS="732" VPOS="2088" WIDTH="402" HEIGHT="42" CONTENT="conventionalized" />
            <SP ID="SP_58111" HPOS="1134" VPOS="2088" WIDTH="28" HEIGHT="0" />
            <String ID="Word_64492" HPOS="1162" VPOS="2088" WIDTH="57" HEIGHT="41" CONTENT="by" />
            <SP ID="SP_58112" HPOS="1219" VPOS="2087" WIDTH="33" HEIGHT="0" />
            <String ID="Word_64493" HPOS="1252" VPOS="2087" WIDTH="74" HEIGHT="42" CONTENT="the" />
            <SP ID="SP_58113" HPOS="1326" VPOS="2087" WIDTH="22" HEIGHT="0" />
            <String ID="Word_64494" HPOS="1348" VPOS="2087" WIDTH="196" HEIGHT="41" CONTENT="addition" />
            <SP ID="SP_58114" HPOS="1544" VPOS="2087" WIDTH="29" HEIGHT="0" />
            <String ID="Word_64495" HPOS="1573" VPOS="2087" WIDTH="44" HEIGHT="41" CONTENT="of" />
            <SP ID="SP_58115" HPOS="1617" VPOS="2087" WIDTH="22" HEIGHT="0" />
            <String ID="Word_64496" HPOS="1639" VPOS="2091" WIDTH="265" HEIGHT="46" CONTENT="consonants," />
          </TextLine>
          <TextLine ID="TextLine_6386" HPOS="285" VPOS="2157" WIDTH="1620" HEIGHT="56">
            <String ID="Word_64497" HPOS="285" VPOS="2157" WIDTH="141" HEIGHT="43" CONTENT="which" />
            <SP ID="SP_58116" HPOS="426" VPOS="2157" WIDTH="20" HEIGHT="0" />
            <String ID="Word_64498" HPOS="446" VPOS="2158" WIDTH="124" HEIGHT="42" CONTENT="made" />
            <SP ID="SP_58117" HPOS="570" VPOS="2158" WIDTH="16" HEIGHT="0" />
            <String ID="Word_64499" HPOS="586" VPOS="2158" WIDTH="36" HEIGHT="42" CONTENT="it" />
            <SP ID="SP_58118" HPOS="622" VPOS="2158" WIDTH="17" HEIGHT="0" />
            <String ID="Word_64500" HPOS="639" VPOS="2172" WIDTH="116" HEIGHT="29" CONTENT="more" />
            <SP ID="SP_58119" HPOS="755" VPOS="2172" WIDTH="16" HEIGHT="0" />
            <String ID="Word_64501" HPOS="771" VPOS="2172" WIDTH="101" HEIGHT="28" CONTENT="easy" />
            <SP ID="SP_58120" HPOS="872" VPOS="2158" WIDTH="13" HEIGHT="0" />
            <String ID="Word_64502" HPOS="885" VPOS="2158" WIDTH="44" HEIGHT="41" CONTENT="of" />
            <SP ID="SP_58121" HPOS="929" VPOS="2157" WIDTH="16" HEIGHT="0" />
            <String ID="Word_64503" HPOS="945" VPOS="2157" WIDTH="288" HEIGHT="52" CONTENT="articulation," />
            <SP ID="SP_58122" HPOS="1233" VPOS="2157" WIDTH="18" HEIGHT="0" />
            <String ID="Word_64504" HPOS="1251" VPOS="2157" WIDTH="164" HEIGHT="42" CONTENT="though" />
            <SP ID="SP_58123" HPOS="1415" VPOS="2157" WIDTH="15" HEIGHT="0" />
            <String ID="Word_64505" HPOS="1430" VPOS="2157" WIDTH="84" HEIGHT="42" CONTENT="less" />
            <SP ID="SP_58124" HPOS="1514" VPOS="2157" WIDTH="14" HEIGHT="0" />
            <String ID="Word_64506" HPOS="1528" VPOS="2161" WIDTH="94" HEIGHT="38" CONTENT="true" />
            <SP ID="SP_58125" HPOS="1622" VPOS="2161" WIDTH="15" HEIGHT="0" />
            <String ID="Word_64507" HPOS="1637" VPOS="2170" WIDTH="45" HEIGHT="29" CONTENT="as" />
            <SP ID="SP_58126" HPOS="1682" VPOS="2170" WIDTH="15" HEIGHT="0" />
            <String ID="Word_64508" HPOS="1697" VPOS="2171" WIDTH="54" HEIGHT="27" CONTENT="an" />
            <SP ID="SP_58127" HPOS="1751" VPOS="2157" WIDTH="14" HEIGHT="0" />
            <String ID="Word_64509" HPOS="1765" VPOS="2157" WIDTH="140" HEIGHT="41" CONTENT="imita-" />
          </TextLine>
          <TextLine ID="TextLine_6387" HPOS="286" VPOS="2227" WIDTH="1615" HEIGHT="45">
            <String ID="Word_64510" HPOS="286" VPOS="2229" WIDTH="104" HEIGHT="41" CONTENT="tion." />
            <SP ID="SP_58128" HPOS="390" VPOS="2229" WIDTH="43" HEIGHT="0" />
            <String ID="Word_64511" HPOS="433" VPOS="2232" WIDTH="21" HEIGHT="19" CONTENT="&quot;" />
            <SP ID="SP_58129" HPOS="454" VPOS="2229" WIDTH="16" HEIGHT="0" />
            <String ID="Word_64512" HPOS="470" VPOS="2229" WIDTH="174" HEIGHT="42" CONTENT="Cuckoo" />
            <SP ID="SP_58130" HPOS="644" VPOS="2227" WIDTH="19" HEIGHT="0" />
            <String ID="Word_64513" HPOS="663" VPOS="2227" WIDTH="20" HEIGHT="19" CONTENT="&quot;" />
            <SP ID="SP_58131" HPOS="683" VPOS="2227" WIDTH="23" HEIGHT="0" />
            <String ID="Word_64514" HPOS="706" VPOS="2229" WIDTH="86" HEIGHT="41" CONTENT="and" />
            <SP ID="SP_58132" HPOS="792" VPOS="2229" WIDTH="22" HEIGHT="0" />
            <String ID="Word_64515" HPOS="814" VPOS="2232" WIDTH="21" HEIGHT="18" CONTENT="&quot;" />
            <SP ID="SP_58133" HPOS="835" VPOS="2229" WIDTH="17" HEIGHT="0" />
            <String ID="Word_64516" HPOS="852" VPOS="2228" WIDTH="200" HEIGHT="42" CONTENT="Peewit&quot;" />
            <SP ID="SP_58134" HPOS="1052" VPOS="2228" WIDTH="18" HEIGHT="0" />
            <String ID="Word_64517" HPOS="1070" VPOS="2242" WIDTH="71" HEIGHT="28" CONTENT="are" />
            <SP ID="SP_58135" HPOS="1141" VPOS="2228" WIDTH="18" HEIGHT="0" />
            <String ID="Word_64518" HPOS="1159" VPOS="2228" WIDTH="189" HEIGHT="42" CONTENT="familiar" />
            <SP ID="SP_58136" HPOS="1348" VPOS="2227" WIDTH="19" HEIGHT="0" />
            <String ID="Word_64519" HPOS="1367" VPOS="2227" WIDTH="135" HEIGHT="42" CONTENT="words" />
            <SP ID="SP_58137" HPOS="1502" VPOS="2227" WIDTH="19" HEIGHT="0" />
            <String ID="Word_64520" HPOS="1521" VPOS="2227" WIDTH="45" HEIGHT="42" CONTENT="of" />
            <SP ID="SP_58138" HPOS="1566" VPOS="2227" WIDTH="13" HEIGHT="0" />
            <String ID="Word_64521" HPOS="1579" VPOS="2227" WIDTH="103" HEIGHT="42" CONTENT="such" />
            <SP ID="SP_58139" HPOS="1682" VPOS="2227" WIDTH="16" HEIGHT="0" />
            <String ID="Word_64522" HPOS="1698" VPOS="2241" WIDTH="24" HEIGHT="27" CONTENT="a" />
            <SP ID="SP_58140" HPOS="1722" VPOS="2227" WIDTH="16" HEIGHT="0" />
            <String ID="Word_64523" HPOS="1738" VPOS="2227" WIDTH="163" HEIGHT="42" CONTENT="deriva-" />
          </TextLine>
          <TextLine ID="TextLine_6388" HPOS="285" VPOS="2297" WIDTH="1619" HEIGHT="56">
            <String ID="Word_64524" HPOS="285" VPOS="2298" WIDTH="110" HEIGHT="52" CONTENT="tion;" />
            <SP ID="SP_58141" HPOS="395" VPOS="2298" WIDTH="22" HEIGHT="0" />
            <String ID="Word_64525" HPOS="417" VPOS="2298" WIDTH="85" HEIGHT="42" CONTENT="and" />
            <SP ID="SP_58142" HPOS="502" VPOS="2298" WIDTH="18" HEIGHT="0" />
            <String ID="Word_64526" HPOS="520" VPOS="2312" WIDTH="45" HEIGHT="28" CONTENT="so" />
            <SP ID="SP_58143" HPOS="565" VPOS="2298" WIDTH="16" HEIGHT="0" />
            <String ID="Word_64527" HPOS="581" VPOS="2298" WIDTH="36" HEIGHT="41" CONTENT="is" />
            <SP ID="SP_58144" HPOS="617" VPOS="2298" WIDTH="18" HEIGHT="0" />
            <String ID="Word_64528" HPOS="635" VPOS="2302" WIDTH="20" HEIGHT="17" CONTENT="&quot;" />
            <SP ID="SP_58145" HPOS="655" VPOS="2298" WIDTH="18" HEIGHT="0" />
            <String ID="Word_64529" HPOS="673" VPOS="2298" WIDTH="420" HEIGHT="55" CONTENT="Whip-poor-Will&quot;" />
            <SP ID="SP_58146" HPOS="1093" VPOS="2298" WIDTH="13" HEIGHT="0" />
            <String ID="Word_64530" HPOS="1106" VPOS="2298" WIDTH="84" HEIGHT="42" CONTENT="and" />
            <SP ID="SP_58147" HPOS="1190" VPOS="2298" WIDTH="15" HEIGHT="0" />
            <String ID="Word_64531" HPOS="1205" VPOS="2313" WIDTH="24" HEIGHT="27" CONTENT="a" />
            <SP ID="SP_58148" HPOS="1229" VPOS="2298" WIDTH="15" HEIGHT="0" />
            <String ID="Word_64532" HPOS="1244" VPOS="2298" WIDTH="98" HEIGHT="41" CONTENT="host" />
            <SP ID="SP_58149" HPOS="1342" VPOS="2298" WIDTH="17" HEIGHT="0" />
            <String ID="Word_64533" HPOS="1359" VPOS="2298" WIDTH="45" HEIGHT="41" CONTENT="of" />
            <SP ID="SP_58150" HPOS="1404" VPOS="2297" WIDTH="14" HEIGHT="0" />
            <String ID="Word_64534" HPOS="1418" VPOS="2297" WIDTH="153" HEIGHT="42" CONTENT="others." />
            <SP ID="SP_58151" HPOS="1571" VPOS="2297" WIDTH="62" HEIGHT="0" />
            <String ID="Word_64535" HPOS="1633" VPOS="2297" WIDTH="75" HEIGHT="41" CONTENT="All" />
            <SP ID="SP_58152" HPOS="1708" VPOS="2297" WIDTH="15" HEIGHT="0" />
            <String ID="Word_64536" HPOS="1723" VPOS="2297" WIDTH="126" HEIGHT="41" CONTENT="kinds" />
            <SP ID="SP_58153" HPOS="1849" VPOS="2297" WIDTH="14" HEIGHT="0" />
            <String ID="Word_64537" HPOS="1863" VPOS="2297" WIDTH="41" HEIGHT="41" CONTENT="of" />
          </TextLine>
          <TextLine ID="TextLine_6389" HPOS="285" VPOS="2365" WIDTH="1616" HEIGHT="59">
            <String ID="Word_64538" HPOS="285" VPOS="2368" WIDTH="172" HEIGHT="41" CONTENT="natural" />
            <SP ID="SP_58154" HPOS="457" VPOS="2368" WIDTH="23" HEIGHT="0" />
            <String ID="Word_64539" HPOS="480" VPOS="2368" WIDTH="160" HEIGHT="42" CONTENT="sounds" />
            <SP ID="SP_58155" HPOS="640" VPOS="2368" WIDTH="29" HEIGHT="0" />
            <String ID="Word_64540" HPOS="669" VPOS="2368" WIDTH="110" HEIGHT="42" CONTENT="have" />
            <SP ID="SP_58156" HPOS="779" VPOS="2368" WIDTH="21" HEIGHT="0" />
            <String ID="Word_64541" HPOS="800" VPOS="2368" WIDTH="102" HEIGHT="42" CONTENT="thus" />
            <SP ID="SP_58157" HPOS="902" VPOS="2368" WIDTH="23" HEIGHT="0" />
            <String ID="Word_64542" HPOS="925" VPOS="2368" WIDTH="108" HEIGHT="43" CONTENT="been" />
            <SP ID="SP_58158" HPOS="1033" VPOS="2368" WIDTH="22" HEIGHT="0" />
            <String ID="Word_64543" HPOS="1055" VPOS="2368" WIDTH="278" HEIGHT="56" CONTENT="reproduced," />
            <SP ID="SP_58159" HPOS="1333" VPOS="2367" WIDTH="20" HEIGHT="0" />
            <String ID="Word_64544" HPOS="1353" VPOS="2367" WIDTH="85" HEIGHT="42" CONTENT="and" />
            <SP ID="SP_58160" HPOS="1438" VPOS="2367" WIDTH="23" HEIGHT="0" />
            <String ID="Word_64545" HPOS="1461" VPOS="2381" WIDTH="69" HEIGHT="28" CONTENT="are" />
            <SP ID="SP_58161" HPOS="1530" VPOS="2366" WIDTH="31" HEIGHT="0" />
            <String ID="Word_64546" HPOS="1561" VPOS="2366" WIDTH="272" HEIGHT="43" CONTENT="represented" />
            <SP ID="SP_58162" HPOS="1833" VPOS="2365" WIDTH="25" HEIGHT="0" />
            <String ID="Word_64547" HPOS="1858" VPOS="2365" WIDTH="43" HEIGHT="43" CONTENT="in" />
          </TextLine>
          <TextLine ID="TextLine_6390" HPOS="284" VPOS="2437" WIDTH="1618" HEIGHT="58">
            <String ID="Word_64548" HPOS="284" VPOS="2439" WIDTH="172" HEIGHT="41" CONTENT="various" />
            <SP ID="SP_58163" HPOS="456" VPOS="2438" WIDTH="22" HEIGHT="0" />
            <String ID="Word_64549" HPOS="478" VPOS="2438" WIDTH="242" HEIGHT="57" CONTENT="languages." />
            <SP ID="SP_58164" HPOS="720" VPOS="2438" WIDTH="63" HEIGHT="0" />
            <String ID="Word_64550" HPOS="783" VPOS="2439" WIDTH="83" HEIGHT="41" CONTENT="We" />
            <SP ID="SP_58165" HPOS="866" VPOS="2439" WIDTH="24" HEIGHT="0" />
            <String ID="Word_64551" HPOS="890" VPOS="2439" WIDTH="91" HEIGHT="41" CONTENT="talk" />
            <SP ID="SP_58166" HPOS="981" VPOS="2439" WIDTH="23" HEIGHT="0" />
            <String ID="Word_64552" HPOS="1004" VPOS="2439" WIDTH="44" HEIGHT="42" CONTENT="of" />
            <SP ID="SP_58167" HPOS="1048" VPOS="2439" WIDTH="22" HEIGHT="0" />
            <String ID="Word_64553" HPOS="1070" VPOS="2443" WIDTH="20" HEIGHT="17" CONTENT="&quot;" />
            <SP ID="SP_58168" HPOS="1090" VPOS="2439" WIDTH="17" HEIGHT="0" />
            <String ID="Word_64554" HPOS="1107" VPOS="2439" WIDTH="72" HEIGHT="42" CONTENT="the" />
            <SP ID="SP_58169" HPOS="1179" VPOS="2438" WIDTH="24" HEIGHT="0" />
            <String ID="Word_64555" HPOS="1203" VPOS="2438" WIDTH="202" HEIGHT="42" CONTENT="clucking" />
            <SP ID="SP_58170" HPOS="1405" VPOS="2438" WIDTH="22" HEIGHT="0" />
            <String ID="Word_64556" HPOS="1427" VPOS="2438" WIDTH="43" HEIGHT="41" CONTENT="of" />
            <SP ID="SP_58171" HPOS="1470" VPOS="2437" WIDTH="31" HEIGHT="0" />
            <String ID="Word_64557" HPOS="1501" VPOS="2437" WIDTH="119" HEIGHT="51" CONTENT="hens," />
            <SP ID="SP_58172" HPOS="1620" VPOS="2437" WIDTH="22" HEIGHT="0" />
            <String ID="Word_64558" HPOS="1642" VPOS="2437" WIDTH="197" HEIGHT="42" CONTENT="cackling" />
            <SP ID="SP_58173" HPOS="1839" VPOS="2437" WIDTH="20" HEIGHT="0" />
            <String ID="Word_64559" HPOS="1859" VPOS="2450" WIDTH="43" HEIGHT="28" CONTENT="or" />
          </TextLine>
          <TextLine ID="TextLine_6391" HPOS="283" VPOS="2509" WIDTH="1619" HEIGHT="57">
            <String ID="Word_64560" HPOS="283" VPOS="2510" WIDTH="202" HEIGHT="55" CONTENT="gaggling" />
            <SP ID="SP_58174" HPOS="485" VPOS="2510" WIDTH="22" HEIGHT="0" />
            <String ID="Word_64561" HPOS="507" VPOS="2511" WIDTH="43" HEIGHT="41" CONTENT="of" />
            <SP ID="SP_58175" HPOS="550" VPOS="2511" WIDTH="30" HEIGHT="0" />
            <String ID="Word_64562" HPOS="580" VPOS="2524" WIDTH="135" HEIGHT="42" CONTENT="geese," />
            <SP ID="SP_58176" HPOS="715" VPOS="2510" WIDTH="21" HEIGHT="0" />
            <String ID="Word_64563" HPOS="736" VPOS="2510" WIDTH="205" HEIGHT="55" CONTENT="gobbling" />
            <SP ID="SP_58177" HPOS="941" VPOS="2510" WIDTH="22" HEIGHT="0" />
            <String ID="Word_64564" HPOS="963" VPOS="2511" WIDTH="46" HEIGHT="41" CONTENT="of" />
            <SP ID="SP_58178" HPOS="1009" VPOS="2511" WIDTH="27" HEIGHT="0" />
            <String ID="Word_64565" HPOS="1036" VPOS="2524" WIDTH="25" HEIGHT="28" CONTENT="a" />
            <SP ID="SP_58179" HPOS="1061" VPOS="2511" WIDTH="22" HEIGHT="0" />
            <String ID="Word_64566" HPOS="1083" VPOS="2511" WIDTH="155" HEIGHT="55" CONTENT="turkey" />
            <SP ID="SP_58180" HPOS="1238" VPOS="2510" WIDTH="24" HEIGHT="0" />
            <String ID="Word_64567" HPOS="1262" VPOS="2510" WIDTH="115" HEIGHT="50" CONTENT="cock," />
            <SP ID="SP_58181" HPOS="1377" VPOS="2509" WIDTH="23" HEIGHT="0" />
            <String ID="Word_64568" HPOS="1400" VPOS="2509" WIDTH="217" HEIGHT="56" CONTENT="quacking" />
            <SP ID="SP_58182" HPOS="1617" VPOS="2509" WIDTH="21" HEIGHT="0" />
            <String ID="Word_64569" HPOS="1638" VPOS="2509" WIDTH="43" HEIGHT="41" CONTENT="of" />
            <SP ID="SP_58183" HPOS="1681" VPOS="2509" WIDTH="21" HEIGHT="0" />
            <String ID="Word_64570" HPOS="1702" VPOS="2509" WIDTH="135" HEIGHT="42" CONTENT="ducks" />
            <SP ID="SP_58184" HPOS="1837" VPOS="2509" WIDTH="22" HEIGHT="0" />
            <String ID="Word_64571" HPOS="1859" VPOS="2522" WIDTH="43" HEIGHT="28" CONTENT="or" />
          </TextLine>
          <TextLine ID="TextLine_6392" HPOS="282" VPOS="2579" WIDTH="1619" HEIGHT="57">
            <String ID="Word_64572" HPOS="282" VPOS="2581" WIDTH="128" HEIGHT="55" CONTENT="frogs," />
            <SP ID="SP_58185" HPOS="410" VPOS="2581" WIDTH="14" HEIGHT="0" />
            <String ID="Word_64573" HPOS="424" VPOS="2581" WIDTH="165" HEIGHT="41" CONTENT="cawing" />
            <SP ID="SP_58186" HPOS="589" VPOS="2581" WIDTH="14" HEIGHT="0" />
            <String ID="Word_64574" HPOS="603" VPOS="2595" WIDTH="47" HEIGHT="27" CONTENT="or" />
            <SP ID="SP_58187" HPOS="650" VPOS="2581" WIDTH="13" HEIGHT="0" />
            <String ID="Word_64575" HPOS="663" VPOS="2581" WIDTH="235" HEIGHT="55" CONTENT="quawking" />
            <SP ID="SP_58188" HPOS="898" VPOS="2581" WIDTH="14" HEIGHT="0" />
            <String ID="Word_64576" HPOS="912" VPOS="2582" WIDTH="43" HEIGHT="40" CONTENT="of" />
            <SP ID="SP_58189" HPOS="955" VPOS="2581" WIDTH="13" HEIGHT="0" />
            <String ID="Word_64577" HPOS="968" VPOS="2581" WIDTH="352" HEIGHT="50" CONTENT="rooks,croaking" />
            <SP ID="SP_58190" HPOS="1320" VPOS="2580" WIDTH="15" HEIGHT="0" />
            <String ID="Word_64578" HPOS="1335" VPOS="2580" WIDTH="45" HEIGHT="42" CONTENT="of" />
            <SP ID="SP_58191" HPOS="1380" VPOS="2580" WIDTH="11" HEIGHT="0" />
            <String ID="Word_64579" HPOS="1391" VPOS="2580" WIDTH="111" HEIGHT="41" CONTENT="frogs" />
            <SP ID="SP_58192" HPOS="1502" VPOS="2580" WIDTH="15" HEIGHT="0" />
            <String ID="Word_64580" HPOS="1517" VPOS="2593" WIDTH="47" HEIGHT="28" CONTENT="or" />
            <SP ID="SP_58193" HPOS="1564" VPOS="2593" WIDTH="13" HEIGHT="0" />
            <String ID="Word_64581" HPOS="1577" VPOS="2593" WIDTH="163" HEIGHT="37" CONTENT="ravens," />
            <SP ID="SP_58194" HPOS="1740" VPOS="2579" WIDTH="15" HEIGHT="0" />
            <String ID="Word_64582" HPOS="1755" VPOS="2591" WIDTH="146" HEIGHT="42" CONTENT="cooing" />
          </TextLine>
          <TextLine ID="TextLine_6393" HPOS="282" VPOS="2649" WIDTH="1619" HEIGHT="57">
            <String ID="Word_64583" HPOS="282" VPOS="2664" WIDTH="48" HEIGHT="28" CONTENT="or" />
            <SP ID="SP_58195" HPOS="330" VPOS="2651" WIDTH="21" HEIGHT="0" />
            <String ID="Word_64584" HPOS="351" VPOS="2651" WIDTH="172" HEIGHT="42" CONTENT="crooing" />
            <SP ID="SP_58196" HPOS="523" VPOS="2651" WIDTH="21" HEIGHT="0" />
            <String ID="Word_64585" HPOS="544" VPOS="2651" WIDTH="44" HEIGHT="42" CONTENT="of" />
            <SP ID="SP_58197" HPOS="588" VPOS="2651" WIDTH="21" HEIGHT="0" />
            <String ID="Word_64586" HPOS="609" VPOS="2651" WIDTH="143" HEIGHT="50" CONTENT="doves," />
            <SP ID="SP_58198" HPOS="752" VPOS="2650" WIDTH="21" HEIGHT="0" />
            <String ID="Word_64587" HPOS="773" VPOS="2650" WIDTH="178" HEIGHT="42" CONTENT="hooting" />
            <SP ID="SP_58199" HPOS="951" VPOS="2650" WIDTH="21" HEIGHT="0" />
            <String ID="Word_64588" HPOS="972" VPOS="2651" WIDTH="46" HEIGHT="41" CONTENT="of" />
            <SP ID="SP_58200" HPOS="1018" VPOS="2651" WIDTH="18" HEIGHT="0" />
            <String ID="Word_64589" HPOS="1036" VPOS="2651" WIDTH="117" HEIGHT="50" CONTENT="owls," />
            <SP ID="SP_58201" HPOS="1153" VPOS="2651" WIDTH="22" HEIGHT="0" />
            <String ID="Word_64590" HPOS="1175" VPOS="2651" WIDTH="211" HEIGHT="54" CONTENT="bumping" />
            <SP ID="SP_58202" HPOS="1386" VPOS="2651" WIDTH="31" HEIGHT="0" />
            <String ID="Word_64591" HPOS="1417" VPOS="2651" WIDTH="45" HEIGHT="41" CONTENT="of" />
            <SP ID="SP_58203" HPOS="1462" VPOS="2650" WIDTH="29" HEIGHT="0" />
            <String ID="Word_64592" HPOS="1491" VPOS="2650" WIDTH="195" HEIGHT="51" CONTENT="bitterns," />
            <SP ID="SP_58204" HPOS="1686" VPOS="2649" WIDTH="22" HEIGHT="0" />
            <String ID="Word_64593" HPOS="1708" VPOS="2650" WIDTH="193" HEIGHT="53" CONTENT="chirping" />
          </TextLine>
          <TextLine ID="TextLine_6394" HPOS="283" VPOS="2720" WIDTH="1617" HEIGHT="56">
            <String ID="Word_64594" HPOS="283" VPOS="2721" WIDTH="44" HEIGHT="42" CONTENT="of" />
            <SP ID="SP_58205" HPOS="327" VPOS="2721" WIDTH="21" HEIGHT="0" />
            <String ID="Word_64595" HPOS="348" VPOS="2735" WIDTH="208" HEIGHT="41" CONTENT="sparrows" />
            <SP ID="SP_58206" HPOS="556" VPOS="2735" WIDTH="22" HEIGHT="0" />
            <String ID="Word_64596" HPOS="578" VPOS="2735" WIDTH="46" HEIGHT="28" CONTENT="or" />
            <SP ID="SP_58207" HPOS="624" VPOS="2721" WIDTH="21" HEIGHT="0" />
            <String ID="Word_64597" HPOS="645" VPOS="2721" WIDTH="196" HEIGHT="51" CONTENT="crickets," />
            <SP ID="SP_58208" HPOS="841" VPOS="2721" WIDTH="22" HEIGHT="0" />
            <String ID="Word_64598" HPOS="863" VPOS="2721" WIDTH="238" HEIGHT="42" CONTENT="twittering" />
            <SP ID="SP_58209" HPOS="1101" VPOS="2721" WIDTH="22" HEIGHT="0" />
            <String ID="Word_64599" HPOS="1123" VPOS="2721" WIDTH="46" HEIGHT="41" CONTENT="of" />
            <SP ID="SP_58210" HPOS="1169" VPOS="2720" WIDTH="18" HEIGHT="0" />
            <String ID="Word_64600" HPOS="1187" VPOS="2720" WIDTH="224" HEIGHT="51" CONTENT="swallows," />
            <SP ID="SP_58211" HPOS="1411" VPOS="2720" WIDTH="18" HEIGHT="0" />
            <String ID="Word_64601" HPOS="1429" VPOS="2720" WIDTH="239" HEIGHT="42" CONTENT="chattering" />
            <SP ID="SP_58212" HPOS="1668" VPOS="2720" WIDTH="17" HEIGHT="0" />
            <String ID="Word_64602" HPOS="1685" VPOS="2720" WIDTH="43" HEIGHT="41" CONTENT="of" />
            <SP ID="SP_58213" HPOS="1728" VPOS="2720" WIDTH="21" HEIGHT="0" />
            <String ID="Word_64603" HPOS="1749" VPOS="2720" WIDTH="90" HEIGHT="55" CONTENT="pies" />
            <SP ID="SP_58214" HPOS="1839" VPOS="2720" WIDTH="17" HEIGHT="0" />
            <String ID="Word_64604" HPOS="1856" VPOS="2732" WIDTH="44" HEIGHT="28" CONTENT="or" />
          </TextLine>
          <TextLine ID="TextLine_6395" HPOS="283" VPOS="2789" WIDTH="1615" HEIGHT="58">
            <String ID="Word_64605" HPOS="283" VPOS="2791" WIDTH="224" HEIGHT="56" CONTENT="monkeys," />
            <SP ID="SP_58215" HPOS="507" VPOS="2791" WIDTH="14" HEIGHT="0" />
            <String ID="Word_64606" HPOS="521" VPOS="2791" WIDTH="205" HEIGHT="56" CONTENT="neighing" />
            <SP ID="SP_58216" HPOS="726" VPOS="2791" WIDTH="14" HEIGHT="0" />
            <String ID="Word_64607" HPOS="740" VPOS="2805" WIDTH="46" HEIGHT="28" CONTENT="or" />
            <SP ID="SP_58217" HPOS="786" VPOS="2790" WIDTH="8" HEIGHT="0" />
            <String ID="Word_64608" HPOS="794" VPOS="2790" WIDTH="254" HEIGHT="56" CONTENT="whinnying" />
            <SP ID="SP_58218" HPOS="1048" VPOS="2790" WIDTH="14" HEIGHT="0" />
            <String ID="Word_64609" HPOS="1062" VPOS="2791" WIDTH="46" HEIGHT="41" CONTENT="of" />
            <SP ID="SP_58219" HPOS="1108" VPOS="2790" WIDTH="10" HEIGHT="0" />
            <String ID="Word_64610" HPOS="1118" VPOS="2790" WIDTH="159" HEIGHT="51" CONTENT="horses," />
            <SP ID="SP_58220" HPOS="1277" VPOS="2790" WIDTH="15" HEIGHT="0" />
            <String ID="Word_64611" HPOS="1292" VPOS="2790" WIDTH="178" HEIGHT="55" CONTENT="purring" />
            <SP ID="SP_58221" HPOS="1470" VPOS="2790" WIDTH="14" HEIGHT="0" />
            <String ID="Word_64612" HPOS="1484" VPOS="2804" WIDTH="45" HEIGHT="28" CONTENT="or" />
            <SP ID="SP_58222" HPOS="1529" VPOS="2790" WIDTH="14" HEIGHT="0" />
            <String ID="Word_64613" HPOS="1543" VPOS="2790" WIDTH="184" HEIGHT="42" CONTENT="mewing" />
            <SP ID="SP_58223" HPOS="1727" VPOS="2789" WIDTH="13" HEIGHT="0" />
            <String ID="Word_64614" HPOS="1740" VPOS="2789" WIDTH="44" HEIGHT="42" CONTENT="of" />
            <SP ID="SP_58224" HPOS="1784" VPOS="2789" WIDTH="16" HEIGHT="0" />
            <String ID="Word_64615" HPOS="1800" VPOS="2801" WIDTH="98" HEIGHT="36" CONTENT="cats," />
          </TextLine>
          <TextLine ID="TextLine_6396" HPOS="280" VPOS="2857" WIDTH="1618" HEIGHT="62">
            <String ID="Word_64616" HPOS="280" VPOS="2862" WIDTH="190" HEIGHT="57" CONTENT="yelping," />
            <SP ID="SP_58225" HPOS="470" VPOS="2862" WIDTH="17" HEIGHT="0" />
            <String ID="Word_64617" HPOS="487" VPOS="2862" WIDTH="201" HEIGHT="56" CONTENT="howling," />
            <SP ID="SP_58226" HPOS="688" VPOS="2861" WIDTH="23" HEIGHT="0" />
            <String ID="Word_64618" HPOS="711" VPOS="2861" WIDTH="195" HEIGHT="56" CONTENT="barking," />
            <SP ID="SP_58227" HPOS="906" VPOS="2861" WIDTH="23" HEIGHT="0" />
            <String ID="Word_64619" HPOS="929" VPOS="2861" WIDTH="192" HEIGHT="42" CONTENT="snarling" />
            <SP ID="SP_58228" HPOS="1121" VPOS="2860" WIDTH="18" HEIGHT="0" />
            <String ID="Word_64620" HPOS="1139" VPOS="2860" WIDTH="45" HEIGHT="41" CONTENT="of" />
            <SP ID="SP_58229" HPOS="1184" VPOS="2860" WIDTH="14" HEIGHT="0" />
            <String ID="Word_64621" HPOS="1198" VPOS="2860" WIDTH="116" HEIGHT="55" CONTENT="dogs," />
            <SP ID="SP_58230" HPOS="1314" VPOS="2860" WIDTH="22" HEIGHT="0" />
            <String ID="Word_64622" HPOS="1336" VPOS="2860" WIDTH="208" HEIGHT="54" CONTENT="grunting" />
            <SP ID="SP_58231" HPOS="1544" VPOS="2860" WIDTH="17" HEIGHT="0" />
            <String ID="Word_64623" HPOS="1561" VPOS="2873" WIDTH="45" HEIGHT="28" CONTENT="or" />
            <SP ID="SP_58232" HPOS="1606" VPOS="2859" WIDTH="16" HEIGHT="0" />
            <String ID="Word_64624" HPOS="1622" VPOS="2859" WIDTH="221" HEIGHT="55" CONTENT="squealing" />
            <SP ID="SP_58233" HPOS="1843" VPOS="2857" WIDTH="14" HEIGHT="0" />
            <String ID="Word_64625" HPOS="1857" VPOS="2857" WIDTH="41" HEIGHT="42" CONTENT="of" />
          </TextLine>
          <TextLine ID="TextLine_6397" HPOS="280" VPOS="2929" WIDTH="1617" HEIGHT="60">
            <String ID="Word_64626" HPOS="280" VPOS="2934" WIDTH="118" HEIGHT="55" CONTENT="hogs," />
            <SP ID="SP_58234" HPOS="398" VPOS="2932" WIDTH="15" HEIGHT="0" />
            <String ID="Word_64627" HPOS="413" VPOS="2932" WIDTH="231" HEIGHT="44" CONTENT="bellowing" />
            <SP ID="SP_58235" HPOS="644" VPOS="2932" WIDTH="17" HEIGHT="0" />
            <String ID="Word_64628" HPOS="661" VPOS="2932" WIDTH="45" HEIGHT="42" CONTENT="of" />
            <SP ID="SP_58236" HPOS="706" VPOS="2931" WIDTH="16" HEIGHT="0" />
            <String ID="Word_64629" HPOS="722" VPOS="2931" WIDTH="128" HEIGHT="51" CONTENT="bulls," />
            <SP ID="SP_58237" HPOS="850" VPOS="2930" WIDTH="15" HEIGHT="0" />
            <String ID="Word_64630" HPOS="865" VPOS="2930" WIDTH="161" HEIGHT="43" CONTENT="lowing" />
            <SP ID="SP_58238" HPOS="1026" VPOS="2930" WIDTH="21" HEIGHT="0" />
            <String ID="Word_64631" HPOS="1047" VPOS="2931" WIDTH="45" HEIGHT="42" CONTENT="of" />
            <SP ID="SP_58239" HPOS="1092" VPOS="2931" WIDTH="19" HEIGHT="0" />
            <String ID="Word_64632" HPOS="1111" VPOS="2944" WIDTH="122" HEIGHT="38" CONTENT="oxen," />
            <SP ID="SP_58240" HPOS="1233" VPOS="2929" WIDTH="17" HEIGHT="0" />
            <String ID="Word_64633" HPOS="1250" VPOS="2929" WIDTH="194" HEIGHT="43" CONTENT="bleating" />
            <SP ID="SP_58241" HPOS="1444" VPOS="2929" WIDTH="16" HEIGHT="0" />
            <String ID="Word_64634" HPOS="1460" VPOS="2930" WIDTH="44" HEIGHT="42" CONTENT="of" />
            <SP ID="SP_58242" HPOS="1504" VPOS="2929" WIDTH="21" HEIGHT="0" />
            <String ID="Word_64635" HPOS="1525" VPOS="2929" WIDTH="142" HEIGHT="56" CONTENT="sheep," />
            <SP ID="SP_58243" HPOS="1667" VPOS="2929" WIDTH="18" HEIGHT="0" />
            <String ID="Word_64636" HPOS="1685" VPOS="2929" WIDTH="152" HEIGHT="54" CONTENT="baaing" />
            <SP ID="SP_58244" HPOS="1837" VPOS="2929" WIDTH="16" HEIGHT="0" />
            <String ID="Word_64637" HPOS="1853" VPOS="2940" WIDTH="44" HEIGHT="28" CONTENT="or" />
          </TextLine>
          <TextLine ID="TextLine_6398" HPOS="278" VPOS="3002" WIDTH="453" HEIGHT="59">
            <String ID="Word_64638" HPOS="278" VPOS="3004" WIDTH="172" HEIGHT="43" CONTENT="maeing" />
            <SP ID="SP_58245" HPOS="450" VPOS="3004" WIDTH="16" HEIGHT="0" />
            <String ID="Word_64639" HPOS="466" VPOS="3004" WIDTH="47" HEIGHT="42" CONTENT="of" />
            <SP ID="SP_58246" HPOS="513" VPOS="3002" WIDTH="17" HEIGHT="0" />
            <String ID="Word_64640" HPOS="530" VPOS="3002" WIDTH="201" HEIGHT="45" CONTENT="lambs.&quot;1" />
          </TextLine>
          <TextLine ID="TextLine_6399" HPOS="808" VPOS="3075" WIDTH="555" HEIGHT="50">
            <String ID="Word_64641" HPOS="808" VPOS="3078" WIDTH="11" HEIGHT="24" CONTENT="1" />
            <SP ID="SP_58247" HPOS="819" VPOS="3076" WIDTH="19" HEIGHT="0" />
            <String ID="Word_64642" HPOS="838" VPOS="3076" WIDTH="237" HEIGHT="49" CONTENT="Wedgwood," />
            <SP ID="SP_58248" HPOS="1075" VPOS="3076" WIDTH="18" HEIGHT="0" />
            <String ID="Word_64643" HPOS="1093" VPOS="3088" WIDTH="51" HEIGHT="35" CONTENT="op." />
            <SP ID="SP_58249" HPOS="1144" VPOS="3075" WIDTH="21" HEIGHT="0" />
            <String ID="Word_64644" HPOS="1165" VPOS="3075" WIDTH="70" HEIGHT="47" CONTENT="cit.," />
            <SP ID="SP_58250" HPOS="1235" VPOS="3075" WIDTH="18" HEIGHT="0" />
            <String ID="Word_64645" HPOS="1253" VPOS="3086" WIDTH="34" HEIGHT="36" CONTENT="p." />
            <SP ID="SP_58251" HPOS="1287" VPOS="3076" WIDTH="24" HEIGHT="0" />
            <String ID="Word_64646" HPOS="1311" VPOS="3076" WIDTH="52" HEIGHT="35" CONTENT="16." />
          </TextLine>
        </TextBlock>
      </PrintSpace>
    </Page>
  </Layout>
</alto>
