1895 3217
1433 293 60 52 0'9

357 307 91 31 THE
471 306 90 32 BED
585 305 58 32 OR
665 305 183 31 ASIATIC
873 304 389 32 ORANG-OUTANG.

128 433 244 47 specimens
395 433 117 45 have
534 433 114 45 been
671 430 230 47 exhibited
932 430 46 45 in
1004 431 221 60 England,
1259 431 89 44 and
1370 437 126 40 notes

128 511 50 45 of
204 510 118 46 their
355 525 207 29 manners
588 509 135 44 while
757 509 131 53 alive,
915 507 112 45 with
1060 522 209 30 accounts
1300 506 50 46 of
1377 508 119 45 their

128 587 273 52 dissections,
427 587 114 44 have
565 586 227 60 generally
815 586 113 44 been
951 599 133 30 made
1118 584 90 45 and
1240 583 251 62 published.

128 663 132 45 None
290 662 50 46 of
365 671 125 37 these
522 678 73 29 are
627 662 146 59 equal,
808 662 223 52 however,
1064 661 47 44 in
1140 660 279 45 minuteness
1449 677 45 29 or

125 739 186 46 interest
339 746 46 39 to
419 740 101 44 that
553 738 49 46 of
630 747 77 36 the
739 738 232 45 assiduous
1005 737 242 45 naturalist
1279 753 69 29 we
1378 737 115 46 have

125 831 104 29 now
260 816 282 53 mentioned;
579 815 90 45 and
702 815 172 45 though
907 814 37 45 it
978 815 81 44 has
1093 815 113 44 been
1235 812 258 63 frequently

126 893 152 60 copied
301 893 93 45 into
420 893 144 44 works
587 898 194 54 treating
805 890 49 46 of
879 891 92 45 this
995 892 186 60 subject,
1208 891 90 45 and
1320 891 38 45 is
1381 906 111 46 veiy

125 970 227 60 generally
375 970 182 52 known,
584 984 69 30 we
677 969 161 45 should
860 974 79 39 not
969 967 199 46 consider
1201 974 79 38 the
1313 976 178 52 present

126 1046 265 60 description
415 1046 219 44 complete
657 1044 195 46 without
874 1045 50 45 it.
993 1045 65 45 Dr
1086 1044 119 45 Abel
1227 1045 91 44 had
1341 1060 27 29 a
1390 1045 103 60 long

125 1129 289 54 opportunity
445 1121 49 46 of
525 1123 233 59 observing
790 1128 79 38 the
903 1120 184 54 animal,
1118 1121 90 45 and
1237 1121 142 45 under
1406 1121 85 45 less

125 1199 245 44 constraint
393 1205 112 38 than
530 1214 91 45 any
645 1197 49 46 of
708 1205 126 38 those
858 1198 149 45 which
1029 1198 115 45 have
1168 1197 118 45 since
1304 1199 187 45 reached

127 1274 190 45 Britain.
386 1275 73 44 He
484 1291 93 29 was
601 1275 243 45 interested
867 1274 62 53 in,
955 1275 90 45 and
1070 1275 102 44 well
1192 1274 210 60 qualified
1425 1274 64 46 for

124 1357 78 38 the
231 1358 118 46 task,
381 1352 89 44 and
499 1352 69 44 his
601 1351 145 45 whole
782 1357 186 39 account
1003 1352 126 44 bears
1159 1360 78 35 the
1268 1357 148 54 stamp
1447 1351 45 45 of

123 1435 143 46 tmth,
300 1428 90 45 and
419 1443 113 29 close
563 1428 219 45 unbiased
805 1427 293 46 observation.
1166 1428 90 46 We
1279 1427 100 61 give
1409 1427 78 46 the

124 1504 265 60 description
412 1504 46 45 in
482 1505 69 44 his
576 1519 159 38 words,
761 1505 91 44 and
874 1504 319 60 unabridged.*

244 1581 109 45 This
376 1581 263 61 interesting
662 1581 169 45 animal
855 1597 93 29 was
971 1581 213 60 procured
1206 1582 61 59 by
1291 1581 195 61 Captain

122 1658 237 53 Methuen,
385 1659 101 44 who
521 1659 189 44 brought
743 1657 97 46 him
874 1657 111 46 from
1021 1658 378 60 Banjarmassing,
1430 1674 56 30 on

121 1740 78 39 the
223 1735 132 44 south
383 1741 119 39 coast
526 1734 50 46 of
606 1736 183 44 Borneo.
858 1735 74 45 He
955 1750 95 29 was
1081 1735 218 45 informed
1322 1737 61 59 by
1407 1736 78 46 the

118 1810 175 45 natives
317 1811 101 45 that
441 1811 57 45 he
521 1811 91 45 had
633 1812 113 44 been
774 1811 191 45 brought
995 1810 112 46 from
1137 1811 78 45 the
1245 1811 239 46 highlands

118 1885 50 44 of
191 1887 76 44 the
291 1887 210 45 interior:
535 1893 103 39 that
660 1887 57 45 he
742 1903 92 29 was
858 1903 110 45 very
990 1903 97 29 rare
1111 1888 90 44 and
1224 1888 190 44 difficult
1438 1895 45 38 to

119 1968 139 47 take;
305 1964 89 43 and
429 1970 112 53 they
582 1963 232 60 evidently
854 1963 255 45 considered
1147 1964 96 44 him
1288 1979 27 29 a
1356 1971 124 53 great

121 2038 226 60 curiosity,
373 2053 48 29 as
445 2039 110 59 they
579 2039 171 44 flocked
772 2038 47 45 in
843 2040 168 44 crowds
1034 2046 46 39 to
1104 2055 72 30 see
1198 2040 109 44 him.

241 2114 95 45 The
354 2115 154 44 height
532 2113 50 46 of
595 2121 79 38 the
698 2115 184 53 animal,
893 2115 190 61 judging
1105 2115 111 45 from
1234 2117 68 44 his
1327 2117 153 46 length

168 2269 16 20 •
208 2257 36 35 It
264 2270 69 23 was
354 2259 93 34 from
467 2259 70 35 this
556 2258 136 36 animal
712 2264 79 30 that
811 2265 64 30 the
895 2265 162 30 accurate
1079 2260 127 35 figures
1226 2261 37 34 in
1278 2259 64 36 Mr
1354 2259 125 37 James

115 2320 177 38 Wilson’s
312 2323 28 18 “
364 2322 243 38 Illustrations
627 2325 41 35 of
689 2323 185 49 Zoology”
894 2337 93 24 were
1007 2325 123 35 taken.
1192 2324 80 36 The
1304 2326 174 45 drawings

115 2398 90 24 were
232 2388 103 35 made
355 2389 47 46 by
422 2394 61 30 the
514 2389 203 36 celebrated
747 2389 138 46 Howit,
911 2391 71 34 and
1011 2403 92 23 were
1131 2391 188 35 furnished
1347 2396 37 29 to
1414 2390 63 35 the

114 2452 127 36 author
267 2453 48 46 by
345 2451 54 37 Dr
426 2453 113 45 Trail,
573 2453 184 37 Professor
786 2456 39 34 of
849 2455 160 36 Medical
1039 2455 281 36 Jurisprudence
1347 2456 38 34 in
1413 2456 63 37 the

116 2515 209 49 Edinburgh
348 2517 223 50 University.
