1933 3217
857 305 90 31 THE
972 305 226 32 STRIATED
1222 305 215 33 MONKEY.

474 288 88 48 196

469 430 89 45 and
576 429 163 47 careful
763 428 49 48 of
838 437 126 39 them
987 437 113 39 than
1124 437 78 40 the
1225 439 190 47 mother,
1442 432 89 46 and
1565 432 189 48 assisted
1782 434 48 46 in

468 512 78 39 the
586 507 171 61 charge.
827 508 98 44 The
970 523 152 45 young
1165 509 229 60 generally
1433 509 111 61 keep
1590 525 119 45 upon
1753 511 78 45 the

468 583 113 45 back
616 598 46 30 or
696 583 143 45 under
871 584 79 44 the
984 584 123 61 belly
1144 584 50 45 of
1218 585 78 45 the
1330 584 177 55 female,
1543 586 91 45 and
1668 586 165 46 Cuvier

469 661 226 53 observed,
720 667 101 38 that
846 661 133 45 when
1002 661 78 45 the
1104 660 160 47 female
1289 677 93 30 was
1405 661 116 46 tired
1543 661 114 46 with
1681 678 151 47 carry-

467 736 77 62 ing
566 743 141 47 them,
733 737 77 45 she
835 737 150 46 would
1007 738 220 60 approach
1260 745 79 39 the
1367 754 120 30 male
1511 738 113 46 with
1658 755 26 29 a
1708 740 125 45 shrill

469 829 92 44 cry,
599 814 100 45 who
732 814 314 61 immediately
1079 815 194 45 relieved
1305 815 80 45 her
1418 815 113 45 with
1565 815 70 46 his
1670 816 159 54 hands,

467 890 177 61 placing
674 897 78 39 the
785 907 152 45 young
959 907 120 44 upon
1101 891 70 45 his
1202 892 129 53 back,
1365 907 47 30 or
1434 892 143 44 under
1598 892 70 45 his
1692 893 137 53 belly,

469 967 149 45 where
652 967 111 61 they
786 967 105 45 held
913 967 285 52 themselves,
1226 967 90 46 and
1340 983 116 30 were
1489 968 167 45 carried
1679 976 151 46 about,

468 1043 72 47 till
576 1045 111 60 they
720 1045 181 44 became
934 1044 176 45 restless
1143 1043 64 46 for
1240 1043 128 55 milk,
1404 1044 135 45 when
1572 1051 112 55 they
1719 1061 116 30 were

468 1120 133 62 given
636 1136 102 31 over
770 1127 46 39 to
846 1126 78 39 the
953 1127 189 48 mother,
1177 1120 116 54 who,
1328 1120 47 46 in
1414 1120 80 46 her
1528 1127 119 48 turn,
1684 1123 152 44 would

470 1214 131 29 again
626 1198 252 45 endeavour
900 1203 46 40 to
968 1203 74 55 get
1064 1197 69 45 rid
1155 1197 50 46 of
1219 1197 141 45 them.
1429 1197 165 46 Cuvier
1616 1197 37 45 is
1677 1197 50 46 of
1742 1198 95 60 opi-

469 1276 122 52 nion,
616 1275 223 53 however,
864 1280 103 39 that
989 1280 78 39 the
1089 1274 177 61 general
1290 1273 280 46 intelligence
1594 1275 90 44 and
1701 1290 137 45 pene-

470 1358 167 38 tration
672 1350 230 46 exhibited
936 1352 61 59 by
1021 1350 91 45 this
1136 1350 184 54 animal,
1346 1349 37 46 is
1406 1350 179 46 inferior
1617 1356 46 40 to
1696 1366 142 45 many

475 1426 50 48 of
540 1434 76 38 the
641 1427 180 45 smaller
842 1427 234 61 monkeys.

536 1505 55 43 In
614 1504 192 60 general,
838 1510 78 38 the
950 1502 165 46 species
1143 1501 49 47 of
1208 1502 89 46 this
1320 1518 140 46 genus
1483 1502 116 46 have
1624 1518 27 30 a
1673 1509 100 55 part
1797 1502 49 46 of

471 1581 79 44 the
573 1581 119 59 body
717 1580 89 44 and
829 1579 83 45 tail
935 1579 157 45 barred
1117 1578 113 46 with
1254 1595 27 30 a
1302 1579 164 61 lighter
1489 1579 151 46 shade.
1708 1580 131 46 Some

473 1673 74 29 are
571 1672 129 29 again
723 1655 194 45 uniform
940 1655 47 45 in
1011 1662 79 37 the
1124 1655 182 46 colours.
1374 1655 98 46 One
1506 1655 37 46 is
1583 1655 192 61 entirely
1799 1654 50 47 of

473 1749 27 29 a
524 1733 164 60 silvery
713 1732 154 52 white,
893 1731 114 46 with
1031 1747 27 28 a
1080 1731 130 45 black
1233 1732 97 54 tail,
1356 1732 90 44 and
1469 1732 61 44 all
1547 1738 78 38 the
1649 1732 192 60 exposed

472 1815 124 56 parts
620 1808 49 46 of
684 1815 78 39 the
786 1809 102 43 skin
917 1809 132 59 being
1080 1823 27 29 a
1136 1807 149 46 bright
1318 1808 78 45 red
1418 1807 299 54 flesh-colour,
1742 1807 100 61 give

474 1903 28 29 a
525 1885 173 46 curious
721 1900 274 45 appearance
1018 1890 46 40 to
1092 1890 78 39 the
1194 1883 184 46 animal.
1447 1884 46 46 It
1515 1884 83 44 has
1622 1890 78 39 the
1723 1899 120 30 com-

474 1979 106 29 mon
603 1977 134 30 name
761 1960 50 47 of
827 1961 140 53 Mico,
994 1961 90 45 and
1109 1960 94 45 will
1227 1961 134 45 stand
1384 1976 48 30 as
1458 1960 68 45 H.
1551 1967 271 53 argentaUis.

540 2039 206 46 Another
764 2053 165 30 species
946 2037 192 45 without
1155 2037 77 45 the
1256 2036 178 62 barring
1456 2036 38 45 is
1517 2037 78 44 the
1622 2036 66 45 H.
1706 2034 140 46 mela-

474 2131 164 37 niirus,
659 2130 46 30 or
722 2113 298 47 black-tailed
1039 2113 202 54 Ouistiti,
1268 2113 89 46 and
1373 2112 147 46 which
1536 2112 37 46 is
1592 2112 254 45 considered

475 2194 63 59 by
557 2191 130 46 Khul
704 2197 46 39 to
767 2191 136 44 make
927 2196 78 39 the
1027 2205 186 45 passage
1227 2196 45 39 to
1288 2196 78 38 the
1384 2195 110 39 next
1512 2204 139 46 genus
1668 2188 176 52 Midas,

477 2284 47 30 or
561 2268 79 45 the
687 2267 267 46 Tamarins.
1026 2265 111 46 This
1178 2266 37 45 is
1256 2281 80 30 our
1365 2266 88 44 last
1492 2281 139 45 genus
1670 2264 45 44 in
1756 2263 91 45 this

480 2344 205 53 division,
712 2343 90 45 and
825 2343 36 45 is
893 2342 322 46 characterised
1238 2342 157 60 nearly
1425 2357 47 30 as
1495 2347 79 39 the
1597 2339 246 61 preceding,

478 2422 86 44 but
598 2419 150 46 differs
784 2419 48 46 in
865 2419 78 45 the
980 2418 251 54 dentition;
1277 2419 79 44 the
1379 2418 136 45 lower
1553 2417 179 44 incisors
1771 2429 74 30 are

479 2511 148 46 equal,
652 2497 90 45 and
777 2501 75 41 cut
886 2495 46 46 in
968 2511 27 29 a
1035 2495 170 60 sloping
1240 2494 245 54 direction;
1527 2492 78 46 the
1638 2489 206 48 forehead
