2113 3404
420 239 86 42 410
907 257 86 31 THE
1025 258 243 34 DISORDERS
1299 262 52 31 OF
1382 263 174 32 SPEECH.

425 369 125 57 using
571 373 22 19 "
607 373 235 56 extremely
867 375 89 42 foul
988 376 220 58 language,
1229 381 230 55 especially
1486 382 121 43 when
1641 383 225 42 interfered
1899 383 137 43 with."

421 439 123 44 Even
567 442 158 58 during
747 445 67 43 his
837 460 102 43 very
964 448 112 42 brief
1093 454 96 51 stay
1212 455 44 37 at
1278 451 73 43 the
1383 453 241 57 Infirmary,
1648 454 141 43 before
1810 454 68 43 his
1900 459 136 38 trans-

421 511 171 44 ference
635 519 42 37 to
720 516 73 42 the
837 517 101 42 Sick
980 518 240 45 Children's
1257 522 214 55 Hospital,
1509 524 66 42 his
1612 524 207 56 language
1857 525 123 42 made
2012 539 25 28 a

422 586 149 54 strong
594 584 252 56 impression
870 602 115 27 upon
1007 588 59 41 all
1090 589 94 42 who
1206 590 131 43 heard
1358 592 46 42 it.

484 652 20 42 I
528 655 109 42 need
659 659 76 38 not
757 656 144 42 follow
923 662 76 37 out
1020 657 73 43 the
1116 672 94 30 case
1238 661 45 41 in
1312 661 145 52 detail,
1479 663 78 41 but
1577 663 111 42 shall
1709 664 103 56 only
1834 678 74 42 say
1931 664 106 49 that,

421 723 111 42 after
553 724 64 41 Dr
648 725 121 42 Burn
796 726 215 42 Murdoch
1037 727 84 43 had
1144 731 247 55 repeatedly
1413 732 127 54 given
1573 734 240 42 santonine,
1833 748 24 27 a
1881 735 155 41 round-

422 807 145 38 worm,
602 796 53 40 10
688 796 149 42 inches
870 797 43 40 in
946 795 165 59 length,
1144 813 84 28 was
1260 801 152 54 passed
1444 801 57 55 by
1533 801 74 43 the
1643 802 141 54 child;
1814 803 83 42 and
1931 803 105 51 that,

421 864 247 52 thereafter,
705 865 120 43 there
861 880 84 28 was
977 867 121 55 rapid
1129 868 315 56 improvement
1486 871 45 41 in
1572 871 59 42 all
1673 872 73 42 the
1787 879 247 49 symptoms.

420 933 72 43 He
514 935 80 41 left
616 935 72 43 the
711 936 203 55 Hospital
937 951 55 28 on
1016 937 74 44 the
1116 939 88 42 2nd
1235 940 47 41 of
1308 940 185 56 August,
1516 941 128 42 much
1676 943 231 54 improved.
1968 944 66 42 On

420 1005 73 42 the
519 1005 116 52 16th,
660 1006 123 42 when
819 1008 186 55 brought
1035 1023 45 27 as
1113 1024 54 26 an
1200 1012 277 53 out-patient,
1500 1012 53 42 he
1586 1012 81 41 had
1701 1013 82 41 had
1817 1028 53 27 no
1904 1014 47 41 fit
1972 1015 63 40 for

419 1077 157 42 twelve
599 1077 118 56 days,
739 1078 83 41 and
851 1093 83 27 was
957 1079 239 55 altogether
1218 1081 127 41 much
1369 1081 189 56 changed
1585 1083 63 41 for
1671 1083 71 41 the
1765 1084 146 42 better.

478 1148 90 42 The
603 1162 95 28 case
732 1149 37 41 is
799 1149 268 56 interesting,
1088 1151 229 54 especially
1341 1166 45 27 as
1420 1152 193 42 showing
1642 1153 94 41 how
1768 1153 73 42 the
1875 1153 161 42 mental

420 1220 220 41 functions
664 1234 97 41 may
786 1221 50 40 be
861 1220 234 43 disturbed,
1117 1221 86 42 and
1234 1222 93 41 how
1351 1237 24 27 a
1407 1223 106 41 kind
1536 1225 45 40 of
1609 1224 230 55 coprolalia
1866 1238 95 27 may
1984 1225 51 40 be

418 1289 230 55 produced,
672 1290 54 54 by
751 1304 54 27 an
828 1290 213 42 irritation
1065 1291 43 41 of
1139 1291 72 42 the
1233 1291 207 43 intestine
1462 1293 144 55 acting
1626 1293 177 55 reflexly
1825 1307 114 27 upon
1963 1293 72 41 the

419 1358 133 42 brain.

477 1429 113 42 That
611 1430 194 55 Aphasia
826 1445 111 41 may,
960 1431 45 41 in
1028 1430 207 52 children,
1257 1431 51 43 be
1331 1432 83 42 due
1438 1437 42 37 to
1503 1432 73 42 the
1598 1447 199 41 presence
1820 1434 44 40 of
1885 1447 150 28 worms

418 1499 44 41 in
501 1499 72 42 the
608 1500 220 43 intestine,
851 1501 35 42 is
919 1515 26 27 a
982 1501 88 41 fact
1102 1501 96 42 that
1231 1502 77 42 has
1342 1502 100 42 long
1474 1503 107 41 been
1611 1503 232 55 familiarly
1867 1503 167 43 known.

419 1568 133 44 Cases
575 1571 109 42 have
707 1571 89 42 also
819 1571 109 42 been
960 1571 203 42 recorded
1195 1571 45 41 in
1275 1572 138 42 which
1447 1573 315 41 accumulation
1789 1574 46 40 of
1863 1573 171 55 scybala

417 1639 45 41 in
487 1639 72 43 the
582 1639 114 56 large
718 1640 208 43 intestine
948 1640 98 42 had,
1068 1642 46 40 in
1136 1641 208 51 children,
1365 1642 215 55 produced
1601 1655 204 42 aphasia.1

476 1781 128 42 From
638 1781 73 42 the
746 1782 110 41 facts
890 1781 193 42 adduced
1119 1782 43 40 in
1187 1782 86 42 this
1296 1782 187 55 chapter,
1504 1783 35 41 it
1562 1783 34 41 is
1618 1783 101 41 thus
1745 1782 174 42 evident
1940 1782 94 41 that

417 1851 191 55 aphasia,
629 1851 86 41 and
744 1850 124 43 other
895 1851 297 42 disturbances
1221 1852 46 41 of
1296 1852 165 54 speech,
1485 1866 95 41 may
1605 1852 52 41 be
1678 1851 82 42 due
1789 1855 43 37 to
1864 1865 24 27 a
1917 1855 118 51 great

416 1922 167 42 variety
607 1922 45 41 of
684 1935 157 28 causes.
904 1921 63 42 As
999 1922 241 42 Kussmaul
1272 1936 100 41 puts
1404 1922 45 41 it,
1473 1926 19 17 "
1509 1922 42 41 It
1580 1923 36 41 is
1644 1922 276 42 self-evident
1940 1921 95 42 that

415 1991 57 42 all
509 1992 187 55 possible
733 1992 170 42 morbid
939 2006 217 41 processes
1194 1993 45 40 in
1278 1994 72 40 the
1389 1993 119 41 brain
1551 2007 95 41 may
1685 2006 126 28 cause
1849 2005 183 41 aphasia.

416 2062 119 56 They
559 2077 99 41 may
679 2062 53 42 do
757 2063 87 41 this
866 2063 45 41 in
934 2076 80 29 one
1036 2063 47 42 of
1102 2067 84 38 two
1210 2077 139 41 ways:
1381 2063 137 42 either
1540 2063 101 41 they
1659 2062 171 42 involve
1854 2062 179 55 directly

416 2133 84 41 and
531 2133 302 55 permanently
857 2133 74 41 the
963 2133 262 42 conducting
1256 2133 127 42 fibres
1414 2133 84 41 and
1531 2138 164 37 centres
1726 2133 43 40 of
1801 2131 166 55 speech,
1988 2145 46 27 or

417 2203 104 55 they
556 2203 155 55 impair
742 2203 114 42 their
889 2203 241 42 functional
1162 2203 149 55 vigour
1343 2217 113 28 more
1489 2202 230 43 mediately
1751 2202 83 41 and
1872 2206 160 49 tempo-

415 2273 145 55 rarily,
583 2274 57 54 by
664 2287 208 41 pressure,
900 2273 231 42 ischsemia,
1153 2288 46 27 or
1230 2273 218 42 collateral
1480 2273 272 55 hyperemia,
1774 2286 46 27 or
1851 2271 180 55 perhaps

416 2344 89 42 also
527 2344 59 55 by
609 2344 155 42 simple
786 2343 130 42 reflex
938 2344 213 41 irritation
1174 2343 84 42 and
1279 2342 248 43 radiation."

477 2416 21 40 I
522 2415 109 41 have
665 2415 185 41 thought
881 2414 35 41 it
939 2414 97 41 well
1069 2420 43 35 to
1142 2414 153 41 devote
1317 2428 24 27 a
1363 2418 192 50 separate
1578 2413 175 42 chapter
1774 2416 43 37 to
1840 2411 72 42 the
1934 2425 98 27 con-

417 2485 235 42 sideration
675 2485 43 41 of
740 2484 175 42 aphasia
938 2484 85 41 and
1045 2484 123 41 other
1199 2483 153 43 speech
1386 2483 294 41 disturbances
1702 2482 45 41 in
1777 2481 180 42 relation
1989 2485 44 37 to

416 2554 246 45 functional
693 2554 213 42 disorders
938 2554 45 41 of
1014 2553 72 43 the
1119 2553 189 42 cerebral
1340 2556 156 46 cortex,
1528 2552 190 42 because,
1749 2551 46 42 in
1835 2550 199 56 practice,

415 2628 124 42 these
577 2625 243 42 functional
858 2624 298 42 disturbances
1193 2624 46 40 of
1272 2622 153 42 speech
1469 2636 68 28 are
1575 2636 101 28 very
1712 2635 194 28 common
1949 2621 82 40 and

416 2700 247 52 important.
727 2695 119 42 They
884 2708 115 29 seem
1038 2698 42 37 to
1118 2708 79 36 me,
1237 2693 220 42 therefore,
1495 2697 41 36 to
1577 2691 50 43 be
1665 2691 96 42 well
1795 2691 162 54 worthy
1991 2689 42 43 of

415 2771 195 40 separate
633 2765 328 43 consideration.

463 2879 11 22 1
502 2877 73 36 For
591 2876 200 36 references
813 2879 39 32 to
875 2886 97 25 cases
995 2873 40 37 of
1056 2885 150 36 aphasia
1228 2872 184 48 produced
1431 2872 50 48 by
1500 2883 131 25 worms
1648 2883 40 24 or
1705 2869 254 48 constipation,
1977 2878 58 25 see

415 2939 192 44 Bateman,
624 2948 62 38 pp.
707 2936 67 36 271
796 2935 73 36 and
888 2935 79 36 291.
