2113 3404
813 216 87 30 THE
935 217 242 31 MSOKDEliS
1210 219 53 30 OF
1295 219 174 33 SPEECH.

330 201 87 41 344

331 345 84 29 was
448 333 214 55 enlarged,
694 335 85 42 and
811 335 97 42 how
932 336 224 56 markedly
1182 337 71 42 the
1279 337 127 43 white
1432 347 154 34 matter
1608 340 163 42 around
1796 341 44 51 it,
1862 341 83 42 and

330 402 231 56 especially
596 404 95 42 that
728 405 183 42 beneath
952 406 55 41 its
1042 406 111 52 floor,
1189 421 83 28 was
1310 407 232 57 atrophied.
1607 409 51 41 In
1693 409 71 41 the
1798 414 149 50 photo-

329 473 146 54 graph,
499 474 73 42 the
605 475 221 55 atrophied
861 476 218 41 condition
1105 477 42 41 of
1180 477 72 42 the
1275 477 299 42 convolutions
1595 486 45 34 at
1663 479 72 42 the
1767 479 64 55 tip
1863 480 83 41 and

333 543 127 55 along
503 545 71 41 the
618 545 174 40 inferior
834 546 166 41 surface
1037 546 46 41 of
1122 547 72 41 the
1237 547 198 54 occipital
1479 547 95 42 lobe
1614 548 34 41 is
1689 548 124 54 fairly
1855 549 91 40 well

331 612 248 52 exhibited;
611 613 79 42 but
714 614 19 40 T
759 628 97 41 may
879 629 74 40 say
979 615 93 40 that
1095 616 41 39 in
1162 616 72 40 the
1268 616 266 54 photograph
1567 617 87 41 this
1687 631 261 41 appearance

332 682 36 42 is
394 688 74 36 not
490 697 45 27 so
558 684 188 48 striking
769 698 45 27 as
838 685 33 39 it
896 698 84 27 was
1004 685 40 39 in
1072 685 70 41 the
1166 685 141 41 actual
1333 686 131 40 brain.

392 752 136 42 There
562 767 77 27 can
672 753 50 41 be
744 753 113 41 little
881 753 135 41 doubt
1040 754 94 41 that
1157 755 41 39 in
1227 754 83 41 this
1333 768 94 27 case
1451 755 71 40 the
1545 756 221 41 extensive
1788 756 162 42 disease

333 824 44 40 of
401 823 71 42 the
494 824 128 41 white
640 828 158 37 matter
815 825 45 40 of
880 824 72 41 the
971 824 79 42 left
1067 824 198 55 occipital
1291 825 94 41 lobe
1408 825 83 41 had
1514 826 199 42 involved
1734 827 70 41 the
1823 827 125 42 fibres

333 894 259 41 connecting
613 894 73 41 the
709 894 180 41 angular
911 894 277 40 convolution
1215 894 103 41 with
1342 894 103 41 both
1468 895 198 54 occipital
1696 895 130 43 lobes,
1850 896 99 42 thus

331 964 179 55 causing
542 963 72 42 the
648 963 372 42 word-blindness.
1083 964 90 41 The
1210 964 135 41 lesion
1379 964 89 42 also
1502 965 200 42 involved
1741 966 101 42 both
1878 967 72 42 the

335 1034 232 41 Eadiation
598 1034 43 41 of
670 1034 215 42 Gratiolet
913 1034 85 41 and
1031 1034 73 41 the
1137 1034 190 54 primary
1357 1040 145 36 centre
1535 1036 63 40 for
1632 1036 136 41 vision
1803 1037 42 39 in
1881 1037 70 42 the

335 1109 144 37 cortex
503 1105 46 40 of
569 1104 71 42 the
662 1104 81 42 left
766 1104 199 55 occipital
989 1104 109 42 lobe,
1122 1103 99 43 thus
1244 1104 176 56 causing
1443 1104 72 43 the
1537 1105 304 43 hemianopsia.

395 1245 119 43 Case
555 1246 85 42 III.
705 1245 226 55 (Personal
979 1244 421 43 Observation.)—A
1441 1245 369 56 much-respected
1859 1260 92 40 pro-

335 1317 205 43 fessional
563 1331 113 35 man,
694 1317 105 55 aged
818 1316 65 44 70.
938 1315 101 42 Had
1063 1316 106 41 been
1194 1316 189 55 engaged
1403 1316 43 40 in
1465 1317 137 40 active
1622 1317 114 40 work
1755 1317 44 40 in
1818 1317 135 42 South

340 1388 146 41 Africa
510 1387 66 41 till
609 1388 185 41 thirteen
828 1401 122 41 years
973 1386 143 42 before
1138 1386 74 41 the
1235 1386 234 55 beginning
1491 1388 43 39 of
1557 1387 65 41 his
1647 1387 158 49 illness,
1829 1386 122 42 when

336 1460 54 40 he
422 1459 85 41 had
541 1458 157 42 retired
723 1458 83 41 and
838 1458 155 42 settled
1017 1459 44 40 in
1085 1458 263 55 Edinburgh.
1412 1459 169 55 During
1605 1459 118 42 these
1745 1459 82 41 last
1851 1460 102 40 thir-

336 1536 97 36 teen
466 1543 134 41 years,
635 1529 53 41 he
721 1528 83 42 had
837 1528 235 42 continued
1098 1532 43 37 to
1171 1529 125 54 enjoy
1319 1529 67 42 his
1413 1529 124 42 usual
1561 1529 212 42 excellent
1794 1530 158 49 health,

336 1604 154 38 except
512 1599 96 41 that
630 1614 52 26 on
707 1603 71 37 ten
804 1613 47 26 or
881 1598 154 42 twelve
1058 1599 218 41 occasions
1304 1598 52 42 he
1378 1598 84 42 had
1486 1600 279 53 experienced
1789 1600 165 41 attacks

336 1671 46 42 of
395 1671 233 56 giddiness,
642 1669 262 42 sufficiently
922 1669 173 41 marked
1120 1673 43 36 to
1182 1669 123 41 make
1323 1669 91 40 him
1433 1673 177 50 stagger,
1625 1669 82 41 and
1725 1683 125 28 cause
1866 1670 87 40 him

337 1747 42 36 to
401 1746 182 50 support
607 1739 173 42 himself
810 1739 102 40 with
937 1739 66 41 his
1025 1739 112 41 stick
1164 1739 64 40 for
1257 1753 23 26 a
1309 1744 201 36 moment.
1574 1739 43 41 It
1641 1753 84 27 was
1747 1740 204 41 observed

336 1813 89 41 also
449 1816 106 37 that,
575 1812 61 40 for
660 1810 121 42 three
803 1824 47 27 or
871 1810 97 40 four
988 1823 124 41 years
1136 1809 141 41 before
1297 1808 71 41 the
1388 1809 233 54 beginning
1638 1809 45 41 of
1702 1810 66 41 his
1792 1810 158 51 illness,

335 1883 55 42 he
433 1882 97 42 had,
569 1882 44 40 in
656 1881 66 41 his
767 1879 112 42 walk
922 1879 83 42 and
1050 1879 199 54 carriage,
1287 1879 106 41 been
1436 1879 193 55 showing
1671 1880 200 41 evidence
1914 1881 44 39 of

338 1953 243 54 advancing
602 1966 86 40 age.

398 2025 68 42 On
509 2023 227 54 Saturday,
775 2021 72 42 the
882 2021 114 41 22nd
1032 2024 45 38 of
1117 2020 250 55 September
1408 2020 123 50 1888,
1570 2020 71 42 the
1673 2020 167 55 patient
1871 2020 83 41 had

341 2094 190 42 fatigued
556 2092 178 41 himself
760 2105 24 28 a
806 2091 107 56 good
938 2090 94 42 deal
1057 2090 103 41 with
1186 2090 212 54 walking;
1429 2090 79 40 but
1529 2090 44 40 in
1596 2089 72 43 the
1691 2090 182 54 evening
1904 2089 53 42 he

340 2164 167 43 seemed
534 2165 45 39 in
603 2164 66 40 his
693 2161 124 42 usual
841 2161 156 41 health.
1060 2160 120 42 Next
1201 2160 200 55 morning
1424 2160 51 41 he
1498 2160 146 41 awoke
1674 2159 104 41 with
1810 2174 23 26 a
1865 2159 91 41 dull

340 2235 218 43 headache
577 2251 9 36 ;
612 2234 97 51 and,
732 2233 162 55 feeling
915 2232 61 51 ill,
1001 2231 51 42 he
1075 2231 217 41 remained
1315 2231 43 40 in
1383 2230 80 42 bed
1487 2230 147 55 nearly
1657 2230 57 41 all
1737 2230 92 54 day.
1892 2229 67 42 On

340 2307 73 41 the
437 2305 118 42 third
578 2305 96 54 day,
696 2304 54 42 he
772 2302 171 43 seemed
975 2316 24 26 a
1029 2301 108 55 good
1170 2301 95 42 deal
1297 2301 151 50 better,
1471 2300 85 42 and
1590 2305 112 37 went
1734 2303 75 38 out
1840 2300 64 41 for
1935 2313 24 27 a

340 2392 119 27 short
497 2377 117 40 time,
649 2376 78 40 but
769 2373 90 43 still
898 2373 79 41 felt
1014 2371 168 43 unwell.
1248 2371 67 42 On
1358 2371 72 41 the
1468 2370 145 41 fourth
1650 2371 95 54 day,
1777 2370 52 42 he
1872 2384 85 27 was

341 2447 226 54 decidedly
603 2459 144 27 worse,
769 2443 87 42 and
891 2443 107 41 kept
1036 2442 65 41 his
1140 2441 90 42 bed.
1295 2441 43 41 It
1377 2454 83 27 was
1497 2454 94 27 now
1626 2440 204 42 observed
1863 2440 94 40 that

342 2532 124 27 when
489 2518 54 39 he
568 2529 85 28 was
674 2515 152 40 taking
847 2513 67 41 his
937 2512 97 41 food
1057 2511 52 41 he
1133 2511 72 41 did
1237 2515 75 37 not
1345 2510 135 42 direct
1511 2510 72 41 the
1616 2516 266 36 movements
1915 2511 43 40 of

341 2589 67 41 his
432 2587 116 42 right
570 2585 114 41 hand
710 2583 206 55 properly.
981 2581 88 41 The
1092 2580 247 55 expression
1367 2580 43 41 of
1443 2580 66 41 his
1544 2580 88 41 face
1665 2580 88 42 also
1785 2594 169 27 showed

342 2659 67 41 his
442 2656 161 42 friends
636 2660 94 36 that
764 2654 51 40 he
847 2666 87 28 was
968 2650 210 56 seriously
1211 2650 58 41 ill.
1334 2650 20 40 I
1395 2664 84 27 was
1512 2650 211 42 therefore
1756 2656 96 36 sent
1883 2651 75 50 for,

343 2729 84 43 and
451 2742 86 28 saw
563 2726 71 42 the
657 2729 168 51 patient
848 2724 44 40 in
918 2723 71 41 the
1012 2727 234 36 afternoon.
1310 2720 22 41 I
1355 2720 134 42 found
1512 2720 89 42 him
1624 2721 204 42 suffering
1850 2721 104 40 from

343 2801 135 43 slight
498 2811 141 28 motor
660 2793 271 57 hemiplegia,
954 2792 104 42 with
1082 2791 294 42 considerable
1399 2791 265 43 anaesthesia,
1682 2806 53 28 on
1755 2792 72 42 the
1845 2792 113 55 right

344 2871 103 42 side,
470 2869 83 42 and
579 2867 102 41 with
710 2863 291 44 well-marked
1025 2862 84 42 and
1140 2861 162 56 typical
1333 2861 117 55 right
1481 2861 311 56 homonymous
1824 2862 131 41 hemi-

344 2953 188 30 anopsia.
594 2937 62 41 At
690 2936 86 41 this
816 2934 115 41 time,
968 2932 86 42 and
1096 2933 64 40 for
1201 2931 164 42 several
1403 2932 140 41 weeks
1587 2939 257 43 afterwards,
1887 2930 71 42 the

345 3011 169 58 patient
547 3022 87 28 was
671 3006 129 43 much
838 3003 205 45 confused
1081 3003 42 41 in
1167 3002 64 42 his
1267 3002 132 51 mind,
1436 3002 228 56 especially
1703 3003 155 54 during
1889 3001 72 43 the
