2107 3450
284 310 88 33 THE
404 308 162 32 ACTION
600 307 57 31 OF
689 305 89 32 THE
810 304 169 31 SPEECH
1014 304 200 31 CENTHES
1247 305 48 30 IN
1330 304 226 32 INSANITY.
1666 293 83 41 191

93 432 46 42 of
161 429 348 59 compromising,
526 429 58 55 by
603 427 224 56 speaking,
846 439 119 28 some
989 439 81 28 one
1089 424 98 42 that
1210 424 54 42 he
1282 424 295 52 loves,—that
1595 424 151 42 makes

94 502 89 44 him
209 504 109 41 keep
341 501 172 43 silence.
577 499 43 42 A
640 499 170 55 patient
830 511 139 27 under
991 496 75 43 the
1091 510 96 29 care
1210 496 45 42 of
1277 496 62 43 M.
1359 496 160 51 Falret,
1538 510 98 27 who
1661 495 87 43 had

91 580 105 37 shut
229 573 179 42 himself
441 587 58 26 up
530 571 44 42 in
611 575 201 38 absolute
846 569 197 51 mutism,
1066 567 180 44 avowed
1276 572 46 38 at
1353 567 214 43 intervals
1595 567 98 42 that
1714 567 37 42 it

92 662 86 28 was
212 647 66 42 for
315 647 91 40 fear
443 645 46 41 of
524 642 341 57 compromising
888 641 69 43 his
995 655 79 28 son
1112 640 59 56 by
1194 640 225 56 speaking.
1484 639 264 42 Sometimes

89 719 89 42 this
203 718 179 41 mutism
404 717 78 41 has
516 716 59 42 its
613 729 153 29 source
788 713 47 43 in
859 728 57 28 an
939 713 98 43 idea
1060 713 45 42 of
1141 710 404 59 hypochondriacal
1568 715 154 38 nature
1740 727 8 26 :

88 791 36 41 if
161 790 74 42 the
273 790 170 54 patient
464 788 104 42 does
607 792 76 37 not
706 786 136 56 speak
880 800 86 41 any
992 800 133 28 more,
1146 785 36 42 it
1204 785 37 42 is
1279 785 187 42 because
1488 783 55 43 he
1567 783 78 42 has
1668 783 75 42 the

88 862 97 41 idea
228 865 97 38 that
367 860 55 42 he
465 860 77 42 has
585 873 57 28 no
685 859 153 42 longer
880 872 25 28 a
948 864 175 51 tongue,
1162 872 47 28 or
1251 864 99 36 that
1394 856 68 43 his
1504 855 160 57 larynx
1706 855 39 43 is

87 932 271 44 destroyed."
377 931 10 22 1

148 1006 54 41 In
234 1005 173 42 curious
431 1008 195 38 contrast
651 1008 44 38 to
719 1003 89 43 this
831 1002 84 43 last
938 1002 113 43 class
1091 1002 45 43 of
1173 1002 195 56 patients
1406 1015 71 29 are
1501 1000 125 43 those
1650 999 100 43 who

86 1076 136 56 speak
244 1075 286 57 incessantly,
552 1075 145 43 owing
720 1080 45 37 to
790 1074 75 43 the
889 1075 90 41 fear
1002 1075 98 41 that
1121 1074 38 42 if
1186 1073 106 43 they
1315 1073 55 42 do
1395 1078 77 37 not
1494 1071 55 43 do
1573 1085 47 29 so
1643 1071 107 56 they

86 1148 93 42 will
215 1148 91 43 lose
329 1148 75 43 the
429 1162 144 42 power
595 1147 44 42 of
677 1147 171 56 speech.
911 1150 22 18 "
950 1147 22 41 I
1005 1147 111 42 have
1138 1145 203 53 known,"
1365 1160 100 41 says
1489 1143 177 51 Morel,2
1688 1149 21 16 "
1725 1158 26 27 a

86 1220 104 57 lady
214 1221 248 56 possessing
500 1235 25 27 a
562 1220 170 42 certain
768 1219 101 42 dose
907 1219 47 42 of
989 1218 333 57 hypochondria
1362 1218 110 50 who,
1494 1217 170 56 fearing
1705 1221 46 37 to

85 1292 91 43 lose
201 1293 74 42 the
309 1307 146 41 power
492 1292 43 42 of
572 1291 172 56 speech,
766 1290 201 43 believed
1005 1289 163 44 herself
1206 1289 173 43 obliged
1419 1294 43 37 to
1500 1291 150 53 repeat
1673 1287 75 42 the

88 1378 119 28 same
232 1363 130 42 word,
385 1363 75 42 the
482 1376 119 29 same
625 1361 195 57 phrase."

373 1513 86 41 The
481 1512 158 42 Action
660 1512 51 42 of
725 1512 66 42 the
812 1511 151 44 Speech
989 1511 168 43 Centres
1178 1511 51 42 in
1250 1510 221 56 Insanity.

149 1633 181 42 Having
352 1633 46 41 in
423 1632 74 43 the
521 1632 225 56 foregoing
768 1632 197 42 remarks
988 1631 309 43 endeavoured
1319 1635 45 38 to
1386 1631 235 51 illustrate,
1645 1631 58 56 by
1729 1645 24 28 a

87 1707 83 42 few
208 1704 237 57 examples,
467 1705 76 42 the
566 1704 172 43 fidelity
763 1704 108 42 witli
899 1703 143 43 which
1066 1704 76 42 the
1179 1703 174 43 mental
1377 1703 196 43 disorder
1611 1704 45 42 of
1693 1718 57 28 an

84 1778 154 42 insane
261 1791 158 42 person
442 1777 37 42 is
502 1777 214 42 mirrored
750 1777 58 41 by
831 1776 69 42 his
924 1775 173 57 speech,
1120 1776 22 41 I
1167 1775 131 43 think
1322 1777 36 41 it
1380 1790 104 28 may
1507 1790 100 28 now
1629 1775 54 43 be
1706 1775 47 43 of

88 1851 244 41 advantage
351 1854 43 37 to
417 1849 102 42 look
542 1853 46 37 at
611 1849 74 42 the
708 1854 161 36 matter
888 1849 110 41 from
1022 1847 184 44 another
1229 1848 270 56 standpoint.
1565 1848 184 43 Instead

88 1923 46 41 of
154 1922 139 56 fixing
314 1936 78 28 our
415 1921 117 42 chief
553 1921 221 42 attention
797 1935 119 41 upon
940 1919 75 43 the
1042 1920 136 52 mind,
1201 1920 87 42 and
1312 1920 234 43 observing
1570 1921 97 42 how
1691 1921 59 43 its

89 1993 211 56 thoughts
337 2007 71 28 are
431 1993 234 56 expressed
703 1993 48 41 in
780 1992 228 57 language,
1030 1992 63 43 let
1116 2007 51 28 us
1207 2007 98 28 now
1328 1993 61 42 fix
1413 2007 79 29 our
1529 1994 221 43 attention

89 2079 119 27 upon
233 2064 74 42 the
330 2064 203 43 Cerebral
558 2065 168 42 Organs
750 2064 44 41 of
818 2064 192 55 Speech;
1044 2063 87 43 and
1154 2064 184 42 observe
1360 2064 111 42 how,
1493 2064 47 42 in
1563 2079 121 28 cases
1707 2065 48 42 of

89 2136 208 55 insanity,
321 2136 121 42 these
466 2150 70 28 are
559 2135 205 56 operated
786 2150 120 41 upon
929 2135 58 55 by
1012 2135 75 42 the
1111 2135 149 54 mind;
1298 2135 88 43 and
1423 2136 112 42 how,
1559 2137 46 41 in
1628 2151 121 29 some

89 2223 131 37 cases,
252 2208 108 56 they
396 2222 117 29 seem
551 2207 181 43 capable
771 2210 47 40 of
852 2208 254 56 displaying
1144 2208 220 43 activities
1404 2223 54 27 on
1499 2208 114 44 their
1650 2224 100 28 own

88 2284 188 39 account
308 2280 98 42 that
437 2294 73 28 are
542 2280 160 42 almost
728 2294 47 28 or
797 2280 247 56 altogether
1068 2280 303 43 independent
1394 2281 46 42 of
1470 2295 87 43 any
1580 2282 169 42 mental

91 2351 220 44 stimulus.

150 2424 55 41 In
239 2423 75 43 the
337 2423 147 43 brains
516 2423 49 43 of
600 2423 279 43 uneducated
901 2423 157 58 people
1083 2423 121 44 there
1243 2439 73 29 are
1338 2425 105 43 only
1467 2429 88 39 two
1578 2430 173 40 centres

89 2494 68 43 for
178 2494 230 43 articulate
430 2509 183 41 speech:
651 2509 82 29 one
757 2495 65 43 for
846 2496 74 43 the
945 2495 199 43 Hearing
1167 2496 45 42 of
1249 2496 47 53 it,
1320 2497 87 42 and
1438 2497 75 43 the
1536 2497 128 44 other
1686 2498 66 43 for

87 2568 57 41 its
169 2567 277 42 Production.
511 2567 56 42 In
590 2567 214 43 educated
823 2568 168 57 people,
1011 2573 86 38 two
1121 2568 126 44 other
1265 2574 172 38 centres
1460 2570 47 42 in
1526 2569 76 44 the
1623 2570 130 44 brain

89 2638 110 44 have
226 2639 109 43 been
367 2640 310 55 appropriated
709 2641 88 42 and
830 2641 173 43 trained
1031 2642 64 42 for
1127 2642 161 56 speech
1312 2657 226 42 purposes,
1561 2643 192 52 namely,

89 2723 81 29 one
194 2710 65 41 for
290 2709 212 58 Heading,
526 2711 87 42 and
646 2712 75 43 the
754 2712 125 43 other
906 2713 69 42 for
996 2713 207 57 Writing.
1270 2713 22 43 I
1327 2714 114 43 shall
1475 2729 79 28 say
1577 2715 68 42 for
1677 2715 76 43 the

89 2786 178 50 present
289 2796 46 28 as
361 2781 117 44 little
511 2797 46 28 as
581 2784 192 55 possible
806 2784 136 43 about
965 2784 76 43 the
1074 2791 211 51 anatomy
1308 2786 89 43 and
1418 2787 266 56 physiology
1708 2788 47 41 of

90 2852 123 43 these
236 2853 95 42 four
362 2860 183 45 centres,
567 2870 47 28 as
638 2856 22 42 I
694 2856 114 57 hope
831 2862 44 37 to
899 2857 103 43 take
1026 2872 59 42 up
1109 2857 76 44 the
1215 2858 329 44 consideration
1577 2860 49 43 of
1655 2864 99 39 that

91 2924 172 56 subject
284 2925 45 42 in
353 2940 25 28 a
401 2928 148 42 future
573 2928 191 57 chapter.
830 2930 83 42 For
946 2930 76 43 the
1056 2935 180 51 present
1258 2932 37 42 it
1318 2932 93 43 will
1434 2933 53 43 be
1510 2933 174 43 enough
1708 2938 46 38 to

92 2997 172 42 remind
296 2997 75 44 the
397 2999 151 43 reader
571 3001 97 42 that
702 3001 72 43 the
809 3007 86 37 two
929 3003 223 55 receptive
1175 3009 171 38 centres
1369 3005 146 56 (those
1538 3005 67 43 for
1628 3006 124 42 hear-

334 3116 12 23 1
370 3115 139 48 Se*glas,
532 3117 63 36 Les
616 3118 164 37 Troubles
799 3118 50 36 du
868 3119 169 47 Langage
1055 3119 77 37 chez
1151 3120 46 37 les
1213 3120 163 47 Alie'ne's,
1394 3132 36 37 p.
1451 3123 57 34 29.

336 3176 14 22 2
378 3176 130 46 Morel,
533 3177 127 37 Traite1
672 3178 57 37 des
748 3179 96 37 Mai.
866 3179 128 48 Ment.,
1015 3190 35 39 p.
1072 3183 84 44 300,
1176 3181 141 48 quoted
1335 3181 51 48 by
1406 3181 140 37 S<5glas.
