1933 3302
717 141 324 40 Priidispositioneii.

1637 137 47 37 17

81 251 252 39 Kindesalter,
365 264 115 25 sowie
510 250 66 38 das
605 248 271 51 sanguinische
907 246 300 38 Temperament
1235 244 106 39 seien
1370 245 67 37 der
1460 242 223 39 Krankheit

79 318 168 26 ■weniger
275 317 259 26 unterworfen
562 303 78 38 und
661 302 176 39 Gerson
865 314 79 24 war
974 300 67 37 der
1061 298 178 39 Ansicht,
1272 299 86 37 dass
1388 297 158 39 weisser
1567 296 116 38 Teint

79 360 78 37 und
184 362 94 34 fette
310 358 103 38 Haut
444 357 203 37 besonders
677 370 45 23 zu
752 355 202 38 derselben
985 352 234 39 disponiren.
1267 351 54 39 Es
1342 352 50 38 ist
1416 364 109 25 nicht
1554 350 127 38 meine

79 412 183 39 Absicht,
302 414 68 36 auf
396 412 102 36 diese
528 410 77 37 und
635 422 140 25 andere
806 410 185 36 veraltete
1020 406 216 38 Ansichten
1271 405 251 50 einzugehen.
1582 403 100 39 Eine

80 479 68 26 aus
178 466 220 38 Fischers
434 463 77 39 und
540 477 35 23 v.
606 463 170 38 Pitha's
807 461 135 39 Fällen
972 460 99 38 nach
1101 459 112 38 Alter
1244 459 77 38 und
1351 457 232 39 Geschlecht
1612 471 69 24 zu-

80 519 350 39 sammengestellte
461 516 177 39 Statistik
668 516 150 50 ergiebt
848 515 182 50 folgende
1060 513 167 39 Zahlen:

84 623 394 42 Hospitalbrandfälle
507 623 53 37 im
574 621 112 39 Alter
715 636 74 24 von
820 621 132 39 0—10
985 620 157 38 10-20
1173 618 160 39 20—30
1363 618 322 39 30—40Jaliren

138 680 62 37 bei
227 678 205 38 Fischer
876 675 24 37 0
1066 675 22 37 5
1229 673 48 40 11
1446 671 24 38 4

139 733 60 36 bei
227 746 35 23 V.
292 730 144 38 Pitha
877 728 26 37 4
1042 728 49 38 12
1230 726 50 40 25
1422 725 49 37 14

82 825 398 40 Hospitalbrandfälle
497 825 49 37 im
563 824 111 39 Alter
688 839 74 25 von
792 825 159 37 40—50
982 824 158 38 50—60
1172 823 159 38 60—70
1362 822 160 38 70—80
1537 821 147 39 Jahren

136 881 63 37 bei
227 879 208 38 Fischer
877 879 22 37 8
1053 878 21 38 7
1242 877 23 37 3
1433 876 23 37 6

136 935 63 36 bei
226 947 35 23 V.
293 933 146 38 Pitha
851 933 48 37 10
1051 932 23 37 9
1242 931 23 37 6
1433 930 19 37 1

80 1040 114 38 Diese
223 1039 146 38 Zahlen
406 1039 127 37 haben
573 1052 100 24 zwar
711 1053 74 23 nur
825 1038 88 38 sehr
951 1038 255 50 allgemeinen
1236 1036 151 39 Werth,
1420 1036 49 38 da
1498 1049 54 25 sie
1582 1035 102 39 ohne

80 1093 222 39 Beziehung
322 1107 45 23 zu
388 1093 66 37 der
473 1092 151 38 Anzahl
644 1093 67 37 der
731 1093 39 37 in
792 1093 66 37 der
877 1091 266 38 betreffenden
1165 1090 236 39 Altersstufe
1422 1104 48 24 an
1485 1090 196 46 Wunden,

83 1146 258 39 Geschwüren
370 1149 71 35 etc.
472 1146 258 38 behandelten
760 1146 185 37 Kranken
974 1145 226 38 aufgestellt
1229 1146 97 36 sind.

208 1210 70 38 Bei
299 1210 187 38 Fischer
515 1211 130 37 finden
671 1211 72 37 wir
770 1210 129 39 ferner
918 1223 114 25 unter
1053 1209 52 38 44
1123 1209 135 38 Fällen
1280 1209 132 38 83mal
1443 1209 67 37 das
1541 1213 140 34 männ-

81 1265 110 37 liche,
224 1264 129 38 llmal
383 1265 65 36 das
469 1265 200 37 weibliche
690 1263 229 39 Geschlecht
937 1266 207 35 vertreten.
1201 1263 55 37 Er
1285 1263 109 50 giebt
1414 1277 61 23 an,
1508 1263 88 37 dass
1619 1263 61 38 die

81 1318 302 38 Weiberstation
411 1332 72 23 nur
511 1318 104 38 klein
645 1331 177 26 Seewesen
851 1318 56 37 sei
926 1317 54 37 im
1000 1317 242 38 Verhältniss
1270 1331 67 23 zur
1357 1316 322 40 Männerstation.

83 1372 70 37 Bei
182 1386 34 22 V.
247 1372 136 37 Pitha
412 1372 84 37 sind
524 1374 112 34 unter
666 1372 46 36 81
745 1371 135 37 Fällen
908 1371 50 37 47
988 1371 248 37 männlichen
1264 1371 79 37 und
1373 1371 50 37 34
1453 1370 231 38 weiblichen

84 1424 259 39 Geschlechts.
409 1426 135 37 Dieser
575 1424 177 38 Statistik
781 1425 131 37 fehlen
942 1439 101 23 zwar
1077 1425 60 37 die
1166 1423 315 50 Anhaltspunkte
1512 1438 46 23 zu
1587 1425 94 37 wei-

83 1482 102 34 terer
204 1478 266 38 Berechnung.
520 1479 44 36 In
584 1478 241 38 Anbetracht
840 1479 151 49 jedoch,
1025 1479 87 36 dass
1148 1478 142 37 einmal
1311 1478 60 37 die
1393 1477 289 51 Verletzungen

84 1546 49 23 an
175 1532 81 37 sich
296 1533 118 36 schon
457 1532 178 37 ähnliche
681 1531 274 39 Unterschiede
999 1532 194 49 bedingen
1236 1537 175 32 müssen,
1458 1544 42 24 so
1542 1531 138 47 bleibt,

81 1585 146 37 meiner
255 1584 165 39 Ansicht
447 1585 109 38 nach,
588 1586 40 36 in
657 1586 134 37 obiger
820 1585 178 38 Statistik
1026 1585 118 37 kaum
1173 1585 100 37 noch
1304 1587 118 36 etwas
1452 1584 126 51 übrig,
1612 1586 68 37 das

83 1639 59 37 die
159 1638 201 38 Annahme
382 1639 103 37 einer
506 1639 236 37 besonderen
762 1639 296 37 Beeinflussung
1079 1639 66 37 der
1165 1639 518 49 Erkrankungsdisposition

82 1692 97 37 nach
210 1692 108 37 Alter
346 1693 78 37 und
454 1691 228 39 Geschlecht
709 1692 263 51 rechtfertige.

211 1756 141 38 Ferner
379 1757 166 37 nehmen
575 1757 59 37 die
663 1759 165 35 meisten
857 1756 258 38 Beobachter,
1157 1756 98 38 auch
1285 1756 59 37 die
1374 1756 40 37 in
1444 1756 67 38 der
1539 1757 145 38 letzten

84 1809 134 38 Hälfte
246 1823 156 25 unseres
422 1810 280 38 Jahrhunderts
730 1825 60 23 an,
822 1811 86 37 dass
929 1810 423 50 körperschwächende
1374 1810 310 39 Einwirkungen

84 1877 46 23 zu
158 1863 67 37 der
253 1863 259 38 Erkrankung
542 1878 48 23 an
616 1863 300 50 Hospitalbrand
947 1864 232 37 disponiren.
1239 1863 56 38 Zu
1327 1866 172 35 ersteren
1528 1866 156 37 werden

85 1916 218 50 Strapazen,
335 1917 237 50 Ermüdung,
602 1917 269 51 Entbehrung,
902 1918 199 46 Kummer,
1133 1917 245 50 deprimirter
1407 1917 174 39 Zustand
1611 1932 71 37 ge-

83 1970 225 50 schlagener
321 1970 192 50 Truppen,
528 1971 318 46 Lazarethfieber,
861 1971 117 46 Ruhr,
992 1971 306 51 Durchkältung,
1313 1971 203 38 Heimweh
1527 1975 71 35 etc.
1611 1975 71 35 etc.

84 2023 164 50 gezählt.
304 2024 78 37 Der
419 2037 130 37 grosse
578 2024 186 38 Einfluss,
803 2025 173 37 welchen
1015 2025 129 38 solche
1174 2025 232 45 Umstände,
1445 2027 236 37 namentlich

85 2077 96 36 auch
211 2077 65 37 der
304 2078 226 48 psychische
559 2077 185 46 Zustand,
777 2079 69 37 auf
872 2079 59 37 die
962 2078 469 38 Widerstandsfähigkeit
1460 2079 53 37 im
1544 2079 137 51 Allge-

85 2130 150 37 meinen
263 2131 78 37 und
369 2131 169 37 indirekt
575 2131 96 38 auch
709 2132 68 37 auf
812 2132 58 37 die
901 2132 66 38 der
998 2132 163 38 Gewebe
1204 2133 39 36 in
1274 2133 66 36 der
1368 2132 155 38 Wunde
1555 2133 128 38 haben

86 2195 149 37 mögen,
266 2184 71 37 soll
366 2184 186 38 durchaus
581 2185 107 38 nicht
717 2185 207 50 geleugnet
958 2186 172 38 werden;
1161 2186 63 36 für
1253 2186 60 36 die
1342 2185 192 38 Infection
1561 2187 123 37 durch

88 2235 299 49 Hospitalbrand
409 2238 124 37 dürfte
555 2239 91 37 aber
662 2239 97 37 doch
773 2239 40 36 in
830 2240 73 36 den
917 2238 180 51 Kriegen,
1120 2239 61 37 bei
1203 2239 74 37 den
1291 2239 275 49 Transporten,
1587 2239 94 39 See-

87 2288 154 38 fahrten
270 2293 83 42 etc.,
384 2304 65 24 aus
480 2291 122 37 denen
626 2292 90 49 jene
746 2291 190 51 Angaben
966 2292 206 50 geschöpft
1201 2293 169 44 wurden,
1403 2305 100 37 ganz
1539 2294 143 38 andere

89 2341 273 46 Verhältnisse,
393 2344 77 36 und
499 2358 99 24 zwar
627 2345 60 37 die
716 2344 253 51 Gelegenheit
997 2359 67 23 zur
1090 2344 203 39 Infection,
1326 2346 69 36 mit
1424 2346 110 37 mehr
1555 2347 127 39 Recht

88 2395 305 38 verantwortlich
421 2397 177 48 gemacht
625 2398 171 45 werden,
834 2411 126 36 gegen
989 2398 145 38 welche
1164 2399 192 50 derartige
1386 2399 295 38 Dispositionen

91 2447 55 38 als
176 2448 105 38 nicht
308 2450 292 37 nennenswerth
632 2454 282 34 zurücktreten.

215 2511 57 39 Ist
299 2513 98 37 oben
426 2513 66 37 der
521 2513 302 50 Hospitalbrand
861 2514 56 38 als
956 2515 83 38 eine
1074 2516 105 37 reine
1209 2515 342 40 Wundkrankheit
1587 2518 93 37 cha-

88 2564 230 45 rakterisirt,
360 2579 40 24 so
429 2566 52 38 ist
510 2580 38 24 es
578 2580 77 23 nun
685 2580 136 25 unsei-e
852 2567 195 52 Aufgabe,
1088 2569 219 50 diejenigen
1336 2569 201 47 Wunden,
1577 2571 103 38 Con-

89 2617 430 52 tinuitätstrennungen,
549 2620 274 38 Ulcerationen
854 2624 69 34 etc.
954 2622 59 37 ins
1035 2621 111 39 Auge
1176 2637 46 23 zu
1251 2623 141 45 fassen,
1424 2624 145 38 welche
1591 2626 89 37 dem

90 2670 298 50 Hospitalbrand
418 2673 54 37 als
503 2673 329 50 Eingangspforte
863 2675 136 38 dienen
1029 2676 166 38 können.

155 2935 226 32 Rosenbach,
400 2934 232 28 Hospitalbrand.

1469 2935 20 31 2
