1895 3217
636 297 92 32 THE
751 297 221 34 HOOLOCK.

1396 292 86 41 101

125 425 97 55 tail,
247 424 91 46 and
359 424 96 61 pull
478 438 72 31 me
572 424 114 46 back
709 423 133 46 again
863 429 48 40 to
933 438 151 31 renew
1101 438 82 47 my
1196 422 120 48 little
1334 431 153 40 atten-

124 501 117 46 tions
263 507 47 39 to
333 500 112 55 him,
466 500 125 61 daily
613 500 243 46 bestowed.
924 498 51 47 If
989 499 23 46 I
1031 500 142 46 called
1189 505 46 41 to
1252 500 97 45 him
1372 501 114 46 from

124 592 28 31 a
176 578 215 53 distance,
416 577 91 45 and
528 577 58 45 he
609 577 130 45 could
761 591 222 31 recognise
1005 592 81 46 my
1101 575 135 56 voice,
1255 577 58 45 he
1337 578 152 45 would

124 660 48 39 at
206 669 105 30 once
346 659 67 39 set
450 669 62 45 up
551 653 70 45 his
656 653 132 45 usual
824 668 77 46 cry
952 652 149 46 which
1139 652 58 46 he
1233 652 255 47 sometimes

124 730 237 61 gradually
385 728 192 47 brought
601 729 132 45 down
755 735 46 39 to
824 744 27 30 a
872 729 112 45 kind
1007 727 50 47 of
1074 744 150 39 moan,
1249 730 83 44 but
1353 744 135 46 gene-

125 806 118 60 rally
267 806 207 45 resumed
495 805 71 45 his
588 805 156 45 louder
764 811 105 39 tone
887 805 134 45 when
1040 805 23 45 I
1082 805 276 61 approached
1376 804 110 46 him.

127 882 110 45 This
267 881 169 46 animal
469 897 94 30 was
597 897 27 29 a
656 882 133 53 male,
825 882 83 44 but
942 881 183 46 showed
1155 897 58 30 no
1246 882 243 60 particular

124 973 152 31 marks
307 957 50 47 of
391 964 79 39 the
509 973 107 39 sex;
655 958 91 44 and
783 959 63 59 by
882 972 28 31 a
947 958 151 46 casual
1136 973 168 46 glance,
1342 958 146 61 might

125 1034 188 62 readily,
337 1033 42 46 if
392 1040 79 40 not
494 1033 240 47 examined
755 1049 122 30 more
900 1034 178 61 closely,
1103 1034 116 46 have
1242 1035 159 60 passed
1424 1033 64 46 for

126 1126 28 30 a
170 1110 175 46 female.
413 1111 24 45 I
452 1111 117 45 have
585 1126 58 30 no
660 1110 102 46 idea
779 1109 50 47 of
842 1111 70 44 his
930 1125 104 46 age;
1055 1111 97 53 but,
1166 1110 191 61 judging
1374 1109 112 47 from

125 1194 80 38 the
228 1187 90 46 size
342 1188 90 45 and
460 1187 158 45 length
646 1186 51 47 of
717 1187 71 45 his
815 1186 157 45 canine
1001 1192 141 49 teeth,
1179 1201 187 46 suppose
1388 1186 97 45 him

129 1270 46 39 to
198 1264 117 45 have
337 1265 113 44 been
473 1263 231 46 advanced
725 1263 49 45 in
795 1262 89 47 life.

196 1346 31 19 ‘‘
252 1341 97 43 The
379 1340 126 45 other
532 1340 120 44 large
683 1345 14 20 ^
720 1340 230 53 Hoolock,’
986 1339 51 46 of
1067 1340 148 45 which
1248 1355 91 45 you
1370 1340 115 45 have

128 1423 79 38 the
230 1431 216 38 cranium,
473 1431 92 30 was
595 1430 91 30 also
716 1430 28 30 a
772 1430 134 39 male,
939 1416 90 45 and
1058 1415 86 45 full
1176 1431 168 45 grown.
1411 1415 76 45 He

131 1507 93 30 was
267 1492 201 45 likewise
504 1492 210 45 obtained
757 1490 112 46 from
912 1492 78 44 the
1030 1491 187 46 Harrow
1256 1491 136 54 Hills,
1439 1491 48 45 in

132 1568 181 53 Assam,
350 1568 235 60 presented
617 1574 47 39 to
697 1583 73 30 me
803 1569 62 59 by
898 1583 81 45 my
1012 1567 144 46 friend
1190 1568 193 46 Captain
1424 1568 60 45 A.

131 1643 231 46 Davidson
385 1644 51 46 of
460 1644 235 46 Goalpara.
764 1645 74 44 He
868 1659 124 30 came
1021 1643 95 47 into
1139 1660 81 45 my
1242 1644 245 61 possession

130 1720 48 45 in
200 1727 78 39 the
300 1721 159 45 month
483 1720 50 46 of
558 1721 146 60 April,
741 1721 89 45 and
860 1721 103 45 died
993 1726 47 40 at
1063 1736 77 31 sea
1161 1720 46 46 in
1229 1721 130 53 July,
1388 1720 99 62 just

131 1798 144 44 before
297 1803 173 55 getting
497 1813 61 45 up
582 1796 114 46 with
725 1797 79 45 the
835 1797 122 46 Cape
980 1795 50 47 of
1055 1797 127 46 Good
1216 1798 146 59 Hope,
1388 1796 50 46 of
1460 1813 28 29 a

132 1873 221 45 catarrhal
379 1873 221 45 affection.
667 1873 88 45 His
787 1873 136 45 death
950 1888 216 45 probably
1195 1872 145 45 might
1371 1874 116 44 have

132 1950 112 43 been
259 1950 218 44 hastened
490 1949 112 44 from
620 1954 125 39 want
768 1947 50 46 of
831 1964 156 44 proper
1010 1947 128 54 food;
1165 1948 108 44 such
1287 1963 48 29 as
1350 1948 38 44 is
1405 1963 98 30 not*

134 2025 257 57 procurable
414 2039 57 30 on
492 2025 103 59 long
617 2038 205 45 voyages.
892 2024 110 43 This
1020 2023 169 45 animal
1206 2039 92 29 was
1317 2024 170 45 similar

134 2099 47 44 in
215 2099 127 45 liabit
381 2099 90 45 and
500 2099 178 61 general
711 2099 245 45 characters
992 2104 46 40 to
1073 2105 78 39 the
1188 2114 81 30 one
1304 2100 184 60 already

134 2175 258 53 described;
426 2175 89 44 and
544 2189 110 46 may
684 2175 116 45 have
830 2176 111 44 been
973 2174 120 46 eight
1121 2190 47 29 or
1193 2181 77 39 ten
1293 2190 129 45 years
1446 2175 51 45 of

134 2265 94 45 age,
248 2266 46 29 or
308 2250 189 60 perhaps
515 2249 143 55 older;
684 2265 47 30 as
751 2250 22 45 I
792 2265 74 31 am
882 2250 216 45 informed
1120 2251 62 60 by
1205 2257 78 38 the
1310 2250 176 47 natives

134 2325 48 45 of
198 2326 166 45 Assam
382 2327 111 60 they
516 2327 89 45 live
627 2332 46 40 to
697 2333 78 39 the
799 2342 79 30 age
894 2326 49 46 of
957 2326 290 61 twenty-five
1270 2342 47 31 or
1339 2327 147 60 thirty

132 2416 143 44 years.

255 2478 95 44 The
373 2493 151 46 young
547 2494 222 45 specimen
793 2494 92 30 was
909 2495 90 30 also
1018 2479 116 46 alive
1152 2479 47 45 in
1217 2495 80 45 my
1314 2494 172 47 posses-

134 2552 107 45 sion.
311 2554 109 45 This
443 2554 36 45 is
503 2570 27 29 a
552 2553 175 57 female,
753 2556 88 45 and
864 2571 93 30 was
980 2557 188 45 brought
1198 2562 46 39 to
1278 2571 72 29 me
1373 2557 63 58 by
1458 2569 28 30 a
