2411 3372
135 156 693 78 großer^Niaturforschers
862 197 92 30 aus
985 176 209 61 Brünn,
1227 178 95 49 der
1355 178 84 50 die
1472 178 388 51 Wissenschaft
1891 199 125 29 vom
2045 178 228 64 Erbgut,

136 245 87 49 die
255 245 509 65 Vererbungslehre
797 248 134 50 oder
963 248 255 62 Genetik,
1249 251 315 63 überhaupt
1597 264 109 37 erst
1739 251 303 64 geschaffen
2073 251 97 49 hat
2195 290 10 9 .
2230 289 10 10 .
2265 289 10 10 .

207 335 94 50 Als
329 337 147 49 Sohn
501 340 148 48 eines
678 339 291 49 deutschen
994 338 220 51 Bauern
1238 340 186 49 wurde
1452 340 217 54 Johann
1694 340 221 50 Mendel
1943 361 84 29 am
2054 343 81 47 22.
2164 341 108 54 Juli

137 409 134 48 1822
300 429 66 29 zu
394 410 380 49 Heinzendorf
801 413 55 46 in
884 405 718 57 Österreichisch-Schlesien
1634 413 254 63 geboren.
1917 412 72 49 Er
2017 413 256 49 besuchte

137 479 93 51 das
276 480 356 62 Gymnasium
674 485 55 46 in
774 483 277 63 Troppau,
1096 484 288 60 studierte,
1430 485 65 49 da
1541 505 56 29 er
1644 485 105 49 sich
1796 485 122 48 dem
1963 485 312 62 geistlichen

136 549 175 52 Beruf
364 553 236 49 widmen
654 553 202 61 wollte,
914 575 65 29 an
1037 555 95 50 der
1186 555 867 64 Philosophisch-Theologischen
2109 556 165 49 Lehr¬

139 625 201 49 anstalt
366 628 56 46 in
448 626 219 49 Olmütz
695 627 112 49 und
833 640 111 36 trat
970 631 74 45 im
1071 627 166 54 Jahre
1267 630 134 51 1843
1428 631 55 46 in
1513 629 91 49 das
1633 628 255 49 Brünner
1916 627 358 64 Augustiner¬

137 698 122 48 stift
301 700 102 47 ein.
444 698 115 49 Der
598 699 207 50 Novize
846 699 198 50 erhielt
1086 700 101 49 den
1226 701 427 49 Klosternamen
1693 700 229 63 Gregor,
1962 701 112 49 und
2112 713 162 37 unter

139 769 205 49 diesem
372 770 210 49 Namen
609 773 70 47 ist
708 791 58 29 er
794 771 335 50 unsterblich
1159 772 305 63 geworden.

207 873 80 49 Im
318 872 159 51 Alter
509 894 107 29 von
647 876 64 48 25
746 875 204 54 Jahren
981 876 137 49 wird
1149 874 215 51 Bruder
1398 876 212 62 Gregor
1641 875 237 59 Diakon,
1910 876 113 49 und
2055 875 220 51 schließ¬

137 944 101 50 lich
266 946 139 50 wird
434 966 58 29 er
520 966 123 30 zum
670 947 244 49 Priester
945 947 247 64 geweiht.
1222 948 83 49 Da
1335 968 58 29 er
1421 947 177 50 neben
1630 951 205 47 seinem
1864 948 413 62 priesterlichen

136 1015 131 52 Amt
309 1038 132 43 gern
485 1020 130 48 auch
658 1019 87 49 die
787 1019 216 64 Jugend
1047 1020 255 49 erziehen
1343 1019 130 60 will,
1514 1021 250 48 versucht
1806 1018 210 64 Gregor
2056 1019 222 50 Mendel

139 1089 89 50 die
270 1089 40 49 P
318 1091 205 63 rüfung
569 1091 75 49 als
691 1090 507 64 Gymnasiallehrer
1241 1092 314 63 abzulegen.
1597 1091 168 50 Aber:
1810 1091 76 49 Er
1925 1092 220 49 besteht
2190 1091 88 49 die

138 1161 253 64 Prüfung
418 1162 145 49 nicht
587 1193 71 4 —
684 1183 59 29 er
770 1164 125 48 fällt
925 1163 185 49 durch!
1142 1163 201 53 Jedoch
1371 1164 114 48 läßt
1515 1184 57 28 er
1602 1164 105 49 sich
1735 1163 145 49 nicht
1908 1163 368 49 enttäuschen.

136 1233 96 51 Als
273 1233 365 64 begeisterter
678 1235 220 49 Freund
941 1236 96 49 der
1076 1235 178 49 Natur
1293 1237 112 48 und
1446 1235 555 50 Naturwissenschaft
2031 1236 249 58 jtudiert

139 1325 59 29 er
232 1326 109 29 von
377 1308 133 48 1851
546 1307 81 50 bis
664 1308 135 48 1853
833 1306 223 64 Physik,
1091 1306 384 61 Mathematik,
1511 1308 256 62 Zoologie
1803 1307 113 49 und
1949 1307 241 49 Botanik
2224 1308 54 46 in

139 1377 173 50 Wien.
358 1378 129 49 Man
531 1380 139 48 weiß
715 1379 163 59 nicht,
923 1379 67 50 ob
1037 1379 211 63 Gregor
1292 1379 220 49 Mendel
1555 1379 146 50 beim
1745 1381 228 47 zweiten
2017 1399 107 29 von
2167 1378 110 49 ihm

138 1461 496 39 unternommenen
684 1450 259 60 Versuch,
996 1451 84 49 die
1133 1450 780 64 Gymnasiallehrer-Prüfung
1966 1450 313 63 abzulegen,

141 1522 270 51 abermals
450 1523 409 63 durchgefallen
896 1523 133 49 oder
1066 1523 67 49 ob
1172 1545 57 28 er
1264 1543 107 30 von
1409 1523 94 49 der
1538 1523 252 62 Prüfung
1825 1522 452 63 zurückgetreten

139 1597 94 57 ist;
264 1595 81 50 bis
377 1615 66 29 zu
476 1597 180 47 seiner
687 1595 158 49 Wahl
876 1615 123 29 zum
1029 1593 258 51 Prälaten
1317 1597 70 47 ist
1418 1594 291 63 jedenfalls
1744 1595 96 48 der
1870 1593 187 60 Mann,
2089 1594 190 49 dessen

140 1666 383 63 Forschungen
580 1669 88 47 ein
721 1667 211 50 wahres
987 1666 292 50 Weltreich
1337 1687 65 28 an
1456 1666 436 49 Erkenntnissen
1948 1666 332 49 erschlossen

140 1738 196 60 haben,
385 1759 103 29 nur
540 1738 320 63 Suppléant,
912 1739 110 49 also
1074 1738 334 50 Hilfslehrer
1460 1758 65 29 an
1577 1738 95 49 der
1723 1737 452 49 Oberrealschule
2225 1738 54 47 in

140 1795 193 65 ÍBrünn
373 1831 261 43 gewesen.
674 1810 122 50 Alle
837 1813 147 48 seine
1024 1811 140 48 freie
1204 1812 117 47 Zeit
1363 1810 130 49 aber
1530 1810 255 48 widmete
1826 1829 57 28 er
1924 1811 185 47 seinen
2147 1808 132 50 Ver¬

141 1882 215 61 suchen,
392 1883 185 49 hinter
615 1883 92 50 das
746 1883 314 50 Geheimnis
1100 1883 90 49 des
1228 1882 236 63 Erbguts
1502 1902 65 29 zu
1603 1881 272 49 kommen.
1914 1880 125 49 Und
2077 1881 74 50 als
2188 1881 89 47 für

142 1956 177 50 solche
345 1956 276 49 Versuche
648 1955 299 50 besonders
975 1958 249 61 geeignet
1250 1955 152 48 hatte
1431 1974 57 29 er
1516 1973 132 44 ganz
1678 1952 366 64 gewöhnliche
2071 1951 208 51 Erbsen

142 2028 299 50 befunden.

213 2120 109 50 Das
366 2119 270 51 Gärtchen
679 2139 66 30 an
788 2120 95 49 der
923 2119 192 50 Mauer
1158 2120 91 50 des
1291 2120 255 52 Brünner
1586 2120 600 64 Augustinerklosters,
2226 2123 55 47 in

145 2192 122 50 dem
308 2192 97 49 der
444 2192 162 59 stille,
645 2192 341 50 freundliche
1026 2191 193 51 Mönch
1261 2212 132 44 ganz
1433 2194 92 47 für
1565 2193 106 50 sich
1714 2193 162 49 allein
1918 2196 147 47 seine
2106 2194 174 49 Kreu¬

143 2265 432 62 zungsversuche
609 2264 350 60 unternahm,
990 2266 70 47 ist
1093 2284 104 29 nur
1231 2266 63 48 35
1328 2264 179 50 Meter
1540 2265 125 63 lang
1697 2265 113 49 und
1842 2267 30 47 7
1905 2264 181 51 Meter
2118 2265 161 50 breit.

143 2335 150 52 Aber
333 2337 146 49 diese
517 2338 100 48 245
656 2336 428 63 Quadratmeter
1122 2337 120 49 sind
1278 2336 276 51 wahrhaft
1591 2337 353 50 historischer
1982 2337 189 50 Boden
2209 2339 73 46 im

144 2408 286 50 schönsten
473 2409 162 50 Sinne
680 2409 91 50 des
815 2409 234 58 Wortes,
1092 2408 374 64 ehrwürdiger
1511 2409 73 50 als
1630 2409 102 50 alle
1773 2409 509 64 Krönungsstätten

144 2482 113 49 und
296 2481 443 60 Schlachtfelder,
782 2481 141 49 denn
964 2481 119 49 hier
1123 2482 241 49 wurzeln
1404 2481 144 50 nicht
1589 2501 103 29 nur
1735 2481 410 64 grundlegende
2188 2481 93 48 Er¬

144 2554 321 49 kenntnisse
494 2554 137 49 über
661 2554 92 49 das
784 2553 314 50 Geheimnis
1130 2553 94 50 der
1251 2553 328 64 Vererbung
1607 2554 113 49 und
1750 2554 169 49 damit
1950 2554 91 49 des
2071 2553 210 49 Lebens

145 2625 316 63 überhaupt
491 2655 72 5 —-
592 2645 108 30 von
733 2626 120 48 hier
888 2646 92 29 aus
1014 2625 165 49 nahm
1215 2626 129 49 auch
1379 2627 120 48 eine
1533 2625 390 50 Wissenschaft
1956 2626 157 48 ihren
2148 2624 136 49 Aus¬

146 2717 154 44 gang,
346 2698 84 50 die
475 2698 95 49 der
613 2697 359 63 hungernden
1013 2697 338 50 Menschheit
1393 2696 304 65 vielfältige
1740 2697 171 49 Ernte
1957 2698 94 48 auf
2094 2695 188 51 Böden

145 2770 269 50 schenken
447 2771 177 59 sollte,
659 2771 84 49 die
777 2790 93 44 gar
903 2770 161 50 keine
1099 2769 132 51 oder
1264 2770 228 50 vordem
1522 2790 104 29 nur
1658 2769 392 50 kümmerliche
2083 2768 199 50 Frucht

146 2856 262 51 getragen
439 2843 208 50 hatten.

217 2932 213 64 Gregor
466 2953 112 30 war
616 2932 377 51 unbeschwert
1030 2953 106 30 von
1177 2935 140 49 allen
1356 2935 275 51 konfusen
1669 2935 615 65 Vererbungstheorien

145 3025 377 44 vergangener
567 3005 411 54 Jahrhunderte
1024 3007 112 49 und
1181 3009 123 62 ging
1348 3010 99 47 mit
1490 3008 485 64 Unbefangenheit
2022 3030 67 28 an
2135 3011 148 49 seine

145 3078 291 51 Versuche.
476 3078 72 50 Er
586 3079 184 50 wollte
813 3099 65 29 an
919 3079 84 50 die
1042 3078 173 64 Frage
1254 3080 132 49 nach
1427 3080 122 49 dem
1587 3080 229 64 Erbgut,
1858 3100 66 30 an
1966 3081 85 51 die
2091 3081 193 63 Frage,

1183 3229 64 49 10
