2125 3612
681 209 214 46 WRITER'S
929 222 119 30 CHAM
1059 220 30 34 P.

1669 205 54 41 8L

72 347 120 51 limb,
216 347 94 43 that
334 360 81 28 one
438 359 48 28 or
507 343 168 44 several
698 343 47 42 of
765 343 74 43 the
861 355 194 29 muscles
1081 340 230 57 presented
1346 354 56 27 an
1425 336 230 44 alteration
1681 334 45 42 of

69 426 220 35 electrical
322 417 204 43 reaction.
593 415 189 44 Usually
805 415 89 41 this
925 413 234 42 alteration
1183 426 88 28 was
1304 410 105 56 only
1433 410 44 42 of
1499 424 25 27 a
1547 407 176 57 quanti-

67 491 136 41 tative
226 503 234 35 character,
479 488 141 56 being,
642 487 46 41 in
711 486 137 56 slight
871 499 131 29 cases,
1020 499 24 28 a
1062 483 298 58 quantitative
1385 482 215 47 Increase,
1617 478 102 55 and,

65 562 46 40 in
130 575 171 29 severer
322 575 131 29 cases,
471 575 24 27 a
516 555 299 61 quantitative
832 559 231 42 Decrease,
1087 557 44 42 of
1154 555 278 44 excitability
1452 559 44 37 to
1515 554 75 42 the
1609 566 111 29 elec-

64 633 127 42 trical
214 639 185 36 current.
462 632 114 42 That
592 631 106 43 such
718 630 298 57 quantitative
1034 634 235 37 alteration
1288 626 185 51 existed,
1489 639 86 28 was
1593 637 127 28 made

61 704 180 42 evident
264 703 125 42 when
413 702 74 43 the
518 702 217 42 reactions
773 702 47 41 of
849 701 73 42 the
956 699 190 43 muscles
1185 699 45 42 of
1263 698 75 43 the
1376 697 117 42 hand
1533 693 185 45 affected

63 790 27 23 w
105 789 69 28 ere
197 774 212 56 carefully
432 774 231 43 compared
687 779 108 37 with
829 773 124 42 those
986 773 44 42 of
1065 773 75 42 the
1164 771 342 56 corresponding
1528 781 190 30 muscles

61 847 48 41 of
132 847 73 43 the
229 847 124 43 other
375 846 131 44 hand.
570 846 117 43 Only
711 846 46 41 in
792 860 26 28 a
851 846 87 43 few
970 859 120 29 cases
1123 844 77 43 did
1231 844 55 43 he
1319 843 105 51 find,
1446 843 48 42 in
1526 854 191 30 muscles

59 919 179 56 already
254 919 196 56 wasting,
472 919 75 43 the
564 918 264 57 qualitative
847 917 257 43 alterations
1127 918 164 42 known
1315 931 46 28 as
1380 915 76 44 the
1479 913 238 44 Eeactions

61 993 47 41 of
126 992 336 44 Degeneration.

118 1064 63 42 As
204 1069 44 37 to
271 1065 76 41 the
380 1063 243 57 Pathology
654 1064 47 42 of
729 1062 202 44 Writer's
966 1062 174 56 Cramp,
1173 1062 133 42 much
1340 1062 79 41 has
1452 1060 95 43 still
1581 1064 44 37 to
1659 1057 54 42 be

57 1135 187 44 learned.
310 1136 43 42 It
390 1136 37 42 is
469 1135 369 57 unquestionably
871 1135 75 43 the
976 1135 139 42 result
1138 1135 47 42 of
1218 1134 304 56 over-fatigue,
1555 1131 88 43 and
1676 1131 38 41 is

59 1208 187 56 brought
268 1208 134 42 about
420 1208 55 55 by
491 1208 74 42 the
588 1207 227 43 continual
837 1207 249 55 repetition,
1101 1207 111 42 hour
1228 1207 59 55 by
1303 1206 122 42 hour,
1443 1205 86 42 and
1554 1204 85 55 day
1654 1202 61 56 by

59 1280 96 54 day,
169 1280 45 41 of
229 1280 73 42 the
322 1279 220 43 muscular
559 1285 272 37 movements
847 1279 204 42 required
1066 1279 44 41 in
1127 1279 75 42 the
1221 1278 227 56 operation
1464 1277 44 42 of
1526 1280 186 50 writing.

58 1351 92 42 The
174 1351 268 42 mechanism
462 1350 48 41 of
524 1350 122 42 these
670 1355 273 37 movements
961 1350 36 42 is
1018 1364 189 28 nervous
1225 1364 47 27 as
1293 1349 98 43 well
1409 1363 47 28 as
1478 1361 237 35 muscular,

58 1422 86 42 and
167 1422 75 42 the
265 1436 188 28 nervous
467 1421 211 56 impulses
697 1421 85 42 call
799 1421 116 42 forth
935 1421 74 42 the
1027 1421 187 42 activity
1232 1421 44 42 of
1300 1436 132 40 many
1451 1419 263 44 nerve-cells

54 1493 85 42 and
163 1494 295 42 nerve-fibres,
481 1494 112 41 from
626 1493 74 42 the
732 1493 189 57 starting
943 1493 147 56 points
1114 1494 47 42 of
1181 1494 123 42 these
1327 1493 216 56 impulses
1567 1492 46 42 in
1637 1492 76 42 the

54 1565 158 43 Cortex
231 1566 47 41 of
292 1565 73 42 the
382 1565 146 51 Brain,
544 1565 141 51 down,
700 1565 190 56 through
905 1566 75 42 the
1001 1565 156 56 Spinal
1172 1565 129 43 Cord,
1317 1570 45 38 to
1378 1565 116 42 their
1510 1572 204 35 ultimate

52 1638 288 43 expenditure
373 1638 45 41 in
454 1637 73 43 the
560 1637 200 43 muscles.
824 1638 78 42 All
935 1638 44 42 of
1013 1638 123 43 these
1169 1637 108 43 cells
1310 1638 88 42 and
1428 1638 130 42 fibres
1582 1637 131 54 being

53 1710 232 42 exercised,
303 1710 35 42 it
355 1724 140 28 seems
518 1710 254 42 reasonable
795 1717 44 35 to
862 1724 190 41 suppose
1070 1710 97 42 that
1190 1724 90 42 any
1297 1724 82 28 one
1398 1710 47 42 of
1464 1710 122 43 them
1611 1724 103 41 may

50 1782 176 42 become
249 1781 208 57 fatigued.
511 1781 141 42 Many
672 1781 88 42 will
783 1781 113 43 have
918 1782 38 42 it
980 1781 96 43 that
1094 1782 203 42 Writer's
1316 1781 162 44 Cramp
1496 1782 37 42 is
1548 1781 166 57 always

49 1853 259 57 peripheral,
330 1854 87 42 and
440 1853 85 43 due
547 1858 44 38 to
614 1853 113 43 local
750 1853 166 43 change
939 1854 45 41 in
1007 1854 76 43 the
1107 1854 189 43 muscles
1319 1869 47 28 or
1387 1854 48 42 in
1457 1854 77 43 the
1556 1869 158 28 nerves

50 1934 46 35 at
118 1941 46 28 or
186 1941 105 27 near
313 1926 114 42 their
451 1925 221 43 muscular
698 1926 297 42 distribution.
1061 1926 140 43 Some,
1224 1941 57 27 on
1313 1926 77 43 the
1423 1927 126 42 other
1580 1927 133 52 hand,

58 1999 124 55 point
224 2003 45 37 to
313 1998 167 42 certain
522 1997 321 43 resemblances
897 1997 199 43 between
1150 1999 280 55 Progressive
1482 1999 233 43 Muscular

53 2069 206 56 Atrophy
282 2069 87 42 and
391 2069 201 42 Writer's
616 2069 174 56 Cramp,
813 2069 87 42 and
938 2069 129 43 teach
1102 2069 99 43 that
1235 2070 76 42 the
1343 2070 133 43 latter
1506 2071 37 43 is
1566 2086 146 28 essen-

53 2142 128 42 tially
206 2156 24 28 a
252 2141 141 57 spinal
418 2141 218 52 affection,
658 2141 86 43 due
777 2147 44 36 to
854 2141 165 57 fatigue
1052 2141 47 43 of
1128 2142 76 43 the
1229 2142 118 56 large
1373 2149 141 36 motor
1536 2144 106 42 cells
1665 2145 47 41 in

54 2216 74 42 the
150 2215 210 43 Anterior
383 2213 185 43 Cornua.
632 2213 43 42 A
699 2213 115 42 third
838 2214 194 56 opinion,
1057 2219 45 37 at
1124 2219 178 51 present
1324 2229 104 42 very
1447 2217 265 56 powerfully

54 2286 250 58 supported,
327 2287 37 42 is
397 2286 98 42 that
516 2286 201 43 Writer's
741 2286 161 43 Cramp
935 2286 37 43 is
1005 2287 258 42 essentially
1286 2302 25 27 a
1344 2288 206 42 Cerebral
1582 2289 128 43 affec-

53 2361 105 41 tion,
180 2360 84 42 due
289 2365 43 36 to
355 2359 264 43 exhaustion
653 2359 45 42 of
730 2359 99 42 that
860 2364 101 51 part
993 2360 48 41 of
1070 2359 74 43 the
1179 2359 205 44 Cerebral
1419 2361 160 43 Cortex
1613 2363 99 42 that

50 2432 36 42 is
110 2433 75 42 the
207 2432 193 56 primary
424 2445 151 29 source
598 2429 48 44 of
663 2445 322 43 nerve-energy
1004 2432 67 42 for
1094 2431 74 43 the
1191 2432 226 43 muscular
1434 2441 278 37 movements

48 2506 45 41 of
116 2511 185 50 writing.
364 2504 230 43 Although
630 2504 75 42 the
742 2504 173 43 subject
946 2505 37 42 is
1016 2505 210 42 involved
1259 2505 45 42 in
1327 2511 123 51 great
1472 2507 239 51 obscurity,

47 2576 121 42 there
208 2577 35 41 is
282 2583 148 48 pretty
463 2576 111 55 good
608 2575 168 56 ground
816 2577 65 41 for
918 2577 245 55 supposing
1205 2577 99 42 that
1347 2577 123 43 there
1507 2578 39 42 is
1585 2579 125 41 truth

47 2649 44 41 in
131 2648 106 43 each
275 2648 45 42 of
363 2648 74 42 the
475 2648 123 43 three
636 2648 268 56 hypotheses
946 2649 286 55 represented
1275 2649 59 56 by
1372 2650 126 42 these
1541 2650 170 43 several

48 2721 145 43 views.
259 2721 120 42 Most
402 2721 260 42 authorities
686 2736 96 27 now
807 2721 131 42 think
961 2736 59 28 so.
1085 2721 114 43 That
1226 2722 75 43 the
1324 2727 249 51 symptoms
1606 2737 104 41 may

49 2792 152 56 spring
244 2797 78 37 out
363 2791 45 42 of
450 2792 263 43 exhaustion
752 2793 45 42 of
835 2792 75 43 the
949 2792 181 43 cortical
1174 2799 170 37 centres
1389 2807 141 29 seems
1575 2799 44 36 to
1657 2794 53 42 be

49 2863 212 43 rendered
294 2863 160 43 almost
486 2864 165 42 certain
688 2864 58 57 by
771 2864 75 43 the
880 2864 335 52 circumstance,
1237 2864 182 43 already
1441 2865 180 42 alluded
1654 2870 57 46 to,

50 2936 98 42 that
183 2935 203 43 Writer's
424 2936 161 43 Cramp
629 2937 37 42 is
702 2943 116 37 most
855 2937 138 56 easily
1031 2937 204 42 induced,
1275 2937 87 41 and
1402 2951 151 28 occurs
1596 2942 116 37 most

52 3007 263 57 frequently,
352 3008 45 41 in
437 3008 125 42 those
598 3008 109 51 who,
744 3009 58 56 by
838 3008 287 52 inheritance,
1161 3007 278 56 dissipation,
1474 3021 156 41 worry,
1664 3022 48 26 or

49 3080 236 42 overwork,
308 3095 69 27 are
413 3078 195 46 subjects
644 3080 45 43 of
723 3080 331 43 Neurasthenia
1086 3094 47 28 or
1167 3078 422 58 Hypochondriasis.
1655 3079 56 41 In

1506 3149 25 30 L
