1817 3171
414 270 88 40 182

842 278 90 31 THE
957 278 382 33 MACAVACAHOW.

472 405 97 44 The
593 419 148 30 colour
764 403 49 46 of
829 403 75 46 the
923 405 119 60 body
1064 405 37 45 is
1136 419 27 31 a
1197 405 178 61 shining
1397 405 144 54 blacky
1578 405 45 46 in
1648 421 120 31 some

404 496 123 45 parts
564 480 114 45 with
713 496 27 30 a
772 481 202 60 purplish
1007 482 155 53 lustre^
1198 482 90 44 and
1321 488 77 39 the
1421 489 179 38 texture
1624 482 49 46 of
1688 484 78 44 the

405 557 100 45 hair
556 557 37 45 is
642 558 286 60 remarkably
976 556 88 47 soft
1113 558 91 45 and
1243 558 208 61 shining.,
1521 559 96 45 The
1670 559 93 46 face

403 649 185 45 appears
621 649 49 30 as
698 649 27 30 a
752 649 157 30 square
932 635 130 44 mask
1095 633 50 46 of
1175 635 327 53 bluish-white,
1539 636 148 44 which
1726 637 37 44 is

402 711 276 44 surrounded
699 712 63 59 by
785 725 27 30 a
834 726 175 29 naiTOW
1031 726 173 45 margin
1228 710 49 46 of
1303 726 27 30 a
1357 726 131 45 purer
1509 718 138 54 tinge,
1673 713 91 45 and

400 794 92 37 two
516 793 157 54 stripes
698 785 50 47 of
764 793 76 38 the
859 802 121 30 same
999 802 145 30 colour
1161 803 83 28 run
1263 786 110 46 from
1396 794 78 38 the
1492 803 104 45 eyes
1620 795 45 38 to
1684 789 79 45 the

398 870 221 52 temples;
655 863 78 44 the
769 863 149 45 throat
954 861 37 47 is
1026 862 187 46 marked
1237 863 113 45 with
1386 879 28 29 a
1449 864 139 44 white
1623 865 135 53 band,

398 940 90 44 and
511 939 78 44 the
611 939 145 45 hands
779 954 74 29 are
877 938 49 46 of
951 946 78 38 the
1053 954 122 30 same
1198 954 148 30 colour
1367 955 56 29 on
1446 946 78 38 the
1549 941 209 53 outsides,

398 1016 249 45 somewhat
680 1016 282 60 resembling,
999 1016 90 44 and
1123 1015 233 45 compared
1388 1016 62 59 by
1473 1022 78 38 the
1584 1016 175 46 natives

395 1099 46 38 to
466 1108 27 29 a
516 1107 96 45 pair
634 1091 50 46 of
711 1092 138 45 white
871 1092 178 60 gloves;
1086 1098 77 38 the
1181 1092 82 45 tail
1286 1092 37 45 is
1346 1098 78 38 not
1447 1092 135 45 much
1609 1093 151 46 longer

393 1175 114 39 than
541 1169 78 45 the
649 1170 135 59 body,
810 1169 89 45 and
930 1175 78 38 not
1043 1173 47 40 at
1130 1168 62 45 all
1223 1168 110 45 used
1363 1183 47 29 as
1445 1184 27 28 a
1510 1170 247 58 prehensile

392 1245 289 45 instrument.

457 1322 137 44 Eight
629 1337 163 45 species
824 1320 50 46 of
905 1322 90 44 this
1035 1321 175 45 curious
1249 1321 117 44 little
1401 1336 137 46 group
1572 1337 73 30 are
1678 1323 77 44 de-

391 1397 185 55 scribed,
602 1398 148 45 which
785 1398 229 61 generally
1047 1398 116 45 have
1194 1404 78 38 the
1309 1412 122 30 same
1466 1398 164 54 habits,
1664 1400 89 44 and

390 1475 126 44 show
539 1490 27 29 a
588 1474 223 45 beautiful
832 1474 234 60 gradation
1090 1472 50 46 of
1165 1474 108 44 both
1297 1473 112 45 form
1433 1474 89 44 and
1545 1490 207 30 manners

389 1558 45 38 to
459 1566 119 29 some
603 1550 50 45 of
667 1558 77 37 the
769 1551 129 44 small
917 1550 243 44 carnivora.
1228 1550 90 44 We
1337 1565 73 29 are
1428 1556 77 38 not
1530 1565 98 30 sure
1651 1551 101 46 that

387 1626 92 45 this
501 1625 37 46 is
561 1626 118 45 their
710 1642 157 44 proper
891 1625 230 54 situation,
1157 1627 82 43 but
1262 1625 142 60 prefer
1426 1625 225 62 following
1673 1628 77 44 the

386 1709 310 38 arrangement
721 1702 49 45 of
786 1701 211 61 Geoffroy
1020 1702 90 44 and
1133 1702 271 44 Desmarest.
1479 1702 110 60 Any
1613 1710 136 37 alter-

386 1786 145 37 ations
554 1779 147 44 which
737 1794 68 28 we
829 1778 129 45 could
991 1792 104 30 now
1127 1792 133 30 make
1295 1792 73 29 are
1403 1792 106 45 only
1533 1793 119 45 upon
1676 1778 71 45 in-

386 1855 220 45 sufficient
629 1854 205 61 grounds.

451 1931 97 44 The
576 1938 110 37 next
720 1930 111 44 form
867 1930 147 45 which
1049 1929 204 46 succeeds
1287 1929 47 44 in
1367 1936 78 38 the
1482 1945 170 45 system
1678 1947 68 30 we

383 2007 116 44 have
521 2013 228 54 presently
773 2013 205 53 adopted,
1004 2006 36 45 is
1064 2022 82 29 one
1170 2004 49 46 of
1239 2021 47 29 as
1308 2012 124 54 gi’eat
1464 2008 279 54 singularity,

382 2083 90 44 and
487 2083 36 44 is
541 2089 78 54 yet
637 2083 280 44 represented
935 2084 61 59 by
1015 2098 26 29 a
1060 2082 137 46 single
1212 2081 264 56 individual,
1493 2083 252 48 discovered

383 2160 60 59 by
469 2159 282 52 Humboldt;
789 2159 35 44 it
848 2159 50 53 is.
