2107 3450
769 310 292 38 GRADUATION
1095 317 168 36 THESIS.

1754 312 87 47 467

187 426 90 38 then
297 428 296 48 approximated,
613 441 39 24 so
671 429 83 37 that
776 430 91 48 only
884 443 21 24 a
923 443 147 26 narrow
1089 434 117 37 chink
1225 435 32 37 is
1274 436 80 47 left,
1374 437 161 49 through
1558 440 123 36 which
1707 441 65 36 the
1790 454 56 23 air

189 497 157 26 escapes.

238 543 57 46 2d,
325 543 48 37 In
391 543 64 37 the
480 547 60 33 act
558 543 41 37 of
621 544 244 47 deglutition,
886 545 185 49 complete
1099 548 143 37 closure
1268 562 127 25 occurs
1421 552 312 50 simultaneously
1750 554 94 37 with

190 600 64 36 the
273 600 151 37 descent
442 601 40 36 of
497 601 64 36 the
580 601 202 48 epiglottis,
802 614 40 24 as
860 615 56 23 we
933 602 97 37 have
1048 604 153 49 already
1219 618 99 25 seen.

239 658 58 45 3d,
325 658 145 37 Perfect
496 658 144 37 closure
664 658 78 37 also
769 659 106 37 takes
901 660 106 48 place
1024 661 202 38 whenever
1251 663 65 37 the
1341 664 56 36 air
1413 665 32 36 is
1464 667 230 47 compressed
1712 668 135 35 within

188 715 64 36 the
270 715 111 47 lungs
399 716 74 36 and
492 716 160 45 trachea,
672 715 169 39 whether
864 716 47 48 by
929 730 21 23 a
968 717 204 50 voluntary
1192 720 118 44 effort,
1330 734 38 23 as
1386 722 42 35 in
1445 722 158 50 holding
1621 724 64 36 the
1703 723 141 49 breath,

189 785 41 24 or
246 772 288 49 involuntarily,
552 786 40 24 as
610 773 126 37 hefore
755 774 90 36 each
863 778 60 32 act
941 775 40 36 of
997 777 197 48 coughing.

235 831 19 35 I
271 830 109 48 shall,
395 832 41 36 in
452 832 65 36 the
536 832 214 44 meantime,
766 831 147 37 confine
930 844 66 36 my
1010 833 169 37 remarks
1197 839 38 31 to
1249 834 65 37 the
1333 836 134 36 second
1481 837 74 35 and
1573 837 102 37 third
1690 838 40 36 of
1744 838 104 37 these

186 888 223 47 conditions,
427 890 192 48 reserving
644 889 65 37 the
736 890 81 36 first
844 890 56 36 for
925 889 85 38 that
1034 896 86 43 part
1146 892 40 36 of
1208 892 65 37 the
1300 906 115 35 paper
1433 894 124 37 which
1583 900 113 32 treats
1720 897 40 36 of
1782 897 65 36 the

187 947 226 47 production
432 947 41 37 of
486 948 115 36 voice.

234 1005 100 37 That
352 1005 64 37 the
433 1006 129 48 glottis
579 1006 32 36 is
630 1005 89 37 shut
738 1005 139 49 during
894 1005 66 37 the
978 1010 59 32 act
1052 1006 40 36 of
1108 1007 229 48 deglutition
1354 1009 31 36 is
1403 1010 141 47 proved
1561 1010 51 48 by
1626 1011 63 37 the
1704 1013 142 35 experi-

184 1068 123 32 ments
322 1063 40 37 of
378 1063 199 49 Magendie
592 1076 49 24 on
655 1064 101 49 dogs,
772 1063 75 37 and
861 1064 52 48 by
927 1063 64 37 the
1008 1064 237 37 observation
1261 1066 40 36 of
1312 1066 93 37 such
1419 1079 97 24 cases
1530 1080 39 24 as
1583 1080 70 25 one
1669 1070 177 36 recorded

183 1120 52 49 hy
254 1121 123 49 Mayo.
429 1122 38 36 A
485 1134 100 34 man,
603 1123 42 35 in
671 1134 49 25 an
746 1126 162 33 attempt
926 1126 38 32 to
983 1122 152 48 destroy
1152 1123 164 46 himself,
1335 1125 111 36 made
1464 1137 21 24 a
1503 1125 92 49 deep
1613 1126 91 48 gash
1721 1127 42 35 in
1780 1126 65 36 the

186 1192 121 36 upper
331 1183 85 45 part
442 1179 41 37 of
505 1180 58 36 his
589 1180 125 36 throat
733 1180 125 36 which
885 1180 188 36 extended
1098 1181 81 36 into
1207 1181 65 36 the
1297 1182 187 47 pharynx.
1539 1184 21 18 "
1573 1183 81 36 The
1677 1182 170 45 wound,"

184 1250 83 36 says
281 1238 65 36 the
360 1242 180 43 narrator,
560 1241 22 18 "
594 1252 74 23 was
682 1239 222 45 horizontal,
919 1239 77 36 and
1011 1240 129 47 passed
1155 1239 218 38 backwards
1388 1253 88 24 over
1494 1241 64 37 the
1572 1255 120 35 upper
1709 1243 135 36 border

185 1295 41 37 of
239 1295 65 37 the
319 1296 153 49 thyroid
487 1297 187 48 cartilage,
689 1297 172 37 severing
874 1297 65 36 the
959 1297 191 48 epiglottis
1169 1310 89 24 near
1271 1298 49 36 its
1334 1298 233 37 attachment
1583 1304 39 31 to
1641 1300 64 36 the
1723 1300 122 45 latter,

185 1357 64 44 yet
266 1353 65 37 the
354 1355 158 47 patient,
530 1355 42 36 in
597 1358 75 33 two
699 1367 41 24 or
765 1354 106 37 three
897 1354 92 48 days
1015 1354 96 37 after
1135 1354 66 37 the
1227 1356 141 47 injury,
1388 1356 212 36 swallowed
1627 1357 125 47 easily,
1772 1357 75 36 and

185 1411 163 38 without
365 1412 65 37 the
446 1412 95 37 least
558 1413 191 36 irritation
768 1412 40 37 of
828 1412 64 37 the
910 1412 148 47 larynx,
1077 1412 183 49 although
1288 1425 39 25 so
1354 1412 76 38 free
1450 1426 74 24 was
1542 1414 65 36 the
1625 1415 163 47 opening
1804 1415 42 35 in

184 1468 65 37 the
267 1469 124 38 throat
409 1470 84 37 that
518 1483 102 24 some
639 1471 40 36 of
701 1470 64 36 the
792 1470 96 36 fluid
914 1470 215 36 swallowed
1155 1469 141 49 always
1323 1483 69 24 ran
1418 1475 66 32 out
1502 1475 38 32 at
1566 1471 65 37 the
1649 1471 196 37 wound."1

185 1525 269 40 Observations
472 1529 92 36 such
582 1541 40 24 as
640 1528 104 37 these
762 1528 106 37 leave
885 1540 45 25 us
947 1528 43 36 in
1008 1540 50 24 no
1077 1528 120 36 doubt
1224 1528 84 36 that
1325 1528 65 37 the
1407 1528 129 49 glottis
1554 1529 32 36 is
1604 1529 88 36 shut
1710 1529 138 47 during

183 1584 66 37 the
266 1590 59 32 act
344 1586 40 36 of
398 1586 229 49 deglutition
645 1600 8 30 ;
683 1586 81 37 but,
784 1599 94 24 even
896 1586 124 37 under
1046 1586 65 36 the
1128 1590 100 32 most
1255 1586 220 37 favourable
1503 1587 296 36 circumstances,
1817 1587 31 35 it

183 1647 104 32 must
314 1643 46 38 be
388 1644 208 37 extremely
613 1644 161 37 difficult
801 1649 39 32 to
869 1657 154 24 observe
1050 1643 66 37 the
1144 1648 106 32 exact
1278 1656 158 25 manner
1462 1644 40 37 of
1526 1645 49 35 its
1602 1644 154 36 closure,
1775 1643 75 37 and

184 1702 240 48 accordingly
443 1715 55 23 we
516 1715 61 24 are
594 1703 69 36 left
681 1715 92 24 very
790 1702 117 36 much
923 1706 39 32 to
980 1701 99 37 infer
1098 1701 82 37 that
1208 1701 64 37 the
1292 1714 107 24 order
1417 1701 40 37 of
1482 1701 236 49 phenomena
1735 1702 31 35 is
1784 1701 64 36 the

182 1773 101 24 same
300 1760 42 36 in
360 1760 228 37 deglutition
604 1773 40 24 as
661 1773 55 24 we
735 1760 155 37 observe
907 1761 32 35 it
956 1764 39 33 to
1013 1761 47 35 be
1080 1760 43 36 in
1140 1759 205 49 voluntary
1363 1759 176 37 shutting
1556 1759 40 37 of
1611 1759 64 37 the
1693 1772 138 35 glottis.

233 1818 81 37 The
332 1818 232 37 mechanism
583 1818 40 37 of
638 1818 76 37 this
732 1818 207 37 voluntary
956 1818 146 37 closure
1128 1818 67 36 has
1213 1818 95 36 been
1327 1817 40 37 of
1383 1817 76 37 late
1487 1829 106 36 years
1620 1816 230 49 beautifully

184 1875 279 38 demonstrated
475 1876 52 37 by
542 1876 192 37 Czermak.
781 1877 22 19 "
816 1876 151 48 During
980 1875 186 37 complete
1179 1875 76 36 and
1272 1874 181 37 hermetic
1468 1874 178 47 closure,"
1665 1886 83 36 says
1766 1874 83 36 that

185 1934 146 36 author,
352 1935 22 19 "
388 1935 18 35 I
425 1934 97 37 have
540 1935 180 36 observed
737 1934 66 37 the
820 1933 197 49 following
1035 1933 238 48 phenomena
1291 1945 59 24 :

234 1993 98 46 "1st,
359 1992 82 37 The
459 1993 198 47 arytenoid
676 1992 194 49 cartilages
887 1991 218 37 intimately
1123 1995 100 32 meet
1241 1995 38 31 at
1297 1990 99 36 their
1413 1990 164 36 internal
1595 1989 161 37 surfaces
1774 1989 75 36 and

184 2060 196 37 processes,
399 2050 76 37 and
492 2051 111 36 bring
620 2050 65 37 the
704 2051 110 36 edges
833 2050 41 36 of
888 2049 66 37 the
972 2049 105 37 vocal
1098 2049 105 36 cords
1222 2048 41 36 in
1281 2052 159 32 contact.

232 2109 19 18 "
267 2108 85 45 2nd,
372 2108 81 36 The
472 2109 170 48 superior
659 2108 107 37 vocal
785 2108 107 36 cords
910 2107 188 49 approach
1116 2106 66 36 the
1200 2105 156 37 inferior
1381 2117 39 24 so
1446 2117 40 24 as
1511 2108 39 32 to
1570 2105 195 35 obliterate
1784 2103 64 37 the

180 2165 200 38 ventricles
398 2167 41 36 of
457 2166 209 49 Morgagni,
685 2171 39 32 at
743 2166 64 37 the
826 2179 102 24 same
945 2167 94 35 time
1057 2165 93 36 they
1168 2164 78 37 also
1266 2167 100 33 meet
1383 2163 41 36 in
1443 2162 65 37 the
1528 2162 152 37 median
1697 2162 90 36 line.

232 2226 21 18 "
270 2225 76 46 3rd,
366 2225 81 37 The
465 2225 192 49 epiglottis
674 2225 115 37 being
813 2224 165 38 lowered
1003 2223 76 37 and
1104 2223 51 37 its
1181 2221 159 38 cushion
1366 2221 110 36 made
1502 2233 102 24 more
1630 2223 217 46 prominent

183 2282 91 45 still,
292 2282 32 37 it
349 2295 142 37 presses
517 2288 147 32 against
684 2283 66 37 the
768 2282 126 38 closed
910 2286 142 45 glottis,
1071 2281 66 37 the
1155 2292 149 25 contact
1322 2280 134 47 taking
1474 2278 104 49 place
1598 2278 98 36 from
1722 2277 126 37 before

182 2339 228 39 backwards.
463 2341 68 37 All
551 2341 104 38 these
673 2341 162 37 changes
853 2341 89 36 take
959 2340 107 49 place
1085 2338 95 37 with
1199 2337 93 37 such
1310 2336 166 49 rapidity
1495 2336 83 36 that
1597 2339 104 45 great
1726 2339 120 33 atten-

185 2398 81 36 tion
283 2399 31 36 is
332 2411 194 26 necessary
544 2404 38 33 to
601 2400 173 37 examine
792 2399 107 37 them
916 2399 43 35 in
977 2397 178 37 detail."2

231 2456 81 37 The
331 2458 110 37 mode
459 2457 40 38 of
513 2458 233 49 performing
764 2457 105 36 these
887 2468 253 36 experiments
1158 2454 43 36 is,
1216 2453 81 36 first
1314 2456 39 33 to
1372 2451 90 38 shut
1481 2451 63 37 the
1558 2454 129 45 glottis
1701 2449 143 49 gently,

181 2514 76 36 and
287 2514 95 38 then
410 2519 41 34 to
481 2528 187 26 compress
698 2515 67 37 the
791 2515 57 37 air
873 2514 140 37 within
1041 2513 67 36 the
1136 2524 104 25 chest
1266 2510 76 37 and
1360 2509 160 47 trachea,
1539 2509 52 48 by
1608 2509 157 48 putting
1783 2507 64 37 the

183 2573 161 37 muscles
363 2573 40 37 of
418 2575 212 36 expiration
647 2586 104 24 more
770 2572 77 38 and
864 2584 104 24 more
985 2569 230 51 powerfully
1232 2569 82 36 into
1333 2568 135 36 action.

231 2630 107 38 With
367 2631 66 38 the
463 2632 138 37 second
631 2635 205 34 statement
864 2630 42 36 in
933 2628 215 39 Czermak's
1165 2630 159 34 account
1351 2625 40 37 of
1414 2625 64 37 the
1496 2624 249 50 phenomena,
1764 2624 83 47 viz.,

179 2686 84 38 that
281 2688 65 38 the
363 2690 170 37 superior
550 2690 107 37 cords
675 2688 190 50 approach
884 2687 66 37 the
968 2686 157 38 inferior
1142 2698 39 24 so
1207 2697 40 25 as
1273 2688 38 33 to
1338 2683 198 37 obliterate
1562 2681 65 38 the
1644 2681 203 37 ventricles

178 2745 41 38 of
235 2746 206 51 Morgagni,
461 2761 67 36 my
546 2760 86 25 own
658 2747 270 38 observations,
948 2757 40 25 as
1007 2744 82 37 will
1114 2743 48 37 be
1187 2754 89 26 seen
1301 2741 205 49 presently,
1526 2740 47 36 do
1601 2743 67 33 not
1694 2751 148 25 concur.

179 2804 92 48 Any
305 2805 238 37 observation
578 2805 94 37 with
707 2804 65 38 the
806 2804 281 48 laryngoscope,
1115 2800 200 49 regarding
1345 2799 65 36 the
1438 2798 196 37 condition
1670 2796 40 37 of
1742 2796 104 37 these

182 2862 211 37 ventricles,
407 2863 31 36 is
453 2863 208 37 extremely
674 2862 117 37 liable
809 2866 38 32 to
867 2861 149 47 fallacy,
1036 2859 58 36 for
1112 2859 100 36 their
1230 2857 139 48 oblong
1387 2855 142 37 orifices
1548 2866 61 25 are
1628 2853 163 37 situated
1808 2854 41 35 in

179 2919 66 38 the
262 2919 135 38 lateral
414 2919 107 38 walls
539 2921 41 36 of
595 2920 65 36 the
678 2920 137 36 larynx
832 2919 78 36 and
927 2917 90 38 look
1035 2916 175 37 inwards,
1231 2927 39 24 so
1288 2914 95 45 that,
1404 2911 200 47 observing
1625 2911 106 36 them
1749 2910 97 37 from

181 2977 131 37 above,
330 2978 32 36 it
379 2978 32 36 is
429 2977 137 37 almost
583 2977 219 49 impossible
820 2980 38 33 to
877 2975 69 37 tell
965 2988 171 24 whether
1153 2973 91 48 they
1261 2985 63 24 are
1342 2983 97 36 open
1458 2982 40 24 or
1516 2969 135 36 closed.

230 3036 81 36 The
329 3035 177 49 question
524 3047 86 24 now
628 3039 38 32 to
685 3034 47 37 be
750 3033 220 38 considered
987 3033 43 47 is,
1050 3032 123 39 What
1191 3031 31 36 is
1241 3029 66 37 the
1326 3040 65 25 use
1409 3027 41 37 of
1464 3027 77 36 this
1559 3025 231 48 complexity
1808 3024 42 36 in

294 3149 7 17 1
327 3146 113 36 Mayo'*
455 3144 178 36 Physiology,
650 3150 49 30 pp.
717 3145 47 26 371
780 3143 58 27 ami
854 3143 59 28 3S2.

1344 3139 11 17 2
1377 3134 166 32 Ozermak'a
1558 3134 185 34 Monograph.
