2113 3404
353 192 83 42 276

853 212 87 31 THE
966 213 241 33 DISOKDERS
1240 215 52 32 OF
1323 216 174 33 SPEECH.

993 768 276 44 CHAPTER
1310 771 52 42 X.

364 900 206 46 Aphasia
606 915 48 31 in
691 916 218 33 relation
946 918 54 32 to
1039 909 203 43 Organic
1283 910 221 43 Diseases
1539 922 53 31 of
1627 922 87 31 the
1750 912 143 42 Brain
1912 928 64 26 :—

424 972 268 45 Prefatory
739 977 153 43 Notes
934 989 54 31 as
1030 989 53 32 to
1124 991 87 30 the
1257 980 406 44 Speech-Centres.
1742 982 236 42 Auditory

423 1042 215 45 Aphasia.

425 1181 51 42 It
510 1182 36 42 is
579 1182 142 56 hoped
758 1185 97 43 that
890 1186 75 43 the
1002 1187 147 43 reader
1185 1189 257 42 remembers
1478 1188 117 42 what
1629 1189 77 42 has
1744 1189 106 42 been
1890 1190 90 42 said

365 1252 133 43 about
520 1253 74 43 the
612 1256 285 42 constitution
916 1257 43 42 of
981 1272 55 27 an
1055 1258 350 56 Object-percept
1427 1259 85 41 and
1534 1259 43 42 of
1597 1273 24 27 a
1639 1259 342 43 Word-percept,

367 1323 86 42 and
489 1324 132 42 about
657 1325 74 43 the
769 1327 209 57 blending
1015 1329 193 55 together
1245 1329 43 42 of
1324 1329 122 42 these
1483 1333 84 38 two
1602 1333 194 51 percepts
1829 1329 46 43 in
1910 1331 72 41 the

367 1394 334 45 consciousness.
766 1396 250 45 Lichtheim
1048 1399 77 43 has
1157 1399 276 43 constructed
1474 1413 24 28 a
1539 1399 189 56 diagram
1767 1400 138 42 which
1948 1401 36 41 is

369 1466 123 42 fitted
526 1470 44 38 to
604 1467 216 45 illustrate
854 1470 74 42 the
963 1470 285 43 constitution
1282 1471 43 42 of
1358 1470 73 42 the
1464 1475 85 37 two
1576 1475 207 50 percepts,
1806 1471 83 41 and
1912 1471 71 42 the

368 1536 207 44 relations
612 1538 44 42 of
693 1539 72 43 the
803 1555 80 28 one
921 1545 42 38 to
1000 1541 74 43 the
1112 1542 146 42 other;
1291 1541 85 42 and
1409 1541 232 42 Wernicke
1675 1541 75 42 has
1787 1542 196 42 modified

370 1607 87 42 this
490 1608 190 56 diagram
713 1610 57 55 by
792 1611 159 56 adding
974 1616 42 38 to
1038 1612 35 41 it
1098 1612 153 55 looped
1279 1610 386 44 connecting-lines
1698 1611 191 42 between
1913 1612 72 42 the

368 1678 171 43 various
578 1683 167 40 centres
783 1682 97 41 that
917 1682 170 42 furnish
1125 1682 74 42 the
1238 1682 160 41 images
1434 1681 66 41 for
1533 1681 73 42 the
1640 1681 345 57 object-percept.

881 2493 67 25 Fig.
962 2492 24 25 1.
1019 2490 101 35 (After
1135 2490 186 34 Lichtlieim;
1340 2490 158 33 modified.)

377 2571 53 40 In
456 2569 72 42 the
551 2569 191 42 diagram
764 2582 46 29 as
833 2568 99 43 here
955 2568 141 56 given,
1115 2568 21 41 I
1159 2568 109 42 have
1291 2571 183 52 adopted
1498 2567 269 44 Wernicke's
1789 2569 203 49 addition,

375 2640 86 42 and
483 2640 109 42 have
614 2653 89 28 also
733 2638 179 57 slightly
934 2638 218 42 increased
1177 2638 72 42 the
1272 2638 181 42 number
1485 2638 46 42 of
1559 2637 73 43 the
1664 2638 327 56 image-centres

375 2712 66 42 for
473 2711 73 43 the
581 2711 348 55 object-percept,
952 2723 46 29 so
1032 2723 46 29 as
1110 2713 44 38 to
1188 2709 125 42 make
1344 2709 119 42 them
1498 2710 334 55 representative
1861 2709 47 42 of
1936 2708 57 43 all

377 2783 73 42 the
483 2795 167 30 centres
682 2780 139 44 tested
854 2780 43 41 in
933 2794 76 28 our
1040 2779 130 43 series
1207 2779 43 42 of
1285 2778 115 44 little
1441 2779 289 43 experiments
1773 2784 103 37 with
1919 2778 71 43 the

376 2852 159 56 apples.

434 2924 54 42 In
511 2922 88 44 this
622 2922 204 56 diagram,
849 2921 72 43 the
944 2934 136 42 upper
1101 2934 85 28 row
1219 2920 47 42 of
1294 2919 147 44 circles
1463 2924 239 39 represents
1725 2919 73 43 the
1820 2924 164 39 centres

371 2996 66 42 for
459 2995 73 42 the
556 2994 170 42 various
748 2993 166 42 images'
933 2991 139 43 which
1106 3005 98 42 may
1227 3005 49 42 go
1309 2995 44 38 to
1386 2991 108 42 form
1527 2990 73 44 the
1631 2995 174 52 percept
1827 3005 44 28 or
1893 2989 95 43 idea
