2113 3404
408 251 84 40 250

908 267 86 31 THE
1026 269 243 32 DISORDERS
1301 271 53 30 OF
1385 271 176 32 SPEECH.

408 383 304 43 movements."
773 385 63 43 As
869 385 72 43 the
964 392 267 39 movements
1253 389 45 41 of
1326 389 154 43 speech
1502 404 70 28 are
1594 390 208 53 bilateral,
1823 393 102 56 they
1947 408 78 28 can

409 450 53 44 be
484 453 170 43 excited
676 455 110 42 from
809 456 137 43 either
967 457 282 44 hemisphere.

468 521 282 46 Broadbent's
773 526 252 55 hypothesis
1048 528 83 42 had
1156 533 73 37 not
1250 528 102 56 long
1384 534 43 37 to
1461 531 101 41 wait
1591 531 144 43 before
1767 532 36 42 it
1833 535 191 41 received

410 593 142 54 ample
568 596 309 52 confirmation,
893 598 102 41 both
1016 598 108 42 from
1142 599 267 55 experiment
1423 600 81 42 and
1523 602 106 41 from
1645 602 168 43 clinical
1830 604 195 42 observa-

410 662 102 43 tion.
566 665 179 52 Ferrier,
762 667 45 41 in
825 667 74 42 the
917 681 147 29 course
1082 669 46 41 of
1148 669 64 42 his
1230 670 301 54 experiments,
1549 672 204 42 observed
1772 672 94 42 that
1881 678 144 38 "some

409 741 270 37 movements
702 751 68 28 are
793 737 247 56 bilaterally
1061 740 273 53 represented
1355 740 46 40 in
1424 741 102 41 each
1549 741 281 55 hemisphere,
1851 743 85 41 and
1957 757 69 29 are

411 803 166 42 thrown
616 806 93 41 into
746 806 144 42 action
927 808 239 55 conjointly
1205 809 56 54 by
1298 809 215 42 electrical
1555 811 270 42 stimulation
1867 813 43 41 of
1953 813 72 43 the

409 879 158 38 cortex.
630 876 103 42 This
766 876 125 43 holds
922 878 109 54 good
1063 878 231 54 especially
1327 879 45 41 of
1401 880 73 41 the
1507 881 258 56 oro-lingual
1787 882 84 42 and
1893 884 131 40 trunk

411 944 304 42 movements."
789 945 198 51 Barlow,1
1024 947 46 40 in
1116 945 125 52 1877,
1277 948 231 54 published
1545 949 69 42 his
1650 949 258 43 interesting
1944 951 84 41 and

410 1015 237 54 important
684 1029 95 29 case
817 1016 43 41 of
897 1017 189 42 cerebral
1116 1017 150 42 lesion,
1299 1020 91 39 first
1421 1019 45 41 in
1497 1019 74 42 the
1603 1019 78 43 left
1717 1020 116 42 third
1870 1022 156 41 frontal

411 1085 292 52 convolution,
737 1087 85 41 and
854 1087 106 46 then
997 1088 47 41 in
1081 1087 73 43 the
1193 1088 332 55 corresponding
1561 1090 278 42 convolution
1875 1091 44 41 of
1955 1092 73 41 the

410 1155 116 56 right
548 1156 103 43 side.
713 1157 90 41 The
826 1157 182 54 patient,
1030 1172 24 27 a
1085 1157 98 56 boy,
1207 1172 84 28 was
1323 1158 73 42 the
1428 1159 168 54 subject
1625 1160 47 41 of
1699 1159 123 43 heart
1852 1160 176 50 disease,

412 1226 84 42 and
521 1227 84 41 had
629 1227 90 42 first
742 1241 55 28 an
819 1228 148 41 attack
989 1229 47 41 of
1058 1229 177 54 aphasia
1258 1229 82 42 due
1373 1233 43 38 to
1448 1230 226 41 embolism
1706 1231 43 40 in
1782 1230 73 43 the
1886 1236 139 50 artery

411 1298 236 55 supplying
684 1298 74 42 the
794 1298 82 42 left
913 1299 116 41 third
1067 1299 159 41 frontal
1265 1299 289 44 convolution.
1615 1300 88 42 But
1743 1301 53 41 he
1837 1303 191 40 speedily

410 1369 204 54 regained
647 1369 72 41 the
751 1383 144 41 power
918 1369 45 41 of
981 1370 167 53 speech,
1172 1369 56 55 by
1250 1369 190 56 training
1472 1369 72 42 the
1566 1371 330 54 corresponding
1917 1377 113 36 right

411 1439 118 41 third
571 1439 161 41 frontal
774 1439 288 42 convolution.
1136 1439 63 41 At
1241 1454 23 27 a
1306 1440 263 54 subsequent
1609 1441 157 54 period,
1810 1455 24 27 a
1875 1443 155 40 second

412 1509 227 41 embolism
669 1509 188 55 plugged
892 1509 74 41 the
1000 1513 140 38 artery
1168 1509 43 41 of
1248 1509 158 55 supply
1429 1510 45 40 of
1502 1510 88 41 this
1622 1510 274 41 convolution
1929 1511 101 49 also,

413 1592 45 28 so
497 1579 96 41 that
636 1579 73 42 the
751 1579 168 55 patient
953 1580 125 54 again
1115 1580 173 41 became
1325 1580 198 55 aphasic;
1565 1580 84 42 and
1687 1581 86 41 this
1810 1581 103 42 time
1957 1583 72 40 the

412 1649 178 55 aphasia
613 1663 85 28 was
720 1654 266 50 permanent.
1050 1650 89 41 But
1161 1655 76 36 not
1258 1650 102 56 only
1382 1664 87 28 was
1491 1650 118 42 there
1630 1650 176 55 aphasia
1827 1651 109 42 after
1957 1652 73 42 the

411 1719 159 41 second
591 1719 250 52 embolism;
873 1719 120 42 there
1026 1734 84 27 was
1132 1720 89 41 also
1254 1724 94 37 true
1379 1720 207 54 paralysis
1609 1721 45 40 of
1675 1720 70 42 the
1767 1725 156 50 tongue
1945 1721 86 41 and

411 1788 85 55 lips
535 1802 56 28 on
622 1788 106 42 both
761 1788 124 42 sides,
915 1802 44 28 as
997 1789 46 41 in
1081 1788 575 56 Glosso-Labio-Laryngeal
1688 1789 226 54 Paralysis.
1975 1790 55 42 So

410 1859 103 56 long
549 1873 45 28 as
629 1873 80 28 one
747 1860 43 40 of
827 1859 74 42 the
939 1863 166 38 centres
1138 1859 220 42 remained
1395 1860 149 41 sound,
1581 1860 119 41 these
1735 1873 149 41 organs
1922 1874 109 27 were

410 1930 231 54 paralyzed
674 1929 102 42 only
809 1934 43 37 to
884 1944 24 27 a
942 1943 104 41 very
1079 1930 133 41 slight
1244 1934 150 37 extent
1435 1943 116 27 upon
1593 1943 79 27 one
1714 1928 102 51 side,
1853 1930 177 41 because

410 2001 106 41 they
539 2015 70 27 are
643 2000 244 55 bilaterally
918 2000 274 42 represented
1224 2001 44 39 in
1302 2000 72 41 the
1404 2005 168 36 cortex;
1603 2000 78 41 but
1704 2000 110 41 their
1836 2000 193 41 bilateral

412 2070 266 43 destruction
713 2069 260 55 necessarily
1002 2069 190 42 resulted
1217 2070 46 40 in
1295 2083 24 28 a
1350 2069 210 55 paralysis
1582 2069 44 42 of
1656 2069 73 42 the
1758 2073 157 51 tongue
1944 2069 87 41 and

409 2141 85 55 lips
518 2141 97 42 that
637 2155 86 27 was
746 2141 99 41 well
868 2141 177 41 marked
1067 2155 55 27 on
1144 2140 106 42 both
1272 2140 122 42 sides.

471 2212 137 42 These
630 2212 122 42 facts,
775 2213 45 40 of
848 2216 121 50 great
991 2212 182 41 interest
1203 2211 47 41 in
1282 2210 273 51 themselves,
1575 2210 260 56 thoroughly
1857 2211 168 54 explain

410 2284 76 42 the
507 2286 210 52 apparent
739 2283 202 54 anomaly
964 2283 105 41 that,
1088 2283 45 40 in
1156 2281 74 42 the
1253 2281 194 42 complex
1470 2285 267 38 movements
1760 2281 45 41 of
1823 2281 165 54 speech,
2007 2296 23 27 a

411 2359 114 37 store
547 2354 46 41 of
610 2353 162 41 images
794 2353 195 41 amassed
1012 2367 53 26 on
1099 2366 80 28 one
1212 2352 91 41 side
1336 2351 103 42 only
1461 2352 43 41 of
1536 2351 72 41 the
1641 2351 120 41 brain
1794 2351 153 41 should
1978 2352 51 42 be

411 2423 179 56 capable
612 2424 43 41 of
685 2424 180 55 guiding
886 2423 75 42 the
983 2426 269 38 movements
1275 2422 46 41 of
1350 2422 73 42 the
1456 2421 270 42 articulative
1762 2421 180 42 muscles
1974 2436 54 27 on

410 2495 106 42 both
539 2494 123 42 sides.
725 2494 111 41 That
859 2507 81 28 one
972 2493 91 42 side
1095 2492 77 42 has
1203 2492 124 42 alone
1359 2492 108 42 been
1499 2491 232 55 efficiently
1754 2491 206 42 educated
1992 2492 37 42 is

410 2566 178 55 proved,
609 2564 45 42 of
674 2578 159 37 course,
854 2564 57 55 by
935 2577 128 28 every
1086 2576 95 28 case
1203 2562 47 42 of
1278 2562 184 55 aphasia.
1525 2561 89 41 The
1636 2562 94 41 best
1752 2566 274 37 explanation

411 2637 48 41 of
486 2636 56 42 its
574 2635 130 42 being
734 2649 46 27 so
812 2635 50 41 is,
890 2634 22 40 I
945 2632 177 43 believe,
1146 2636 95 38 that
1272 2631 224 43 furnished
1528 2631 57 55 by
1608 2631 73 42 the
1712 2632 242 54 suggestion
1986 2633 46 39 of

410 2707 67 42 Dr
493 2706 178 42 Moxon,
689 2708 96 39 that
801 2704 46 41 in
865 2703 73 42 the
956 2703 191 42 training
1162 2702 43 41 of
1227 2702 72 42 the
1319 2701 154 55 speech
1492 2714 166 29 centres
1676 2701 36 42 it
1727 2701 37 41 is
1782 2700 246 42 favourable

411 2783 44 36 to
489 2777 73 41 the
585 2775 222 42 operation
830 2775 43 40 of
910 2773 74 42 the
1007 2772 230 55 educating
1259 2772 226 50 attention,
1508 2771 95 41 that
1633 2771 35 41 it
1699 2770 165 50 should,
1886 2770 45 42 in
1954 2770 72 41 the

410 2847 238 42 fulfilment
681 2846 45 40 of
755 2844 58 41 its
851 2842 181 43 delicate
1066 2842 108 41 task,
1206 2842 51 41 be
1295 2840 301 43 concentrated
1635 2854 114 41 upon
1781 2854 79 28 one
1894 2839 132 42 hemi-

410 2932 165 43 sphere,
597 2915 145 43 rather
764 2914 106 42 than
893 2912 175 43 divided
1090 2912 193 42 between
1306 2916 93 37 two.

892 3060 8 21 1
928 3057 139 36 British
1085 3057 157 36 Medical
1259 3057 166 45 Journal,
1446 3056 101 36 1877.
