2125 3524
849 302 85 31 TIIK
969 304 241 33 DISORDERS
1243 308 53 31 OF
1328 308 175 31 SPEECH.

366 286 55 43 74

363 416 44 41 of
430 416 174 44 tobacco
626 418 85 43 and
733 420 44 42 of
798 421 272 57 stimulating
1092 423 118 43 foods
1232 425 84 41 and
1338 425 150 42 drinks
1505 425 153 42 should
1676 426 51 41 be
1746 426 228 49 forbidden.

365 486 239 57 Prolonged
626 495 88 37 rest
735 490 155 44 should
909 493 51 42 be
975 493 127 55 given
1121 499 43 37 to
1181 494 73 42 the
1271 496 122 41 vocal
1409 508 162 42 organs,
1589 495 83 42 and
1689 496 73 43 the
1780 497 194 47 inflamed

363 564 119 48 parts
503 558 156 44 should
682 561 51 42 be
756 563 161 41 treated
941 563 167 56 locally.
1171 565 83 41 For
1274 565 73 41 the
1377 565 109 42 local
1515 570 233 38 treatment
1779 567 42 41 of
1852 569 126 43 slight

365 641 130 39 cases,
517 643 151 42 sprays
690 631 109 43 have
822 633 106 41 been
955 633 135 42 found
1122 634 45 41 of
1194 640 121 50 great
1346 635 171 42 service.
1578 636 42 41 A
1652 642 84 35 two
1767 650 75 41 per
1871 645 104 38 cent,

365 698 188 43 solution
589 701 46 41 of
669 701 283 44 Bicarbonate
986 703 44 41 of
1062 703 122 42 Soda,
1216 718 46 27 or
1294 704 280 43 Bicarbonate
1607 705 46 42 of
1685 706 166 50 Potash,
1882 721 46 28 or
1955 723 23 30 a

365 769 189 42 solution
577 771 44 41 of
644 772 201 42 Chlorate
868 773 43 41 of
933 772 111 42 Soda
1067 787 98 41 may
1183 774 52 42 be
1258 774 106 42 used
1387 775 44 40 in
1454 775 86 42 this
1565 789 117 41 way;
1712 790 58 27 or,
1787 777 103 40 with
1912 778 67 44 the

365 840 110 41 view
504 841 44 41 of
579 841 201 56 soothing
810 842 228 50 irritation,
1060 856 25 27 a
1115 843 96 41 four
1243 857 75 41 per
1348 851 110 37 cent,
1490 845 188 42 solution
1709 846 44 41 of
1785 846 192 44 Bromide

365 911 47 40 of
441 908 257 44 Potassium.
766 912 83 40 For
885 925 115 29 more
1038 926 145 28 severe
1218 927 129 38 cases,
1379 914 163 43 Schech
1574 915 154 55 speaks
1763 915 147 55 highly
1940 919 42 41 of

366 978 189 43 Mandl's
588 980 152 42 Iodine
772 981 200 49 solution,
1007 981 138 42 which
1177 983 37 41 is
1247 983 122 42 made
1401 998 58 41 up
1490 984 45 42 of
1566 985 163 51 Iodine,
1763 985 146 42 Iodide
1939 988 40 41 of

366 1050 258 50 Potassium,
647 1050 243 55 Glycerine,
913 1051 85 41 and
1025 1051 72 42 Oil
1129 1053 45 40 of
1203 1053 128 41 Mint.
1395 1054 42 40 If
1468 1068 24 27 a
1522 1055 109 55 good
1664 1055 133 41 result
1827 1055 51 42 be
1910 1062 70 36 not

366 1120 203 42 obtained
592 1120 108 42 from
726 1121 118 42 these
876 1135 228 36 measures,
1127 1122 73 42 the
1231 1123 295 55 granulations
1557 1139 98 40 may
1678 1125 50 42 be
1760 1125 219 43 destroyed

365 1191 293 55 individually
681 1192 58 55 by
755 1205 149 28 means
926 1192 46 41 of
990 1192 236 42 escharotic
1248 1199 132 48 paste,
1397 1208 46 27 or
1464 1194 55 55 by
1544 1194 71 43 the
1637 1194 141 43 actual
1800 1201 179 39 cautery.

368 1262 253 43 Mackenzie
644 1263 163 54 prefers
830 1266 43 38 to
896 1262 130 55 apply
1051 1267 44 37 to
1118 1262 116 42 them
1267 1263 74 42 the
1373 1264 236 42 escharotic
1641 1265 174 41 London
1854 1265 125 52 Paste,

366 1333 58 54 by
448 1347 146 28 means
616 1333 47 42 of
691 1348 22 25 a
737 1333 176 41 wooden
937 1333 180 54 spatula.
1181 1333 163 42 Schech
1367 1334 84 41 and
1473 1335 143 41 others
1639 1335 208 41 cauterize
1869 1335 110 42 them

368 1403 106 41 with
498 1403 73 43 the
592 1417 390 41 galvano-cautery.
1046 1403 173 55 Sajous1
1243 1403 159 55 prefers
1425 1409 43 36 to
1491 1418 86 28 use,
1599 1405 63 41 for
1683 1405 87 41 this
1792 1418 187 41 purpose,

367 1473 74 42 the
464 1474 82 41 end
569 1475 44 41 of
644 1489 24 26 a
691 1474 119 41 thick
833 1474 112 41 wire,
969 1474 153 41 heated
1147 1479 42 36 to
1210 1473 174 42 redness
1406 1488 99 27 over
1530 1488 24 27 a
1585 1475 126 53 spirit
1742 1474 126 54 lamp.
1929 1474 53 42 Of

366 1557 148 30 course
541 1544 104 42 such
678 1544 215 42 energetic
925 1548 234 37 treatment
1190 1544 155 41 should
1378 1544 50 42 be
1460 1550 267 36 undertaken
1760 1544 101 55 only
1885 1545 51 55 by
1958 1559 22 27 a

365 1614 158 42 skilled
546 1614 183 55 surgical
752 1614 227 55 specialist.
1042 1614 75 40 All
1141 1614 70 42 the
1233 1614 253 42 authorities
1507 1629 69 27 are
1598 1614 152 42 agreed
1771 1628 45 28 as
1840 1621 42 35 to
1913 1615 67 42 the

367 1685 175 42 efficacy
564 1686 44 41 of
629 1685 104 42 such
757 1685 213 55 energetic
990 1684 110 42 local
1128 1690 230 37 treatment
1389 1685 44 40 in
1465 1699 115 27 cases
1613 1690 95 36 that
1740 1685 179 41 without
1948 1686 32 40 it

369 1755 144 42 would
535 1756 51 41 be
608 1755 231 42 incurable.

427 1826 90 42 The
539 1826 196 54 atrophic
752 1826 121 50 form,
892 1825 277 55 Pharyngitis
1193 1825 131 42 Sicca,
1341 1825 37 41 is
1395 1830 75 37 not
1488 1839 45 28 so
1551 1825 221 42 amenable
1796 1830 43 37 to
1857 1831 121 36 treat-

367 1902 122 36 ment
507 1910 45 28 as
576 1896 71 42 the
669 1895 307 55 hypertrophic
997 1909 90 28 one.
1140 1895 74 41 All
1237 1895 95 41 that
1354 1909 79 27 can
1456 1896 50 41 be
1528 1896 109 41 done
1660 1896 35 41 is
1717 1900 43 37 to
1782 1896 108 41 keep
1913 1896 66 41 the

369 1971 116 50 parts
508 1966 121 42 clean
652 1966 84 42 and
760 1966 139 51 moist,
922 1966 55 55 by
1000 1980 149 27 means
1172 1967 46 40 of
1245 1966 120 41 nasal
1391 1966 187 42 douches
1600 1967 84 41 and
1706 1967 85 41 oral
1814 1980 166 41 sprays:

368 2037 74 41 the
456 2050 151 41 sprays
626 2036 93 41 that
738 2049 70 28 are
825 2035 216 55 preferred
1057 2036 127 41 being
1198 2035 121 42 those
1337 2036 45 41 of
1397 2050 128 26 warm
1543 2036 119 50 milk,
1677 2036 302 55 mucilaginous

369 2107 256 42 decoctions,
641 2121 80 27 one
737 2120 77 41 per
828 2110 108 37 cent,
952 2105 188 42 solution
1159 2105 43 41 of
1217 2120 194 27 common
1430 2105 95 50 salt,
1539 2106 179 54 sulphur
1734 2112 160 43 waters,
1907 2118 71 28 etc.

368 2177 90 42 The
481 2176 121 42 nasal
624 2176 179 42 cavities
825 2181 119 36 often
966 2175 167 54 require
1155 2175 160 55 special
1337 2175 210 41 attention
1581 2175 44 40 in
1657 2175 104 41 such
1793 2188 125 28 cases,
1938 2187 42 27 as

368 2247 75 42 the
465 2247 166 42 disease
654 2247 36 41 is
712 2251 76 37 apt
809 2250 43 37 to
875 2245 174 42 involve
1071 2245 73 42 the
1168 2245 119 42 walls
1309 2245 44 42 of
1375 2245 71 41 the
1468 2244 345 55 Naso-pharynx.

428 2317 190 42 Michel2
648 2317 78 42 has
762 2316 134 42 lately
929 2316 173 41 written
1136 2330 54 27 an
1225 2315 255 55 interesting
1510 2329 132 40 paper
1672 2329 46 27 as
1750 2321 43 35 to
1825 2313 150 44 certain

370 2388 134 41 slight
525 2387 167 41 morbid
715 2386 243 42 conditions
981 2385 95 41 that
1098 2399 69 28 are
1189 2390 76 36 apt
1288 2390 41 36 to
1352 2385 176 54 damage
1547 2385 72 41 the
1643 2384 178 55 Singing
1842 2385 136 48 Voice,

371 2459 56 54 by
451 2456 254 42 interfering
727 2455 138 42 either
889 2455 104 40 with
1017 2455 72 41 the
1112 2455 87 41 free
1222 2460 246 36 movement
1497 2454 43 41 of
1563 2454 71 41 the
1656 2454 157 42 Velum
1836 2452 140 52 Palati,

371 2543 47 26 or
434 2527 104 42 with
556 2526 74 42 the
647 2525 289 43 contractions
951 2525 43 41 of
1011 2525 74 41 the
1102 2524 433 54 Palato-pharyngeal
1553 2524 191 50 muscles,
1761 2522 214 45 contained

370 2598 156 42 within
541 2597 73 42 the
630 2596 214 42 Posterior
862 2595 156 41 Pillars
1036 2595 44 41 of
1103 2594 71 42 the
1198 2595 171 41 Fauces.
1433 2594 69 42 He
1525 2594 122 42 holds
1665 2595 95 41 that
1776 2595 202 41 anything

370 2669 256 42 interfering
649 2666 106 42 with
773 2666 73 41 the
868 2665 90 42 free
981 2664 214 43 elevation
1214 2665 45 41 of
1279 2664 73 42 the
1373 2664 160 42 Velum
1556 2664 136 42 Palati
1714 2665 97 41 tells
1833 2664 143 55 injuri-

372 2740 124 54 ously
521 2752 115 27 upon
661 2737 72 41 the
755 2736 120 42 voice
898 2736 56 54 by
977 2735 255 42 interfering
1254 2735 105 41 with
1385 2735 72 41 the
1479 2735 142 41 action
1644 2735 43 41 of
1710 2735 93 41 that
1824 2741 93 48 part
1937 2733 40 41 in

370 2812 57 40 its
442 2809 195 42 function
652 2821 45 28 as
712 2821 24 27 a
751 2807 247 41 Resonator.
1037 2805 69 41 He
1121 2804 88 42 also
1224 2804 123 42 holds
1364 2804 93 42 that
1472 2804 71 41 the
1556 2801 421 58 Palato-pharyngeal

371 2894 198 35 muscles,
593 2879 145 41 acting
760 2877 44 41 in
828 2875 256 43 association
1108 2875 104 41 with
1236 2875 72 41 the
1341 2874 308 55 Thyro-hyoid,
1671 2871 307 49 Sterno-hyoid,

372 2948 333 56 Crico-thyroid,
727 2947 86 42 and
835 2946 154 42 others,
1011 2945 127 42 assist
1158 2945 46 41 in
1226 2944 182 55 shaping
1440 2944 73 42 the
1545 2944 127 43 Riuia
1694 2944 204 42 Glottidis
1919 2943 58 40 for

514 3037 12 25 1
554 3036 161 37 Diseases
732 3034 40 48 of
784 3034 52 37 the
853 3034 92 35 Nose
961 3032 73 36 and
1056 3031 136 45 Throat,
1211 3031 50 46 by
1278 3030 105 37 Chas.
1405 3031 40 35 E.
1466 3030 140 48 Sajous,
1626 3030 115 45 M.D.,
1765 3031 96 34 1888.

514 3098 14 23 2
555 3097 54 36 Dr
626 3095 40 38 C.
688 3093 138 37 Michel
844 3093 40 36 of
900 3091 171 48 Cologne,
1096 3091 102 35 Dent.
1219 3090 96 36 Med.
1343 3089 127 45 Woch.,
1494 3090 85 46 May
1602 3091 99 35 1889.
