1895 3217
649 273 92 32 the
765 273 151 30 black
942 271 176 32 OilANG.

1506 280 60 50 63

201 403 119 48 front
342 403 51 47 of
419 403 78 46 the
524 402 138 47 lower
695 400 295 58 extremities,
1022 403 114 45 back
1160 401 50 47 of
1236 403 78 45 the
1341 403 107 61 legs,
1482 409 93 44 and

203 497 144 47 upper
380 487 101 56 part
518 479 51 47 of
603 487 79 39 the
722 495 198 31 superior
963 479 294 55 extremities,
1299 479 37 46 is
1379 479 197 50 directed

205 560 298 53 downwards,
530 559 136 45 while
689 564 103 39 that
816 573 56 32 on
899 558 79 46 the
1005 558 114 45 back
1143 556 51 48 of
1220 564 79 39 the
1329 558 131 61 thigh
1488 561 94 45 and

204 635 92 48 fore
319 652 119 31 arms
460 636 38 46 is
513 635 185 63 pointed
720 651 242 47 upwards;
988 651 297 46 appearances
1304 635 104 45 well
1427 651 153 31 repre-

207 714 158 46 sented
378 714 48 45 in
443 715 190 45 Tyson’s
648 713 153 46 figure.
840 713 98 46 The
951 713 173 46 longest
1141 713 100 45 hair
1255 713 37 46 is
1309 713 99 62 just
1426 719 48 40 at
1498 714 82 46 the

208 793 179 45 elbows.
445 793 145 45 There
608 791 37 45 is
664 806 116 31 none
799 807 56 30 on
870 791 79 45 the
966 790 161 46 fingers
1146 806 47 30 or
1210 791 146 61 palms
1371 790 51 47 of
1436 797 146 41 either

208 869 259 47 extremity.
537 869 98 46 The
659 884 94 30 ears
772 884 74 30 are
863 869 288 61 remarkably
1169 868 270 62 prominent,
1456 869 118 55 thin,

209 947 90 46 and
316 947 163 55 naked,
495 947 184 61 bearing
696 962 27 29 a
740 946 301 46 considerable
1055 946 302 46 resemblance
1377 946 48 46 in
1444 947 138 61 shape

209 1031 46 39 to
278 1024 78 46 the
378 1024 189 54 human,
596 1024 174 46 though
796 1025 188 44 broader
1013 1030 48 39 at
1092 1030 78 38 the
1200 1030 90 39 top.
1361 1024 98 44 The
1481 1039 96 45 pro-

207 1102 167 61 jection
398 1099 50 48 of
462 1108 79 39 the
564 1117 172 46 process
760 1102 141 44 above
923 1107 79 39 the
1026 1116 106 30 eyes
1155 1099 38 46 is
1217 1116 111 46 very
1352 1100 227 61 conspicu-

213 1195 94 39 ous,
344 1180 84 44 but
466 1179 83 45 has
584 1185 80 39 not
706 1180 113 44 been
863 1178 273 61 sufficiently
1174 1193 189 30 marked
1401 1178 47 45 in
1487 1193 92 46 any

215 1256 243 61 engraving
481 1271 47 31 or
550 1255 203 62 drawing
775 1255 149 45 which
947 1255 82 45 has
1060 1254 136 46 fallen
1225 1255 142 45 under
1399 1270 82 46 my
1504 1257 80 44 ob-

216 1333 237 45 servation.
524 1333 98 45 The
649 1348 106 29 nose
786 1332 38 45 is
856 1332 125 60 quite
1014 1332 97 54 flat,
1145 1348 47 29 or
1218 1338 153 39 rather
1397 1347 187 46 appears

216 1425 107 46 only
346 1426 48 29 as
418 1425 27 30 a
468 1409 190 46 wrinkle
681 1408 51 47 of
746 1415 78 40 the
848 1410 116 53 skin,
992 1408 114 46 with
1130 1425 27 29 a
1180 1409 135 45 slight
1334 1409 253 46 depression

218 1487 130 61 along
370 1487 58 46 its
452 1492 163 40 centre.
684 1487 99 45 The
805 1487 179 45 nostrils
1009 1502 74 30 are
1106 1493 226 54 patulous,
1357 1487 91 45 and
1472 1502 112 46 open

219 1580 224 45 upwards,
474 1565 149 45 which
651 1565 152 45 would
833 1565 55 45 be
922 1563 318 47 inconvenient
1270 1565 77 45 did
1377 1571 78 39 the
1486 1565 100 46 ani-

219 1642 94 44 mal
335 1642 182 61 usually
541 1657 178 30 assume
736 1648 78 39 the
834 1648 117 39 erect
968 1647 195 56 posture.
1233 1642 99 45 The
1345 1650 242 54 projection

221 1717 49 47 of
283 1719 79 45 the
380 1719 117 61 jaws
519 1718 38 46 is
581 1734 240 40 excessive,
848 1720 90 45 and
960 1719 173 46 though
1156 1720 136 44 much
1309 1719 87 46 less
1413 1735 45 31 so
1476 1721 114 45 than

220 1795 48 45 in
290 1796 79 44 the
391 1797 187 53 baboon,
608 1802 80 55 yet
721 1802 79 39 the
827 1796 154 61 profile
1004 1796 51 46 of
1081 1797 80 45 the
1191 1795 95 47 face
1316 1796 38 46 is
1385 1812 204 31 concave.

223 1872 46 45 It
290 1887 110 46 may
423 1874 55 44 be
504 1873 251 53 remarked,
787 1873 224 55 however,
1043 1879 104 40 that
1177 1879 79 39 the
1285 1873 242 61 projection
1552 1874 47 46 of

221 1949 80 45 the
322 1949 138 45 lower
490 1949 96 61 jaw
616 1949 39 45 is
686 1949 276 45 caricatured
995 1950 47 45 in
1075 1950 80 46 the
1181 1949 98 46 first
1310 1950 91 46 and
1434 1952 161 44 second

224 2024 161 61 figiues
409 2024 50 46 of
474 2025 228 46 Camper’s
727 2026 160 46 second
908 2026 137 61 plate.
1115 2027 97 44 The
1227 2027 161 46 mouth
1406 2027 37 46 is
1459 2029 132 53 wide,

224 2101 80 46 the
326 2101 85 45 lips
434 2107 153 40 rather
615 2102 117 54 thin,
758 2103 90 45 and
872 2103 218 46 destitute
1115 2103 50 46 of
1186 2110 103 39 that
1311 2105 283 47 recurvation

225 2177 51 47 of
300 2185 79 39 the
403 2194 130 47 edges
558 2180 149 45 which
730 2180 88 45 add
842 2195 46 31 so
911 2180 136 47 much
1075 2188 46 38 to
1152 2187 79 39 the
1260 2196 253 47 expression
1549 2183 51 45 of

224 2256 79 45 the
335 2257 174 45 human
544 2263 316 40 countenance.
931 2259 97 44 The
1062 2259 146 45 whole
1232 2274 184 31 contour
1439 2259 50 47 of
1513 2261 80 45 the

225 2333 118 45 head
380 2335 127 44 bears
546 2349 58 31 no
639 2334 351 47 inconsiderable
1033 2337 301 45 resemblance
1378 2343 47 39 to
1472 2352 120 31 some

228 2410 229 62 Egyptian
479 2410 161 62 figures
664 2410 50 48 of
728 2418 79 41 the
829 2412 85 61 god
937 2411 193 47 Anubis.

295 2493 31 20 “
345 2488 98 45 The
474 2488 160 61 spread
656 2487 51 47 of
720 2494 79 40 the
822 2489 229 46 shoulders
1074 2490 39 45 is
1136 2489 235 62 distinctly
1394 2491 202 53 marked,

230 2567 83 44 but
336 2570 79 40 the
439 2565 145 46 width
607 2564 50 48 of
671 2566 79 46 the
772 2566 137 46 lower
930 2574 101 55 part
1055 2566 51 48 of
1119 2573 78 40 the
1216 2567 124 46 chest
1364 2567 36 46 is
1424 2583 180 45 propor-

1378 2663 34 31 H
