2107 3450
456 273 142 33 NOTES
631 273 56 32 AS
719 271 55 33 TO
807 271 87 32 THE
928 271 400 33 SPEECH-CENTRES.

1644 262 84 42 279

70 399 48 43 in
150 413 24 28 a
206 398 96 43 few,
324 396 75 43 the
431 409 193 29 moteurs,
649 393 75 45 the
757 393 177 56 leading
965 393 141 56 image
1132 393 36 42 is
1191 393 264 56 apparently
1478 393 98 42 that
1609 397 46 38 at
1681 393 49 42 B.

72 471 45 43 It
148 470 36 42 is
217 484 56 28 on
296 468 87 43 this
406 466 260 58 hypothesis
689 465 97 44 that
810 479 64 29 we
898 479 82 29 can
1003 465 97 43 best
1121 468 189 39 account
1333 465 66 42 for
1423 465 75 43 the
1521 465 90 43 fact
1633 465 99 42 that

72 543 74 42 the
179 555 118 30 same
329 540 152 51 lesion,
515 552 228 30 occurring
774 538 46 42 in
855 537 206 43 different
1092 536 287 52 individuals,
1413 551 101 42 may
1539 536 193 57 produce

70 627 179 29 aphasia
270 612 47 42 in
341 611 204 43 different
567 610 178 43 degrees
770 609 44 43 of
836 613 204 52 severity.

133 684 75 57 (5.)
241 683 91 43 The
355 683 194 42 diagram
574 686 162 39 cannot
759 680 129 44 teach
911 680 220 57 anything
1161 681 48 42 of
1239 681 74 43 the
1336 681 211 43 relations
1581 681 44 43 of
1657 680 76 44 the
1773 721 2 4 .

73 756 288 44 Intelligence
399 755 88 43 and
523 754 239 43 Attention
799 758 44 38 to
883 753 75 43 the
996 754 164 56 images
1199 753 99 43 that
1336 768 53 43 go
1427 757 45 39 to
1507 754 111 42 form
1659 753 76 43 the

70 828 345 55 object-percept
449 825 87 43 and
571 825 76 44 the
682 824 334 57 word-percept.
1093 825 89 43 Yet
1218 825 75 43 the
1327 825 286 44 intelligence
1646 826 88 43 and

71 899 231 44 attention,
325 913 46 29 as
411 913 64 29 we
512 898 115 44 have
665 912 115 30 seen,
809 911 73 31 are
919 902 154 53 agents
1111 898 49 43 of
1192 898 140 57 prime
1371 899 276 57 importance
1686 900 46 42 in

72 971 204 44 effecting
299 970 75 44 the
396 971 168 43 revival
587 970 45 44 of
655 970 123 44 these
801 971 189 56 images;
1022 985 47 29 as
1091 970 108 44 they
1223 985 112 29 were
1360 971 104 54 also,
1482 971 239 58 originally
1727 969 8 55 j

72 1043 45 44 in
141 1043 204 57 effecting
367 1044 115 42 their
504 1043 238 43 formation
765 1057 48 29 or
834 1043 320 43 imprintation.

133 1115 76 56 (6.)
245 1115 164 57 Lastly,
431 1115 62 43 let
515 1115 36 42 it
574 1115 52 43 be
648 1115 231 43 remarked
911 1115 100 42 that
1033 1115 74 42 the
1136 1115 97 42 idea
1258 1115 283 56 represented
1575 1115 56 43 by
1658 1115 74 43 the

74 1188 298 42 combination
395 1187 45 43 of
472 1187 74 44 the
580 1202 139 42 upper
752 1187 152 43 circles
937 1188 47 42 of
1013 1187 74 43 the
1121 1187 197 56 diagram
1350 1188 38 42 is
1421 1188 76 43 the
1519 1188 99 42 idea
1640 1188 45 42 of
1708 1203 24 26 a

73 1263 201 39 concrete
297 1259 154 57 object,
474 1259 108 44 such
615 1273 47 29 as
694 1273 56 29 an
783 1258 140 57 apple.
988 1259 46 42 It
1062 1259 38 42 is
1133 1273 24 28 a
1179 1258 254 57 "percept,"
1457 1258 207 57 properly
1686 1272 47 30 so

72 1331 151 43 called.
299 1331 165 43 Would
507 1332 37 42 it
576 1331 53 43 be
660 1330 192 57 possible
890 1335 44 38 to
969 1334 225 53 represent
1237 1330 429 43 diagrammatically
1683 1359 5 10 -
1709 1344 26 28 a

71 1407 22 17 "
109 1403 219 56 concept,"
351 1403 107 43 such
482 1417 46 29 as
561 1403 99 42 that
690 1402 224 44 indicated
947 1403 60 42 by
1039 1402 76 43 the
1148 1402 121 42 word
1301 1405 23 19 "
1342 1403 155 42 nation
1511 1402 21 16 "
1550 1404 15 41 ?
1627 1402 106 43 Evi-

71 1475 157 43 dently
259 1476 38 41 it
328 1475 147 42 would
507 1475 54 43 be
592 1474 273 56 impossible.
927 1474 105 42 And
1068 1474 35 41 if
1140 1474 36 42 it
1209 1473 148 43 would
1391 1474 52 42 be
1476 1474 259 43 impossible

71 1551 45 38 to
159 1550 227 52 represent
423 1546 428 56 diagrammatically
889 1560 88 28 any
1015 1559 144 29 nouns
1198 1545 126 43 other
1367 1546 109 42 than
1520 1537 144 52 those1
1690 1548 43 41 of

71 1632 81 29 one
184 1618 240 56 particular
456 1617 123 44 class,
614 1617 120 43 what
763 1631 80 29 can
877 1632 65 28 we
976 1632 77 28 say
1087 1618 136 42 about
1257 1618 241 56 adjectives
1532 1618 88 43 and
1658 1619 76 42 the

69 1690 125 43 other
225 1694 121 52 parts
369 1690 45 42 of
436 1689 160 44 speech
616 1692 15 41 ?
694 1689 118 43 Who
846 1690 131 42 could
999 1689 181 44 localize
1213 1691 45 41 in
1284 1690 75 43 the
1389 1691 125 42 brain
1540 1691 73 43 the
1637 1691 100 43 idea

69 1762 280 57 represented
379 1763 61 56 by
470 1763 76 43 the
583 1762 217 57 adjective
825 1766 20 18 "
861 1763 255 43 beautiful"
1133 1765 15 41 ?
1213 1763 92 43 The
1338 1763 90 43 fact
1461 1764 37 42 is
1532 1764 111 52 that,
1677 1764 58 57 by

69 1836 277 43 localization
379 1835 86 43 and
499 1834 333 58 diagrammatic
863 1835 367 56 representation,
1254 1850 64 29 we
1352 1850 94 38 can,
1485 1851 47 29 as
1565 1842 89 52 yet,
1678 1837 55 44 do

71 1923 56 28 no
150 1923 118 28 more
295 1908 108 42 than
427 1907 166 43 merely
616 1907 133 43 touch
773 1907 75 43 the
872 1908 142 56 fringe
1038 1907 47 43 of
1114 1908 75 43 the
1222 1913 124 52 great
1378 1909 207 56 question
1619 1924 47 28 as
1689 1915 45 38 to

71 1981 75 42 the
189 1994 155 29 nature
388 1980 46 42 of
472 1980 134 43 ideas,
643 1979 86 43 and
774 1980 116 42 their
932 1980 187 42 relation
1164 1986 43 37 to
1252 1982 172 55 speech.
1491 1982 91 43 But
1620 1983 37 42 it
1698 1983 36 43 is

73 2052 261 57 something,
358 2066 109 29 even
492 2057 44 37 to
560 2051 132 43 touch
715 2052 76 43 the
814 2052 142 56 fringe
979 2052 47 43 of
1045 2053 109 42 such
1177 2067 24 29 a
1224 2054 217 56 question.

133 2125 47 43 It
209 2125 38 43 is
279 2139 98 29 now
403 2125 106 42 time
542 2124 67 43 for
640 2138 52 30 us
726 2128 44 39 to
791 2123 105 44 look
918 2129 46 38 at
985 2125 76 43 the
1084 2125 280 44 localization
1388 2127 45 42 of
1461 2127 74 44 the
1558 2129 177 43 various

73 2211 138 30 stores
245 2197 45 43 of
321 2196 307 57 word-images
651 2196 47 43 in
722 2196 74 44 the
819 2197 192 43 cerebral
1034 2202 160 39 cortex.
1260 2199 56 42 In
1338 2199 250 59 indicating
1611 2201 124 44 these

71 2270 313 43 localizations,
418 2269 23 42 I
474 2269 114 43 shall
622 2268 175 57 employ
831 2269 75 43 the
939 2283 107 43 very
1075 2270 144 43 useful
1249 2270 170 45 outline
1453 2272 206 44 sketches
1693 2274 45 42 of

72 2341 76 43 the
186 2355 191 29 cerebral
415 2340 306 44 convolutions
761 2341 97 43 that
897 2356 71 29 are
1005 2342 110 43 used
1152 2342 60 58 by
1245 2348 115 38 most
1398 2344 45 43 of
1479 2344 73 44 the
1589 2351 150 38 recent

72 2413 171 44 French
265 2413 190 43 authors.

132 2486 134 58 Here,
289 2485 106 44 then
419 2486 109 57 (Fig.
555 2485 59 59 2),
636 2486 48 43 in
706 2486 109 44 such
838 2501 56 29 an
918 2488 170 44 outline
1117 2489 171 44 sketch,
1312 2504 72 29 are
1413 2490 226 45 indicated
1662 2492 76 44 the

71 2557 213 56 positions
317 2557 48 43 of
393 2557 75 44 the
501 2558 99 42 four
628 2562 172 40 centres
822 2557 47 45 in
894 2559 146 44 which
1063 2574 73 30 are
1159 2561 147 44 stored
1329 2561 76 45 the
1428 2564 234 44 memories
1692 2579 48 29 or

70 2630 164 57 images
257 2630 44 42 of
323 2629 171 57 speech,
517 2630 178 44 audible
718 2630 88 44 and
830 2632 170 44 visible.

131 2702 56 52 A,
208 2701 76 44 the
305 2703 215 56 posterior
540 2703 96 43 half
668 2718 48 28 or
747 2703 320 46 three-fourths
1090 2706 48 43 of
1158 2706 75 45 the
1256 2707 86 44 left
1363 2708 120 44 First
1507 2709 232 45 Temporal

75 2773 308 53 Convolution,
405 2775 37 43 is
476 2775 75 44 the
582 2776 223 57 Auditory
829 2777 369 57 Speech-Centre,
1226 2780 46 42 in
1308 2780 147 44 which
1489 2796 71 30 are
1593 2784 149 43 stored

75 2847 75 43 the
183 2846 202 58 auditory
418 2847 356 60 speech-images.
839 2850 50 52 B,
922 2851 76 43 the
1031 2852 174 44 Broca's
1247 2851 316 57 Convolution,
1595 2857 37 43 is
1667 2857 74 44 the

74 2922 149 40 centre
260 2918 67 43 for
363 2919 75 43 the
475 2925 142 38 motor
649 2922 232 44 memories
914 2925 47 41 of
995 2924 171 57 speech.
1232 2925 48 54 C,
1307 2925 77 45 the
1416 2926 206 58 Angular
1654 2930 87 43 and

76 2991 75 43 the
195 2991 388 56 Supra-Marginal
617 2993 333 54 Convolutions,
983 2996 38 44 is
1066 2996 75 44 the
1185 3002 149 40 centre
1378 2998 67 44 for
1486 3000 77 44 the
1598 3003 144 43 visual

75 3064 166 56 images
264 3063 47 43 of
341 3063 177 45 written
540 3065 87 43 and
649 3065 178 57 printed
850 3068 170 56 speech.
1085 3069 55 53 D,
1164 3069 75 45 the
1261 3072 217 55 posterior
1500 3075 241 57 extremity

74 3135 46 43 of
149 3135 74 44 the
249 3134 167 46 Second
440 3137 181 44 Frontal
645 3138 309 56 Convolution,
976 3141 37 43 is
1038 3141 73 44 the
1134 3143 347 56 graphic-motor
1503 3150 160 42 centre,
1691 3149 48 43 in
