1933 3302
490 151 425 44 Deutsch-französischer,
939 157 406 41 Bulgarisch-serbischer
1369 163 113 32 Krieg.

185 152 75 36 112

313 258 101 38 Dass
446 259 263 39 1870—1871
743 262 148 38 sowohl
911 264 69 37 auf
997 265 205 39 deutscher
1222 267 56 39 als
1299 269 98 37 auch
1417 270 69 38 auf
1502 272 279 43 französischer

181 310 106 40 Seite
320 325 75 24 viel
425 311 309 51 Hospitalbrand
764 315 232 50 geherrscht
1024 318 87 47 hat,
1147 319 51 39 ist
1228 321 182 39 bekannt.
1469 323 125 40 Schon
1624 328 157 40 Anfang

181 364 233 51 September
446 366 103 38 1870
580 367 139 39 kamen
751 370 99 37 viele
882 370 108 39 Fälle
1021 372 126 38 dieser
1178 373 219 41 Krankheit
1426 391 85 33 vor,
1551 379 117 39 deren
1699 382 81 39 An-

183 419 88 38 zahl
300 419 72 38 mit
401 419 161 52 Anfang
593 422 65 38 des
680 422 177 38 Winters
877 425 114 49 stieg.
1051 425 73 39 Die
1145 427 482 51 Hospitalbrandkranken
1650 434 37 37 in
1709 436 71 38 den

181 472 180 38 Berliner
390 473 332 41 Brandbaracken
763 477 114 37 boten
914 479 67 37 das
1020 478 181 40 Material
1238 482 61 38 für
1340 485 60 37 die
1437 487 345 38 ausgezeichneten

185 526 189 38 Arbeiten
405 541 75 25 von
501 528 154 51 König
676 530 78 37 und
775 530 226 52 Heiberg.
1060 533 112 39 Nach
1192 535 203 40 letzterem
1415 539 51 36 ist
1485 539 60 38 die
1566 539 219 41 Krankheit

183 580 100 38 nach
313 580 135 39 Berlin
478 595 73 25 von
585 584 73 37 den
687 583 254 51 Hospitälern
979 587 39 36 in
1056 587 400 54 Elsass-Lothringen
1493 594 291 51 eingeschleppt

181 635 170 38 Avorden.
412 636 140 38 Socin
583 637 255 39 beobachtete
869 639 39 37 in
946 639 206 41 Carlsruhe
1187 644 53 36 im
1274 644 120 39 Jahre
1436 646 257 39 1870—1871
1736 651 47 36 10

181 687 109 40 Fälle
312 702 75 26 von
413 689 496 53 Nosocomial-Gangraen,
938 693 175 39 Lossen
1133 696 39 38 in
1194 698 72 37 den
1287 699 240 39 Lazarethen
1551 713 74 25 von
1646 701 137 39 Mann-

179 741 118 49 heim,
330 743 244 52 Heidelberg
604 746 77 36 und
713 744 207 41 Carlsruhe
950 748 53 37 im
1035 747 157 40 Ganzen
1226 753 48 35 16
1304 754 77 37 und
1419 753 105 39 Prof.
1554 754 162 40 Lücke
1745 757 38 37 in

182 796 233 40 Darmstadt
456 799 48 37 13
537 798 119 39 Fälle.
715 799 151 39 Finke
903 801 108 39 hatte
1049 803 304 50 Hospitalbrand
1392 807 51 37 im
1483 807 215 40 Lazarethe
1738 824 45 24 zu

181 850 260 40 Halberstadt
472 853 116 47 1870,
622 852 116 39 Graf
763 854 39 37 in
832 854 243 49 Düsseldorf,
1108 856 218 40 Schüller
1355 861 38 36 in
1423 862 221 48 Hannover,
1677 877 35 24 u.
1737 864 46 37 A.

181 919 49 24 an
260 906 101 38 noch
389 906 192 39 manchen
611 907 306 40 verschiedenen
948 909 133 39 Orten.
1139 911 87 39 Von
1255 912 281 40 französischer
1575 915 103 40 Seite
1714 918 69 38 be-

181 960 124 38 sitzen
336 961 71 37 wir
436 960 307 52 Mittheilungen
774 976 74 24 von
878 963 169 39 Netter
1077 979 68 24 aus
1175 965 177 48 Rennes,
1384 966 54 39 St.
1470 967 102 39 Malo
1610 984 36 23 u.
1677 985 28 23 s.
1736 985 46 24 w.

181 1027 76 25 von
278 1014 116 38 Paul
415 1014 201 40 Ollivier
643 1030 69 24 aus
733 1015 148 49 Ronen,
913 1031 76 25 von
1011 1017 196 40 Galzain
1227 1034 68 24 aus
1315 1021 167 47 Vannes,
1512 1036 73 24 von
1608 1023 177 39 Cristöt

181 1082 70 25 aus
282 1067 130 40 Nuits.
471 1068 46 39 In
546 1069 112 39 Paris
688 1070 121 38 selbst
838 1072 144 38 kamen
1011 1072 109 39 Fälle
1150 1074 40 37 in
1221 1075 68 37 der
1310 1073 156 40 Charit^
1488 1090 79 32 vor,
1597 1077 130 38 ferner
1748 1078 37 37 in

181 1122 202 39 Richet's
415 1122 128 48 Sälen,
574 1125 53 37 im
657 1125 121 37 Hotel
807 1125 104 39 Dieu
939 1140 37 24 u.
1007 1141 29 23 s.
1070 1142 43 23 w.

312 1177 114 38 Nach
447 1178 84 37 dem
555 1178 146 51 Kriege
724 1179 67 37 hat
811 1180 81 37 sich
915 1181 67 37 der
1002 1181 307 51 Hospitalbrand
1330 1183 38 37 in
1391 1184 72 36 den
1484 1184 301 38 verschiedenen

180 1230 258 51 Hospitälern
467 1233 78 37 und
575 1233 189 37 Kliniken
794 1234 111 38 mehr
938 1236 93 37 oder
1061 1236 173 50 weniger
1255 1236 116 51 lange
1392 1237 194 50 gehalten,
1618 1238 51 37 ist
1689 1238 95 38 auch

180 1285 86 38 hier
295 1287 79 37 und
406 1287 49 37 da
476 1287 144 38 wieder
640 1288 38 36 in
701 1288 233 50 Epidemien
955 1289 259 51 aufgetreten.
1272 1289 46 39 In
1338 1291 169 50 hiesiger
1526 1291 135 38 Klinik
1681 1291 105 39 hatte

180 1339 63 38 ich
289 1341 103 37 1872
402 1363 40 3 —
453 1341 103 39 1873
594 1342 39 37 in
670 1342 174 38 Baum's
884 1343 136 38 Klinik
1060 1343 259 39 Gelegenheit
1358 1345 84 37 eine
1480 1345 201 49 Epidemie
1718 1349 71 34 mit

182 1394 202 38 schweren
413 1394 136 40 Fällen
589 1410 47 24 zu
674 1397 256 38 beobachten,
990 1412 35 23 v.
1064 1398 261 38 Nussbaum
1362 1398 209 38 berichtet,
1614 1399 85 37 dass
1737 1400 50 37 im

181 1447 124 39 Jahre
338 1450 103 37 1872
471 1450 40 38 in
542 1451 127 37 seiner
704 1450 137 38 Klinik
875 1465 46 24 zu
945 1452 68 38 der
1034 1452 264 38 bestehenden
1318 1452 161 38 Pyämie
1502 1453 66 37 der
1588 1453 200 49 Hospital-

181 1503 126 38 brand
337 1504 56 38 als
415 1505 62 37 ein
498 1507 157 36 zweiter
677 1505 287 39 schrecklicher
986 1505 96 39 Gast
1101 1506 353 51 hinzugekommen
1474 1507 66 37 sei.
1581 1506 43 38 In
1646 1507 142 38 diesem

181 1557 123 39 Jahre
335 1559 158 38 wurden
516 1559 52 38 im
589 1559 242 39 Münchener
851 1560 309 39 Krankenhause
1183 1561 116 45 26Vi
1331 1561 51 37 itn
1404 1560 119 39 Jahre
1547 1561 102 37 1873
1672 1561 115 46 50"/o,

181 1612 55 37 im
265 1612 121 39 Jahre
421 1614 103 38 1874
555 1614 50 38 80
614 1612 42 52 "|o
689 1614 96 38 aller
815 1614 186 38 Wuuden
1030 1615 79 37 und
1131 1614 236 39 Geschwüre
1392 1628 74 24 von
1486 1614 303 50 Hospitalbrand

181 1666 184 48 befallen,
398 1668 101 37 dann
530 1668 94 38 aber
653 1669 78 37 und
761 1682 103 24 zwar
893 1669 99 38 noch
1020 1669 41 37 in
1089 1669 202 38 letzterem
1321 1668 120 40 Jahre
1470 1671 120 35 setzte
1612 1668 60 37 die
1692 1668 95 37 Ein-

182 1720 175 52 führung
399 1736 75 24 von
514 1722 191 38 Lister's
745 1722 223 39 Verfahren
1008 1723 87 38 dem
1134 1723 307 38 Hospitalbrand
1483 1723 62 37 ein
1582 1724 206 48 sofortiges

182 1775 125 39 Ende.
365 1775 69 39 Ich
464 1777 105 37 kann
600 1777 59 38 die
690 1776 270 39 Verhältnisse
990 1791 49 24 an
1069 1777 63 37 all'
1171 1778 73 37 den
1280 1790 169 24 anderen
1486 1776 186 38 Kliniken
1705 1775 84 38 hier

182 1830 110 38 nicht
312 1831 242 50 besprechen
576 1832 78 37 und
676 1831 80 37 will
775 1845 73 23 nur
868 1831 101 38 noch
986 1831 220 39 erwähnen,
1224 1831 86 37 dass
1328 1830 81 38 sich
1423 1830 85 38 hier
1523 1830 41 37 in
1577 1828 213 51 Göttingen

183 1885 61 38 die
276 1898 99 38 ganz
405 1886 193 50 geringen
625 1885 167 38 Formen
814 1899 74 24 von
910 1888 262 48 sogenannter
1194 1884 384 38 Wunddiphtheritis
1600 1883 84 38 eine
1705 1883 86 38 Zeit

182 1939 95 50 lang
306 1939 165 39 hielten,
511 1940 39 37 in
590 1941 74 37 den
702 1939 149 40 Jahren
891 1940 265 38 1876—1877
1199 1939 94 38 aber
1332 1951 313 25 verschwanden.
1704 1936 84 38 Von

184 1994 127 38 dieser
341 1994 87 38 Zeit
457 1995 48 37 ab
545 1995 208 51 begegnen
792 1995 72 37 wir
902 1995 68 37 der
1011 1993 221 39 Krankheit
1269 1993 138 37 immer
1443 1994 166 36 seltener
1646 1991 37 37 in
1721 1991 68 36 der

183 2048 214 38 Literatur.
458 2049 103 37 1878
586 2049 182 37 bemerkt
788 2048 250 38 Estlander
1058 2048 63 38 bei
1143 2047 258 38 Gelegenheit
1422 2047 67 36 der
1509 2044 280 49 Besprechung

183 2103 69 38 der
283 2103 306 50 antiseptischen
619 2103 141 38 Mittel,
793 2103 88 37 dass
910 2116 92 24 man
1031 2102 71 37 mit
1121 2102 105 36 ihrer
1251 2100 106 37 Hilfe
1379 2100 84 38 eine
1486 2098 155 38 Wunde
1664 2097 125 38 sicher

184 2171 69 24 vor
283 2157 311 38 Hospitalbrand
625 2157 186 38 schützen
840 2157 150 37 könne;
1021 2156 99 37 auch
1149 2155 84 37 hält
1263 2168 40 24 er
1335 2168 39 24 es
1405 2153 106 38 nicht
1540 2153 62 37 für
1623 2164 166 37 unmög-

182 2212 90 38 lich,
306 2213 87 37 dass
425 2212 106 38 diese
563 2211 282 39 Complication
875 2211 122 37 durch
1028 2211 104 37 diese
1163 2208 131 38 Mittel
1315 2221 98 37 ganz
1435 2221 87 24 zum
1541 2206 248 38 Verschwin-

185 2267 74 38 den
288 2267 193 50 gebracht
512 2267 156 37 werden
698 2267 140 37 könne.
899 2265 104 37 1880
1033 2264 67 38 auf
1130 2264 100 38 1881
1262 2261 256 39 beobachtete
1556 2260 144 38 Finke
1737 2260 52 36 im

183 2321 186 38 Hospital
397 2335 47 24 zu
467 2321 255 38 Halberstadt
744 2321 22 37 6
789 2322 191 36 eclatante
1003 2318 109 39 Fälle
1133 2332 76 24 von
1229 2315 320 52 Hospitalbrand.
1589 2313 86 38 Von
1706 2313 84 37 hier

184 2376 48 37 ab
263 2376 102 38 finde
395 2376 63 37 ich
489 2376 96 37 zwei
606 2375 249 38 sporadische
887 2374 108 38 Fälle
1026 2372 249 51 mitgetheilt,
1307 2370 146 38 welche
1474 2368 190 39 nunmehr
1685 2369 106 35 nicht

183 2432 40 36 in
253 2430 257 39 Hospitälern
541 2431 168 37 sondern
739 2430 40 37 in
807 2428 387 39 Privatwohnungen
1215 2430 208 33 auftraten.
1481 2423 81 38 Der
1583 2424 102 36 erste
1705 2419 86 39 Fall

183 2485 51 38 ist
263 2486 69 37 der
361 2498 76 25 von
467 2485 180 38 Becker
680 2484 100 38 1881
812 2484 41 36 in
873 2481 280 39 Frankenthal,
1185 2481 68 37 der
1273 2481 136 36 zweite
1431 2478 67 38 der
1519 2490 74 25 von
1613 2474 121 40 Bark
1744 2487 47 25 er

186 2539 104 38 1884
319 2540 40 37 in
390 2539 163 38 London
581 2538 270 39 beobachtete.

315 2594 84 38 Aus
431 2594 87 38 dem
547 2590 476 53 bulgarisch-serbischen
1052 2589 147 39 Kriege
1237 2586 193 40 berichtet
1466 2581 323 53 Langenbuch

187 2649 103 38 1886
323 2649 114 38 einen
467 2647 87 39 Fall
584 2661 69 24 aus
684 2646 115 39 Sofia.
858 2645 76 39 Ein
956 2644 315 38 ostrumelischer
1291 2641 243 44 Militärarzt,
1566 2649 165 26 welcher
1751 2635 39 37 in

186 2702 256 39 Hospitälern
472 2705 72 35 mit
573 2701 224 39 schlechten
828 2697 422 41 Wundverhältnissen
1270 2695 128 49 thätig
1420 2706 90 33 war,
1541 2691 164 38 inficirte
1726 2688 63 38 bei

185 2758 107 38 einer
322 2772 76 23 von
427 2757 79 37 ihm
537 2757 38 37 in
607 2754 302 40 Langenbuch's
939 2751 193 40 Lazareth
1170 2753 279 47 ausgeführten
1487 2743 302 52 Chopart'schen

186 2812 312 38 Exarticulation
543 2811 61 38 die
648 2809 158 38 Wunde
851 2811 71 35 mit
965 2805 317 40 Hospitalbrand.
1340 2802 53 38 Es
1431 2813 132 26 wurde
1602 2798 89 39 bald
1729 2796 59 37 die

186 2864 562 52 Unterschenkelamputation
777 2862 264 50 nothwendig.
