2113 3404
329 202 87 42 284

820 220 87 33 THE
937 222 244 38 DISORDERS
1212 227 54 31 OF
1297 227 174 33 SPEECH.

390 333 23 41 I
435 333 112 57 hope
569 335 23 42 I
614 350 100 43 may
736 338 52 42 be
820 342 185 42 excused
1037 343 66 43 for
1134 345 126 55 using
1281 346 73 42 the
1377 350 105 39 term
1517 347 216 56 Auditory
1755 347 192 43 Aphasia

330 403 46 42 in
413 406 247 53 preference
695 409 138 42 either
867 414 42 38 to
945 412 73 42 the
1051 419 109 37 term
1195 415 183 57 Sensory
1411 417 205 55 Aphasia,
1650 418 209 54 proposed
1892 418 56 55 by

330 474 245 53 Wernicke,
598 492 47 27 or
673 483 44 37 to
750 479 72 43 the
855 484 108 39 term
991 483 379 55 Word-Deafness,
1391 487 206 55 proposed
1623 487 56 41 by
1702 487 247 41 Kussmaul.

331 543 215 57 "Sensory
563 546 225 56 Aphasia"
805 563 138 29 seems
960 557 70 36 too
1048 553 109 42 wide
1176 568 23 27 a
1218 560 119 37 term,
1353 569 45 28 as
1418 556 117 42 there
1550 570 71 28 are
1638 555 122 43 other
1776 569 172 42 sensory

332 615 312 57 word-images,
659 618 91 51 viz.,
763 619 74 43 the
852 621 150 51 visual,
1018 623 139 42 which
1172 637 70 29 are
1257 631 76 36 not
1344 625 101 43 here
1461 626 255 56 necessarily
1732 626 218 53 involved;

332 686 86 41 and
450 691 21 16 "
486 686 371 45 Word-Deafness
872 690 21 16 "
925 704 137 29 seems
1094 698 70 36 too
1188 708 176 39 narrow,
1387 709 44 28 as
1454 696 86 42 this
1564 696 108 42 form
1694 696 44 42 of
1763 696 186 50 aphasia,

333 756 167 42 besides
522 758 238 54 producing
790 759 384 46 Word-Deafness,
1196 778 54 27 on
1273 764 72 42 the
1368 766 214 54 receptive
1606 766 90 42 side
1719 767 45 40 of
1783 766 164 42 speech,

330 826 222 54 produces,
575 841 55 29 on
652 829 56 42 its
731 830 254 54 productive
1007 832 102 52 side,
1131 834 74 42 the
1227 835 174 55 equally
1422 836 238 55 important
1679 836 269 55 phenomena

332 897 48 41 of
396 896 211 44 Amnesia
627 899 200 43 Verbalis
850 901 86 41 and
967 902 271 55 Paraphasia.
1301 905 80 42 Let
1402 920 49 28 us
1474 906 99 42 look
1594 911 45 37 at
1660 907 74 41 the
1755 910 85 38 two
1862 910 85 38 sets

332 967 45 42 of
398 973 241 50 symptoms
662 969 102 43 thus
787 971 221 43 exhibited
1032 973 46 41 in
1098 973 219 57 Auditory
1339 975 205 56 Aphasia,
1562 991 56 27 on
1638 977 74 42 the
1734 977 214 54 receptive

333 1038 87 42 and
443 1038 73 43 the
537 1039 254 55 productive
813 1041 113 42 sides
949 1043 43 41 of
1013 1044 184 54 speech.1

569 1176 149 55 Effects
739 1191 52 27 on
811 1178 220 55 Reception
1052 1180 90 41 and
1161 1180 330 56 Interpretation
1512 1183 49 54 of
1574 1182 154 56 Speech.

394 1287 35 41 1.
464 1287 256 42 Keception
752 1299 90 30 and
874 1289 386 43 Interpretation
1293 1302 52 31 of
1375 1292 171 42 Words
1588 1292 363 43 heard.—When

335 1357 73 41 the
441 1363 144 37 centre
618 1358 40 41 A
689 1358 37 42 is
758 1358 240 56 destroyed,
1029 1361 86 41 and
1146 1361 57 42 its
1241 1362 297 42 accumulated
1580 1367 111 37 store
1733 1363 43 41 of
1819 1362 131 42 word-

333 1427 162 55 images
516 1427 282 53 annihilated,
819 1428 36 41 it
877 1443 80 28 can
980 1430 135 55 easily
1138 1431 51 42 be
1211 1431 263 42 understood
1502 1432 96 41 that
1619 1432 331 42 word-deafness

333 1499 37 41 is
403 1513 25 27 a
459 1513 227 42 necessary
708 1514 304 41 consequence.
1077 1501 54 42 So
1163 1501 102 56 long
1296 1516 46 28 as
1375 1502 72 42 the
1478 1502 160 56 images
1662 1517 109 27 were
1803 1503 147 50 intact,

333 1570 75 42 the
439 1570 164 42 revival
635 1571 47 41 of
714 1571 119 41 them
870 1571 110 41 from
1017 1571 196 52 without,
1244 1573 58 55 by
1333 1573 219 56 incoming
1582 1573 172 42 audible
1786 1573 166 42 speech,

333 1640 177 42 sufficed
542 1645 44 37 to
618 1641 84 41 call
733 1655 59 41 up
814 1642 225 55 instantly,
1062 1646 77 37 not
1160 1643 102 41 only
1285 1643 72 41 the
1387 1643 235 42 associated
1643 1647 139 37 motor
1802 1644 149 50 image,

335 1711 263 55 completing
639 1711 74 42 the
753 1712 323 54 word-percept,
1112 1712 80 42 but
1233 1712 88 42 also
1359 1713 73 41 the
1469 1713 235 42 associated
1742 1713 208 54 meaning.

334 1783 100 51 But,
477 1782 74 42 the
592 1782 198 55 auditory
833 1782 299 56 word-images
1175 1783 128 55 being
1345 1784 237 55 destroyed,
1622 1784 74 42 the
1737 1784 216 54 incoming

334 1854 300 42 word-sounds
672 1868 79 28 can
788 1868 54 27 no
884 1854 148 42 longer
1074 1854 83 42 call
1199 1869 57 40 up
1294 1855 74 42 the
1406 1855 210 42 meaning.
1689 1855 89 41 The
1816 1855 136 41 words

336 1938 71 28 are
446 1924 92 42 still
575 1925 131 41 heard
742 1924 58 55 by
837 1924 74 42 the
948 1924 242 56 remaining
1225 1925 201 55 auditory
1459 1929 142 38 centre
1638 1925 46 42 of
1717 1925 72 42 the
1826 1938 127 41 oppo-

336 1998 82 38 site
454 1993 286 56 hemisphere,
776 1994 80 41 but
893 1994 105 54 they
1034 2009 70 27 are
1141 1994 133 42 heard
1311 2009 45 27 as
1393 1995 158 42 sounds
1588 1995 173 55 merely,
1797 1999 77 38 not
1910 2008 45 29 as

336 2065 261 42 intelligible
636 2064 161 42 words:
842 2065 104 41 they
983 2065 138 41 sound
1160 2069 42 37 to
1241 2065 72 42 the
1350 2066 168 54 patient
1553 2065 88 41 like
1679 2065 138 41 words
1853 2065 46 41 of
1932 2078 24 28 a

336 2135 165 54 foreign
526 2134 209 55 language
758 2134 143 41 which
923 2134 53 42 he
1000 2134 100 42 does
1123 2139 75 36 not
1221 2135 278 43 understand.
1559 2135 237 41 Therefore,
1817 2134 36 41 if
1880 2134 73 42 the

335 2205 170 56 patient
527 2219 166 27 answer
718 2205 235 55 questions,
984 2204 54 43 he
1070 2205 100 42 does
1193 2219 46 28 so
1268 2210 44 36 at
1332 2205 203 53 random;
1573 2205 156 42 unless,
1752 2205 107 41 from
1882 2205 71 41 the

336 2280 171 51 gesture
530 2289 46 28 or
598 2275 247 42 expression
868 2275 46 41 of
933 2275 73 42 the
1028 2275 257 55 questioner,
1308 2276 54 41 he
1383 2289 80 28 can
1488 2279 72 51 get
1581 2289 116 28 some
1718 2275 235 41 indication

337 2346 47 42 of
404 2346 116 41 what
540 2346 36 42 is
594 2346 129 41 being
739 2345 132 42 asked
889 2346 45 41 of
952 2345 101 42 him.
1116 2346 64 41 As
1198 2345 105 42 such
1322 2346 190 55 patients
1530 2359 72 29 are
1625 2346 119 41 often
1765 2346 186 41 remark-

337 2417 102 54 ably
461 2416 133 55 quick
615 2416 46 41 in
685 2416 191 41 drawing
897 2416 239 41 inferences
1154 2416 109 40 from
1286 2415 249 42 expression
1558 2416 83 41 and
1664 2420 182 51 gesture,
1863 2416 35 41 it
1918 2416 35 41 is

338 2488 238 40 important
607 2486 96 41 that
733 2485 75 42 the
841 2485 232 42 examiner,
1094 2485 43 41 in
1172 2485 161 42 testing
1364 2499 24 27 a
1419 2499 95 28 case
1546 2486 43 41 of
1612 2486 344 50 word-deafness,

339 2557 156 42 should
537 2555 211 43 carefully
790 2556 226 41 command
1058 2555 67 41 his
1167 2560 293 36 countenance
1511 2556 85 41 and
1637 2556 167 41 abstain
1848 2558 105 39 from

387 2658 14 23 1
426 2658 151 45 Among
609 2655 136 36 special
778 2655 163 35 treatises
974 2667 102 35 upon
1109 2654 63 36 the
1206 2655 160 48 Sensory
1400 2660 166 32 varieties
1607 2655 40 37 of
1684 2657 175 47 Aphasia,
1893 2659 62 33 the

339 2718 193 36 following
548 2728 60 24 are
625 2716 104 35 three
748 2715 40 35 of
808 2714 64 36 the
888 2714 218 48 best:—(1.)
1134 2714 103 36 Mile.
1258 2715 147 36 Nadine
1423 2715 227 45 Skwortzoff,
1669 2717 55 35 De
1742 2717 36 35 la
1800 2717 118 37 Cdcitd
1928 2721 29 31 et

340 2779 40 35 de
406 2778 37 36 la
467 2777 150 37 Surdity
637 2776 57 35 des
714 2779 97 40 mots,
831 2777 103 33 1881.
985 2774 67 47 (2.)
1078 2774 168 47 Seppilli,
1267 2775 20 18 "
1301 2774 51 36 La
1368 2774 136 36 sordita
1521 2775 145 36 verbale
1683 2775 44 36 ed
1745 2775 110 37 afasia
1878 2788 76 24 sen-

340 2849 164 26 soriale,"
521 2835 127 38 Eevist.
676 2838 187 32 speriment
884 2833 40 36 di
942 2833 216 46 frcniatrut,
1179 2836 101 40 1884,
1300 2846 45 33 x.,
1364 2846 59 35 pp.
1452 2837 139 33 94-125
1610 2834 37 48 (a
1671 2834 173 37 selection
1865 2835 92 36 from

341 2897 188 49 Seppilli's
554 2908 97 24 cases
676 2895 31 35 is
733 2893 176 37 included
935 2894 39 34 in
1001 2892 191 36 Amidon's
1216 2892 217 49 collection).
1485 2894 66 46 (3.)
1577 2894 175 36 Amidon,
1779 2894 91 36 "On
1896 2894 60 36 the

343 2956 252 49 Pathological
614 2955 188 36 Anatomy
820 2953 40 36 of
883 2953 159 47 Sensory
1067 2952 196 48 Aphasia,"
1280 2953 88 35 New
1394 2953 90 36 York
1502 2953 96 36 Med.
1617 2954 138 46 Journ,,
1777 2956 100 43 1885,
1895 2965 58 36 pp.

346 3022 68 33 113
431 3017 74 37 and
526 3018 76 33 181.
