2113 3404
421 252 86 42 260

925 267 86 31 TIIK
1045 268 240 32 DISORDERS
1317 270 53 30 OF
1402 269 174 31 SPEECH.

423 380 79 43 but
538 382 89 42 also
665 384 45 41 of
749 384 73 42 the
866 385 232 42 emotional
1141 386 145 42 colour
1328 401 46 27 or
1412 387 158 43 feeling
1605 387 95 42 that
1731 388 35 42 is
1799 395 234 38 associated

426 452 105 42 with
567 453 45 42 it.
682 455 88 41 The
813 469 101 41 very
957 462 120 36 tones
1120 458 45 40 of
1205 457 71 42 the
1321 458 116 42 voice
1479 472 69 28 are
1596 459 103 55 also,
1740 475 45 29 as
1828 476 59 28 we
1930 463 107 42 have

424 536 113 37 seen,
575 524 123 42 made
742 530 42 36 to
822 527 242 41 contribute
1102 526 113 42 their
1250 532 131 50 quota
1418 533 42 37 to
1501 529 70 42 the
1609 532 342 53 expressiveness
1993 534 46 40 of

425 593 166 54 spoken
612 594 221 56 language.

485 662 221 43 Professor
727 664 110 41 Bain
860 664 76 42 has
958 665 224 41 remarked
1204 679 114 41 upon
1344 666 72 42 the
1438 667 301 43 adhesiveness
1762 670 43 40 of
1833 670 204 43 thoughts

426 733 85 41 and
544 733 44 41 of
621 733 149 51 words,
792 734 45 40 in
872 735 140 41 virtue
1045 735 44 41 of
1128 736 139 40 which
1305 736 103 42 they
1430 737 93 41 link
1561 738 257 42 themselves
1854 744 43 37 to
1934 740 101 41 each

426 803 135 50 other,
583 803 186 55 thought
797 809 43 36 to
874 804 195 55 thought,
1092 805 83 41 and
1201 806 113 41 word
1348 812 42 36 to
1413 807 126 41 word,
1561 807 45 41 in
1639 808 147 42 chains
1818 823 46 27 or
1894 811 142 41 trains.

425 873 90 42 The
533 878 205 50 property
756 874 36 41 is
811 874 234 50 exhibited,
1062 880 76 36 not
1156 876 101 54 only
1276 876 54 54 by
1352 877 147 42 words,
1516 877 79 42 but
1613 877 88 43 also
1719 879 56 55 by
1794 880 71 41 the
1883 881 154 41 sound-

427 944 119 40 units
569 944 46 40 of
646 943 139 41 which
819 944 137 41 words
989 958 68 28 are
1090 946 237 54 composed.
1390 946 43 41 It
1465 947 35 41 is
1532 947 219 43 exhibited
1785 964 106 27 even
1924 965 114 27 more

426 1013 195 55 strongly
644 1014 46 40 in
715 1013 73 42 the
810 1013 172 55 linking
1004 1014 195 55 together
1221 1015 43 41 of
1285 1015 72 42 the
1381 1017 117 41 units
1520 1022 44 36 to
1586 1018 107 42 form
1721 1019 202 55 syllables
1955 1022 83 41 and

427 1084 151 51 words,
600 1084 106 41 than
731 1084 46 40 in
801 1083 72 42 the
896 1083 172 57 linking
1099 1086 45 40 of
1173 1086 137 41 words
1342 1086 91 41 into
1467 1088 183 41 familiar
1682 1088 185 56 phrases.
1931 1092 42 40 It
2003 1092 35 42 is

427 1155 73 41 the
524 1159 21 17 "
561 1154 307 42 Coordination
887 1154 43 41 of
953 1154 254 55 Sequence."
1269 1156 111 41 How
1399 1157 191 55 securely
1607 1159 35 40 it
1659 1173 76 26 can
1755 1160 93 41 link
1867 1162 110 40 word
1998 1170 40 32 to

428 1225 128 50 word,
592 1240 61 27 we
686 1239 98 40 may
817 1224 153 42 realize
1007 1225 121 41 when
1162 1239 62 28 we
1256 1232 146 48 repeat
1433 1227 110 41 from
1576 1242 189 42 memory
1791 1244 24 26 a
1849 1245 116 28 verse
1998 1234 45 39 of

427 1300 150 50 poetry
600 1295 97 42 that
717 1295 77 41 has
817 1295 108 41 been
949 1295 99 55 long
1072 1296 186 41 familiar
1280 1301 43 36 to
1346 1310 60 28 us.
1469 1297 190 55 Perhaps
1692 1299 34 40 it
1757 1300 36 41 is
1826 1303 138 53 owing
1995 1307 43 37 to

428 1366 87 42 this
550 1366 303 42 adhesiveness
888 1366 45 40 of
964 1366 147 50 words,
1142 1366 95 41 that
1267 1366 54 42 he
1358 1366 92 42 who
1484 1367 36 41 is
1554 1381 24 27 a
1612 1369 163 53 perfect
1810 1376 155 37 master
1999 1374 41 39 of

427 1437 165 42 several
613 1437 232 54 languages
868 1436 100 41 does
994 1441 87 45 not,
1104 1437 44 40 in
1181 1437 307 41 conversation,
1512 1437 89 41 mix
1635 1452 56 40 up
1725 1439 71 42 the
1830 1441 136 41 words
1998 1443 43 40 of

429 1521 80 27 one
531 1506 209 55 language
775 1505 104 41 with
911 1505 122 41 those
1066 1506 43 40 of
1141 1506 189 41 another.
1394 1505 125 42 Some
1553 1507 103 41 time
1689 1522 76 40 ago
1799 1509 21 40 I
1852 1509 83 41 had
1967 1511 72 41 the

428 1577 196 55 pleasure
662 1577 47 40 of
742 1576 254 53 conversing
1035 1576 105 41 with
1178 1590 24 27 a
1239 1576 227 54 physician
1505 1577 46 40 of
1584 1582 111 45 note,
1728 1578 104 50 who,
1855 1580 103 41 born
1996 1582 42 39 in

428 1648 217 42 Scotland,
689 1647 75 40 has
807 1646 116 41 lived
965 1647 46 39 in
1054 1647 160 41 France
1256 1647 116 41 since
1414 1647 116 55 early
1575 1648 205 54 boyhood,
1822 1651 83 39 and
1947 1665 94 27 now

427 1718 208 55 practises
659 1717 128 41 there.
852 1716 69 42 He
944 1717 36 41 is
1003 1717 174 53 equally
1202 1722 158 36 master
1382 1717 43 41 of
1456 1717 167 41 French
1649 1719 84 40 and
1766 1719 191 55 English.
2021 1723 16 38 1

428 1789 132 41 asked
583 1788 90 41 him
698 1788 139 41 which
860 1788 45 41 of
934 1788 72 40 the
1037 1792 84 36 two
1154 1787 230 54 languages
1416 1787 52 41 he
1500 1787 215 55 preferred
1750 1795 41 35 to
1827 1790 125 41 think
1986 1792 53 39 in.

429 1859 70 41 He
522 1858 92 42 told
636 1872 68 27 me
726 1858 53 41 he
802 1857 246 42 sometimes
1071 1857 185 55 thought
1277 1857 45 41 in
1344 1857 72 41 the
1436 1871 78 28 one
1533 1857 82 42 and
1635 1860 245 42 sometimes
1903 1861 44 41 in
1971 1861 70 42 the

429 1929 146 42 other;
606 1929 53 41 he
682 1928 84 41 had
790 1942 54 27 no
876 1928 260 54 preference,
1158 1928 84 41 and
1276 1928 171 54 usually
1470 1929 134 40 found
1637 1929 173 42 himself
1841 1932 202 55 thinking

429 2001 46 40 in
498 2000 74 41 the
593 1999 211 55 language
821 1998 44 41 of
886 1999 74 40 the
982 1998 85 42 last
1089 2012 153 41 person
1259 1998 54 41 he
1335 1997 85 41 had
1443 1998 106 42 been
1568 2000 252 55 conversing
1845 2002 114 42 with.
2022 2004 20 40 I

430 2070 132 42 asked
585 2070 91 41 him
699 2070 37 40 if
753 2069 54 42 he
829 2083 112 28 ever,
963 2069 46 41 in
1031 2068 186 55 thought
1248 2083 45 26 or
1324 2068 45 41 in
1402 2069 165 54 speech,
1590 2070 142 42 mixed
1766 2085 57 41 up
1858 2072 70 42 the
1962 2080 80 34 two

430 2141 244 55 languages,
699 2153 115 27 more
837 2153 47 27 or
905 2138 93 42 less.
1062 2139 70 40 He
1155 2138 104 48 said,
1280 2138 167 53 Never;
1478 2138 102 55 they
1603 2139 158 55 always
1783 2141 103 54 kept
1908 2141 135 43 them-

431 2211 138 42 selves
592 2210 181 42 distinct
794 2210 110 40 from
928 2209 103 41 each
1054 2208 123 42 other
1197 2209 45 40 in
1265 2208 66 41 his
1355 2208 130 43 mind.

489 2282 119 41 Here
640 2281 62 41 let
733 2294 68 28 me
833 2279 95 42 add,
959 2279 46 41 in
1038 2278 258 54 concluding
1328 2278 86 42 this
1446 2284 95 48 part
1573 2279 43 41 of
1648 2280 72 42 the
1751 2281 176 55 subject,
1951 2288 91 36 that

431 2350 220 55 although,
673 2350 65 41 for
761 2348 272 55 simplicity's
1056 2348 114 42 sake,
1193 2348 22 40 I
1238 2348 120 49 have,
1379 2348 46 40 in
1447 2348 187 54 treating
1655 2349 43 40 of
1729 2349 72 42 the
1822 2351 147 53 grades
2001 2353 42 39 of

431 2421 295 43 coordination
749 2420 46 40 in
818 2419 73 41 the
913 2419 229 41 formation
1169 2418 46 41 of
1242 2418 159 50 letters,
1424 2418 150 51 words,
1597 2419 82 40 and
1714 2420 185 53 phrases,
1924 2421 117 41 made

431 2506 215 28 reference
678 2489 208 55 specially
918 2494 43 36 to
996 2489 71 41 the
1100 2488 146 41 Motor
1283 2488 341 54 Speech-centre,
1657 2489 35 41 it
1728 2496 116 35 must
1881 2497 74 35 not
1992 2492 49 40 be

433 2564 213 40 forgotten
671 2565 95 37 that
789 2560 72 41 the
884 2574 104 27 very
1009 2573 117 28 same
1157 2559 151 55 grades
1339 2563 118 37 must
1488 2559 51 41 be
1572 2561 284 53 represented,
1879 2562 45 40 in
1957 2562 83 41 like

430 2646 194 28 manner,
642 2630 46 42 in
706 2631 72 41 the
796 2629 219 54 Auditory
1035 2628 339 55 Speech-centre.
1436 2627 118 43 Each
1577 2634 139 36 motor
1731 2630 137 56 image
1890 2631 75 42 has
1987 2632 54 41 its

431 2702 251 56 equivalent
704 2714 174 41 sensory
901 2700 161 54 image;
1085 2698 97 50 and,
1203 2712 46 28 as
1273 2712 61 28 we
1357 2698 109 42 have
1487 2713 112 36 seen,
1617 2700 74 42 the
1713 2706 84 36 two
1820 2702 94 41 that
1935 2703 104 40 form

430 2774 74 41 the
537 2772 196 53 Primary
758 2769 162 43 Couple
943 2783 71 27 are
1039 2767 162 42 welded
1225 2767 193 55 together
1447 2768 44 40 in
1514 2767 74 43 the
1610 2770 319 42 consciousness
1952 2771 87 41 into

429 2857 93 29 one,
544 2857 46 28 so
612 2856 46 28 as
680 2846 44 37 to
747 2841 108 41 form
881 2839 117 42 what
1020 2853 62 28 we
1105 2838 108 42 have
1236 2837 137 42 called
1395 2837 72 42 the
1490 2839 189 55 primary
1697 2839 340 57 "Word-Percept.

430 2915 51 41 In
507 2911 283 45 constitution
814 2910 100 42 they
934 2914 116 37 must
1072 2909 45 41 of
1136 2913 214 37 necessity
1370 2907 49 42 be
1437 2907 157 55 closely
1613 2910 248 54 equivalent
1879 2916 41 36 to
1938 2910 98 42 each

429 2986 132 42 other.
