2107 3450
1612 316 85 46 237

505 328 182 31 MKNTAL
720 328 219 31 PERCEPTS
972 328 54 33 OF
1058 329 172 32 WORDS.

40 451 128 41 when
192 450 22 41 I
238 449 213 56 mentally
477 450 97 42 sing
609 463 24 29 a
666 463 120 44 song,
810 449 108 42 with
952 463 48 28 or
1034 449 192 42 without
1261 449 59 42 its
1354 449 155 42 words,
1532 449 99 42 that
1662 449 38 42 it

38 524 36 40 is
108 521 253 43 impossible
385 525 44 39 to
451 525 186 53 prevent
661 536 73 41 my
750 536 181 41 pommn
953 535 156 28 adami
1131 520 114 43 from
1279 521 183 56 moving
1494 520 204 43 upwards

40 609 127 27 when
200 594 74 42 the
308 594 165 42 mental
508 593 176 57 melody
720 608 147 41 passes
901 593 96 42 into
1030 593 58 42 its
1123 592 177 43 highest
1333 606 150 39 notes;
1527 593 93 42 but,
1653 596 49 38 at

41 666 73 41 the
150 679 116 28 same
290 665 118 42 time,
434 665 20 42 I
478 679 70 28 am
572 670 114 37 most
722 664 160 44 clearly
908 664 229 43 conscious
1172 664 44 43 of
1250 663 74 43 the
1356 677 188 43 varying
1575 662 125 57 pitch

40 737 87 42 and
160 736 187 43 cadence
371 737 46 42 of
444 737 76 43 the
543 737 193 43 internal
759 737 133 43 voice.
957 737 257 56 Evidently,
1236 736 48 43 in
1313 736 194 43 internal
1539 735 161 57 speech

39 809 87 43 and
167 810 48 42 in
257 809 191 43 internal
490 823 120 42 song,
645 823 62 29 we
743 809 150 42 revive
934 809 105 42 both
1071 809 178 56 images,
1286 809 75 43 the
1400 823 182 29 sensory
1614 808 88 43 and

40 882 74 43 the
151 887 165 37 motor;
349 881 87 43 and
460 881 74 44 the
558 886 86 39 two
668 896 118 29 seem
809 885 45 39 to
889 896 79 29 our
1001 882 331 43 consciousness
1366 885 46 39 to
1445 882 53 43 be
1532 880 169 44 welded

42 955 94 42 into
160 969 92 28 one.

97 1026 137 43 There
256 1026 39 43 is
317 1026 110 57 good
450 1041 153 29 reason
626 1030 44 39 to
694 1027 170 43 believe
883 1027 98 43 that
998 1027 75 43 the
1092 1026 248 44 discussion
1357 1026 88 43 and
1463 1025 237 44 difference

39 1098 45 42 of
124 1098 179 56 opinion
339 1099 231 56 regarding
602 1099 75 43 the
712 1099 185 44 relative
930 1100 272 55 importance
1238 1099 44 43 of
1321 1099 76 43 the
1433 1103 87 38 two
1560 1099 140 42 word-

38 1170 162 58 images
223 1171 47 42 in
293 1171 202 43 Internal
519 1171 170 57 Speech
714 1186 101 43 may
837 1172 53 43 be
915 1172 84 43 due
1024 1176 43 39 to
1091 1172 75 42 the
1189 1171 91 43 fact
1302 1172 99 42 that
1427 1171 274 43 individuals

38 1258 72 28 are
143 1243 253 44 differently
429 1244 296 43 constituted:
769 1245 46 41 in
849 1258 120 29 some
1008 1245 75 42 the
1122 1258 180 42 sensory
1336 1244 158 56 image,
1528 1243 89 43 and
1654 1244 48 41 in

39 1315 147 43 others
226 1315 74 44 the
338 1320 152 48 motor,
528 1316 132 57 being
698 1317 75 43 the
811 1331 119 28 more
975 1316 123 43 vivid
1137 1316 48 42 of
1224 1316 74 42 the
1338 1320 97 39 two.
1500 1315 201 53 Further,

39 1387 214 43 educated
285 1387 167 57 people,
486 1388 97 42 who
623 1402 81 28 can
742 1388 103 43 read
883 1388 87 43 and
1005 1388 135 51 write,
1174 1388 124 42 have,
1331 1388 48 42 in
1417 1388 200 43 addition
1658 1394 44 37 to

39 1459 74 43 the
141 1464 86 38 two
265 1460 205 56 ordinary
493 1459 159 57 speech
685 1460 176 55 images,
885 1460 92 42 also
1014 1464 88 38 two
1136 1459 160 51 others,
1318 1460 96 50 viz.,
1436 1459 76 43 the
1545 1460 159 50 visual,

38 1532 60 55 by
119 1532 169 42 revival
321 1533 44 41 of
400 1532 142 42 which
576 1532 106 56 they
704 1532 114 43 read,
841 1532 88 42 and
961 1532 76 42 the
1069 1531 360 57 graphic-motor,
1452 1532 59 42 by
1533 1532 171 42 revival

39 1603 44 42 of
117 1603 144 43 which
284 1604 105 42 they
413 1603 149 43 write;
595 1604 87 42 and
718 1618 160 42 among
912 1604 108 43 such
1056 1603 156 57 people
1247 1618 63 28 we
1344 1604 217 57 certainly
1586 1610 118 37 meet

38 1675 108 42 with
186 1690 118 29 cases
344 1676 145 43 where
531 1676 77 43 the
651 1675 145 43 visual
838 1676 166 43 images
1048 1690 72 29 are
1164 1676 371 57 extraordinarily
1568 1678 134 42 vivid.

38 1747 54 43 So
115 1747 99 43 that
235 1748 37 42 it
297 1748 37 43 is
357 1748 253 43 reasonable
643 1752 44 39 to
721 1763 190 42 suppose
947 1749 110 52 that,
1080 1763 160 42 among
1273 1749 158 56 people
1464 1750 241 56 generally,

38 1820 76 43 the
143 1820 313 57 predominant
498 1821 142 56 image
675 1821 48 42 in
756 1820 194 44 internal
986 1820 160 57 speech
1179 1835 102 29 may
1304 1821 47 42 in
1387 1836 120 29 some
1540 1822 54 43 be
1627 1822 78 43 the

38 1892 204 57 auditory
273 1907 93 38 one,
389 1893 47 42 in
468 1893 147 43 others
653 1893 76 43 the
764 1898 153 39 motor,
941 1893 87 43 and
1062 1894 48 41 in
1142 1899 76 51 yet
1255 1894 148 43 others
1437 1895 75 43 the
1546 1894 156 44 visual.

39 1965 117 42 Prof.
198 1964 187 43 Charcot
422 1965 78 42 has
538 1965 103 56 paid
685 1966 163 42 special
891 1965 222 43 attention
1158 1972 43 36 to
1241 1966 89 43 this
1369 1966 182 58 subject.
1616 1968 87 43 His

40 2036 126 55 pupil
209 2037 225 43 Bernard1
478 2040 195 54 says,—"
689 2038 61 42 M.
798 2038 189 43 Charcot
1029 2038 319 56 emphatically
1386 2039 176 44 teaches
1606 2040 97 43 that

41 2108 75 43 the
178 2109 228 42 memories
470 2110 43 41 of
576 2111 132 55 signs,
761 2110 92 43 like
916 2111 128 42 other
1106 2111 246 52 memories,
1404 2117 190 51 present,
1656 2113 49 42 in

41 2180 205 44 different
283 2181 283 53 individuals,
604 2182 207 43 different
849 2183 178 57 degrees
1067 2184 45 42 of
1155 2185 296 56 comparative
1496 2186 209 57 develop-

41 2259 135 48 ment,
219 2255 156 57 owing,
417 2256 36 42 it
498 2270 100 42 may
640 2256 66 54 be,
749 2260 44 39 to
836 2257 288 44 inheritance,
1168 2272 47 29 or
1257 2262 45 39 to
1346 2263 184 49 custom,
1569 2275 47 28 or
1658 2266 46 38 to

41 2326 242 44 education.
368 2327 95 44 One
516 2328 249 43 individual
819 2328 92 43 will
965 2329 157 57 appeal
1175 2345 119 28 more
1347 2332 257 58 frequently
1657 2337 46 39 to

41 2399 74 43 the
151 2398 140 44 visual
314 2414 196 42 memory
534 2401 48 42 of
610 2400 133 58 signs,
764 2401 187 44 another
974 2405 44 40 to
1051 2403 77 43 the
1163 2403 210 45 auditive,
1396 2405 88 43 and
1517 2406 187 43 another

41 2475 43 37 to
140 2470 73 43 the
267 2477 149 39 motor.
503 2474 45 42 It
589 2488 102 42 may
738 2474 103 43 thus
885 2474 177 57 happen
1106 2475 98 44 that
1249 2476 74 45 the
1374 2479 330 55 pre-eminence

40 2544 44 41 of
116 2558 24 27 a
175 2548 147 40 centre
358 2559 100 43 may
483 2546 177 44 become
695 2561 48 28 so
778 2547 195 53 marked,
996 2548 98 43 that
1128 2549 37 42 it
1199 2563 102 43 may
1330 2550 105 44 hold
1472 2552 141 43 under
1645 2552 58 44 its

41 2629 131 43 sway,
204 2621 78 39 not
316 2617 104 57 only
445 2618 118 43 what
595 2619 206 57 properly
823 2619 181 58 belongs
1041 2625 45 39 to
1119 2621 49 53 it,
1196 2622 81 44 but
1312 2622 92 45 also
1437 2624 189 44 another
1658 2639 48 29 or

41 2688 166 43 several
238 2690 124 43 other
385 2696 180 39 centres.
632 2693 85 42 For
750 2692 216 57 example,
990 2693 75 44 the
1098 2694 146 44 visual
1279 2700 150 40 centre
1462 2697 67 43 for
1561 2697 143 44 words

41 2773 101 43 may
164 2762 169 42 control
356 2767 78 38 not
456 2763 105 57 only
585 2763 98 44 that
708 2765 65 41 for
797 2764 189 59 writing,
1009 2765 81 44 but
1113 2766 91 44 also
1240 2767 100 44 that
1371 2768 67 44 for
1470 2769 234 44 articulate

41 2829 222 60 language.
327 2834 54 43 In
417 2835 73 44 the
525 2850 119 30 same
678 2851 110 43 way,
824 2837 75 44 the
933 2842 141 39 motor
1107 2844 151 40 centre
1295 2840 67 43 for
1401 2841 160 57 speech
1598 2856 105 43 may

42 2901 175 46 become
240 2905 299 58 independent
561 2909 45 43 of
637 2909 76 44 the
736 2910 213 43 sensorial
972 2916 150 39 centre
1146 2912 147 44 which
1315 2913 87 44 had
1426 2914 206 57 presided
1658 2918 46 40 at

40 2972 57 44 its
130 2974 240 48 education.
432 2979 119 44 Thus
585 2995 72 29 are
691 2982 285 53 constituted,
1000 2997 160 44 among
1187 2985 223 56 speakers,
1433 2986 76 44 the
1535 3001 167 39 visuels,

44 3045 73 44 the
150 3047 197 58 auditifs,
370 3051 86 43 and
479 3051 76 45 the
579 3058 191 39 motcurs.
836 3054 105 44 This
965 3055 36 44 is
1026 3060 79 39 not
1127 3071 25 29 a
1174 3058 276 56 speculation
1473 3073 109 43 pure
1616 3058 87 44 and

627 3212 11 24 1
672 3213 54 37 De
746 3213 196 48 l'Aj)hasic,
963 3227 34 36 p.
1019 3218 58 34 48.
