2149 3654
307 285 307 35 STAMMERING,
648 286 93 31 AND
774 285 88 33 THH
897 285 145 31 STUDY
1076 285 52 31 OF
1161 284 87 34 THE
1283 283 243 35 ALPHABET.
1714 272 25 41 3

82 422 172 40 energy,
282 405 143 46 which
451 420 100 28 may
569 406 203 42 overflow
801 406 94 42 into
919 405 125 43 other
1076 410 171 38 centres
1280 405 88 42 and
1396 404 189 56 produce
1618 417 120 42 spas-

80 479 144 42 modic
241 479 343 42 complications.
635 478 53 41 In
712 477 256 57 explaining
989 482 41 37 to
1054 491 24 27 a
1092 490 256 29 stammerer
1366 476 74 42 the
1464 475 89 43 real
1581 488 157 29 nature

80 551 45 41 of
146 551 67 42 his
231 551 154 42 defect,
403 550 89 42 this
515 549 272 43 comparison
806 549 199 42 between
1029 548 75 42 the
1126 562 200 28 violinist
1342 547 87 42 and
1452 547 74 42 the
1555 560 185 43 speaker

80 622 91 41 will
194 622 52 42 be
270 621 134 42 found
427 626 44 37 to
495 621 52 42 be
574 621 46 41 of
650 635 89 28 use,
763 634 47 28 as
831 621 37 41 it
899 620 38 43 is
960 619 138 57 easily
1118 619 187 57 grasped
1335 619 88 42 and
1455 617 281 53 understood,

78 704 109 29 even
212 691 57 55 by
291 704 149 41 young
461 693 206 52 patients.

135 762 112 42 That
270 761 74 43 the
368 761 144 42 defect
533 761 47 41 of
598 760 158 42 speech
780 761 46 41 in
850 760 74 42 the
948 774 202 28 common
1173 760 172 42 variety
1369 761 44 40 of
1447 758 288 55 stammering

74 833 38 43 is
136 834 83 41 due
242 839 44 36 to
309 832 199 43 Delayed
540 832 162 42 Action
726 832 45 42 of
803 832 75 42 the
911 831 226 56 laryngeal
1160 846 48 28 or
1230 831 125 42 vocal
1388 830 272 43 mechanism
1687 830 49 42 in

74 905 227 42 attacking
332 905 78 42 the
441 904 95 42 first
567 904 210 42 syllables
801 904 44 42 of
878 904 152 42 words,
1064 904 36 42 is
1123 918 57 28 an
1213 904 73 42 old
1318 910 298 50 proposition;
1648 902 88 42 and

73 976 38 43 is
144 976 91 42 also
262 981 44 37 to
340 975 75 43 the
446 981 179 50 present
658 975 86 56 day
767 980 276 38 maintained
1066 975 59 57 by
1149 975 75 43 the
1257 975 96 42 best
1377 975 170 41 writers
1570 988 56 27 on
1659 974 76 41 the

73 1049 180 54 subject.
317 1048 178 42 Among
518 1047 74 43 the
615 1048 96 42 first
743 1052 44 37 to
812 1048 128 42 make
964 1047 75 43 the
1063 1047 285 57 proposition,
1373 1061 102 28 was,
1499 1047 23 41 I
1550 1046 184 51 believe,

71 1121 68 42 Dr
170 1120 105 43 Neil
307 1121 176 41 Arnott,
515 1119 49 43 in
597 1120 74 42 the
702 1134 107 41 very
842 1120 263 56 interesting
1144 1120 181 55 chapter
1353 1134 119 27 upon
1506 1124 228 37 stammer-

71 1193 76 41 ing
178 1194 46 40 in
259 1193 68 41 his
360 1192 122 42 work
514 1206 57 28 on
603 1192 189 55 Physics,
823 1192 96 42 first
951 1192 237 56 published
1230 1192 48 41 in
1323 1191 127 43 1827.
1527 1189 56 44 In
1625 1191 112 41 later

70 1265 143 42 times,
256 1263 200 44 Melville
500 1263 110 43 Bell,
648 1265 47 40 in
739 1264 88 42 this
871 1268 199 50 country,
1103 1263 88 42 and
1234 1263 175 42 Merkel
1453 1263 85 42 and
1587 1263 146 42 Kuss-

70 1337 132 43 maul,
220 1338 45 41 in
290 1337 237 56 Germany,
546 1337 111 42 have
681 1336 157 42 taught
860 1336 76 42 the
961 1350 117 28 same
1102 1336 197 42 doctrine
1317 1351 8 38 ;
1347 1336 99 52 and,
1465 1336 47 42 in
1536 1336 198 56 drawing

67 1424 61 40 up
151 1409 424 42 recommendations
597 1409 67 41 for
687 1408 74 42 the
785 1412 241 38 treatment
1048 1408 48 41 of
1119 1407 76 43 the
1218 1408 239 52 condition,
1487 1409 107 41 they
1616 1408 114 41 have

66 1481 60 42 all
164 1482 116 40 alike
317 1479 184 43 insisted
541 1494 117 41 upon
697 1480 75 42 the
810 1479 220 42 necessity
1061 1479 45 41 of
1149 1480 233 42 attending
1416 1480 48 41 in
1503 1494 25 27 a
1566 1479 164 56 special

64 1567 184 27 manner
270 1556 44 38 to
346 1551 76 43 the
454 1551 263 55 production
741 1551 44 41 of
817 1551 76 42 the
916 1550 125 42 vocal
1075 1550 193 42 element
1299 1551 46 41 in
1374 1551 170 55 speech.
1615 1551 115 41 That

64 1625 74 41 the
161 1624 195 42 doctrine
379 1624 37 42 is
440 1629 97 37 true
559 1637 82 29 can
666 1623 51 42 be
740 1623 154 42 shown
917 1623 59 55 by
998 1637 133 41 many
1156 1622 194 42 familiar
1372 1623 157 55 proofs.
1594 1623 137 51 Thus,

61 1696 204 43 however
281 1695 196 43 severely
495 1709 25 28 a
543 1699 261 39 stammerer
826 1709 103 42 may
948 1708 210 29 stammer
1180 1693 46 44 in
1251 1695 175 56 speech,
1444 1695 36 42 it
1503 1695 36 42 is
1559 1695 168 42 seldom

61 1768 98 42 that
181 1768 55 43 he
259 1767 79 43 has
360 1768 75 42 the
458 1767 205 57 slightest
688 1767 218 42 difficulty
931 1767 47 42 in
1002 1781 118 42 song.
1184 1767 144 56 Many
1351 1771 285 39 stammerers
1659 1783 72 28 are

61 1840 218 43 excellent
312 1839 178 43 singers.
556 1839 95 42 One
685 1843 148 38 writer
865 1838 218 43 describes
1119 1838 75 43 the
1230 1853 98 28 case
1361 1839 45 42 of
1438 1853 25 28 a
1495 1853 104 28 man
1629 1839 99 43 who

60 1911 266 43 stammered
347 1925 107 41 very
477 1910 146 57 badly,
646 1910 83 42 but
758 1910 100 43 who
883 1910 254 43 sometimes
1170 1924 99 28 won
1303 1925 160 42 money
1486 1912 57 55 by
1569 1926 161 28 wager-

60 1984 76 42 ing
169 1983 57 43 he
259 1983 148 43 would
441 1984 98 55 sing
572 1983 192 42 through
799 1997 24 28 a
857 1982 105 57 long
995 1997 119 41 song,
1138 1983 113 42 from
1283 1983 243 56 beginning
1557 1988 46 39 to
1630 1984 98 52 end,

61 2056 189 41 without
282 2069 107 29 once
422 2055 296 42 stammering.
784 2055 57 41 In
873 2069 76 41 my
972 2069 100 28 own
1106 2055 205 55 practice,
1335 2056 23 41 I
1384 2055 114 43 have
1531 2056 87 42 had
1645 2071 83 28 one

60 2127 185 54 patient,
267 2140 26 28 a
324 2125 187 43 medical
543 2125 192 43 student,
767 2126 98 41 who
899 2126 77 42 did
1009 2130 210 38 stammer
1251 2126 294 56 occasionally
1568 2127 160 56 during

60 2199 68 42 his
150 2198 186 43 musical
370 2199 347 55 performances;
750 2198 80 42 but
863 2197 69 43 his
957 2212 129 42 songs
1115 2212 115 29 were
1252 2203 20 16 "
1293 2199 153 56 nigger
1476 2200 250 51 melodies,"

58 2270 88 42 and
178 2269 234 44 contained
445 2269 129 42 much
610 2270 315 42 conversation.
991 2270 46 42 It
1059 2283 89 29 was
1176 2269 49 42 in
1258 2270 75 42 the
1373 2271 352 42 conversational

58 2347 120 51 parts
202 2342 97 42 that
321 2341 54 43 he
398 2341 86 43 had
508 2341 246 57 difficulty;
776 2341 86 42 and
886 2341 75 43 the
983 2341 221 43 difficulty
1222 2341 75 42 did
1314 2346 79 38 not
1410 2342 183 43 distress
1616 2343 107 53 him,

59 2428 46 29 as
129 2414 73 43 the
220 2413 212 44 audience
455 2428 89 29 was
568 2413 164 43 always
755 2414 144 42 under
917 2414 74 42 the
1010 2414 264 56 impression
1293 2414 98 42 that
1409 2415 75 42 the
1506 2415 216 56 grimaces

59 2485 46 41 of
133 2484 69 42 his
234 2483 243 43 blackened
511 2484 93 42 face
638 2497 112 29 were
783 2497 26 28 a
841 2483 238 56 voluntary
1101 2487 102 52 part
1234 2484 48 41 of
1310 2483 75 43 the
1408 2484 313 55 performance.

57 2557 105 42 This
185 2571 96 28 case
304 2557 37 42 is
362 2557 216 42 therefore
601 2571 56 28 no
691 2557 232 42 exception
947 2560 45 38 to
1017 2556 73 43 the
1114 2556 94 43 rule
1231 2556 98 43 that
1357 2563 279 38 stammerers
1666 2559 55 42 do

58 2634 77 37 not
167 2643 209 29 stammer
399 2629 127 43 when
560 2629 107 57 they
690 2629 122 56 sing;
845 2629 86 42 and
964 2628 198 57 possibly
1186 2643 120 29 some
1336 2630 45 41 of
1413 2630 75 43 the
1518 2631 205 43 reported

59 2700 253 55 exceptions
335 2705 45 37 to
413 2700 76 43 the
521 2700 94 43 rule
650 2701 142 56 might
825 2700 53 43 be
910 2700 235 43 explained
1169 2700 47 42 in
1245 2714 25 28 a
1301 2700 170 43 similar
1493 2716 107 42 way.
1666 2703 57 41 In

59 2773 90 43 like
181 2787 195 37 manner,
408 2778 280 38 stammerers
719 2773 147 43 rarely
892 2777 211 39 stammer
1130 2773 47 41 in
1210 2773 216 57 intoning,
1450 2774 144 42 which
1627 2774 38 42 is
1699 2789 25 27 a

62 2843 125 43 mode
230 2843 45 43 of
316 2844 176 57 singing
529 2859 118 41 upon
687 2859 25 28 a
745 2845 141 42 single
919 2849 113 38 note.
1111 2844 179 43 Charles
1335 2844 220 58 Kingsley
1588 2849 135 39 stam-

61 2915 145 43 mered
224 2914 132 43 badly
372 2915 46 42 in
442 2915 207 56 ordinary
664 2915 305 43 conversation
985 2914 60 42 all
1063 2914 70 42 his
1156 2914 96 42 life;
1268 2914 80 42 but
1370 2914 69 42 his
1463 2914 261 57 biographer

61 2987 101 43 tells
184 2987 98 43 that
304 2987 54 43 he
381 2988 216 56 preached
615 2987 113 44 well,
746 2987 87 43 and
856 2987 98 42 that
976 2987 55 42 he
1053 2986 88 43 had
1164 3000 56 29 no
1239 3000 212 29 stammer
1473 2986 46 42 in
1542 2986 180 56 preach-

61 3058 87 57 ing,
185 3059 183 43 because
406 3059 56 43 he
499 3059 107 44 then
645 3059 137 43 spoke
820 3073 48 28 or
905 3058 184 42 intoned
1132 3058 47 41 in
1222 3058 185 42 musical
1451 3071 270 29 monotones.

65 3129 224 58 Similarly
310 3131 74 43 the
406 3132 180 43 reading
609 3133 45 41 of
676 3145 168 43 poetry,
861 3130 110 43 with
994 3131 58 42 its
1075 3130 184 43 musical
1285 3129 223 43 cadences,
1523 3129 37 42 is
1584 3128 138 44 easier
