2107 3450
673 155 298 31 INTELLIGENT
1004 154 179 32 SPEECH.

1646 140 83 42 105

76 281 137 42 words
237 281 35 42 is
295 294 128 41 given
444 279 105 40 from
576 276 72 42 the
674 274 265 43 vocabulary
961 273 48 43 of
1038 273 91 43 this
1161 273 176 42 curious
1360 286 108 27 case.
1535 270 195 43 Migno-

73 351 177 54 migno
292 349 199 55 signified
528 353 170 43 'water,
744 346 129 50 wash,
911 344 155 52 bath;''
1109 354 172 43 go-go,
1322 341 257 53 delicacies;
1620 350 107 43 gar,

72 425 8 20 ■
98 422 170 51 horse';
305 420 131 49 deer,
470 433 156 27 money
658 419 45 41 of
734 432 87 27 any
854 417 106 41 kind
977 431 8 37 ;
1017 414 133 51 beer,
1175 415 242 47 literature,
1447 413 149 49 books,
1619 425 108 40 etc.;

71 503 132 41 peer,
229 495 7 18 '
254 491 135 42 ball';
422 489 87 43 and
531 503 47 29 so
601 503 67 28 on.
733 489 43 41 It
796 488 89 41 will
910 492 76 38 not
1010 488 52 42 be
1086 499 232 42 necessary
1341 489 44 37 to
1408 499 99 42 give
1530 484 76 42 the
1630 497 97 28 case

71 563 45 39 in
151 561 81 44 full
265 561 156 43 detail:
456 561 73 42 the
562 560 245 43 specimens
840 560 44 42 of
917 559 142 43 words
1092 557 179 55 already
1294 557 133 56 given
1453 556 89 42 will
1576 555 150 43 suffice

73 636 42 39 to
139 633 119 41 show
282 637 96 37 that
401 632 73 43 the
497 630 274 46 designation
793 634 21 19 "
833 631 139 42 words
995 631 45 42 of
1063 630 74 43 the
1161 628 153 43 child's
1339 642 97 27 own
1460 627 229 42 invention
1709 626 20 16 "

70 704 38 42 is
132 704 209 55 probably
365 704 74 42 the
462 705 95 41 best
576 708 96 38 that
689 703 129 43 could
842 704 52 42 be
919 703 107 43 used
1048 703 66 41 for
1131 701 75 43 the
1225 700 142 43 words
1384 700 104 42 thus
1506 699 220 43 occasion-

71 775 90 57 ally
184 776 166 43 formed
374 776 85 42 and
484 775 105 43 used
613 776 57 42 by
693 775 211 43 children.
970 775 55 42 In
1050 778 113 39 most
1181 788 132 28 cases,
1332 773 124 42 there
1480 772 36 43 is
1539 771 190 54 nothing

71 847 46 41 in
162 847 120 43 them
325 853 45 37 to
412 853 187 52 suggest,
643 862 110 29 even
796 848 230 56 remotely,
1068 847 224 42 imitation
1336 845 45 43 of
1433 844 77 43 the
1553 844 175 42 mother

74 920 189 49 tongue.1

137 992 45 43 C.
217 992 305 43 Intelligent
545 993 175 43 Speech
744 993 426 43 Production.—In
1185 991 226 43 following
1433 990 76 43 the
1531 1003 200 42 progress

77 1064 48 41 of
151 1064 197 56 Preyer's
387 1065 84 56 boy
504 1080 45 28 as
573 1066 54 42 he
649 1066 139 42 began
822 1071 44 36 to
889 1064 275 43 accumulate
1188 1078 26 28 a
1235 1063 267 43 vocabulary
1525 1062 45 42 of
1592 1061 142 42 words

81 1135 141 44 which
247 1137 54 42 he
324 1138 266 42 understood
608 1138 82 42 but
711 1137 129 42 could
858 1141 76 38 not
957 1150 262 42 pronounce,
1235 1150 64 28 we
1323 1135 138 41 found
1480 1134 97 42 that
1599 1147 136 29 about

78 1208 76 42 the
177 1208 257 43 nineteenth
458 1209 154 42 month
631 1209 74 42 the
728 1208 266 43 vocabulary
1018 1222 87 28 was
1129 1206 176 43 already
1324 1205 310 43 considerable.
1690 1205 46 41 It

78 1280 232 54 presented
348 1294 26 28 a
404 1280 274 42 remarkable
712 1285 195 37 contrast
940 1287 43 34 to
1016 1279 76 42 the
1125 1278 129 42 small
1292 1291 190 28 number
1515 1277 46 42 of
1592 1277 144 42 words

78 1350 107 43 with
223 1352 179 42 definite
439 1352 208 42 meaning
682 1357 99 36 that
817 1351 56 42 he
919 1365 87 28 was
1041 1365 47 27 as
1120 1354 76 52 yet
1228 1350 98 42 able
1370 1353 45 38 to
1449 1363 77 28 use
1563 1349 64 42 for
1660 1349 75 42 the

76 1436 211 41 purposes
325 1423 47 41 of
410 1424 169 55 speech.
662 1423 139 42 These
844 1427 221 38 consisted
1106 1421 168 43 merely
1317 1421 47 42 of
1405 1421 68 42 his
1517 1421 70 42 old
1633 1422 103 42 self-

75 1494 210 42 invented
317 1495 118 42 word
457 1495 121 43 atta
608 1495 86 42 and
726 1495 75 42 the
835 1494 142 43 words
1003 1505 71 43 pa
1095 1493 86 43 and
1215 1504 155 44 papa.
1447 1493 177 57 During
1661 1494 77 42 the

75 1580 197 41 progress
296 1567 47 41 of
361 1567 98 42 that
480 1567 167 52 month,
672 1567 212 43 however,
908 1567 55 42 he
994 1566 129 43 made
1156 1580 134 42 many
1314 1566 149 42 efforts
1496 1571 45 37 to
1563 1566 175 43 imitate

75 1637 123 43 other
220 1638 140 43 words
383 1639 97 42 that
504 1653 110 29 were
632 1638 285 57 pronounced
936 1645 42 35 to
996 1638 94 42 him
1108 1655 8 26 :
1149 1638 117 42 thus,
1284 1637 67 43 for
1369 1639 9 20 '
1393 1637 136 43 bitte'
1550 1638 184 57 (please)

76 1710 54 42 he
153 1710 93 42 said
268 1709 93 52 bis,
385 1710 107 44 bits
509 1726 9 37 ;
552 1716 80 37 etc.
691 1712 85 41 For
798 1714 8 38 !
822 1709 198 44 Fleisck'
1046 1710 153 57 (meat)
1224 1711 56 41 he
1303 1709 94 44 said
1420 1708 196 45 daisch.
1682 1711 56 43 In

74 1781 74 42 the
174 1781 232 43 twentieth
428 1782 168 52 month,
618 1783 56 43 he
697 1782 214 57 correctly
933 1796 261 29 reproduces
1217 1781 169 44 several
1410 1782 140 43 words
1574 1783 47 42 of
1648 1788 87 38 two

75 1853 220 57 syllables,
328 1853 108 43 such
473 1869 46 28 as
555 1854 155 55 Papa,
744 1854 192 50 Mama,
971 1853 144 51 bebe,
1149 1852 154 45 baba,
1327 1854 88 42 and
1436 1854 194 55 neinei;
1657 1856 82 43 but

77 1925 217 44 'trocken'
313 1926 142 55 yields
472 1925 178 45 tokke,
669 1926 87 42 and
774 1930 8 15 '
799 1926 158 42 warm'
979 1925 86 43 and
1089 1924 176 44 'weich'
1285 1927 176 44 become
1477 1927 118 44 wai
1651 1929 86 42 For

74 2003 9 17 '
99 1998 152 43 adieu'
270 1999 54 42 he
341 1999 121 55 gives
476 1997 123 53 ade;
623 1999 86 41 and
726 1998 53 43 he
795 1998 192 43 declines
1006 2003 43 37 to
1064 2001 96 53 try'
1176 1998 118 43 Gute
1308 1999 173 52 Nacht,'
1497 2000 168 57 though
1682 2001 54 43 he

75 2071 128 42 holds
212 2076 76 37 out
302 2071 68 43 his
384 2071 118 42 hand
519 2070 127 43 when
653 2085 82 28 one
750 2085 99 41 says
858 2071 35 42 it
907 2070 157 43 tohim.
1105 2070 55 42 In
1175 2070 75 43 the
1265 2073 288 55 twenty-first
1568 2073 169 52 month,

76 2143 76 42 the
168 2142 142 44 father
323 2147 124 38 notes
462 2142 98 42 that
576 2142 140 43 words
732 2143 44 41 of
790 2143 154 43 unlike
959 2142 209 57 syllables
1183 2157 72 29 are
1273 2147 78 39 not
1366 2146 205 54 repeated
1588 2150 46 38 at
1651 2146 85 43 all:

76 2219 78 38 not
176 2229 110 28 even
310 2218 9 18 '
334 2214 132 43 bitte'
490 2214 198 56 (please).
744 2216 54 41 In
816 2215 123 56 place
962 2215 48 43 of
1027 2217 10 19 '
1053 2214 146 44 danke
1216 2215 8 15 '
1249 2215 54 44 he
1324 2216 123 56 gives
1471 2215 266 48 dank-kee

72 2292 106 37 —at
200 2302 54 27 an
276 2286 155 44 earlier
463 2287 107 42 time
601 2287 38 42 it
670 2287 88 43 had
779 2288 112 42 been
914 2285 194 45 dakku.
1175 2288 147 43 When
1346 2289 149 44 asked,
1518 2293 20 18 "
1554 2290 71 42 Do
1647 2305 90 41 you

76 2364 116 37 want
216 2360 108 41 milk
341 2359 52 44 ?"
415 2359 55 43 he
492 2359 166 57 replied
682 2358 218 45 Neinein
918 2374 8 37 ;
961 2359 99 54 and,
1083 2373 56 29 on
1162 2361 186 43 another
1370 2363 214 51 occasion,
1608 2363 129 43 when

74 2432 146 43 asked,
242 2436 21 17 "
279 2433 117 42 Does
428 2432 38 42 it
486 2437 113 38 taste
632 2432 112 56 good
761 2431 49 44 ?"
834 2431 54 44 he
911 2432 226 43 answered
1160 2431 135 58 Jaja.
1362 2435 55 42 In
1441 2435 76 44 the
1545 2440 191 52 twenty-

73 2503 159 43 second
276 2503 167 52 month,
481 2504 53 42 he
573 2504 36 43 is
647 2504 232 43 remarked
916 2509 45 38 to
999 2505 113 57 obey
1149 2505 148 44 orders
1342 2508 109 42 with
1490 2509 248 43 surprising

72 2589 221 43 accuracy.
358 2577 54 43 In
446 2576 75 43 the
544 2576 314 58 twenty-third
893 2577 169 52 month,
1085 2578 75 43 the
1184 2579 96 43 first
1302 2580 169 56 spoken
1499 2582 239 57 judgment

73 2648 36 42 is
148 2648 156 43 noted:
336 2648 55 43 he
429 2649 94 42 said
554 2648 140 45 heiss
731 2649 127 57 (hot),
889 2649 128 44 when
1050 2650 55 44 he
1138 2651 139 43 found
1315 2653 112 42 milk
1465 2658 72 39 too
1576 2655 77 42 hot
1691 2655 47 41 in

249 2740 3 4 .

124 2765 11 22 1
163 2764 82 37 The
264 2765 80 36 first
362 2766 41 36 of
429 2766 105 38 these
551 2771 74 32 two
655 2779 99 25 cases
768 2780 74 24 was
862 2767 204 49 originally
1079 2768 205 49 published
1303 2769 52 49 by
1371 2770 61 36 Mr
1450 2770 159 37 Horatio
1630 2771 110 46 Hale,

73 2825 38 35 in
131 2825 63 36 the
213 2826 233 49 Proceedings
472 2828 42 48 of
525 2829 55 36 the
599 2828 200 37 American
816 2829 231 37 Association
1061 2830 63 47 for
1150 2830 56 36 the
1232 2830 270 38 Advancement
1529 2832 41 47 of
1589 2833 152 45 Science,

73 2885 75 37 voL
168 2898 124 35 xxxv.,
315 2891 105 33 1886.

123 2946 80 37 The
222 2949 135 36 second
377 2962 79 24 case
475 2963 74 24 was
568 2950 202 49 originally
788 2949 204 50 published
1010 2950 52 37 by
1081 2951 57 36 Dr
1162 2951 42 37 E.
1227 2952 42 36 R.
1293 2952 106 37 Hun,
1418 2953 40 36 in
1487 2953 64 36 the
1570 2954 174 46 Monthly

70 3007 161 37 Journal
249 3010 41 47 of
302 3011 270 48 Psychological
589 3012 198 46 Medicine,
810 3013 103 35 1868.

1535 3075 25 30 0
