2240 3972
1119 161 33 51 4

144 299 127 72 deep
298 317 381 35 consciousness
717 296 55 55 of
807 297 78 53 his
923 296 281 54 individual
1243 296 378 72 powerlessness
1659 297 64 54 lie
1749 296 114 55 falls
1892 296 143 56 down
2061 298 55 55 in

145 394 64 34 an
250 393 167 51 agony
457 373 54 53 of
546 378 162 47 terror
736 371 99 53 and
874 373 246 52 worships
1158 381 87 43 the
1285 391 176 34 causes
1502 373 56 52 of
1593 373 79 52 his
1712 373 300 72 sufferings:
2053 375 64 53 he

146 449 166 53 deifies
352 455 88 46 the
480 467 192 52 powers
713 447 55 53 of
803 453 194 59 nature,
1038 446 170 53 builds
1249 447 151 52 altars
1440 454 54 45 to
1534 448 269 70 propitiate
1840 454 87 47 the
1960 468 155 52 angry

145 524 260 70 Neptune,
436 522 118 66 and,
587 522 66 71 by
681 522 214 70 offering
929 522 242 52 sacrifices
1211 522 56 52 of
1302 522 112 52 that
1453 522 165 52 which
1657 523 44 52 is
1740 528 133 47 most
1909 522 117 54 dear
2063 531 53 45 to

145 599 123 63 him,
303 617 124 33 even
465 597 81 52 his
585 616 111 33 own
734 596 127 53 flesh
896 596 101 53 and
1037 596 174 66 blood,
1246 597 158 71 hopes
1442 601 55 48 to
1534 597 228 71 mitigate
1801 597 87 53 the
1926 598 115 71 fury
2068 598 55 53 of

145 673 235 53 Phoebus
419 672 187 71 Apollo
645 671 98 54 and
781 678 55 46 to
872 675 109 67 stay
1015 671 88 52 the
1140 671 231 53 dreadful
1410 671 148 71 clang
1593 672 56 53 of
1685 672 76 52 his
1803 673 147 51 silver
1990 672 126 54 bow.

146 746 321 72 Everything
502 765 210 52 appears
747 746 354 52 supernatural
1135 745 214 53 because
1383 745 64 54 he
1476 745 177 53 knows
1687 747 221 71 nothing
1943 746 55 53 of
2034 748 86 52 the

147 829 232 57 natural;
422 821 192 71 palsied
638 821 126 53 with
788 821 122 65 fear,
939 820 63 53 he
1029 825 185 48 cannot
1241 820 206 54 observe
1482 821 101 53 and
1616 821 334 71 investigate;
1992 821 126 53 him-

150 896 96 53 self
269 897 63 52 he
360 897 118 51 feels
504 901 56 47 to
587 895 63 53 be
675 895 343 53 insignificant
1045 895 99 53 and
1170 895 235 71 helpless,
1427 896 146 53 while
1599 901 54 47 to
1680 902 180 47 nature
1886 896 63 53 he
1974 896 146 53 looks

150 991 70 51 up
249 970 123 53 with
397 970 294 53 reverential
723 989 102 34 awe
851 989 53 33 as
937 970 199 71 mighty
1164 969 100 53 and
1292 970 350 70 all-powerful.
1722 970 195 54 Beflect
1938 989 71 35 vn
2034 971 86 53 the

150 1045 185 54 fearful
370 1045 209 53 feelings
605 1045 165 53 which
807 1064 96 51 any
932 1051 246 64 apparent
1214 1045 265 52 exception
1513 1050 54 48 to
1599 1050 88 48 the
1718 1045 202 53 regular
1947 1064 175 35 course

152 1121 55 53 of
236 1126 179 47 nature
441 1139 124 34 even
599 1138 112 34 now
739 1118 267 72 produces,
1034 1138 65 34 on
1135 1125 87 47 the
1257 1118 355 72 superstitious
1641 1119 152 54 dread
1818 1120 168 53 which
2013 1121 55 52 of
2095 1140 27 33 a

152 1195 242 71 certainty
415 1194 195 53 follows
639 1195 126 51 such
791 1194 290 52 unfamiliar
1107 1213 163 45 event,
1294 1194 99 53 and
1418 1195 41 52 it
1484 1194 106 53 will
1619 1200 93 47 not
1739 1194 62 54 be
1829 1195 214 53 difficult
2068 1201 55 47 to

150 1269 178 54 realise
354 1277 88 45 the
468 1288 222 34 extreme
716 1268 188 53 mental
929 1274 309 64 prostration
1265 1269 56 52 of
1342 1269 253 70 primitive
1621 1270 260 53 mankind.

227 1344 247 53 Through
498 1343 309 71 familiarity,
825 1343 249 66 howrever,
1098 1349 377 47 consternation
1501 1344 128 53 after
1655 1364 29 33 a
1703 1345 146 53 while
1876 1344 244 66 subsides,

153 1419 101 53 and
292 1426 88 45 the
413 1417 148 72 spirit
589 1419 54 51 of
678 1418 203 70 inquiry
909 1418 193 52 follows
1130 1437 140 52 upon
1309 1424 112 46 that
1448 1418 55 53 of
1537 1438 293 47 reverence;
1871 1425 88 47 the
1985 1439 136 52 pros-

152 1499 133 48 trate
311 1492 154 71 being
491 1493 124 52 rises
642 1492 131 53 from
800 1492 78 52 his
904 1491 155 54 knees
1086 1497 54 48 to
1167 1492 229 54 examine
1422 1493 110 53 into
1557 1499 89 47 the
1667 1513 169 34 causes
1858 1494 55 53 of
1935 1500 186 48 events.

153 1569 329 70 Experience,
511 1587 180 33 sooner
727 1587 56 33 or
816 1567 141 66 later,
985 1566 189 54 reveals
1210 1574 88 46 the
1332 1568 299 71 uniformity
1657 1568 124 53 with
1807 1568 164 54 which
2005 1569 118 71 they

156 1662 141 34 come
322 1648 54 47 to
403 1662 146 51 pass;
590 1642 66 52 he
681 1642 164 52 learns
870 1661 138 33 more
1037 1661 56 33 or
1118 1641 97 53 less
1243 1642 55 53 of
1320 1642 87 53 the
1433 1642 119 53 laws
1574 1643 55 53 of
1651 1643 132 53 their
1810 1663 313 46 occurrence,

155 1718 100 53 and
282 1717 253 71 perceives
561 1723 112 46 that
700 1716 62 53 he
789 1735 90 34 can
907 1716 65 71 by
1000 1716 320 54 observation
1347 1717 150 53 avoid
1531 1718 156 52 much
1715 1718 54 52 of
1799 1719 89 52 the
1917 1717 207 55 damage

155 1792 168 52 which
362 1791 64 53 he
465 1792 90 52 has
594 1792 222 52 hitherto
846 1791 406 53 suffered—that
1290 1791 65 54 he
1381 1811 109 47 can,
1519 1791 66 72 by
1613 1792 263 72 attending
1909 1802 55 45 to
1997 1793 129 53 their

155 1866 137 65 laws,
316 1885 125 34 even
468 1885 91 34 use
585 1872 55 46 to
663 1866 78 52 his
768 1866 151 71 profit
947 1871 146 47 those
1115 1885 124 34 once
1263 1865 212 54 dreaded
1502 1867 229 70 physical
1756 1868 178 52 forces.
1995 1868 129 53 Now

154 1942 43 52 it
224 1942 41 52 is
291 1946 113 48 that
433 1961 116 32 man
581 1940 179 53 begins
796 1946 53 47 to
876 1940 97 52 feel
1007 1940 114 53 that
1157 1941 63 52 he
1256 1941 89 52 has
1373 1961 28 33 a
1427 1941 154 52 much
1617 1942 178 70 higher
1830 1942 217 70 position
2072 1943 52 51 in

155 2022 182 47 nature
363 2017 125 51 than
508 2016 54 51 in
583 2016 76 51 his
683 2015 202 71 infancy
904 2014 64 53 he
993 2014 101 53 had
1120 2015 283 70 imagined;
1444 2016 79 52 for
1544 2035 27 33 a
1591 2017 123 52 time
1734 2016 62 53 he
1821 2016 148 53 looks
1989 2036 135 51 upon

156 2091 208 52 himself
394 2110 53 33 as
487 2089 278 71 belonging
803 2095 54 47 to
893 2095 87 47 the
1008 2109 134 33 same
1170 2109 145 34 order
1349 2110 54 33 as
1441 2097 87 46 the
1567 2090 176 71 things
1771 2091 193 53 around
1990 2092 132 66 him;

158 2166 100 52 and
286 2165 63 53 he
377 2175 335 43 emancipates
748 2164 204 52 himself
981 2164 54 52 in
1071 2169 141 66 great
1247 2169 114 66 part
1395 2165 129 52 from
1562 2165 87 52 the
1677 2165 257 54 dominion
1962 2166 55 53 of
2041 2166 83 52 the

157 2240 181 71 priests
372 2240 57 52 in
454 2240 167 52 whom
658 2239 64 52 he
755 2238 100 53 had
890 2238 224 53 hitherto
1152 2239 224 53 believed
1403 2259 53 33 as
1483 2244 87 47 the
1597 2240 166 52 sacred
1798 2247 326 64 propitiators

159 2315 55 52 of
248 2320 87 47 the
372 2333 127 52 gods
534 2333 166 33 whom
736 2313 77 52 his
852 2313 129 52 fears
1016 2313 103 52 had
1156 2313 275 54 fashioned.
1511 2314 172 53 When
1718 2314 79 53 his
1837 2334 169 34 creeds
2044 2334 79 34 are

160 2408 116 34 seen
311 2394 55 47 to
402 2388 174 72 spring
620 2388 135 53 from
800 2406 64 34 an
908 2389 348 69 imperfection
1298 2388 56 53 of
1393 2388 88 53 the
1524 2388 244 66 intellect,
1805 2395 86 47 the
1926 2408 197 53 prayers

158 2463 225 53 founded
409 2482 66 34 on
510 2468 141 48 them
677 2481 82 35 are
786 2461 300 55 abandoned
1123 2482 53 33 as
1212 2462 237 72 marking
1483 2482 66 34 an
1583 2463 349 72 imperfection
1958 2465 55 52 of
2042 2464 83 53 the

159 2537 118 54 will.

233 2613 185 52 Thales
449 2611 55 54 of
535 2610 212 54 Miletus
781 2611 44 54 is
860 2610 110 54 said
1008 2615 55 49 to
1097 2610 128 56 have
1260 2610 128 55 been
1423 2611 89 53 the
1538 2613 110 51 first
1672 2612 131 65 'who,
1831 2612 55 53 in
1912 2612 102 53 this
2040 2611 82 54 ad-

160 2706 156 34 vance
343 2690 237 50 amongst
605 2686 87 53 the
712 2686 211 64 Greeks,
946 2686 104 52 laid
1076 2686 137 53 aside
1240 2692 87 47 the
1354 2686 207 72 priestly
1584 2687 255 53 character
1858 2687 96 53 and
1983 2684 141 56 stood

160 2762 140 52 forth
335 2781 53 33 as
425 2781 29 32 a
488 2780 124 52 pure
648 2760 358 71 philosopher;
1055 2760 101 53 and
1192 2770 145 43 those
1371 2761 113 53 who
1518 2760 340 72 immediately
1895 2759 225 55 followed

160 2835 124 66 him,
327 2835 100 53 and
472 2835 311 53 constituted
817 2836 87 52 the
944 2835 183 53 Ionian
1170 2834 174 54 school
1383 2835 55 53 of
1477 2835 323 72 philosophy,
1837 2836 188 70 having
2061 2853 61 34 ail

161 2911 293 52 instinctive
491 2910 187 69 feeling
718 2910 54 52 of
806 2915 88 47 the
932 2909 145 72 unity
1104 2909 227 53 between
1370 2929 119 33 man
1525 2909 99 53 and
1662 2917 194 59 nature,
1886 2910 84 52 did
2010 2908 111 54 seek

164 2984 299 71 objectively
508 2985 78 51 for
636 3003 29 33 a
727 2983 108 53 first
884 2984 246 71 principle
1180 2984 55 52 of
1294 2983 337 71 things—the
1687 3001 435 54 ap^v—common

162 3064 55 48 to
244 3059 108 53 him
384 3058 95 53 and
516 3064 88 47 the
638 3063 103 48 rest
770 3058 55 52 of
855 3077 198 34 nature.
1131 3058 122 52 This
1281 3058 121 53 slow
1428 3057 96 53 and
1558 3058 199 53 tedious
1793 3058 207 53 method
2027 3075 93 34 was

165 3152 142 47 soon,
334 3133 243 65 however,
607 3132 298 53 abandoned
939 3132 79 53 for
1051 3137 87 47 the
1174 3151 152 34 easier
1353 3132 99 53 and
1480 3133 210 70 quicker
1726 3133 207 52 method
1960 3132 54 53 of
2042 3131 77 52 de-

166 3208 210 52 duction
411 3208 130 51 from
577 3226 411 35 consciousness:
1029 3206 335 54 abstractions
1392 3225 126 34 were
1552 3207 147 52 made
1732 3208 131 52 from
1893 3213 87 47 the
2010 3223 109 35 con-

166 3288 134 47 crete
327 3281 65 71 by
414 3287 88 46 the
529 3287 162 47 active
718 3281 174 67 mind;
935 3280 100 54 and
1060 3286 90 48 the
1170 3280 350 65 abstractions,
1542 3280 151 72 being
1717 3287 123 47 then
1860 3276 261 58 converted

164 3357 111 52 into
298 3355 244 53 objective
564 3355 230 66 realities,
815 3374 125 34 were
966 3355 184 53 looked
1171 3374 140 33 upon
1332 3355 100 52 and
1452 3355 200 71 applied
1672 3375 53 33 as
1747 3355 164 53 actual
1931 3352 188 55 entities

165 3431 53 52 in
243 3435 194 47 nature.
516 3429 390 65 Anaximander,
934 3429 213 70 looking
1172 3429 110 53 into
1309 3429 78 53 his
1414 3448 112 34 own
1553 3429 140 52 mind
1720 3430 99 52 and
1846 3429 191 69 finding
2060 3442 61 37 an

165 3503 274 71 imbecility
467 3509 157 59 there,
648 3522 124 52 gave
797 3509 53 47 to
878 3504 41 52 it
946 3509 87 47 the
1060 3522 146 34 name
1228 3503 55 52 of
1304 3503 86 52 the
1416 3503 223 64 Infinite,
1663 3504 114 65 and,
1798 3500 324 69 transferring

166 3579 42 51 it
235 3597 270 47 outwards,
534 3597 98 34 was
663 3578 320 53 thenceforth
1011 3577 139 71 quite
1177 3583 207 49 content
1410 3583 53 48 to
1490 3596 294 53 pronounce
1810 3578 39 53 it
1875 3583 53 48 to
1957 3575 58 54 be
2040 3573 79 54 the
