2602 4258
703 141 633 41 TRANSFORMATIONS
1386 142 83 41 OF
1509 143 281 42 INSECTS.

147 139 73 54 30

2584 69 7 21 t

144 279 218 72 perfect
400 280 195 54 insect.
678 280 190 54 These
898 281 138 72 long
1071 282 167 53 tubes
1277 283 145 53 form
1452 292 98 45 the
1578 285 424 70 web-spinning
2031 293 309 63 apparatus

144 381 56 51 in
239 379 99 55 the
375 379 191 68 larva;
615 380 104 54 but
757 380 147 55 after
939 389 100 45 the
1077 400 216 35 cocoon
1333 382 44 53 is
1416 383 258 66 finished,
1705 384 114 53 and
1861 382 97 54 the
1996 385 121 51 first
2157 393 182 45 trans-

143 479 308 55 formation
496 489 165 46 takes
706 481 180 72 place,
928 489 100 45 not
1071 481 138 70 only
1250 481 76 54 do
1367 481 140 70 they
1544 483 239 53 become
1827 482 179 65 small,
2051 483 102 53 but
2195 484 146 53 their

144 578 257 55 function
450 581 185 55 alters.
736 581 127 53 The
911 580 167 54 small
1133 580 205 72 glands
1384 582 64 53 of
1495 591 97 44 the
1641 582 214 71 perfect
1905 582 178 53 insect
2125 593 215 44 secrete

142 678 179 55 saliva
362 679 226 55 instead
631 681 65 54 of
728 700 141 47 web,
913 682 114 52 and
1070 689 169 45 assist
1280 681 56 53 in
1379 682 297 54 digestion.

261 781 68 54 In
371 790 99 46 the
511 783 290 53 silkworm
844 792 99 44 the
985 782 351 71 oesophagus
1370 783 46 52 is
1453 782 194 68 short;
1690 793 97 45 the
1816 803 279 47 stomach,
2131 803 34 35 a
2201 783 137 55 kind

143 881 66 54 of
244 880 138 72 long
424 882 275 70 cylinder,
746 901 304 34 composes
1094 881 101 54 the
1239 882 140 53 bulk
1427 881 64 54 of
1530 883 98 53 the
1675 883 280 71 digestive
2009 891 327 63 apparatus,

143 981 115 54 and
296 982 98 54 the
428 983 270 53 intestine
740 983 46 52 is
827 981 369 71 remarkably
1233 982 221 53 limited
1494 983 56 52 in
1592 983 72 52 its
1702 983 213 70 length.
1999 983 112 53 But
2147 983 57 52 in
2240 982 99 54 the

143 1080 163 54 moth
335 1090 99 45 the
455 1083 353 69 oesophagus
838 1082 45 51 is
913 1081 138 70 long
1072 1081 114 53 and
1215 1080 102 54 has
1341 1100 33 34 a
1404 1099 135 52 crop
1563 1102 11 46 ;
1618 1099 305 47 moreover,
1948 1090 99 45 the
2074 1080 264 55 stomach

143 1183 47 52 is
245 1181 238 66 shorter,
531 1182 191 54 whilst
777 1181 100 53 the
932 1181 270 53 intestine
1255 1181 103 53 has
1411 1180 226 72 greatly
1678 1181 291 54 increased
2019 1181 56 53 in
2122 1180 214 65 length,

142 1279 72 54 its
256 1280 112 52 end
410 1281 178 68 being
628 1298 141 52 very
810 1279 158 53 large
1011 1279 114 53 and
1167 1280 276 68 globular.

258 1378 59 53 If
338 1387 99 45 the
466 1379 277 53 chrysalis
774 1379 73 53 be
887 1379 328 63 examined,
1247 1386 102 46 the
1384 1379 240 69 gradual
1663 1397 244 53 passage
1945 1380 63 53 of
2043 1379 99 53 the
2180 1378 157 71 large

140 1476 264 54 stomach
446 1476 65 53 of
551 1485 100 45 the
693 1476 325 54 caterpillar
1060 1476 120 53 into
1222 1483 99 45 the
1362 1476 168 53 small
1571 1495 177 50 organ
1790 1477 64 52 of
1884 1486 98 44 the
2024 1476 162 54 moth
2230 1495 106 35 can

142 1575 70 52 be
241 1582 213 58 traced,
487 1575 113 53 and
637 1575 121 53 also
800 1574 98 54 the
937 1574 308 53 formation
1285 1573 66 53 of
1383 1583 98 44 the
1519 1593 134 51 crop
1694 1574 112 53 and
1849 1583 97 44 the
1987 1574 249 53 changes
2279 1575 56 53 in

139 1680 99 46 the
279 1674 226 69 glands.

257 1771 184 71 Many
470 1771 172 53 larvae
670 1778 98 63 get
796 1789 140 52 very
965 1771 83 53 fat
1077 1771 199 53 before
1306 1779 99 45 the
1434 1769 278 54 chrysalis
1749 1789 63 34 or
1846 1789 157 52 pupa
2040 1772 293 53 condition

139 1889 117 36 sets
279 1871 72 65 in,
376 1871 113 53 and
514 1879 100 45 the
636 1871 119 68 oily
778 1878 213 45 matter
1013 1870 233 53 collects
1277 1869 56 53 in
1363 1868 98 54 the
1489 1877 177 44 tissue
1687 1870 218 52 around
1928 1870 98 52 the
2055 1870 280 53 digestive

139 1988 224 52 organs,
402 1970 116 53 and
556 1988 142 34 even
741 1969 210 70 pushes
993 1969 159 53 itself
1187 1976 270 45 amongst
1499 1968 99 52 the
1642 1968 244 53 internal
1929 1976 310 47 structures
2278 1968 63 55 of

138 2066 98 54 the
275 2067 195 53 insect.
554 2067 228 69 During
819 2075 99 44 the
958 2084 350 52 mysterious
1346 2084 156 51 pupa
1540 2073 148 44 state
1722 2064 114 53 this
1864 2065 83 53 fat
1986 2066 348 70 disappears,

137 2165 116 53 and
283 2165 299 53 doubtless
611 2165 43 52 it
687 2183 139 52 goes
861 2172 62 45 to
971 2164 170 53 make
1184 2164 99 53 the
1326 2162 280 55 beautiful
1647 2170 205 46 tissues
1891 2163 184 54 which
2117 2164 75 53 do
2234 2173 100 45 not

137 2263 154 54 exist
347 2263 57 52 in
458 2271 100 45 the
602 2263 338 69 caterpillar,
998 2264 104 52 but
1157 2262 185 53 which
1394 2261 376 55 characterise
1829 2261 99 54 the
1981 2261 102 54 full
2140 2281 194 52 grown

144 2371 274 47 creature.

251 2461 131 54 The
420 2460 338 54 differences
802 2459 56 52 in
902 2459 99 53 the
1047 2459 175 53 blood
1268 2459 114 53 and
1425 2459 72 51 its
1542 2458 331 52 circulation
1922 2458 55 53 in
2027 2457 98 54 the
2163 2458 170 53 larvae

136 2560 116 55 and
295 2568 100 46 the
435 2567 219 63 perfect
696 2558 211 52 insects
953 2576 94 34 are
1090 2566 103 44 not
1234 2556 408 68 satisfactorily
1679 2557 374 65 determined,
2095 2557 102 53 but
2235 2558 99 53 the

139 2665 273 64 quantity
439 2656 65 54 of
535 2656 99 54 the
663 2656 122 52 first
820 2656 112 53 and
974 2655 99 54 the
1102 2655 152 53 force
1298 2654 65 53 of
1395 2653 99 54 the
1536 2653 170 52 latter
1742 2654 293 70 evidently
2063 2655 270 54 diminish

137 2757 61 55 in
226 2765 100 46 the
353 2774 295 52 chrysalis.
