2107 3450
598 264 169 33 AMIMLV
803 264 92 31 AND
930 263 270 32 PARAMIMIA.

1649 252 84 45 273

969 364 11 17 0

74 389 64 42 for
170 387 212 57 example,
406 386 172 44 instead
611 387 48 42 of
688 385 188 57 shaking
898 385 48 43 it,
970 385 129 43 when
1132 384 55 43 he
1223 387 148 40 meant
1404 386 44 40 to
1483 397 77 43 say
1586 386 20 19 "
1625 383 109 44 No."

71 460 196 42 Amimia
299 459 37 43 is
367 458 73 44 the
474 463 110 38 term
626 457 105 44 used
770 457 68 43 for
875 457 73 43 the
986 456 89 43 loss
1108 456 44 43 of
1186 459 174 53 gesture
1395 453 225 58 language,
1644 455 87 42 and

72 531 264 43 Paramimia
360 530 96 43 that
484 531 66 42 for
572 534 214 39 mistakes
818 527 47 46 in
897 529 59 43 its
988 542 88 30 use.
1141 528 115 42 That
1279 541 24 29 a
1327 527 230 43 one-sided
1590 526 141 43 lesion

71 603 45 43 of
138 603 73 43 the
235 603 133 43 Brain
391 602 157 44 should
572 602 46 42 in
643 616 119 29 some
795 615 119 30 cases
949 615 129 29 cause
1110 600 199 43 Amimia
1342 600 87 43 and
1463 599 269 43 Paramimia

69 689 139 29 seems
234 681 42 37 to
299 675 120 43 show
443 675 96 43 that
561 675 46 42 in
630 689 119 29 some
774 674 160 42 brains,
959 678 45 38 at
1026 673 122 44 least,
1173 673 74 44 the
1272 686 234 31 education
1529 671 47 43 in
1607 671 124 43 these

68 748 130 56 signs,
221 761 47 29 as
289 747 48 43 in
363 747 125 43 those
521 747 47 43 of
596 747 170 56 speech,
790 746 48 53 is,
862 751 46 38 at
941 745 113 44 least
1090 750 43 39 to
1173 760 24 29 a
1230 743 301 46 considerable
1565 747 166 48 extent,

69 819 245 43 unilateral.

128 962 412 45 Mind-Blindness
566 962 383 54 {Scclenblindheit,
970 962 118 44 date,
1111 961 373 59 psychique).—It
1509 961 145 43 would
1677 960 53 43 be

68 1036 142 43 better
246 1036 187 57 perhaps
474 1041 43 39 to
553 1040 110 39 term
702 1036 89 43 this
828 1036 226 43 condition
1098 1039 21 19 "
1139 1033 446 46 Object-blindness"
1619 1033 110 43 than

68 1111 21 19 "
110 1108 407 52 mind-blindness,"
543 1110 167 43 though
733 1123 112 30 even
867 1108 99 44 that
995 1113 113 39 term
1141 1108 144 57 might
1316 1108 53 43 be
1402 1107 134 43 liable
1559 1110 45 40 to
1626 1119 103 30 mis-

66 1181 347 57 interpretation.
477 1183 139 43 "What
646 1183 37 42 is
704 1186 150 39 meant
884 1181 60 43 by
967 1181 75 43 the
1067 1185 111 39 term
1213 1184 19 17 "
1251 1180 383 43 Mind-blindness
1649 1179 21 17 "
1694 1179 38 43 is

67 1252 97 43 that
190 1253 166 43 though
381 1269 24 27 a
428 1255 206 42 formerly
653 1254 191 43 familiar
862 1254 144 42 object
1023 1253 37 43 is
1078 1253 164 44 clearly
1259 1267 101 29 seen
1379 1253 59 55 by
1454 1252 74 43 the
1545 1252 186 57 patient,

66 1325 34 41 it
123 1325 38 42 is
185 1339 55 28 no
255 1325 153 57 longer
421 1327 244 55 recognised.
729 1325 211 43 Familiar
958 1325 166 42 friends
1141 1339 72 28 are
1231 1338 56 28 no
1304 1324 153 56 longer
1475 1322 255 58 recognised

64 1400 47 38 at
132 1396 130 57 sight,
285 1397 86 42 and
395 1397 189 43 familiar
607 1398 166 42 objects
808 1411 119 29 seem
962 1400 174 39 strange
1172 1400 45 38 at
1250 1395 129 57 sight,
1403 1409 46 28 so
1483 1399 99 39 that
1614 1394 117 44 their

66 1468 174 42 natural
263 1483 99 28 uses
386 1483 102 43 may
505 1470 53 43 be
576 1474 233 38 mistaken.
874 1467 115 44 Like
1006 1482 119 29 some
1150 1468 46 42 of
1216 1468 74 43 the
1309 1468 125 42 other
1452 1481 279 43 phenomena

68 1539 143 42 which
234 1540 47 42 in
306 1540 87 43 this
417 1540 182 57 chapter
622 1540 23 44 I
668 1541 112 43 have
803 1541 112 43 been
937 1540 157 57 briefly
1118 1540 327 57 summarizing,
1467 1539 89 43 this
1580 1539 150 43 condi-

64 1612 93 41 tion
193 1612 91 42 will
317 1613 172 56 require
524 1619 43 37 to
600 1614 54 42 be
687 1613 176 43 noticed
897 1613 46 41 in
979 1628 25 27 a
1037 1613 150 42 future
1221 1612 192 43 chapter.
1479 1612 24 42 I
1537 1611 116 43 shall
1684 1615 48 39 at

63 1689 175 51 present
262 1684 105 57 only
384 1690 112 38 state
522 1685 97 44 that
642 1686 90 43 this
757 1684 422 44 Object-Blindness
1204 1700 47 28 or
1274 1684 396 44 Mind-Blindness
1693 1685 37 43 is

62 1756 251 43 sometimes
336 1757 137 43 found
496 1758 240 43 associated
764 1763 105 37 with
895 1757 385 53 word-blindness,
1304 1758 99 42 and,
1418 1757 89 43 like
1527 1757 47 52 it,
1589 1771 140 29 seems

63 1833 44 38 to
130 1828 173 56 depend
328 1844 118 42 upon
471 1831 73 42 the
568 1830 283 43 obliteration
875 1830 46 42 of
941 1830 209 57 formerly
1169 1830 209 43 acquired
1398 1829 143 44 visual
1564 1830 166 57 images

64 1914 47 28 or
133 1901 239 43 memories.
439 1902 55 42 In
517 1907 45 37 at
584 1902 112 43 least
719 1917 82 28 one
828 1902 45 43 of
910 1902 75 43 the
1018 1902 208 43 recorded
1258 1916 122 29 cases
1414 1903 48 41 of
1489 1902 48 53 it,
1562 1902 168 43 disease

65 1987 87 28 was
176 1973 135 42 found
334 1974 47 41 in
404 1974 105 42 both
534 1974 114 43 sides
682 1975 47 42 of
759 1974 74 43 the
866 1974 151 43 brain;
1050 1975 87 42 and
1170 1975 36 42 it
1239 1989 143 29 seems
1404 1974 256 44 reasonable
1684 1979 45 39 to

65 2059 188 42 suppose
277 2046 97 42 that
399 2045 74 43 the
496 2046 164 43 images
683 2061 48 28 or
763 2047 232 43 memories
1030 2047 47 42 of
1109 2047 166 56 objects
1298 2051 132 39 must,
1464 2046 47 44 in
1547 2051 127 39 most,
1696 2047 39 42 if

65 2123 78 37 not
166 2118 46 42 in
235 2117 60 43 all
319 2118 158 53 brains,
501 2119 52 43 be
578 2119 240 57 imprinted
843 2119 180 57 equally
1048 2119 100 43 well
1171 2119 47 43 in
1242 2119 108 43 both
1373 2119 314 44 hemispheres.

121 2262 266 43 PiETENTION
432 2275 52 31 OF
532 2275 88 31 THE
668 2264 170 42 POWER
887 2276 53 30 OF
987 2265 273 43 EMOTIONAL
1307 2265 421 44 EXPRESSION.—111

63 2334 196 57 Aphasic
282 2335 205 57 patients,
511 2351 109 28 even
645 2336 127 43 when
803 2336 280 44 Pantomime
1107 2337 36 43 is
1166 2337 229 57 impaired,
1419 2338 74 43 the
1515 2353 149 42 power
1686 2340 47 42 of

61 2407 127 43 facial
204 2408 264 57 Expression
484 2410 45 42 of
544 2410 204 43 Emotion
763 2424 103 42 may
879 2411 169 42 remain
1063 2410 166 44 intact;
1245 2425 47 29 so
1307 2411 99 43 that
1420 2411 205 57 gladness
1641 2413 88 43 and

61 2495 159 29 sorrow
244 2495 70 29 are
338 2496 46 29 as
408 2482 172 57 vividly
599 2482 203 44 depicted
826 2497 57 29 on
908 2483 74 43 the
1006 2488 302 39 countenance
1329 2484 44 43 of
1396 2484 75 44 the
1491 2485 173 56 patient
1682 2501 47 29 as

61 2568 54 28 on
141 2554 95 42 that
259 2554 47 42 of
334 2569 24 28 a
381 2555 183 56 healthy
586 2556 448 56 person,—provided
1063 2557 179 57 always,
1265 2557 45 43 of
1343 2572 163 39 course,
1530 2558 100 44 that
1653 2559 75 44 the

61 2626 281 58 intelligence
357 2627 37 43 is
410 2632 78 39 not
501 2643 108 43 very
623 2628 216 58 seriously
857 2629 231 57 impaired.
1134 2630 120 44 Thus
1272 2630 141 44 when,
1430 2645 46 29 as
1492 2631 37 43 is
1545 2646 47 29 so
1607 2637 122 39 often

62 2698 74 44 the
159 2713 108 39 case,
290 2699 122 44 there
435 2700 37 44 is
496 2700 86 44 loss
605 2701 47 43 of
671 2701 288 52 self-control,
982 2702 75 44 the
1091 2703 172 43 sudden
1297 2703 72 44 fits
1394 2704 45 43 of
1471 2704 255 56 depression

61 2772 47 43 of
138 2772 150 56 spirits
311 2776 44 39 to
379 2773 143 43 which
548 2774 75 43 the
646 2774 172 57 patient
838 2774 40 44 is
911 2789 47 29 so
980 2775 133 44 liable
1136 2776 92 43 find
1251 2777 255 43 expression
1530 2777 46 43 in
1600 2782 129 47 tears,

61 2844 86 43 and
170 2844 228 58 flushings,
419 2845 88 43 and
530 2846 129 43 facial
681 2852 290 48 movements,
989 2863 46 29 as
1055 2848 172 58 vividly
1246 2863 46 29 as
1316 2849 172 44 similar
1511 2851 216 42 emotions

61 2915 47 42 in
131 2915 211 44 children.
404 2917 244 58 Evidently
671 2919 209 44 Emotion
903 2920 86 43 and
1021 2921 59 43 its
1104 2921 256 57 expression
1394 2936 71 29 are
1500 2922 227 43 functions

62 2987 96 44 that
181 2987 158 58 belong
363 2993 43 39 to
429 2989 105 44 both
558 2990 301 58 hemispheres
882 2993 45 44 of
950 2993 74 43 the
1047 2994 147 43 Brain.

122 3130 98 44 The
259 3132 215 44 Musical
512 3133 430 47 Faculty.—There
983 3151 71 29 are
1093 3152 56 28 on
1182 3137 151 43 record
1365 3152 135 41 many
1531 3151 119 30 cases
1684 3139 45 41 of

1463 3199 25 41 2
1512 3208 36 32 M
