2125 3612
243 263 308 38 STAMMERING,
586 265 90 30 AND
710 262 89 34 THE
832 263 147 31 STUDY
1012 263 54 31 OF
1098 264 89 30 THE
1221 259 245 37 ALPHABET.

1627 252 53 41 29

29 403 95 28 case
148 389 46 40 of
224 387 88 42 this
334 390 102 38 sort,
458 384 74 43 the
565 383 183 56 patient,
772 397 24 27 a
818 382 187 42 medical
1029 382 193 52 student,
1246 382 143 42 stated
1414 382 98 42 that
1544 381 45 42 in
1614 380 68 46 his

29 460 201 43 boyhood
267 460 54 41 he
355 458 87 43 had
475 454 188 47 suffered
698 456 110 41 from
842 470 24 26 a
899 469 212 28 stammer
1144 456 47 40 of
1223 454 75 42 the
1332 454 205 55 ordinary
1560 454 124 50 kind,

28 532 85 42 and
147 531 98 43 that
277 531 68 42 his
379 544 96 28 own
509 529 147 42 efforts
680 532 44 37 to
746 532 73 51 get
841 527 68 42 rid
939 527 45 42 of
1016 528 36 41 it
1074 527 87 41 had
1193 526 194 43 resulted
1422 526 46 41 in
1502 526 75 42 the
1609 525 74 43 de-

26 607 254 38 velopment
312 601 44 41 of
388 601 89 41 this
510 613 174 29 curious
716 598 279 56 interrupted
1027 602 244 44 utterance,
1293 610 47 30 so
1367 596 250 57 suggestive
1640 596 45 42 of

28 673 74 42 the
125 672 230 56 emptying
377 672 47 41 of
442 685 25 28 a
490 670 150 43 bottle.

85 743 45 43 A
150 758 104 42 very
272 742 158 44 simple
448 741 305 44 classification
779 741 47 42 of
846 740 74 43 the
937 740 208 43 varieties
1168 740 46 43 of
1234 739 287 56 stammering
1540 739 146 42 would

24 815 139 43 be:—

87 887 34 43 I.
155 887 90 43 The
278 887 204 55 ordinary
506 885 184 56 variety,
710 885 47 42 in
789 884 146 43 which
968 885 75 43 the
1076 884 125 43 vocal
1230 883 273 44 mechanism
1541 883 144 43 shows

25 963 120 38 want
168 959 44 42 of
234 958 311 57 promptitude.

88 1030 62 42 II.
183 1030 44 42 A
248 1030 192 57 possible
464 1034 182 52 variety,
664 1028 109 44 with
797 1029 75 43 the
896 1034 122 38 want
1039 1030 47 42 of
1104 1028 305 58 promptitude
1430 1028 47 42 in
1501 1027 74 44 the
1592 1027 95 43 oral

26 1102 283 43 mechanism.

87 1175 87 43 III.
208 1176 42 41 A
282 1179 119 38 want
433 1174 46 43 of
509 1174 304 57 promptitude
847 1174 48 42 in
928 1173 106 43 both
1070 1172 307 43 mechanisms.
1443 1172 104 42 This
1583 1186 100 42 may

28 1247 120 41 show
163 1246 123 43 itself
300 1246 250 42 sometimes
565 1245 47 42 in
627 1246 75 42 the
717 1259 81 29 one
812 1245 285 43 mechanism,
1114 1245 253 42 sometimes
1382 1243 46 43 in
1443 1244 76 42 the
1534 1244 126 42 other
1677 1260 9 37 ;

26 1332 49 28 or
107 1319 122 41 there
262 1333 100 27 may
397 1318 53 42 be
481 1332 57 27 an
572 1317 285 55 Interrupted
889 1317 255 42 Utterance,
1170 1316 189 42 without
1390 1316 295 55 compressive

26 1404 47 27 or
115 1390 126 41 other
283 1389 139 51 effort,
455 1388 250 56 suggestive
740 1389 47 41 of
821 1402 25 27 a
885 1392 119 37 want
1046 1388 47 41 of
1131 1387 303 56 promptitude
1478 1387 208 56 affecting

25 1459 107 42 both
182 1460 292 42 mechanisms
523 1458 368 42 simultaneously
934 1458 88 42 and
1067 1458 192 56 equally,
1302 1458 88 42 and
1432 1458 254 56 displaying

23 1530 125 42 itself
167 1536 45 35 at
234 1534 123 38 short
378 1529 214 42 intervals
613 1529 47 43 in
684 1543 129 42 every
838 1543 220 30 sentence.

83 1604 63 40 At
184 1605 188 52 present,
410 1601 215 43 however,
649 1601 22 42 I
709 1606 163 37 cannot
910 1615 78 28 say
1022 1601 98 42 that
1153 1601 75 43 the
1266 1601 224 43 existence
1528 1602 48 41 of
1611 1602 74 42 the

24 1674 159 43 second
206 1674 86 42 and
316 1673 118 43 third
469 1673 159 43 classes
655 1673 37 42 is
728 1673 162 43 clearly
913 1672 280 43 established.
1260 1674 21 41 I
1317 1674 112 42 have
1470 1673 84 43 had
1578 1687 106 43 only

23 1761 83 28 one
129 1760 96 29 case
251 1746 47 42 in
322 1746 144 42 which
498 1746 122 42 there
644 1760 89 28 was
766 1745 233 56 distinctly
1022 1759 25 28 a
1070 1749 121 38 want
1224 1745 44 42 of
1302 1745 302 56 promptitude
1637 1746 47 42 in

23 1819 76 42 the
122 1818 103 43 Oral
250 1818 295 42 mechanism;
575 1817 86 42 and
684 1818 46 41 in
755 1817 97 42 that
876 1831 108 28 case,
1008 1831 46 28 as
1077 1817 178 56 already
1280 1817 249 56 explained,
1548 1818 37 42 it
1608 1832 77 29 ex-

21 1890 114 43 isted
157 1889 224 58 alongside
404 1890 45 42 of
475 1904 25 27 a
522 1890 169 42 similar
714 1890 259 55 peculiarity
995 1890 46 41 in
1064 1889 75 43 the
1162 1889 125 43 vocal
1311 1890 284 42 mechanism.
1660 1890 24 42 I

23 1963 112 42 have
173 1963 216 42 therefore
427 1961 191 43 thought
655 1962 36 42 it
728 1962 143 42 better
903 1966 45 38 to
982 1967 113 37 treat
1119 1962 113 55 fully
1256 1962 48 42 of
1332 1961 76 43 the
1431 1962 95 42 first
1562 1967 122 51 great

24 2039 184 51 variety,
230 2034 146 42 whose
413 2034 298 56 peculiarities
749 2047 73 29 are
860 2033 165 56 clearly
1062 2034 296 55 pronounced,
1395 2034 88 42 and
1522 2039 45 37 to
1606 2049 78 42 say

25 2105 117 43 little
165 2111 135 37 about
322 2106 76 43 the
421 2106 160 51 others,
603 2105 232 56 regarding
858 2105 145 43 which
1030 2105 23 42 I
1085 2105 113 43 have
1231 2120 47 28 as
1314 2111 77 51 yet
1429 2120 47 28 so
1509 2106 176 44 limited

27 2192 54 28 an
107 2177 272 57 experience.

87 2321 79 59 My
195 2321 134 57 study
356 2322 45 42 of
429 2321 89 44 this
548 2322 173 43 subject
745 2336 86 28 was
864 2322 145 56 begun
1044 2336 119 29 some
1196 2337 124 41 years
1344 2337 91 42 ago,
1459 2327 46 39 at
1532 2338 24 28 a
1580 2323 107 44 time

25 2395 129 43 when
188 2395 23 42 I
246 2409 86 28 was
366 2394 221 57 lecturing
620 2409 119 42 upon
772 2394 126 44 those
932 2395 128 43 other
1092 2396 341 56 derangements
1457 2396 47 42 of
1524 2396 162 43 speech

25 2468 97 41 that
164 2481 71 29 are
288 2467 252 56 commonly
584 2482 118 28 more
746 2466 166 57 closely
961 2467 177 43 studied
1187 2468 59 56 by
1293 2468 269 56 physicians.
1643 2468 46 42 It

25 2538 205 43 occurred
246 2543 44 38 to
308 2552 70 29 me
396 2543 46 38 at
464 2538 98 43 that
585 2539 108 42 time
716 2538 98 43 that
837 2538 103 44 here
962 2553 89 28 was
1075 2553 25 28 a
1122 2539 317 43 derangement
1462 2539 47 42 of
1528 2539 160 43 speech

26 2610 157 43 which,
201 2624 47 29 as
270 2624 25 29 a
316 2610 110 43 rule,
440 2624 90 29 was
548 2611 81 42 but
647 2611 117 42 little
786 2611 267 43 understood
1077 2612 59 56 by
1154 2612 289 56 professional
1466 2626 114 28 men,
1603 2611 87 43 and

25 2682 143 42 which
189 2696 86 28 was
299 2681 215 57 certainly
533 2696 56 29 an
612 2683 176 43 enigma
811 2688 45 37 to
882 2683 170 56 myself.
1102 2684 23 41 I
1149 2684 283 57 accordingly
1455 2684 136 42 asked
1616 2698 74 42 my

25 2753 287 57 professional
329 2754 164 43 friends
513 2759 43 38 to
572 2754 109 43 send
700 2769 69 29 me
787 2769 46 29 as
854 2770 132 42 many
1002 2770 119 28 cases
1137 2770 47 28 as
1203 2756 205 56 possible,
1424 2770 46 29 as
1487 2755 21 43 1
1525 2756 167 42 wished

25 2832 45 36 to
109 2825 133 56 study
281 2825 74 43 the
394 2830 170 39 matter.
645 2827 122 43 Very
806 2842 107 27 soon
952 2828 22 41 I
1014 2827 87 42 had
1139 2828 308 42 accumulated
1485 2831 126 39 notes
1650 2827 48 43 of

26 2897 134 43 about
194 2897 98 57 fifty
324 2912 144 29 cases;
501 2898 86 42 and
626 2898 75 43 the
740 2899 111 42 total
891 2899 187 43 number
1116 2900 47 41 of
1191 2914 77 42 my
1307 2914 121 29 cases
1460 2899 79 43 has
1573 2899 121 43 since

25 2969 116 43 risen
165 2975 44 37 to
232 2983 104 29 over
357 2984 83 29 one
473 2969 213 44 hundred.
752 2971 221 56 Studying
1005 2971 76 43 the
1115 2977 164 38 matter
1309 2971 48 44 in
1389 2972 77 42 the
1499 2971 95 43 first
1625 2971 68 42 in-

27 3047 148 36 stance
197 3040 271 58 exclusively
492 3043 110 41 from
626 3049 169 36 nature,
819 3043 23 42 I
866 3043 87 42 had
976 3043 75 42 the
1075 3043 127 43 usual
1227 3044 260 42 experience
1505 3042 45 42 of
1568 3041 124 43 those

29 3112 95 42 who
147 3113 118 42 work
290 3114 43 41 in
359 3114 87 43 this
470 3129 195 28 manner,
689 3115 46 42 of
755 3115 182 56 finding,
961 3115 128 43 when
1114 3115 22 43 I
1161 3130 121 28 came
1306 3120 45 38 to
1374 3116 103 43 look
1499 3115 96 42 into
1620 3114 74 42 the
