2113 3404
853 194 86 31 THE
972 196 242 32 DISORDERS
1246 199 52 30 OF
1329 200 173 32 SPEECH.

354 177 83 41 306

354 319 80 29 one
466 307 131 43 asked
636 309 67 43 his
745 325 136 28 name.
944 312 70 43 He
1051 314 105 42 then
1193 315 176 55 replied,
1407 317 149 52 'Lelo,'
1593 319 64 42 for
1692 320 173 57 Lelong,
1902 321 67 42 his

355 376 88 42 real
466 391 136 30 name.

413 451 20 17 "
448 447 89 43 The
561 448 119 44 three
702 451 93 41 first
816 451 138 42 words
977 452 43 41 of
1041 452 67 43 his
1135 454 260 57 vocabulary
1417 458 308 55 corresponded
1757 458 101 43 each
1879 463 44 38 to
1945 474 25 28 a

353 516 176 45 definite
561 519 105 43 idea.
729 521 53 41 In
821 521 215 56 affirming
1070 537 46 27 or
1148 526 251 56 approving,
1422 527 52 43 he
1511 528 92 42 said
1625 531 9 19 '
1650 528 100 42 oui.'
1810 529 53 41 In
1895 543 74 28 ex-

352 588 194 54 pressing
569 590 72 43 the
664 591 194 54 opposite
879 591 109 53 idea,
1010 592 54 43 he
1086 594 91 42 said
1199 600 8 16 '
1222 596 107 42 non.'
1389 598 89 42 The
1505 598 115 42 word
1644 599 77 41 tois
1742 599 225 54 expressed

354 658 57 41 all
430 659 218 56 numbers,
667 661 58 41 all
743 661 238 42 numerical
998 662 127 44 ideas.
1178 665 114 51 And,
1308 666 142 56 lastly,
1470 669 223 42 whenever
1709 669 120 42 these
1847 669 119 42 three

354 730 140 41 words
516 744 110 27 were
649 735 76 37 not
750 731 253 55 applicable,
1030 733 160 57 Lelong
1221 735 154 56 helped
1408 738 172 42 himself
1612 738 102 44 with
1748 739 73 42 the
1853 740 115 40 word

353 800 231 55 'toujours'
621 801 153 51 which,
817 802 45 40 in
901 815 304 43 consequence,
1241 805 83 42 had
1359 821 54 27 no
1455 808 175 43 definite
1672 810 209 41 meaning.
1946 810 20 40 I

351 870 134 42 asked
517 871 91 41 him
641 871 36 41 if
705 871 55 43 he
791 871 127 43 knew
950 872 96 42 how
1079 879 42 36 to
1155 875 121 42 write
1292 878 14 40 ?
1340 881 8 16 '
1367 877 102 42 Oui.'
1530 879 44 40 If
1603 879 53 41 he
1678 879 124 41 could
1829 879 52 41 do
1903 879 36 41 it
1954 881 14 39 ?

355 938 149 43 lNon.'
566 946 8 15 '
590 940 111 55 Try.'
758 941 69 41 He
847 941 122 52 tried,
986 942 80 42 but
1083 943 52 42 he
1153 944 125 42 could
1300 951 77 35 not
1399 947 178 41 succeed
1598 947 46 41 in
1666 947 209 42 directing
1895 947 73 42 the

351 1009 120 55 pen."

412 1080 135 42 Broca
569 1080 237 43 illustrates
828 1082 121 42 these
970 1082 144 56 points
1147 1098 102 41 very
1271 1085 124 56 fully,
1418 1086 56 54 by
1495 1087 147 55 giving
1664 1087 153 42 details
1839 1088 45 41 of
1901 1088 67 42 his

351 1150 323 42 conversations
717 1151 107 42 with
861 1151 73 43 the
975 1153 177 54 patient.
1215 1154 70 42 He
1326 1155 98 42 tells
1467 1170 49 27 us
1558 1156 94 42 that
1695 1156 72 42 the
1803 1162 167 49 patient

352 1221 230 55 expressed
599 1221 175 42 himself
791 1222 98 42 well
911 1223 44 40 in
978 1224 278 53 pantomime,
1273 1225 124 43 when
1422 1226 134 42 words
1580 1226 128 42 failed
1725 1227 100 41 him.
1888 1228 81 40 For

352 1292 209 54 example,
585 1292 124 42 when
733 1293 54 41 he
821 1307 85 28 was
929 1293 131 42 asked
1084 1294 115 42 what
1221 1295 85 42 had
1338 1296 201 55 formerly
1562 1297 107 42 been
1691 1297 67 42 his
1790 1311 178 41 occupa-

352 1363 104 49 tion,
479 1363 54 42 he
555 1363 199 42 imitated
776 1378 103 41 very
905 1364 97 42 well
1025 1364 73 42 the
1120 1366 142 40 action
1286 1366 46 41 of
1351 1366 126 42 using
1498 1381 24 27 a
1544 1367 156 42 shovel.

410 1433 64 43 At
496 1434 73 42 the
592 1439 196 50 autopsy,
811 1449 23 27 a
857 1434 205 56 cyst-like
1095 1436 145 54 cavity
1263 1436 116 42 filled
1412 1438 105 40 with
1552 1451 142 28 serum
1728 1451 84 27 was
1836 1437 133 41 found

350 1509 45 37 to
422 1519 165 40 occupy
620 1505 73 42 the
726 1519 116 27 room
876 1506 45 41 of
951 1505 116 42 what
1101 1506 37 42 is
1170 1520 97 27 now
1300 1507 159 41 known
1491 1521 45 28 as
1569 1508 166 41 Broca's
1768 1506 201 43 convolu-

351 1576 102 42 tion.
518 1576 45 40 It
584 1575 214 42 extended
821 1576 65 41 far
917 1575 167 56 enough
1117 1576 200 54 upwards
1351 1582 41 36 to
1425 1577 98 42 take
1559 1578 71 41 the
1664 1577 120 55 place
1817 1577 88 41 also
1927 1576 46 42 of

351 1646 73 41 the
446 1646 210 55 posterior
679 1646 234 41 extremity
935 1646 46 41 of
1000 1645 72 42 the
1095 1646 155 42 second
1274 1646 158 42 frontal
1458 1648 285 41 convolution.
1809 1648 42 40 It
1882 1660 86 28 was

351 1716 177 56 sharply
571 1716 168 42 limited
781 1715 86 42 and
909 1716 168 42 defined
1119 1717 45 40 in
1208 1717 55 41 its
1302 1718 165 54 margin
1509 1718 84 41 and
1631 1718 110 42 base,
1776 1717 84 42 and
1896 1717 73 41 the

350 1788 205 42 hsematin
589 1787 182 42 crystals
804 1787 44 40 in
881 1787 56 41 its
971 1787 98 41 wall
1100 1787 174 41 showed
1305 1787 96 41 that
1432 1788 73 42 the
1537 1802 124 28 cause
1693 1789 43 40 of
1759 1788 70 41 the
1861 1787 108 42 local

352 1858 267 43 destruction
637 1858 43 41 of
702 1857 190 43 cerebral
911 1857 134 42 tissue
1063 1857 84 41 had
1165 1857 107 42 been
1290 1858 73 42 the
1381 1858 210 55 apoplexy
1609 1859 45 40 in
1673 1858 124 41 April
1818 1858 121 41 1860.

409 1930 123 42 Even
555 1933 123 38 apart
700 1929 111 41 from
835 1928 111 42 their
968 1932 119 51 great
1119 1927 218 42 historical
1369 1928 191 42 interest,
1591 1929 119 41 these
1744 1933 83 37 two
1854 1942 116 28 cases

351 2015 70 27 are
465 2005 112 37 most
618 1998 228 42 valuable:
892 1998 103 42 they
1037 1997 218 42 illustrate
1302 2011 45 28 so
1395 1998 95 41 well
1528 1998 83 41 and
1659 2012 44 27 so
1744 1998 111 54 fully
1897 1997 73 42 the

352 2083 321 30 characteristic
716 2069 188 41 features
946 2069 47 40 of
1037 2074 138 35 motor
1216 2067 185 55 aphasia.
1485 2067 166 42 Broca's
1693 2072 276 37 convolution

353 2142 128 42 being
517 2141 46 41 in
601 2140 105 42 both
743 2153 117 28 cases
897 2138 162 55 utterly
1097 2138 239 55 destroyed,
1373 2138 119 42 there
1530 2152 98 28 was,
1658 2138 46 40 in
1742 2137 114 50 both,
1898 2137 72 42 the

349 2227 159 28 almost
539 2214 213 40 complete
783 2209 288 42 annihilation
1105 2209 46 40 of
1179 2208 73 41 the
1284 2222 142 41 power
1457 2209 45 41 of
1535 2208 234 55 producing
1806 2208 161 54 speed).

354 2284 53 40 In
430 2282 104 42 both
557 2295 130 28 cases,
704 2280 73 42 the
799 2280 169 55 patient
991 2293 85 27 was
1100 2279 168 41 thrown
1291 2293 114 40 upon
1429 2279 72 41 the
1523 2284 151 49 scanty
1696 2292 215 28 resources
1928 2279 43 41 of

352 2355 74 41 the
448 2351 272 43 uneducated
744 2349 278 44 convolution
1046 2349 43 41 of
1112 2349 72 41 the
1206 2349 194 54 opposite
1423 2349 115 51 side;
1569 2349 84 41 and
1676 2349 45 40 in
1744 2349 103 41 both
1879 2349 35 40 it
1935 2348 36 42 is

352 2424 177 43 evident
560 2422 98 42 that
688 2435 25 27 a
743 2421 81 41 few
857 2420 173 42 crumbs
1063 2419 43 41 of
1137 2419 154 54 speech
1321 2418 86 42 had
1439 2419 108 41 been
1578 2418 200 55 acquired
1806 2419 55 54 by
1886 2418 84 41 this

353 2498 292 45 convolution,
662 2491 187 42 through
871 2494 20 17 "
907 2489 198 42 overflow
1123 2489 44 41 of
1189 2488 262 42 education."
1503 2489 216 42 Leborgne
1743 2504 77 26 can
1839 2503 132 27 swear

351 2568 21 20 "
391 2579 81 28 one
493 2567 121 53 great
636 2561 137 43 oath,"
796 2561 125 41 when
943 2559 53 43 he
1018 2560 36 41 is
1078 2559 203 41 irritated.
1345 2559 162 55 Lelong
1528 2573 78 27 can
1629 2559 235 51 articulate,
1886 2560 82 40 and

351 2651 77 29 use
450 2632 307 57 intelligently,
775 2632 120 41 three
912 2645 46 27 or
980 2630 96 41 four
1099 2630 150 54 words,
1283 2629 224 55 including
1537 2643 66 41 yes
1624 2629 83 41 and
1729 2642 64 29 no.
1857 2630 110 40 Both

353 2710 190 54 patients
566 2718 89 29 also
677 2702 170 43 exhibit
877 2700 219 43 examples
1119 2700 43 41 of
1185 2700 218 55 recurring
1426 2706 251 35 utterances.
1740 2699 230 50 Leborgne,

351 2792 57 29 on
430 2776 58 43 all
511 2787 230 30 occasions,
763 2772 126 41 when
918 2771 54 42 he
1006 2771 101 41 tries
1131 2774 42 37 to
1205 2769 144 55 speak,
1371 2783 97 41 says
1505 2770 104 49 Tan,
1634 2769 102 41 Tan.
1799 2769 170 51 Lelong,

353 2862 125 28 when
510 2846 74 42 the
616 2845 82 41 few
732 2841 136 43 words
905 2841 46 42 of
984 2840 66 43 his
1087 2840 259 42 vocabulary
1380 2853 69 29 are
1486 2838 300 55 inapplicable,
1810 2852 159 41 always

352 2933 98 29 uses
473 2918 73 42 the
576 2913 221 45 recurring
829 2917 221 37 utterance
1072 2911 193 42 toujours.
1328 2910 113 42 Both
1474 2910 187 54 patients
1693 2923 68 27 are
1795 2908 171 55 capable

352 2992 44 41 of
437 3000 251 45 expressing
729 2982 260 44 themselves
1031 2981 98 43 well
1169 2981 45 41 in
1258 2980 275 56 pantomime.
1594 2979 162 57 Lastly,
1789 2978 42 41 in
1868 2978 101 42 both
