2113 3404
318 181 85 41 308

818 197 87 31 THE
938 197 242 33 DISORDERS
1211 199 53 31 OF
1295 200 174 31 SPEECH.

383 310 121 44 Case
537 313 75 43 IV.
646 315 85 54 (Dr
761 315 114 42 Wni.
901 316 117 54 Ogle,
1045 317 47 41 St
1125 316 182 56 George's
1340 318 198 55 Hospital
1569 319 183 54 Reports,
1784 320 80 40 vol.
1897 320 41 41 ii.

324 394 38 40 p.
387 381 115 57 105).
567 383 217 56 Softening
806 386 49 54 of
870 386 64 41 the
954 386 93 55 foot
1068 387 50 41 of
1142 388 65 40 the
1243 388 134 41 Third
1398 387 176 43 Frontal
1599 388 281 52 Convolution,
1903 404 39 35 a,

326 451 89 56 Fig.
455 452 142 44 6.—A
635 469 99 26 man
772 455 46 41 of
855 455 240 43 rheumatic
1137 458 297 41 constitution,
1465 458 85 41 and
1588 458 72 41 the
1703 459 166 41 subject
1900 460 46 40 of

326 522 136 42 aortic
499 524 86 40 and
617 523 146 43 mitral
796 525 174 42 disease.
1032 526 135 42 Three
1200 526 104 55 days
1336 528 142 41 before
1511 528 232 41 admission
1776 528 52 41 he
1861 528 83 41 had

328 592 135 41 fallen
501 593 127 42 down
666 594 225 54 suddenly,
930 595 184 42 without
1154 596 85 42 loss
1281 598 43 40 of
1366 598 333 42 consciousness,
1736 598 83 41 and
1861 598 84 40 had

328 663 136 41 found
505 664 177 42 himself
723 665 258 54 hemiplegic
1023 666 84 41 and
1149 667 183 54 aphasic.
1416 668 68 41 On
1536 668 304 41 examination,
1880 668 67 41 his

330 733 156 54 speech
509 748 87 27 was
620 735 134 41 found
777 739 43 37 to
843 735 52 42 be
916 735 170 42 limited
1108 740 43 38 to
1174 736 74 42 the
1270 743 83 35 two
1382 738 136 41 words
1551 752 65 40 yes
1648 738 85 41 and
1764 751 62 28 no.
1888 737 61 41 At

332 804 105 51 first,
474 804 54 42 he
567 804 84 42 had
690 804 214 56 difficulty
948 806 46 40 in
1037 806 258 54 deglutition
1338 807 84 41 and
1464 808 42 39 in
1551 808 174 54 putting
1767 813 75 35 out
1882 806 67 41 his

333 879 172 50 tongue,
543 875 79 41 but
660 875 120 42 these
817 882 240 48 symptoms
1094 876 153 54 passed
1284 891 120 26 away
1441 877 46 40 in
1523 891 24 27 a
1584 877 81 41 few
1703 878 114 52 days.
1881 877 69 41 He

333 945 262 42 understood
622 945 58 41 all
704 945 94 42 that
821 959 86 28 was
941 946 94 41 said
1066 951 44 36 to
1142 946 104 41 him,
1268 947 83 40 and
1387 947 227 54 expressed
1647 947 174 41 himself
1856 948 95 40 well

334 1015 58 55 by
435 1015 278 55 pantomime.
796 1019 19 17 "
840 1015 70 42 He
953 1015 127 42 could
1123 1016 119 41 write
1288 1023 103 34 with
1437 1016 65 41 his
1547 1016 80 42 left
1679 1017 127 49 hand,
1850 1017 101 41 with

337 1085 218 42 sufficient
578 1085 292 42 distinctness,
893 1086 139 41 words
1055 1086 143 41 which
1221 1086 53 42 he
1297 1086 126 42 could
1445 1090 76 37 not
1552 1100 246 41 pronounce
1830 1101 122 27 when

338 1155 135 43 asked
505 1161 44 37 to
581 1155 54 42 do
668 1169 55 28 so.
787 1155 55 41 In
874 1156 67 41 his
975 1156 183 55 writing,
1182 1156 118 42 there
1335 1170 85 27 was
1454 1157 117 40 often
1606 1171 22 26 a
1663 1157 214 41 tendency
1912 1162 42 35 to

338 1225 318 42 reduplication
675 1225 43 40 of
739 1224 161 42 letters.
963 1226 82 40 For
1067 1226 207 41 instance,
1292 1226 53 41 he
1365 1239 130 28 wrote
1517 1229 9 18 '
1541 1224 319 43 Testatament'
1893 1227 64 40 for

338 1300 9 18 '
363 1295 274 42 Testament.'
700 1295 89 41 But
812 1295 22 40 I
862 1300 158 37 cannot
1053 1309 76 41 say
1154 1295 189 43 whether
1366 1296 86 41 this
1481 1309 84 28 was
1597 1309 115 28 more
1745 1296 105 41 than
1884 1296 71 41 the

339 1366 139 42 result
499 1366 44 42 of
565 1366 211 41 defective
800 1372 267 35 education."

400 1437 89 41 The
527 1450 184 41 autopsy
745 1436 172 42 showed
949 1436 74 41 the
1060 1436 121 41 brain
1219 1441 43 36 to
1301 1437 50 41 be
1388 1436 190 54 healthy,
1615 1440 153 38 except
1799 1441 44 35 at
1874 1440 84 37 two

341 1507 172 41 limited
556 1513 130 48 spots,
726 1507 46 41 of
810 1507 141 41 which
994 1507 73 41 the
1109 1506 119 42 chief
1265 1510 20 18 "
1301 1520 85 27 was
1428 1507 73 41 the
1543 1507 206 53 posterior
1786 1511 95 49 part
1918 1507 45 39 of

343 1578 74 41 the
460 1577 117 41 third
620 1577 158 41 frontal
818 1576 277 42 convolution
1138 1591 54 26 on
1235 1577 73 41 the
1350 1577 79 41 left
1474 1576 100 42 side.
1651 1577 116 41 Here
1810 1590 85 27 was
1938 1590 24 26 a

344 1648 198 42 softened
594 1647 83 41 and
731 1647 157 41 almost
939 1647 197 41 diffluent
1189 1647 141 54 patch,
1371 1651 131 37 about
1543 1646 334 42 three-quarters
1920 1647 45 40 of

345 1733 55 27 an
423 1718 102 41 inch
549 1717 45 41 in
628 1717 194 49 breadth,
854 1717 201 41 reaching
1089 1718 109 39 from
1232 1716 72 41 the
1339 1716 170 54 highest
1539 1720 97 50 part
1666 1716 46 40 of
1740 1715 73 41 the
1844 1714 118 41 third

346 1794 294 38 convolution,
699 1787 248 42 backwards
1003 1787 85 41 and
1143 1787 266 40 downwards
1470 1792 41 34 to
1567 1786 73 41 the
1696 1786 170 40 Fissure
1921 1785 46 40 of

348 1860 186 42 Sylvius.
598 1859 90 41 The
714 1858 197 42 softened
940 1863 96 49 part
1066 1871 83 27 was
1182 1861 76 37 not
1288 1856 191 42 actually
1512 1856 72 41 the
1615 1861 113 35 most
1758 1855 207 55 posterior

348 1936 97 50 part
467 1930 45 42 of
537 1929 73 42 the
633 1928 294 43 convolution,
951 1929 64 40 for
1046 1928 121 40 there
1201 1941 83 27 was
1318 1941 23 26 a
1372 1940 166 27 narrow
1570 1925 256 42 unsoftened
1858 1925 106 53 strip

348 2002 197 41 between
567 2001 34 40 it
624 2000 84 41 and
732 1999 74 42 the
828 2003 245 37 transverse
1094 1998 265 54 (ascending)
1380 1997 159 41 frontal
1557 2002 286 35 convolution.
1897 1995 66 41 On

348 2069 171 42 cutting
539 2068 93 41 into
655 2068 73 41 the
750 2068 136 40 brain,
910 2081 22 26 a
955 2065 157 42 second
1134 2064 126 42 small
1283 2064 126 55 patch
1434 2064 45 41 of
1509 2064 213 53 softening
1749 2076 85 28 was
1866 2075 98 28 seen

348 2139 46 41 in
417 2138 74 41 the
514 2151 147 28 centre
683 2137 45 41 of
757 2137 73 41 the
854 2136 79 42 left
954 2135 285 55 hemisphere,
1262 2133 194 43 external
1478 2138 43 36 to
1544 2133 84 40 and
1659 2132 143 41 rather
1832 2144 134 28 above

349 2208 75 42 the
446 2222 155 41 corpus
625 2207 213 42 striatum,
857 2207 84 41 and
965 2205 234 43 extending
1221 2204 185 42 towards
1424 2203 71 41 the
1514 2202 206 55 posterior
1737 2205 230 49 extremity

348 2279 45 42 of
414 2279 74 41 the
510 2279 173 41 Fissure
705 2278 44 41 of
771 2277 185 42 Sylvius.
1018 2275 77 42 All
1117 2275 73 41 the
1207 2279 88 37 rest
1313 2274 43 41 of
1379 2274 72 41 the
1471 2273 120 41 brain
1611 2285 85 28 was
1713 2270 254 56 apparently

349 2349 217 43 healthy."
628 2349 88 41 The
740 2362 126 28 cause
889 2348 43 40 of
953 2347 72 40 the
1048 2345 216 42 softening
1294 2345 42 40 in
1372 2344 166 41 Broca's
1571 2342 276 42 convolution
1881 2354 85 27 was

350 2420 136 42 found
504 2425 43 36 to
563 2420 51 40 be
629 2419 231 49 occlusion,
874 2418 57 54 by
946 2431 237 27 embolism,
1199 2416 43 40 of
1259 2429 23 27 a
1300 2414 158 41 branch
1476 2413 42 41 of
1532 2413 74 41 the
1620 2413 178 54 Sylvian
1814 2415 152 50 artery.

409 2491 116 40 This,
548 2489 23 41 I
593 2489 142 41 think,
757 2488 36 41 is
816 2502 79 27 one
919 2488 43 40 of
993 2487 72 40 the
1089 2491 111 35 most
1223 2484 198 41 valuable
1444 2497 116 28 cases
1593 2483 43 40 of
1670 2482 72 41 the
1774 2481 105 41 kind
1913 2494 54 27 on

351 2561 157 42 record.
574 2560 20 40 I
618 2559 109 41 have
751 2572 172 27 already
947 2557 148 41 drawn
1127 2555 216 41 attention
1375 2560 43 36 to
1450 2554 74 41 the
1557 2554 88 40 fact
1676 2553 95 41 that
1803 2553 45 40 in
1880 2551 87 41 this

351 2646 95 28 case
469 2631 74 41 the
564 2633 169 52 patient
755 2628 195 42 retained
973 2627 73 41 the
1068 2641 142 41 power
1231 2626 44 40 of
1298 2631 180 35 writing.

409 2702 43 42 A
475 2715 103 41 very
601 2700 256 42 interesting
879 2712 95 28 case
998 2698 45 41 of
1071 2696 170 42 limited
1272 2695 136 43 lesion
1441 2699 44 36 at
1517 2695 73 41 the
1623 2694 162 41 bottom
1820 2692 45 41 of
1895 2691 72 41 the

352 2769 239 56 precentral
615 2767 144 43 sulcus
785 2767 210 54 (between
1019 2781 27 27 a
1068 2765 85 41 and
1179 2765 35 55 b,
1239 2765 88 55 Fig.
1353 2764 44 55 6)
1431 2764 74 41 has
1537 2761 191 56 recently
1751 2761 105 41 been
1889 2763 79 51 put

355 2856 114 27 upon
501 2839 149 43 record
672 2838 58 42 by
753 2838 112 41 MM.
892 2837 126 41 Balet
1038 2836 86 42 and
1147 2836 122 41 Boix,
1291 2836 44 39 in
1361 2835 71 41 the
1455 2834 161 41 Archiv
1637 2833 47 39 de
1713 2831 255 49 Neurologic,

354 2913 125 48 1892,
501 2925 38 41 p.
565 2910 95 41 231.
723 2909 83 41 For
834 2921 207 42 purposes
1074 2907 43 41 of
1150 2905 279 47 illustration,
1461 2904 207 49 however,
1702 2902 72 41 the
1807 2914 92 28 case
1932 2899 37 41 is

352 2979 328 46 unfortunately
703 2983 76 37 not
801 2992 25 28 a
847 2977 108 57 good
978 2991 92 37 one,
1091 2990 130 37 since,
1244 2989 128 29 along
1394 2973 106 42 with
1531 2973 71 41 the
1634 2970 167 43 limited
1835 2969 132 42 lesion
