2107 3450
669 270 153 32 MOTOR
857 270 193 32 APHASIA
1084 260 259 56 (aPIIEMIA).

1757 263 85 42 313

174 393 177 57 already
386 393 235 43 discussed,
646 393 53 42 he
737 391 111 43 finds
885 391 179 43 himself
1096 397 46 37 at
1173 407 25 28 a
1233 392 88 43 loss
1361 393 126 42 when
1523 393 54 42 he
1610 394 162 42 wishes
1795 399 49 37 to

175 479 76 28 use
288 479 26 28 a
348 464 115 42 word
497 464 44 43 of
574 464 85 42 less
693 477 203 29 common
928 477 273 29 occurrence,
1240 464 108 42 such
1383 478 47 29 as
1467 465 74 42 the
1578 478 131 29 name
1740 466 48 41 of
1821 479 24 31 a

178 541 199 37 concrete
410 536 136 42 thing.
611 535 120 43 Here
766 536 35 41 is
834 550 25 27 a
891 550 97 28 case
1024 536 144 41 which
1195 536 264 42 beautifully
1486 536 242 42 illustrates
1752 538 89 40 this

176 608 213 42 Amnesia
412 608 44 42 of
478 608 168 42 Nouns,
666 608 44 41 in
737 612 139 38 motor
898 607 193 56 aphasia,
1112 607 142 43 which
1277 609 182 55 persists
1482 622 112 29 even
1615 608 128 42 when
1764 608 75 44 the

183 681 170 55 patient
374 681 38 41 is
435 681 46 41 in
505 694 173 42 process
701 680 47 42 of
768 693 216 43 recovery.

243 823 120 44 Case
394 824 80 42 VI.
512 824 226 56 {Reported
769 824 51 42 by
842 824 66 42 Dr
938 824 41 43 J.
1006 824 134 43 Batty
1163 824 125 43 Tuke
1320 825 91 42 and
1445 825 65 42 Dr
1531 824 122 44 John
1677 825 167 50 Fraser,

180 897 192 42 Journal
403 897 51 56 of
478 897 165 42 Mental
665 896 174 51 Science,
865 896 127 52 1872,
1017 912 37 42 p.
1078 897 88 53 46.)
1231 896 144 45 Shows
1396 899 211 41 Amnesia
1641 897 204 44 Verbalis.

181 969 105 42 Also
308 969 236 43 illustrates
564 969 204 57 Recovery
789 970 52 56 of
865 969 150 57 Speech
1037 976 115 50 after
1173 970 274 43 Destruction
1468 970 51 42 of
1546 970 168 42 Brocas
1739 969 106 43 Con-

183 1041 307 42 volution.—A
524 1041 172 52 female,
730 1042 108 56 aged
875 1042 69 42 54,
978 1041 217 43 admitted
1231 1046 44 38 to
1309 1041 75 43 the
1417 1042 98 42 Fife
1544 1042 87 42 and
1655 1040 191 44 Kinross

186 1111 191 45 Lunatic
409 1114 190 55 Asylum
634 1129 56 28 on
723 1114 246 43 December
1004 1115 118 51 14th,
1150 1114 124 42 1868.
1339 1113 168 43 Eleven
1543 1128 125 42 years
1702 1114 142 55 previ-

184 1185 138 56 ously,
346 1192 45 35 at
426 1186 72 42 the
531 1200 77 28 age
642 1186 45 42 of
717 1186 71 51 43,
816 1186 76 42 she
927 1186 87 42 had
1046 1186 87 42 had
1166 1200 56 28 an
1254 1186 246 56 apoplectic
1533 1186 177 42 seizure.
1776 1186 69 43 On

186 1272 205 28 recovery
414 1259 44 41 of
481 1259 342 42 consciousness,
845 1259 77 42 she
946 1258 86 42 had
1057 1263 76 37 not
1155 1258 226 43 exhibited
1407 1272 87 42 any
1519 1259 226 55 paralysis,
1769 1259 80 41 but

187 1331 86 43 had
296 1332 110 42 been
439 1332 138 42 found
611 1337 43 37 to
678 1332 52 42 be
764 1337 124 51 quite
917 1331 258 43 speechless.
1240 1331 105 42 Had
1380 1332 109 41 been
1521 1330 328 43 weak-minded

187 1417 47 29 as
258 1403 99 43 well
380 1418 46 28 as
449 1404 179 42 aphasic
651 1404 110 42 from
786 1404 74 42 the
884 1403 85 43 day
988 1403 45 42 of
1056 1403 75 43 the
1154 1403 163 51 attack,
1332 1403 93 42 but,
1442 1403 116 42 after
1575 1417 120 28 some
1712 1416 139 42 years,

187 1476 83 41 had
293 1476 230 56 gradually
546 1476 204 42 regained
785 1476 76 42 her
884 1476 157 42 speech
1066 1481 44 36 to
1144 1490 24 27 a
1191 1475 301 43 considerable
1515 1480 163 38 extent.
1745 1474 104 42 Had

189 1547 176 43 become
379 1547 196 43 actually
590 1548 153 42 insane
761 1547 104 42 only
884 1548 97 41 four
997 1546 144 43 weeks
1160 1547 147 42 before
1325 1546 249 43 admission.
1629 1546 132 43 After
1775 1546 78 42 her

189 1618 251 52 admission,
465 1618 77 43 she
564 1618 173 56 rapidly
763 1618 229 56 improved
1015 1618 44 42 in
1083 1618 135 42 mind,
1241 1618 87 42 and
1352 1618 178 42 became
1554 1617 160 43 almost
1736 1631 116 28 sane.

249 1691 211 42 "During
484 1691 75 42 the
592 1691 141 43 whole
756 1691 153 56 period
932 1691 46 42 of
1008 1691 79 42 her
1109 1691 236 42 residence,
1370 1695 87 38 two
1485 1690 300 56 peculiarities
1808 1690 47 42 in

190 1763 78 42 her
290 1763 157 56 speech
473 1778 110 28 were
617 1763 299 43 observed—a
950 1763 227 43 thickness
1200 1763 45 42 of
1277 1763 284 42 articulation
1592 1763 265 56 resembling

191 1835 98 43 that
321 1836 46 41 of
395 1835 177 58 general
606 1836 226 56 paralysis,
866 1835 88 42 and
986 1850 25 28 a
1045 1835 230 43 hesitancy
1313 1835 131 43 when
1482 1836 135 42 about
1650 1841 44 37 to
1729 1850 128 28 name

192 1908 227 56 anything,
444 1908 73 43 the
548 1908 133 43 latter
713 1909 249 55 increasing
997 1922 104 28 very
1125 1908 133 42 much
1291 1922 120 28 some
1445 1909 179 41 months
1651 1922 206 42 previous

192 1986 45 37 to
259 1980 79 43 her
360 1980 169 43 death."
593 1981 87 42 She
700 1982 141 41 forgot
865 1995 140 28 nouns
1028 1981 48 41 in
1099 1995 24 27 a
1145 1980 190 56 striking
1360 1995 107 42 way.
1533 1982 85 41 For
1641 1981 217 53 example,

192 2056 20 17 "
229 2067 77 28 she
343 2052 142 42 would
519 2067 89 42 say,
651 2057 8 17 '
676 2053 113 42 Give
822 2067 69 28 me
924 2067 24 27 a
980 2052 117 57 glass
1130 2067 47 27 of
1297 2051 21 44 .'
1384 2053 42 42 If
1458 2053 136 42 asked
1637 2053 36 42 if
1704 2053 37 42 it
1770 2068 89 28 was

196 2130 146 46 water,
384 2125 77 42 she
499 2125 94 42 said
628 2130 8 16 '
654 2125 94 42 No.'
809 2125 135 42 Wine
960 2126 15 41 ?
1007 2129 10 17 '
1031 2124 97 43 No.'
1227 2124 193 43 Whisky
1439 2127 15 40 ?
1498 2129 9 17 '
1522 2125 102 53 Yes,
1662 2125 198 57 whisky.'

195 2197 136 43 Never
368 2197 79 42 did
482 2198 68 41 she
582 2198 174 42 hesitate
793 2202 39 38 to
869 2198 228 41 articulate
1127 2198 66 41 the
1224 2197 118 42 word
1374 2198 118 42 when
1523 2199 68 41 she
1624 2199 133 41 heard
1789 2197 73 45 it."

196 2270 86 43 She
305 2269 130 43 could
467 2270 115 42 read,
605 2271 80 41 but
719 2284 87 28 was
839 2284 133 28 never
1004 2269 211 43 observed
1239 2274 44 37 to
1312 2270 133 42 write.
1512 2270 87 43 She
1623 2270 101 43 died
1748 2270 113 43 from

195 2343 136 42 caries
386 2342 46 42 of
485 2342 74 43 the
604 2342 221 43 vertebras.
909 2342 92 42 The
1044 2348 189 50 autopsy
1276 2342 179 42 showed
1510 2342 97 43 that
1660 2343 75 42 the
1789 2343 73 42 old

196 2414 243 57 apoplectic
464 2415 326 42 extravasation
815 2419 97 37 that
935 2414 86 43 had
1044 2414 207 43 occurred
1274 2414 152 43 eleven
1451 2429 127 42 years
1613 2416 149 43 before
1785 2416 79 42 her

197 2488 131 42 death
364 2487 85 43 had
488 2487 194 44 resulted
715 2488 47 42 in
796 2487 73 43 the
903 2487 217 57 complete
1153 2487 272 43 destruction
1462 2488 44 42 of
1540 2488 74 43 the
1648 2490 217 55 posterior

199 2565 99 50 part
320 2560 44 41 of
388 2560 73 42 the
485 2559 80 43 left
590 2559 119 43 third
744 2559 161 42 frontal
929 2559 300 43 convolution,
1251 2559 75 43 the
1360 2560 218 55 posterior
1601 2564 99 52 part
1723 2561 47 41 of
1789 2561 76 42 the

199 2632 157 43 second
382 2633 80 42 left
485 2632 173 43 frontal,
678 2633 74 42 the
777 2634 91 41 foot
885 2632 45 43 of
953 2633 74 42 the
1050 2632 239 57 ascending
1307 2632 177 43 frontal,
1502 2632 88 43 and
1612 2638 100 51 part
1729 2633 44 42 of
1791 2633 75 43 the

200 2705 92 42 foot
328 2705 45 43 of
410 2705 75 43 the
524 2706 239 56 ascending
798 2705 196 57 parietal.
1059 2705 72 42 An
1171 2705 243 43 admirable
1455 2705 118 56 plate
1612 2705 143 44 shows
1791 2706 76 43 the

200 2777 140 43 limits
363 2778 46 42 of
429 2777 75 44 the
526 2777 170 44 lesion.1

252 2901 9 18 1
295 2903 51 33 At
377 2900 64 36 the
467 2900 86 37 date
578 2900 40 37 of
640 2900 65 37 the
732 2900 234 49 publication
994 2900 41 37 of
1058 2901 78 36 this
1161 2913 94 25 case,
1279 2900 65 37 the
1372 2899 218 49 possibility
1621 2899 41 37 of
1690 2899 181 37 "further

203 2961 199 37 education
415 2961 17 17 "
451 2961 39 36 in
506 2961 63 36 the
582 2961 244 37 convolution
840 2962 41 36 of
893 2962 64 37 the
969 2962 170 48 opposite
1152 2962 80 36 side
1248 2974 74 24 was
1337 2966 68 32 not
1418 2960 194 50 generally
1627 2960 218 49 recognised
1862 2974 9 30 ;

201 3023 76 36 and
295 3022 65 37 the
378 3022 154 37 authors
551 3022 40 36 of
606 3023 64 36 the
689 3035 114 37 paper
821 3024 194 48 naturally
1034 3024 187 48 supposed
1236 3023 84 37 that
1336 3023 64 37 the
1415 3035 81 24 case
1511 3022 168 37 afforded
1693 3022 179 37 evidence

201 3084 155 36 adverse
374 3088 38 32 to
432 3083 145 37 Broca's
596 3083 123 38 views.
773 3084 55 37 At
845 3084 65 38 the
929 3089 150 44 present
1097 3084 104 37 time,
1216 3084 65 37 the
1299 3083 219 49 possibility
1534 3083 40 35 of
1603 3082 93 37 such
1726 3082 147 36 further

203 3145 201 38 education
424 3145 41 36 is,
484 3143 41 37 of
545 3157 140 34 course,
704 3146 218 49 recognised
942 3146 49 48 by
1011 3158 112 35 every
1143 3158 83 25 one.
