1949 3178
788 315 91 31 THE
908 315 151 32 NEGRO
1084 315 215 32 MONKEY.

359 299 91 47 126

351 440 93 45 mal
480 441 81 45 has
601 455 27 30 a
662 440 178 46 fulvous
878 456 47 30 or
963 441 371 45 reddish-yellow
1374 455 178 39 colour;
1595 456 48 30 as
1681 440 37 46 it

351 533 220 31 advances
607 517 46 46 in
693 534 94 46 age,
822 525 79 38 the
932 533 147 31 colour
1114 517 236 61 gradually
1387 517 203 61 changes.
1672 519 44 45 A

348 611 111 45 gi’ay
504 596 305 45 discoloration
855 595 96 45 first
992 595 146 45 shows
1177 593 130 46 itself
1354 610 55 30 on
1445 595 77 44 the
1555 595 160 54 hands,

348 673 79 45 the
450 672 222 54 forehead,
698 673 91 45 and
809 679 77 39 the
910 679 67 54 tip
1002 671 48 47 of
1065 672 78 45 the
1166 672 116 53 tail;
1307 670 114 46 from
1444 678 126 38 these
1594 679 123 53 parts

348 749 36 45 it
407 750 237 61 gradually
667 750 188 45 extends
889 756 47 39 to
970 756 79 38 the
1083 750 127 50 neck,
1242 755 78 39 the
1356 748 244 53 shoulders,
1627 749 89 44 and

346 827 79 45 the
447 827 162 53 flanks,
642 827 90 45 and
765 842 200 30 assumes
1000 825 111 46 from
1145 826 111 46 time
1291 833 45 38 to
1371 832 112 38 time
1507 841 27 29 a
1557 826 160 44 darker

345 905 105 53 hue,
475 903 118 46 until
616 910 78 38 the
718 910 97 38 coat
846 902 51 47 of
919 910 79 39 the
1030 903 168 46 animal
1232 903 37 45 is
1296 904 70 61 jet
1397 903 130 45 black
1559 904 154 52 above,

345 981 89 45 and
457 996 110 46 gray
591 996 297 29 underneath.

495 1058 97 45 The
628 1056 94 46 face
764 1057 36 45 is
839 1058 224 60 regularly
1100 1057 339 45 circumscribed
1475 1059 62 60 by
1573 1058 137 53 hairs,

344 1135 147 45 which
528 1150 74 30 are
645 1135 117 60 long,
806 1135 91 44 and
935 1135 165 60 closely
1140 1135 178 60 applied
1358 1141 46 39 to
1444 1136 77 44 the
1561 1136 149 53 head;

342 1213 78 44 the
455 1211 222 54 forehead,
704 1211 147 45 which
884 1211 38 45 is
956 1212 238 61 gradually
1226 1211 186 61 sloping,
1448 1211 38 46 is
1521 1212 192 61 entirely

341 1289 233 46 concealed
597 1290 62 60 by
684 1289 141 44 them.
895 1289 98 44 The
1017 1290 136 44 orbits
1178 1287 50 47 of
1251 1295 79 39 the
1359 1305 83 29 eye
1466 1305 73 29 are
1563 1291 151 44 rather

340 1366 287 62 prominent;
669 1366 91 46 and
799 1366 79 44 the
910 1367 136 45 bones
1074 1365 51 47 of
1156 1372 78 39 the
1267 1382 106 29 nose
1407 1367 135 45 short.
1615 1367 97 45 The

339 1460 106 30 nose
489 1443 186 46 consists
714 1442 50 47 of
797 1459 59 30 an
901 1458 188 31 angular
1137 1443 137 61 ridge,
1323 1444 149 44 which
1519 1444 36 45 is
1606 1460 104 29 con-

340 1522 224 61 siderably
588 1521 205 46 elevated
815 1522 206 45 between
1051 1527 79 39 the
1164 1537 120 45 eyes,
1317 1522 91 44 and
1430 1521 277 55 terminates,

339 1599 194 45 without
577 1614 93 46 any
714 1598 145 61 fleshy
901 1600 336 59 protuberance,
1275 1600 63 59 by
1378 1614 28 30 a
1448 1600 261 44 membrane

339 1675 147 45 which
525 1675 37 45 is
597 1676 239 61 gradually
874 1676 269 44 attenuated
1180 1677 159 51 below,
1376 1676 91 45 and
1500 1691 56 30 on
1599 1676 107 46 each

338 1753 93 45 side
449 1750 56 49 of
519 1753 148 45 which
690 1759 78 39 the
792 1752 177 46 nostrils
988 1767 73 31 are
1076 1753 169 60 placed.
1313 1753 147 45 These
1480 1768 73 29 are
1568 1753 134 45 large,

337 1831 172 59 oblong,
541 1829 186 62 slightly
752 1845 179 38 curved,
967 1830 90 45 and
1089 1844 102 46 pass
1224 1830 241 45 backward
1496 1829 95 46 into
1626 1830 79 45 the

336 1907 203 45 cranium
568 1907 48 45 in
640 1923 27 29 a
688 1907 249 46 horizontal
968 1906 229 46 direction.
1265 1907 135 45 From
1435 1913 79 39 the
1546 1907 158 45 termi-

336 1991 155 38 nation
515 1984 50 46 of
590 1991 78 39 the
702 2000 105 30 nose
841 1991 47 39 to
918 1991 78 39 the
1019 1985 161 45 mouth
1204 2000 27 30 a
1254 1984 299 46 considerable
1577 2000 128 45 space

335 2061 285 54 intervenes;
641 2062 98 45 ‘but
772 2063 79 44 the
884 2063 86 59 lips
999 2077 73 31 are
1097 2063 133 44 small
1253 2062 91 45 and
1365 2062 118 54 thin,
1510 2077 46 30 so
1586 2077 48 30 as
1658 2069 45 38 to

336 2139 189 54 exhibit,
563 2140 135 44 when
731 2139 185 61 slightly
950 2146 236 46 retracted,
1222 2140 78 44 the
1333 2139 184 45 interior
1550 2135 52 47 of
1624 2139 79 45 the

334 2217 173 43 mouth.
593 2217 97 44 The
730 2217 103 44 chin
863 2216 38 45 is
936 2217 121 45 short
1092 2218 91 44 and
1217 2217 165 53 small;
1433 2232 27 29 a
1493 2215 127 46 circle
1659 2214 47 47 of

333 2308 110 45 gray
476 2293 120 45 hairs
620 2294 194 45 encloses
848 2300 79 39 the
959 2294 161 44 mouth
1155 2293 47 45 in
1237 2300 78 38 the
1344 2293 126 45 adult
1495 2293 202 53 animal;

334 2371 90 44 and
447 2386 56 30 on
536 2376 79 39 the
644 2370 104 45 chin
781 2371 79 45 the
888 2371 121 45 hairs
1041 2370 117 47 have
1190 2386 27 30 a
1251 2370 259 46 disposition
1542 2370 159 45 down-

335 2463 138 39 ward,
498 2463 46 31 so
567 2464 49 30 as
638 2455 47 39 to
709 2448 172 46 exhibit
903 2455 79 38 the
1004 2463 274 46 appearance
1296 2447 53 46 of
1361 2463 27 31 a
1409 2449 149 44 beard.
1602 2449 98 45 The

333 2541 141 48 upper
495 2532 101 54 part
619 2525 50 47 of
693 2526 79 45 the
794 2524 93 47 face
921 2525 37 46 is
988 2541 158 45 nearly
1177 2526 149 45 naked
1344 2542 14 37 ;
1395 2541 26 30 a
1444 2524 87 46 few
1554 2541 144 45 strag-

329 2601 125 65 gling
477 2603 99 46 stiff
601 2605 120 44 hairs
755 2619 74 30 are
863 2603 220 46 scattered
1117 2619 56 30 on
1205 2609 79 39 the
1317 2603 160 45 cheeks
1506 2603 89 45 and
1619 2603 77 47 the
