1933 3302
372 163 232 31 Beziehungen
629 160 57 31 des
711 157 303 33 Hospitalbrandee
1037 166 41 21 zu
1103 155 147 32 anderen
1275 155 242 31 Kranklieiten.

1685 153 51 39 99

148 271 151 39 Sporen
337 271 65 37 des
432 267 304 40 Hospitalbrand
748 287 17 6 -
777 265 200 38 Microben
1019 263 152 37 älmlich
1208 263 122 37 denen
1369 263 66 37 des
1473 260 264 40 Milzbrandes

149 338 90 25 sehr
269 321 365 41 widerstandsfähig
664 320 84 38 sind
777 319 78 38 und
884 318 83 38 ihre
998 316 311 50 Keimfähigkeit
1338 316 114 51 lange
1482 314 194 40 behalten.

280 377 86 39 Von
405 376 191 39 Interesse
634 374 64 37 für
739 373 66 38 das
836 371 147 39 Wesen
1022 371 67 37 des
1119 369 350 50 Hospitalbrandes
1508 368 128 39 dürfte
1676 369 61 37 die

148 432 282 48 Beobachtung
467 442 99 25 sein,
606 428 86 37 dass
731 427 66 37 das
836 425 206 39 ergriffene
1080 423 97 38 noch
1216 423 163 38 lebende
1417 422 168 39 Gewebe
1624 436 114 25 sauer

151 489 182 47 reagirte.
391 484 279 37 Brugmans
700 480 223 38 constatirte
954 491 114 25 zwar,
1100 477 88 38 dass
1220 477 59 37 die
1309 477 288 51 Absonderung
1626 477 111 38 alka-

150 539 97 39 lisch
273 541 181 47 reagirte,
485 534 208 40 Fischer
720 534 92 38 fand
834 534 189 49 dagegen,
1056 532 86 37 dass
1164 529 168 39 dieselbe
1362 531 115 37 meist
1505 544 114 25 sauer
1648 544 89 25 rea-

151 594 84 49 gire
265 593 77 37 und
373 591 75 38 viel
476 589 184 38 flüchtige
681 587 232 38 Fettsäuren
946 585 196 38 enthielte.
1185 584 180 37 Tribes
1395 585 250 38 untersuchte
1677 585 60 37 die

151 646 186 38 Reaction
376 645 64 37 des
477 643 190 38 lebenden
698 640 318 39 Wundgrnndes.
1075 639 54 37 Er
1170 638 168 50 reinigte
1379 638 60 37 die
1473 638 153 38 Wunde
1667 641 72 35 mit

152 712 182 25 warmem
364 697 177 38 Wasser,
579 695 84 38 rieb
694 695 61 38 die
784 693 270 39 mortificirten
1086 691 136 39 Theile
1251 694 73 35 mit
1354 691 140 39 derber
1523 692 216 38 Leinwand

151 754 48 37 ab
229 753 77 37 und
335 751 104 37 legte
470 750 99 37 dann
599 749 135 37 blaues
755 747 333 49 Lackmuspapier
1118 746 70 38 auf
1214 745 60 37 die
1304 745 164 38 lebende
1492 744 244 40 Oberfläche.

149 807 55 37 Es
233 818 114 25 nahm
377 806 122 36 sofort
528 816 84 25 eine
642 802 110 38 rothe
774 802 126 38 Farbe
932 801 89 48 (wie
1052 800 84 38 eine
1159 799 319 48 Zwiebelschale)
1509 813 60 24 an.
1618 800 121 38 Nicht

150 860 209 37 erkrankte
379 857 159 38 Partien
568 856 201 38 derselben
793 855 154 38 Wunde
978 854 153 50 zeigten
1165 854 52 36 im
1240 852 221 52 Gegensatz
1493 854 97 38 dazu
1625 854 112 38 deut-

147 912 78 38 lich
256 912 60 38 die
346 911 209 38 alkalische
584 910 198 38 Reaction.

152 1016 128 40 Ueber
330 1016 60 39 die
435 1015 274 39 Beziehungen
755 1015 71 38 der
871 1012 491 41 kranl<lieitserregenden
1409 1011 181 40 Ursache
1636 1013 100 39 beim

281 1069 308 40 Hospitalbrand
622 1080 44 28 zu
698 1069 72 38 der
801 1068 59 39 bei
893 1068 175 39 anderen
1102 1066 505 40 Infectionskrankheiten.

280 1156 82 39 Seit
378 1157 112 50 jeher
508 1156 69 38 hat
596 1170 89 24 man
707 1156 60 37 die
788 1155 446 38 krankheitserregende
1255 1153 176 39 Ursache
1454 1155 66 37 des
1535 1154 202 50 Hospital-

150 1211 167 38 brandes
355 1211 70 37 mit
462 1211 67 37 der
567 1223 164 24 anderer
761 1209 271 38 Krankheiten
1062 1223 46 23 zu
1144 1208 258 38 identificiren
1432 1208 176 50 gesucht.
1667 1209 72 38 Bei

153 1265 67 37 der
249 1265 169 37 völligen
440 1263 266 39 Unkenntniss
736 1264 77 37 und
844 1264 86 37 dem
958 1262 169 38 Dunkel,
1159 1262 165 38 welches
1356 1262 60 38 die
1437 1262 202 39 Ursachen
1671 1264 68 37 der

153 1317 474 39 Infectionskrankheiten
662 1317 267 38 beherrschte,
969 1331 81 23 war
1081 1330 38 24 es
1149 1316 107 38 nicht
1284 1316 188 50 möglich,
1512 1317 121 38 selbst
1664 1318 73 37 den

152 1375 351 46 phantastischsten
526 1371 256 50 Hypothesen
804 1372 71 37 den
898 1371 123 37 Zügel
1041 1370 390 38 wissenschaftlicher
1455 1370 133 38 Kritik
1617 1385 120 23 anzu-

154 1425 128 38 legen.
341 1425 205 38 Hennen
586 1425 68 38 sah
690 1426 41 36 in
766 1426 86 37 dem
881 1425 303 37 Hospitalbrand
1216 1425 60 37 ein
1314 1425 189 49 malignes
1534 1425 203 45 Erysipel;

153 1478 271 39 Schönlein
452 1479 182 37 rechnete
666 1479 102 37 diese
798 1479 139 37 beiden
958 1478 269 38 Krankheiten
1258 1492 46 23 zu
1336 1479 61 36 ein
1426 1479 77 37 und
1535 1479 204 38 derselben

154 1532 400 38 Krankheitsfamilie,
593 1533 145 37 welche
775 1546 40 24 er
853 1532 54 37 als
937 1532 349 49 Neurophlogosen
1324 1532 273 46 bezeichnete;
1639 1533 99 38 auch

153 1586 164 37 Rüttel
347 1600 78 23 war
455 1587 67 36 der
543 1586 175 38 Ansicht,
751 1587 84 36 dass
866 1587 66 36 der
953 1585 307 38 Hospitalbrand
1290 1585 71 38 auf
1376 1586 125 37 einem
1523 1587 214 49 erysipela-

152 1642 108 35 tösen
282 1639 161 38 Process
473 1639 157 38 beruhe.
682 1640 228 37 Thorsten
941 1639 128 38 stellte
1091 1639 210 38 denselben
1321 1639 239 38 mitNoma
1589 1640 38 37 in
1651 1641 85 38 eine

153 1693 225 50 Kategorie.
428 1692 228 50 Sprengel
686 1693 68 38 sah
773 1694 39 36 in
843 1694 86 36 dem
949 1693 305 38 Hospitalbrand
1276 1693 84 38 eine
1381 1693 162 38 örtliche
1564 1693 172 39 Aeusse-

153 1759 103 37 rung
294 1747 65 37 des
396 1746 361 50 Petechialtyphus,
805 1746 221 38 Ollivier
1066 1747 77 37 und
1182 1747 210 38 besonders
1430 1747 306 40 Eisenmann

153 1800 145 37 hielten
338 1801 72 36 den
447 1800 305 38 Hospitalbrand
789 1800 63 37 für
891 1801 95 37 eine'
1013 1801 214 37 besondere
1268 1800 284 50 Typhusform,
1590 1803 148 37 welche

155 1853 80 37 sich
264 1854 39 36 in
335 1854 67 36 der
431 1853 155 38 Wunde
616 1854 211 38 localisire,
867 1867 111 24 einen
1010 1854 161 50 Typhus
1209 1855 265 38 traumaticus.
1534 1870 34 24 v.
1600 1856 138 38 Pitha

153 1907 255 37 beobachtete
447 1907 159 48 zufällig
646 1909 65 36 das
746 1907 514 39 Nebeneinanderbestehen
1300 1909 106 37 einer
1436 1908 184 39 Cholera-
1659 1912 77 36 und

153 1960 106 37 einer
295 1960 509 49 Hospitalbrandepidemie.
870 1961 80 38 Der
1008 1962 198 38 Eindruck
1263 1963 247 38 mehrfacher
1559 1964 175 50 Doppel-

154 2014 302 50 erkrankungen
494 2014 159 38 brachte
690 2015 67 37 ihn
794 2029 46 23 zu
880 2016 66 36 der
975 2015 181 47 Ansicht,
1200 2017 85 37 dass
1325 2017 67 37 der
1429 2016 307 40 Hospitalbrand

153 2067 120 37 durch
311 2067 173 38 dasselbe
524 2068 239 38 ursächliche
800 2068 175 38 Moment
1013 2069 193 39 entstehe,
1245 2071 72 37 wie
1357 2071 59 37 die
1448 2070 174 39 Cholera.
1680 2072 55 38 Er

151 2123 120 34 nennt
301 2121 72 37 den
402 2121 303 49 Hospitalbrand
731 2122 297 38 Wundcholera.
1077 2124 54 37 Er
1160 2124 226 37 identificirt
1414 2126 222 36 ausserdem
1668 2126 67 37 das

152 2173 148 37 Wesen
344 2175 65 36 des
450 2174 349 50 Hospitalbrandes
842 2177 71 36 mit
956 2177 87 37 dem
1087 2178 65 37 des
1196 2177 368 50 Puerperalfiebers.
1634 2179 100 39 Dass

152 2240 37 24 V.
221 2226 176 38 Pitha's
425 2228 166 37 Ansicht
619 2229 215 50 Anhänger
862 2230 103 37 fand,
997 2231 50 36 ist
1077 2245 67 23 aus
1175 2231 67 37 der
1270 2231 200 38 Literatur
1500 2232 233 39 ersichtlich.

150 2279 110 38 Noch
294 2280 101 37 1872
429 2281 167 37 bekennt
625 2283 80 37 sich
736 2282 162 38 Tribes
929 2297 46 23 zu
1007 2284 66 37 der
1102 2284 175 38 Ansicht,
1310 2285 85 37 dass
1427 2285 173 50 Typhus,
1632 2286 102 38 Cho-

149 2332 83 38 lera
267 2334 79 36 und
379 2333 304 50 Hospitalbrand
718 2336 105 37 einer
858 2337 287 49 gemeinsamen
1177 2337 290 39 Schädlichkeit
1504 2339 110 38 ihren
1653 2340 80 38 Ur-

152 2399 147 36 sprung
327 2388 234 37 verdanken.

279 2439 88 39 Viel
397 2441 120 37 näher
545 2441 66 51 lag
637 2442 141 49 jedoch
808 2443 59 37 die
894 2442 140 51 Frage,
1066 2445 47 37 ob
1144 2445 67 37 der
1231 2444 305 50 Hospitalbrand
1566 2448 71 36 mit
1666 2449 70 37 der

152 2491 404 52 Rachendiphtheritis
606 2495 225 50 ätiologisch
880 2496 189 38 identisch
1116 2498 65 37 sei.
1250 2498 73 38 Die
1366 2498 369 53 Membranbildung

152 2545 63 37 bei
245 2547 66 36 der
347 2547 187 49 pulpösen
565 2547 118 39 Form
722 2550 65 36 des
816 2550 347 49 Hospitalbrandes
1192 2552 69 37 hat
1286 2554 41 48 ja
1356 2566 133 37 grosse
1520 2553 212 39 Aehnlich-

154 2598 81 37 keit
254 2600 70 36 mit
350 2601 86 37 dem
466 2601 343 49 diphtheritisehen
831 2603 124 50 Belag
976 2605 67 37 der
1065 2605 226 38 wirklichen
1312 2605 419 40 Rachendiphtheritis.

152 2650 74 38 Die
255 2653 160 37 meisten
446 2653 277 40 Schriftsteller
752 2656 132 38 halten
916 2656 103 39 Olli
1031 2659 45 36 vi
1088 2673 49 23 er
1175 2659 62 37 für
1268 2660 72 36 den
1372 2662 127 35 ersten
1530 2661 204 39 Vertreter

153 2704 67 37 der
258 2703 185 41 Identität
482 2708 123 38 dieser
645 2709 140 37 beiden
814 2709 280 40 Krankheiten.
1153 2712 111 38 Doch
1293 2713 121 38 findet
1451 2714 80 37 sich
1562 2715 62 37 bei
1651 2715 81 37 ihm

150 2771 74 23 nur
255 2758 59 37 die
345 2758 180 50 Angabe,
557 2762 86 37 dass
674 2763 67 36 der
768 2763 536 53 Hospitalbrandzerstörung
1334 2766 60 37 die
1425 2766 171 52 Bildung
1626 2769 107 37 einer

152 2810 174 38 falschen
357 2811 106 38 Haut
500 2815 241 50 vorausgehe
772 2815 199 49 (Heine).
1031 2818 137 38 Zuerst
1204 2819 67 37 hat
1299 2818 199 52 Fuchs^)
1541 2821 83 37 eine
1654 2821 77 39 Pa-

286 2905 24 37 ')
334 2905 207 33 Historisclie
563 2909 301 42 Untersuchungen
891 2913 83 30 über
998 2913 136 40 Angina
1158 2914 150 40 maligna
1341 2915 65 30 und
1441 2915 54 31 ihr
1519 2916 214 35 Verhältniss

152 2956 40 21 zu
215 2948 178 30 Scharlach
421 2949 64 30 und
511 2949 120 42 Croup.
676 2953 190 38 Wiirzburg
892 2955 89 32 1828.
