1933 3302
544 153 28 31 2.
599 152 147 34 Verlauf
766 155 62 32 der
851 159 174 32 mittleren
1049 162 70 31 und
1144 163 173 34 schweren
1342 166 154 36 Formen.

213 149 52 38 30

212 269 108 26 einer
349 259 331 52 zweckmässigen
709 262 278 55 Behandlung,
1028 268 96 38 auch
1157 283 109 26 wenn
1297 274 53 38 sie
1386 276 109 37 mehr
1530 279 92 38 oder
1652 283 169 38 weniger

210 324 75 25 nur
314 325 40 24 in
384 314 306 49 antiseptischen
722 316 263 54 Umschlägen
1015 322 165 47 besteht,
1212 324 200 42 bekommt
1440 330 99 38 nach
1568 332 35 38 J.
1628 332 192 42 Cooper

210 377 42 25 in
281 366 298 49 gewöhnhchen
608 368 136 40 Fällen
776 372 59 38 die
857 372 155 40 Wunde
1043 376 191 39 zwischen
1264 380 84 38 dem
1380 382 34 37 6.
1446 384 78 37 und
1555 385 34 38 9.
1621 386 106 51 Tage
1758 390 61 38 ein

209 418 177 39 besseres
417 419 202 50 Ansehen,
665 424 41 37 in
742 425 169 39 leichten
940 427 135 38 Fällen
1110 433 103 48 zeigt
1248 432 81 39 sich
1367 448 114 37 sogar
1510 437 59 39 die
1599 438 220 50 Besserung

209 472 195 39 zwischen
434 474 87 38 dem
552 476 36 38 4.
619 478 80 37 und
730 479 36 37 5.
798 478 119 51 Tage.
967 480 80 39 Das
1077 482 203 42 Aufhören
1310 488 68 37 der
1406 488 220 42 Krankheit
1654 494 165 40 kündigt

209 526 84 38 sich
331 529 97 36 stets
468 528 122 40 durch
626 531 261 40 verminderte
919 532 231 42 Schmerzen
1186 552 59 24 an.
1303 540 74 39 Die
1406 541 289 56 Absonderung
1723 550 94 37 wird

207 580 115 38 weiss
352 581 81 38 und
462 583 256 39 consistenter
748 587 79 36 und
856 587 158 39 verliert
1033 589 110 39 ihren
1164 591 174 52 fauligen
1359 594 163 41 Geruch.
1571 599 73 39 Die
1665 600 153 41 Ränder

208 634 140 38 sinken
379 635 73 47 ein,
486 637 60 38 die
568 637 230 40 Oberfläche
819 641 97 38 wird
946 643 97 37 eben
1073 645 77 37 und
1180 646 198 40 bekommt
1408 650 84 38 eine
1521 652 153 48 frische,
1707 656 109 38 rothe

208 687 138 40 Farbe.
396 690 74 39 Die
500 704 210 36 purpurne,
742 693 221 40 ödematöse
993 696 116 50 Zone,
1141 699 144 39 welche
1316 702 60 38 die
1405 702 194 42 Affection
1629 710 185 36 umgiebt,

206 742 142 39 nimmt
386 744 112 38 einen
528 745 109 38 mehr
668 748 296 39 entzündlichen
995 750 215 40 Charakter
1244 767 48 24 an
1329 757 77 37 und
1442 758 68 38 der
1540 758 276 43 Substanzver-

205 796 92 47 lust,
321 798 100 38 auch
436 812 112 24 wenn
566 812 40 25 er
627 799 179 40 ziemlich
821 802 219 39 bedeutend
1061 805 61 46 ist,
1144 806 95 38 heilt
1259 808 379 57 verhältnissmässig
1658 816 156 39 schnell.

206 849 51 40 So
278 851 129 39 finden
430 852 82 45 wir,
544 866 66 25 um
640 854 127 50 einige
797 857 180 48 specielle
998 857 107 40 Fälle
1126 860 247 47 anzuführen,
1406 864 61 38 bei
1487 865 188 41 Fischer
1705 870 110 38 einen

205 903 98 48 Fall,
335 906 41 37 in
406 906 189 38 welchem
627 907 62 38 ein
719 908 515 55 Hospitalbrandgeschwür
1263 928 61 25 am
1353 916 261 42 Handrücken
1644 922 82 38 sich
1755 937 61 24 am

207 959 35 38 7.
274 959 109 51 Tage
412 960 184 51 reinigte;
628 962 61 37 ein
719 964 173 46 anderes,
923 965 220 50 gleichfalls
1173 982 61 23 am
1263 968 261 42 Handrücken
1554 974 260 49 befindliches,

205 1013 166 39 welches
408 1014 41 38 in
489 1015 22 37 6
551 1014 135 52 Tagen
724 1030 75 25 von
839 1017 333 53 Groschengrösse
1210 1022 59 38 bis
1308 1037 45 24 zu
1392 1026 22 35 2
1449 1025 86 40 Zoll
1567 1027 133 52 Länge
1737 1031 78 37 und

206 1068 19 37 1
240 1068 37 50 ^2
299 1068 86 38 Zoll
404 1068 133 39 Breite
564 1071 283 50 angewachsen
867 1086 89 33 war,
987 1074 166 51 reinigte
1180 1076 93 46 sich,
1306 1077 100 39 ohne
1431 1079 113 40 tiefer
1568 1095 45 24 zu
1638 1083 174 39 dringen,

203 1135 64 25 am
300 1123 61 37 11.
394 1122 119 52 Tage.
569 1123 105 39 Zwei
704 1125 338 53 hospitalbrandig
1070 1128 164 39 inficirte
1263 1130 140 40 Moxen
1434 1133 60 38 bei
1523 1134 290 41 Knietuberku-

202 1176 82 38 lose
304 1179 296 48 vergrösserten
630 1179 82 37 sich
744 1179 210 47 erheblich,
987 1182 100 38 ohne
1109 1184 119 37 durch
1258 1184 59 38 die
1338 1185 107 40 Haut
1465 1201 46 24 zu
1531 1189 173 51 dringen,
1735 1192 80 37 und

202 1231 197 51 reinigten
437 1231 81 38 sich
549 1246 61 24 am
645 1234 60 37 16.
737 1235 78 36 und
848 1235 60 37 18.
941 1235 119 51 Tage.
1119 1237 75 38 Ein
1222 1238 303 51 Fussgeschwür
1553 1248 260 34 vergrösserte

202 1285 84 38 sich
315 1286 40 37 in
386 1286 50 37 20
467 1285 136 51 Tagen
633 1288 59 37 bis
723 1302 46 23 zu
798 1288 253 51 Handgrösse
1080 1292 79 37 und
1189 1292 143 39 sistirte
1363 1294 102 38 dann
1494 1295 101 40 ohne
1624 1297 114 39 tiefer
1766 1312 47 24 zu

202 1339 166 51 greifen.
427 1339 72 39 Bei
538 1341 125 38 einem
704 1343 170 37 anderen
911 1343 304 52 Fussgeschwür
1252 1348 111 36 stand
1403 1349 67 37 der
1506 1349 307 39 Hospitalbrand

203 1397 80 35 erst
312 1394 102 38 nach
444 1395 49 37 52
526 1394 135 52 Tagen
692 1396 98 46 still;
835 1397 67 37 das
934 1396 210 40 Geschwür
1180 1400 106 37 hatte
1316 1401 81 38 sich
1426 1402 108 38 nicht
1562 1405 251 38 unerheblich

200 1452 257 48 vergrössert,
492 1463 78 24 war
599 1450 94 38 aber
721 1451 186 50 nirgends
937 1452 115 38 tiefer
1080 1466 219 38 gegangen.

567 1612 35 38 2.
632 1611 70 38 Die
730 1613 199 39 mittleren
958 1613 77 39 und
1065 1615 198 38 schweren
1291 1615 160 39 Formen

199 1721 215 34 zerstörten
445 1718 60 38 die
536 1717 165 40 Gewebe
731 1719 158 38 rascher
918 1720 99 39 nach
1046 1720 143 39 Fläche
1219 1722 78 37 und
1327 1722 120 39 Tiefe.
1497 1723 194 38 Zuweilen
1719 1724 91 38 liess

199 1771 82 38 sich
312 1785 75 24 von
418 1772 86 51 Tag
532 1786 47 24 zu
609 1772 96 52 Tag,
733 1774 43 49 ja
804 1773 41 38 in
872 1774 100 38 noch
1002 1775 180 38 kürzerer
1201 1775 113 39 Frist,
1346 1777 60 37 ein
1438 1777 239 38 erheblicher
1695 1777 114 39 Fort-

199 1826 141 38 schritt
370 1827 68 37 der
467 1827 239 51 Zerstörung
736 1828 214 46 erkennen;
996 1828 59 38 oft
1084 1843 81 23 war
1195 1830 174 38 derselbe
1403 1845 74 24 nur
1506 1832 188 49 langsam.
1752 1832 58 37 Im

198 1880 164 38 Verlauf
401 1881 67 38 der
502 1881 221 38 Krankheit
760 1882 180 39 herrscht
978 1883 98 38 eben
1112 1883 185 38 keinerlei
1336 1884 149 51 Typus,
1526 1885 165 38 welcher
1727 1898 82 25 eine

197 1935 251 50 Voraussage
478 1935 64 38 für
570 1936 110 37 ihren
700 1935 238 40 Fortschritt
968 1937 262 50 ermöglichen
1260 1938 155 39 könnte.
1464 1939 88 38 Wir
1574 1939 117 38 sahen
1713 1953 94 24 viel-

197 1990 113 37 mehr
340 1990 101 38 oben
470 1990 63 38 bei
564 1991 67 37 der
650 1990 298 39 Beschreibung
977 1992 68 37 der
1064 1991 402 40 Krankheitsformen,
1500 1994 85 37 dass
1607 1993 120 38 selbst
1748 1993 59 38 die

196 2044 166 50 pulpöse
382 2044 118 38 Form
520 2044 100 38 nach
640 2043 251 40 Abstossung
921 2046 67 37 der
1017 2045 188 50 pulpösen
1226 2046 154 38 Massen
1410 2047 82 37 sich
1512 2047 112 37 rasch
1643 2047 163 37 zurück-

196 2098 134 39 bilden
359 2099 80 37 und
470 2098 121 39 durch
621 2099 60 38 die
712 2098 346 52 Geringfügigkeit
1096 2100 65 37 des
1191 2100 307 38 hinterlassenen
1528 2100 277 38 Substanzver-

196 2152 121 39 lustes
356 2153 260 38 überraschen
656 2153 157 38 konnte.
872 2152 270 39 Andererseits
1181 2154 118 37 sahen
1334 2154 70 37 wir
1442 2155 99 37 oben
1575 2154 231 51 gleichfalls,

198 2208 88 38 dass
323 2207 120 39 milde
471 2207 169 38 Formen
679 2210 236 35 unerwartet
954 2207 112 38 einen
1102 2207 218 38 intensiven
1350 2207 212 39 Charakter
1591 2208 216 37 annahmen

196 2262 80 37 und
306 2276 46 23 zu
381 2275 165 38 grossen
576 2261 257 39 Geschwüren
866 2261 71 38 mit
966 2275 173 37 grossem
1169 2261 340 39 Substanzverlust
1536 2262 100 38 nach
1664 2262 142 38 Fläche

196 2317 81 37 und
308 2316 111 38 Tiefe
448 2316 142 38 führen
620 2316 185 38 konnten.

328 2370 58 38 Im
417 2370 275 51 Allgemeinen
735 2371 156 37 können
935 2370 69 38 wir
1046 2370 154 51 zufolge
1236 2370 241 49 Delpech's
1515 2369 292 50 Beschreibung

196 2438 138 38 sagen,
382 2425 87 38 dass
505 2425 62 38 bei
601 2424 197 39 weiterem
827 2424 236 38 Fortschritt
1098 2425 67 37 der
1200 2424 218 38 Krankheit
1453 2424 67 37 der
1548 2422 257 40 Unterschied

195 2479 107 38 ihrer
338 2479 199 38 einzelnen
566 2479 167 38 Formen
773 2479 135 38 früher
951 2479 92 38 oder
1073 2482 130 46 später
1239 2491 45 24 zu
1322 2477 288 38 verschwinden
1647 2476 157 51 pflegte,

195 2534 80 38 und
314 2534 89 37 dass
442 2533 55 38 sie
542 2533 219 38 sämmtlich
806 2534 61 37 ein
897 2532 212 39 Geschwür
1152 2546 74 24 von
1269 2531 292 51 gleichartigem
1592 2530 212 38 Charakter

195 2588 284 38 hinterliessen.
539 2588 80 37 Der
646 2587 235 38 Fortschritt
910 2588 66 37 der
1005 2586 226 39 Ulceration
1267 2586 144 49 pflegte
1449 2586 101 36 dann
1583 2584 221 50 langsamer

195 2656 46 25 zu
271 2642 190 46 werden,,
503 2642 79 37 und
610 2655 90 24 man
729 2642 147 37 konnte
907 2641 97 38 auch
1040 2640 182 39 meistens
1258 2640 73 37 den
1366 2641 196 48 gesetzten
1592 2637 209 39 Substanz-

194 2699 147 36 verlust
386 2696 226 38 übersehen.
685 2695 73 38 Die
802 2694 324 39 oberflächlichen
1166 2694 165 37 Formen
1378 2692 269 38 hinterliessen
1694 2691 109 38 mehr

195 2752 94 38 oder
326 2751 174 50 weniger
537 2750 267 38 ausgedehnte
841 2749 232 38 Geschwüre
1111 2748 70 38 mit
1223 2750 357 47 unregelmässigen
1609 2745 190 44 Rändern,

193 2818 77 26 von
301 2818 126 26 einem
456 2804 249 51 graulichen,
736 2803 342 51 sanguinoleuten,
1110 2802 168 39 fötiden,
1320 2802 302 36 eiterähnlichen
1651 2798 149 39 Ueber-

193 2872 77 38 zug
298 2860 187 38 bedeckt;
532 2858 60 39 die
631 2858 166 38 übrigen
826 2857 165 38 Formen
1030 2858 176 49 dagegen
1237 2854 377 39 Substanzverluste,
1657 2851 143 38 welche

193 2912 183 40 Anfangs
397 2913 72 38 mit
488 2918 192 45 pulpösen
700 2912 78 37 und
798 2910 271 39 nekrotischen
1090 2910 154 39 Massen
1265 2908 142 50 gefüllt
1427 2922 128 23 waren
1585 2906 77 38 und
1683 2906 118 38 deren

195 2980 234 27 eigentliche
459 2967 141 39 Grösse
631 2966 83 39 sich
744 2965 184 38 zuweilen
959 2967 80 36 erst
1068 2966 130 37 später
1227 2962 194 39 erkennen
1451 2962 107 46 liess,
1597 2973 110 25 wenn
1738 2958 61 39 die
