2107 3450
490 231 263 35 PATHOLOGY
787 233 54 29 OF
873 232 87 31 THE
994 232 151 31 MOTOR
1179 231 368 33 SPEECH-TRACTS.
1752 218 86 42 429

244 359 35 38 3.
316 356 167 41 Lesions
514 355 50 41 in
597 355 66 41 the
694 353 365 42 Pons.—Leyden
1095 366 85 28 was
1215 352 116 56 right
1355 352 140 42 when,
1527 352 46 40 in
1610 349 144 45 18G7,1
1788 349 54 42 he

183 428 177 56 pointed
384 432 76 38 out
479 427 96 41 that
594 427 43 40 in
660 425 183 41 relation
864 428 44 38 to
927 423 247 56 dysarthrie
1192 424 85 41 and
1297 423 223 42 anarthric
1538 421 304 45 disturbances

182 501 45 40 of
259 499 155 55 speech
439 499 162 41 lesions
624 497 47 43 of
691 497 75 43 the
791 510 108 42 pons
922 510 73 28 are
1019 497 48 40 of
1096 496 164 55 special
1296 496 283 54 importance.
1647 494 43 41 It
1723 497 120 38 must

183 572 50 41 be
259 568 292 46 leiaeiiibered
576 569 96 41 that
704 569 74 42 the
811 567 316 44 speech-tracts
1162 567 113 42 from
1310 566 73 42 the
1420 572 87 36 two
1542 564 300 56 hemispheres

179 659 70 25 arc
275 643 100 42 here
402 657 53 27 no
478 642 152 55 longer
665 640 160 56 widely
859 640 231 42 separated
1124 640 114 41 from
1272 638 107 43 each
1413 638 136 43 other.
1613 637 123 56 They
1771 650 73 29 are

185 713 184 45 brought
394 729 101 27 near
521 713 209 56 together,
745 727 112 28 even
881 713 44 41 in
953 713 73 42 the
1052 726 137 42 upper
1213 716 98 52 part
1329 711 48 42 of
1395 710 76 43 the
1494 724 124 43 pons,
1634 710 44 40 in
1702 709 142 41 which

183 788 102 42 they
312 787 55 42 lie
392 785 181 57 parallel
598 786 104 41 with
726 786 106 42 each
856 785 136 42 other.
1057 785 54 41 In
1137 784 74 43 the
1237 784 134 42 lower
1404 787 98 52 part
1535 783 44 41 of
1613 782 74 42 the
1719 795 126 42 pons,

184 860 137 54 again,
345 858 106 56 they
474 857 194 43 actually
692 871 115 29 cross
831 857 106 43 each
966 857 125 42 other
1125 857 45 41 in
1205 856 75 42 the
1315 855 165 42 middle
1514 855 103 52 line,
1640 869 57 27 on
1731 853 115 42 their

187 946 92 41 way
304 931 255 43 backwards
583 937 44 36 to
650 931 75 43 the
749 931 146 42 nuclei
918 931 47 41 of
996 930 74 42 the
1104 929 205 43 medulla.
1373 929 106 41 This
1513 926 262 57 disposition
1804 926 47 41 of

187 1005 71 40 the
293 1010 85 35 two
420 1009 132 37 tracts
589 1004 45 41 in
674 1004 75 42 the
789 1017 109 42 pons
937 1017 177 28 renders
1153 1002 122 42 them
1314 1001 133 43 liable
1487 1004 44 38 to
1569 1000 54 42 be
1661 998 186 43 affected

185 1074 223 56 together;
442 1075 88 42 and
554 1075 127 42 when
708 1073 103 44 tliey
835 1088 70 29 are
928 1073 235 57 destroyed
1185 1073 213 56 together,
1422 1071 108 43 total
1563 1070 285 43 anarthria—

187 1152 116 38 utter
325 1147 351 56 speechlessness
699 1147 87 42 and
804 1146 550 43 voicelessness—results.
1420 1145 45 41 It
1490 1144 90 41 will
1602 1144 53 42 be
1678 1143 170 55 readily

187 1219 266 42 understood
477 1219 98 42 that
597 1220 47 41 in
668 1219 108 42 such
809 1232 120 29 cases
962 1218 123 43 there
1118 1218 37 42 is
1188 1216 104 44 also,
1316 1231 46 28 as
1395 1231 25 27 a
1451 1216 108 51 rule,
1583 1214 109 43 total
1726 1229 123 41 para-

186 1291 143 56 plegia
375 1292 48 41 of
466 1291 105 42 both
620 1306 115 28 arms
782 1291 87 42 and
916 1290 117 57 legs;
1082 1305 48 27 as
1175 1290 74 42 the
1293 1288 179 58 general
1517 1292 140 38 motor
1711 1290 136 39 tracts

186 1364 111 41 from
321 1363 106 42 both
463 1363 300 56 hemispheres
796 1378 84 27 are,
902 1362 91 42 like
1028 1362 74 43 the
1135 1366 86 38 two
1254 1361 331 56 speech-tracts,
1607 1364 77 52 apt
1718 1364 43 37 to
1795 1359 53 42 be

187 1435 207 42 involved
419 1435 208 56 together,
650 1435 146 42 owing
818 1439 44 37 to
886 1434 115 43 their
1028 1434 336 55 juxtaposition.
1432 1433 158 42 Coarse
1612 1432 165 42 lesions
1802 1432 45 40 in

190 1508 72 42 the
286 1523 120 40 pons,
429 1508 109 43 such
560 1522 47 28 as
631 1522 231 41 apoplexy,
880 1507 234 56 softening,
1133 1507 86 41 and
1245 1512 189 36 tumour,
1452 1520 71 28 are
1548 1505 74 42 the
1645 1518 204 29 common

187 1594 150 27 causes
360 1580 48 41 of
426 1579 108 43 such
558 1579 109 43 total
693 1593 213 42 paralysis
929 1578 44 43 of
1006 1578 160 56 speech
1198 1577 88 43 and
1318 1576 48 43 of
1395 1581 236 51 voluntary
1655 1575 196 52 motion;

188 1651 85 42 and
297 1651 108 43 such
428 1652 150 42 effects
602 1666 71 28 are
697 1656 114 38 most
833 1655 77 38 apt
929 1655 43 38 to
992 1651 51 42 be
1063 1650 221 56 produced
1305 1650 126 43 when
1450 1649 76 42 the
1546 1663 147 28 coarse
1711 1648 139 43 lesion

189 1725 46 40 in
260 1724 71 42 the
354 1738 110 42 pons
494 1725 37 42 is
565 1724 167 42 central
764 1724 47 42 in
845 1724 57 42 its
935 1723 225 43 situation.
1227 1723 70 42 On
1331 1722 75 43 the
1439 1722 126 43 other
1596 1721 132 53 hand,
1754 1721 96 42 uni-

189 1796 153 43 lateral
364 1796 152 43 lesion,
541 1796 44 42 in
609 1797 76 42 the
710 1811 138 42 upper
871 1801 97 51 part
991 1796 45 41 of
1058 1796 75 42 the
1156 1810 123 41 pons,
1304 1809 102 42 may
1430 1794 179 43 involve
1642 1793 105 57 only
1771 1808 82 28 one

189 1868 44 43 of
257 1868 72 43 the
351 1869 176 56 general
553 1874 141 37 motor
717 1874 147 48 tracts,
887 1868 231 43 including
1141 1868 74 42 the
1239 1868 171 55 portion
1440 1868 48 41 of
1517 1867 36 42 it
1586 1866 99 43 that
1717 1867 136 41 forms

191 1941 73 42 the
303 1946 114 37 tract
454 1942 67 41 for
557 1941 186 56 speech;
780 1941 87 42 and
909 1941 73 42 the
1016 1940 139 43 result
1191 1940 90 43 will
1322 1940 106 43 then
1459 1940 67 43 be,
1560 1944 79 38 not
1670 1954 25 27 a
1728 1953 124 42 para-

192 2013 152 55 plegia,
383 2014 80 42 but
500 2028 25 27 a
562 2013 279 56 hemiplegia,
879 2013 88 42 and
1007 2018 76 37 not
1120 2027 58 27 an
1216 2012 227 42 anarthria
1481 2013 46 41 of
1563 2012 172 56 speech,
1774 2012 80 42 but

189 2100 24 26 a
251 2085 258 55 dysarthria.
574 2086 124 41 Even
731 2086 45 41 in
811 2085 108 42 such
953 2099 120 28 cases
1107 2085 46 41 of
1184 2084 237 42 unilateral
1456 2084 150 51 lesion,
1634 2084 219 54 however,

192 2158 71 41 the
300 2157 252 58 dysarthria
584 2159 38 41 is
655 2162 76 52 apt
764 2162 44 37 to
842 2157 52 42 be
932 2172 118 27 more
1087 2157 109 42 than
1231 2157 178 43 usually
1443 2172 175 38 severe;
1656 2157 200 50 because,

189 2228 128 55 along
342 2229 106 41 with
471 2229 272 42 destruction
767 2229 48 42 of
833 2243 82 28 one
939 2229 46 41 of
1006 2229 74 42 the
1098 2228 333 56 speech-tracts,
1446 2229 123 42 there
1588 2229 37 42 is
1644 2234 77 50 apt
1741 2234 43 37 to
1805 2229 51 42 be

188 2300 90 43 also
302 2314 118 29 more
453 2316 47 27 or
532 2301 86 42 less
651 2300 296 43 disablement
979 2301 45 42 of
1057 2301 75 43 the
1165 2301 138 51 other,
1337 2301 145 42 owing
1506 2307 43 36 to
1583 2315 202 42 pressure
1809 2316 47 27 or

189 2379 42 35 to
264 2372 224 43 collateral
511 2373 293 42 disturbance.
868 2373 92 42 The
985 2378 86 37 two
1093 2373 59 43 lie
1176 2388 47 28 so
1260 2389 102 27 near
1394 2374 108 42 each
1535 2374 128 42 other
1696 2374 47 41 in
1776 2373 77 43 the

193 2458 106 43 pons
323 2445 96 42 that
441 2459 82 29 one
546 2459 82 29 can
651 2444 194 44 scarcely
871 2445 51 43 be
945 2444 234 44 destroyed
1206 2445 189 43 without
1428 2445 110 44 such
1572 2445 284 44 disturbance

194 2516 44 42 of
261 2516 74 43 the
358 2517 135 44 other.

250 2589 54 42 In
326 2603 119 29 cases
469 2591 46 41 of
535 2590 167 42 central
726 2589 139 43 lesion
889 2590 45 42 of
969 2590 74 43 the
1066 2604 123 43 pons,
1216 2598 107 34 with
1351 2590 108 43 total
1482 2590 266 57 paraplegia,
1771 2589 88 43 and

191 2660 107 42 total
314 2661 227 56 paralysis,
556 2662 35 42 it
606 2677 100 40 may
722 2662 66 43 be,
801 2663 47 42 of
864 2662 73 43 the
955 2663 92 42 face
1067 2663 87 42 and
1170 2677 116 42 eyes,
1302 2677 47 28 as
1368 2662 100 43 well
1486 2677 47 28 as
1553 2662 109 43 total
1679 2662 180 57 speech-

192 2732 200 45 lessness,
407 2734 36 43 it
465 2735 49 42 is,
535 2735 19 42 I
575 2735 144 51 think,
736 2735 98 43 well
855 2736 64 42 for
936 2750 52 29 us
1008 2741 43 38 to
1071 2736 254 43 remember,
1343 2735 129 43 when
1490 2735 49 42 in
1558 2736 75 42 the
1653 2750 208 41 presence

193 2805 45 43 of
261 2805 72 44 the
355 2807 184 56 patient,
563 2807 98 43 that
684 2807 166 58 though
874 2808 55 43 he
953 2823 99 42 may
1078 2822 165 42 appear
1268 2814 42 37 to
1337 2808 52 43 be
1423 2808 270 57 profoundly
1718 2822 143 28 coma-

198 2885 90 37 tose
313 2879 53 43 he
391 2894 98 42 may
514 2880 150 56 really,
684 2881 66 41 for
771 2880 138 57 aught
934 2895 63 29 we
1022 2881 142 43 know,
1185 2881 51 43 be
1258 2881 244 42 conscious.
1573 2881 21 41 I
1619 2880 245 43 remember

199 2963 81 31 one
303 2965 97 29 case
422 2953 45 41 of
489 2952 90 42 this
602 2952 110 42 kind
735 2953 45 41 in
806 2952 144 44 which
975 2952 76 44 the
1073 2967 79 29 son
1176 2953 48 43 of
1250 2953 75 42 the
1358 2952 110 57 aged
1502 2952 183 57 patient,
1708 2959 158 49 sitting

483 3100 11 24 1
522 3099 167 38 Berliner
707 3100 105 38 Klin.
841 3101 257 47 IVochenschr.,
1120 3102 106 37 1867,
1247 3101 90 37 Nos.
1359 3102 33 46 7,
1412 3104 34 34 8,
1465 3101 76 37 and
1561 3104 32 34 9.
