2113 3404
872 230 87 32 THE
990 231 241 32 DISORDERS
1263 232 53 31 OF
1348 226 173 38 SPEECH.

373 215 84 45 372

375 361 86 43 any
505 350 240 53 specimens
787 352 46 39 of
876 350 163 55 lalling,
1082 351 291 57 stammering,
1416 350 181 42 syllable
1615 378 14 6 -
1649 348 250 56 stumbling,
1939 362 46 28 or

377 419 198 54 slurring.

439 488 70 56 (6.)
538 490 118 41 Look
685 490 65 42 for
779 490 224 43 evidences
1033 491 43 42 of
1104 492 190 41 amnesia
1322 491 197 42 verbalis,
1545 491 84 42 and
1654 491 58 41 its
1737 490 253 54 companion

376 564 254 50 symptoms,
652 560 273 42 articulative
954 561 192 41 amnesia
1175 561 87 41 and
1292 574 264 42 paraphasia.
1620 560 53 41 In
1697 559 130 56 doing
1848 573 60 28 so,
1928 572 64 29 we

379 629 157 41 should
550 630 118 41 show
683 630 73 41 the
773 631 169 53 patient
956 644 196 28 common
1170 631 161 54 objects
1349 633 84 40 and
1450 631 77 42 ask
1543 631 92 41 him
1653 635 43 37 to
1711 643 126 29 name
1852 629 118 42 them
1987 644 8 37 ;

378 699 98 53 and,
497 700 48 41 in
567 700 223 42 recording
812 701 67 41 his
897 715 198 28 answers,
1113 715 63 27 we
1194 701 153 41 should
1365 701 125 42 make
1508 706 101 36 note
1626 701 45 41 of
1685 700 245 42 difficulties
1947 699 45 41 in

380 771 315 54 remembering
717 784 153 37 nouns,
891 774 92 38 etc.,
999 784 46 28 as
1067 771 99 41 well
1187 785 45 28 as
1255 772 45 41 of
1318 772 206 41 mistakes
1545 772 46 40 in
1614 771 73 41 the
1709 785 75 27 use
1807 770 45 42 of
1865 770 128 42 them.

380 841 147 41 When
564 841 74 41 the
675 841 169 54 patient
874 841 37 41 is
944 841 253 54 practically
1230 841 145 42 dumb,
1409 855 63 28 we
1503 841 154 41 should
1688 845 86 37 test
1810 839 89 43 him
1931 841 65 40 for

381 911 195 42 amnesia
597 911 186 42 verbalis
806 911 58 55 by
887 911 152 41 asking
1060 911 92 41 him
1173 915 45 38 to
1247 912 122 42 write
1391 925 185 28 answers
1599 915 43 37 to
1665 916 245 50 questions;
1940 924 58 36 or,

380 979 37 40 if
449 978 55 42 he
536 984 159 36 cannot
726 983 136 45 write,
883 978 58 54 by
963 978 153 55 asking
1150 979 103 50 him,
1284 984 109 36 after
1424 979 277 41 Lichtheim's
1732 978 189 42 method,
1954 982 43 36 to

382 1048 190 42 indicate
595 1049 107 41 with
724 1049 68 41 his
814 1049 156 41 fingers
992 1048 74 42 the
1088 1050 184 41 number
1293 1050 47 41 of
1367 1048 204 43 syllables
1596 1049 47 41 in
1675 1049 73 41 the
1779 1062 146 28 names
1956 1048 46 41 of

383 1133 199 28 common
604 1119 162 54 objects
789 1118 150 42 shown
960 1122 44 38 to
1025 1118 103 42 him.
1192 1119 45 41 If
1255 1119 121 43 there
1399 1120 37 41 is
1462 1119 266 55 paraphasia,
1751 1133 62 28 we
1846 1119 153 42 should

381 1194 103 38 note
506 1190 194 42 whether
723 1190 72 41 the
816 1189 170 55 patient
1007 1190 36 41 is
1064 1189 297 56 immediately
1386 1190 221 42 conscious
1630 1190 43 41 of
1694 1190 73 41 the
1789 1203 131 28 errors
1943 1190 53 40 he

383 1261 151 41 makes
554 1261 47 41 in
633 1260 74 42 the
740 1274 76 28 use
851 1261 46 40 of
926 1274 152 38 nouns,
1111 1264 89 48 etc.,
1227 1275 57 27 or,
1308 1274 56 27 on
1394 1260 74 42 the
1500 1260 122 42 other
1653 1259 127 52 hand,
1811 1260 37 42 is
1879 1264 119 50 quite

385 1332 287 42 unconscious
695 1331 46 42 of
760 1331 130 42 them.

444 1401 76 56 (3.)
559 1402 104 40 How
683 1402 37 40 is
741 1401 36 41 it
798 1401 188 41 repeated
1006 1415 47 27 or
1073 1401 140 42 echoed
1228 1401 17 42 ?
1305 1400 89 42 The
1415 1400 169 56 patient
1606 1399 154 43 should
1781 1400 51 41 be
1853 1403 73 51 got
1957 1404 43 37 to

323 1474 15 14 "
386 1478 186 36 attempt
593 1472 74 42 the
689 1471 231 42 repetition
942 1485 47 28 or
1010 1471 181 42 echoing
1212 1471 44 42 of
1281 1471 138 42 words
1441 1471 163 42 spoken
1635 1476 44 36 to
1711 1470 100 41 him.
1874 1470 43 41 If
1947 1469 54 43 he

386 1544 37 41 is
461 1542 250 43 word-deaf,
747 1542 86 41 and
870 1546 159 37 cannot
1062 1542 266 42 understand
1361 1555 25 28 a
1418 1555 115 28 mere
1568 1540 146 42 verbal
1749 1545 173 50 request
1958 1545 43 36 to

387 1618 188 51 attempt
596 1614 99 41 this,
717 1613 74 41 the
814 1613 221 41 examiner
1055 1617 117 37 must
1193 1616 70 38 try
1281 1618 43 36 to
1345 1617 71 51 get
1433 1612 91 41 him
1542 1616 44 37 to
1602 1625 266 27 understand
1887 1616 115 36 what

386 1685 38 41 is
457 1684 171 42 wanted
660 1684 58 55 by
748 1683 177 55 putting
947 1683 73 42 the
1041 1687 173 38 request
1234 1683 47 41 in
1303 1683 73 41 the
1401 1683 209 55 language
1641 1682 43 41 of
1715 1695 170 42 gesture
1916 1681 86 41 and

387 1755 224 56 repeating
641 1754 75 42 the
737 1753 119 42 word
877 1767 47 28 or
944 1754 154 54 phrase
1121 1767 100 28 over
1252 1753 84 41 and
1359 1766 99 28 over
1480 1753 133 54 again.
1677 1751 43 41 If
1742 1751 73 42 the
1837 1755 167 51 patient

387 1827 37 41 is
456 1826 97 42 able
584 1830 44 37 to
651 1838 104 29 echo
778 1824 138 42 words
938 1838 47 28 or
1005 1825 188 54 phrases,
1215 1823 73 42 the
1319 1827 185 38 attempt
1535 1821 156 43 should
1722 1822 52 41 be
1805 1821 123 42 made
1957 1825 47 37 to

389 1897 213 42 ascertain
632 1895 203 43 whether,
857 1895 47 41 in
926 1894 131 56 doing
1077 1908 59 29 so,
1155 1894 56 42 he
1234 1893 286 42 understands
1544 1906 116 28 what
1681 1892 54 42 he
1755 1892 37 42 is
1814 1892 163 54 saying.

448 2040 219 42 Written
701 2037 324 54 Speech.—(1.)
1057 2037 108 41 How
1185 2036 38 42 is
1243 2036 36 42 it
1299 2036 177 41 received
1503 2035 88 42 and
1620 2033 282 56 interpreted?
1961 2033 45 41 Is

389 2111 75 42 the
487 2110 115 56 sight
622 2109 109 56 good
749 2112 15 39 ?
824 2109 46 41 Is
891 2108 299 54 hemianopsia
1211 2110 174 52 present
1400 2108 15 40 ?
1477 2106 44 42 Is
1542 2106 74 42 the
1638 2108 167 52 patient
1835 2104 94 42 able
1962 2108 43 36 to

390 2180 267 43 understand
679 2178 223 56 questions
924 2182 81 50 put
1027 2177 144 41 before
1192 2176 92 41 him
1307 2176 46 40 in
1376 2175 173 42 writing
1570 2188 47 27 or
1637 2174 46 41 in
1700 2177 126 51 print.
1888 2172 44 42 If
1952 2172 54 42 he

390 2252 38 42 is
451 2249 254 57 speechless,
727 2249 86 41 and
836 2251 157 39 cannot
1026 2247 57 55 by
1099 2247 136 41 speech
1266 2245 190 42 indicate
1478 2244 96 42 how
1605 2243 130 42 much
1765 2243 54 42 he
1852 2256 153 27 under-

392 2322 162 43 stands,
577 2334 118 29 show
717 2319 93 41 him
831 2319 47 41 in
900 2318 173 41 writing
1091 2331 45 27 or
1154 2317 47 41 in
1223 2315 118 55 print
1362 2315 106 42 such
1489 2318 193 51 requests
1704 2327 60 42 as,
1794 2317 20 16 "
1830 2313 86 41 Put
1932 2316 75 37 out

393 2408 109 41 your
524 2390 196 57 tongue,"
743 2393 20 19 "
779 2389 111 42 Give
913 2402 67 28 me
1011 2402 109 40 your
1150 2386 80 42 left
1261 2385 151 50 hand,"
1445 2389 101 47 etc.;
1577 2384 84 42 and
1693 2397 100 28 note
1825 2383 95 41 how
1952 2382 53 41 he

395 2463 206 43 complies
639 2460 107 42 with
783 2460 130 41 them.
977 2458 45 40 If
1061 2457 118 41 there
1221 2456 37 41 is
1300 2469 116 28 some
1456 2469 142 41 power
1639 2454 43 41 of
1721 2453 287 54 interpreting

397 2534 173 42 written
592 2546 46 28 or
659 2529 173 57 printed
864 2528 150 51 words,
1036 2532 72 37 try
1129 2531 44 37 to
1205 2526 211 42 ascertain
1446 2525 97 41 how
1569 2524 130 42 much
1729 2523 122 43 there
1881 2523 37 42 is
1949 2523 58 55 by

396 2604 154 43 asking
582 2602 73 42 the
687 2601 168 55 patient
877 2604 44 37 to
953 2598 100 42 read
1085 2596 177 43 silently
1285 2610 23 27 a
1330 2599 201 39 sentence
1553 2595 45 40 in
1619 2609 25 27 a
1666 2594 112 42 book
1800 2608 46 27 or
1871 2608 135 28 news-

395 2688 132 43 paper
548 2671 86 43 and
656 2670 107 42 then
794 2668 276 56 questioning
1101 2667 90 41 him
1223 2679 131 28 about
1379 2665 59 52 it;
1469 2664 185 55 framing
1675 2664 73 42 the
1770 2663 233 56 questions,

395 2746 37 41 if
452 2745 73 42 the
547 2745 169 54 patient
737 2741 37 41 is
796 2738 253 56 speechless,
1070 2738 47 40 in
1147 2736 106 42 such
1274 2749 25 28 a
1320 2748 179 29 manner
1530 2739 96 37 that
1653 2734 53 43 he
1728 2734 91 42 will
1841 2735 51 41 be
1913 2733 94 42 able

397 2821 44 38 to
464 2827 167 31 answer
653 2812 120 42 them
794 2811 58 54 by
874 2814 171 51 gesture
1068 2822 47 28 or
1135 2806 275 56 pantomime.

457 2885 78 56 (2.)
567 2882 107 44 How
694 2882 38 41 is
757 2881 34 41 it
814 2878 212 57 produced
1041 2878 17 42 ?
1117 2877 95 42 Ask
1243 2876 74 42 the
1348 2876 168 54 patient
1547 2879 43 38 to
1623 2875 120 41 write
1775 2875 67 41 his
1875 2888 132 27 name.

397 2957 45 43 If
462 2957 55 41 he
539 2952 214 51 succeeds,
770 2956 80 50 put
871 2949 154 55 simple
1047 2948 222 55 questions
1290 2951 44 37 to
1352 2946 102 52 him,
1471 2946 84 41 and
1577 2946 76 42 ask
1676 2946 90 41 him
1784 2950 43 37 to
1843 2958 166 28 answer

399 3029 121 42 them
551 3026 47 43 in
630 3023 183 43 writing.
877 3021 46 42 If
950 3020 54 42 he
1036 3022 144 39 writes
1212 3017 107 44 with
1356 3017 288 56 comparative
1676 3030 105 37 ease,
1812 3015 77 43 ask
1920 3014 90 42 him
