1933 3302
159 69 52 39 58
311 68 297 40 Unterscheidung
631 78 66 22 von
742 70 158 33 Wunden
925 71 56 31 bei
1004 71 141 41 Typhus
1169 74 69 30 und
1263 74 148 40 Pyämie.
1456 76 183 32 Prognose.

161 176 263 45 Vorderarm,
464 189 115 24 wenn
615 177 69 38 der
714 176 309 51 Hospitalbrand
1062 178 86 38 hier
1186 180 191 39 zwischen
1415 182 60 37 die
1512 182 153 40 Sehnen
1704 186 76 38 und

161 229 186 40 Muskeln
376 229 227 50 gekrochen
634 245 99 32 war,
775 234 155 48 zeigten
961 231 83 39 sich
1074 232 130 39 solche
1234 234 155 39 feuchte
1420 235 175 48 Punkte,
1635 238 144 38 welche

162 285 62 37 die
264 296 160 25 erneute
465 282 265 52 Anwendung
769 299 73 24 von
885 284 234 48 Glüheisen,
1167 288 124 38 denen
1335 289 189 38 zuweilen
1568 291 212 39 besondere

161 338 171 39 Formen
362 338 181 50 gegeben
575 339 158 38 werden
765 352 185 30 mussten,
981 339 140 51 nöthig
1151 342 193 38 machten.
1403 342 85 39 Auf
1514 344 68 37 der
1611 345 169 38 anderen

162 391 108 40 Seite
299 391 70 38 hat
398 405 90 24 man
528 392 102 38 auch
667 392 241 49 umgekehrt
946 393 111 37 darin
1093 394 171 49 gefehlt,
1304 397 86 37 dass
1420 410 90 24 man
1541 397 60 38 die
1632 397 148 50 Folgen

163 447 70 37 der
254 444 186 51 Aetzung
471 445 64 39 für
566 447 62 37 ein
658 445 162 39 Recidiv
852 447 66 37 des
950 446 353 50 Hospitalbrandes
1333 450 130 40 nahm.
1509 450 160 39 Heine
1699 452 81 47 sah,

163 501 87 37 dass
281 499 207 39 erfahrene
518 500 248 38 Beobachter
798 501 66 37 das
892 499 214 40 Glüheisen
1136 503 39 38 in
1204 503 196 50 planloser
1422 504 134 38 Weise
1586 505 75 37 und
1694 519 88 24 zum

161 567 165 38 grossen
348 552 180 40 Schaden
548 555 64 37 für
642 555 61 37 die
725 554 190 38 Kranken
947 555 123 38 selbst
1101 556 48 38 da
1179 559 244 37 anwandten,
1457 571 58 25 wo
1546 559 60 37 die
1627 558 153 39 Brand-

163 608 155 39 schorfe
340 622 139 36 wegen
500 621 251 39 gesunkener
774 608 408 51 Reactionsfähigkeit
1203 612 66 38 des
1292 612 259 38 Organismus
1572 613 81 37 sich
1674 626 107 25 nicht

162 662 93 38 früh
285 676 134 37 genug
448 663 109 38 lösen
587 662 172 46 wollten,
791 663 79 37 und
900 662 184 39 überdies
1116 665 85 38 eine
1230 670 222 34 ödematöse
1482 665 298 40 Wundschwel-

162 716 98 39 lung
291 718 235 37 entstanden
556 731 92 23 war.

297 770 82 39 Das
400 770 207 39 Aussehen
640 772 67 37 der
728 771 187 38 Wunden
944 770 64 38 bei
1039 771 407 50 Typhuskranken
1477 774 89 38 und
1596 774 184 50 Pyämi-

165 825 144 38 schen
329 826 52 37 ist
400 826 40 36 in
462 825 260 38 Einzelfällen
743 824 250 39 irrthümlich
1014 825 56 38 als
1088 825 308 51 Hospitalbrand
1417 828 186 49 gedeutet
1624 828 157 38 worden

165 880 80 37 und
274 880 70 38 hat
374 879 104 38 wohl
507 880 52 37 im
581 880 279 49 Allgemeinen
881 893 68 23 zur
970 878 264 52 Befestigung
1264 882 67 37 der
1352 881 128 38 Lehre
1509 882 271 49 beigetragen,

166 935 89 37 dass
295 935 106 37 diese
440 934 142 38 beiden
612 933 275 39 Krankheiten
926 933 229 51 ätiologisch
1195 935 190 38 identisch
1417 936 117 37 seien.
1594 935 188 38 Dennoch

164 989 125 38 findet
316 1002 92 24 man
438 988 194 38 zwischen
664 989 73 37 den
768 988 186 38 Wunden
987 987 207 50 Typhöser
1232 990 77 37 und
1349 990 74 37 den
1453 989 328 50 Hospitalbrand-

168 1043 259 51 geschwüren
457 1043 191 37 keinerlei
670 1042 301 44 Aehnlichkeit;
1005 1045 147 36 erstere
1173 1043 121 38 fallen
1317 1043 100 37 wohl
1443 1043 188 38 zuweilen
1661 1043 120 38 durch

168 1098 87 37 eine
285 1110 136 38 grosse
454 1096 270 39 Trockenheit
753 1097 77 37 und
862 1096 401 39 Reactionslosigkeit
1292 1098 78 37 auf.
1428 1097 73 38 Bei
1529 1096 252 51 pyäniischen

168 1152 79 37 und
279 1151 223 38 septischen
526 1151 191 38 Kranken
736 1151 94 38 fand
851 1164 88 24 man
972 1151 240 38 namentlich
1239 1152 40 37 in
1310 1151 368 38 vorantiseptischer
1699 1150 85 38 Zeit

170 1207 61 37 die
262 1205 188 38 Wunden
481 1205 187 39 zuweilen
701 1208 72 35 mit
803 1204 352 39 eitrig-fibrinösen
1186 1204 229 39 Schwarten
1453 1205 177 37 bedeckt.
1689 1204 96 38 Die-

168 1261 137 38 selben
334 1260 131 38 haben
494 1263 72 35 mit
587 1259 312 39 Hospitalbrand
929 1258 127 39 nichts
1087 1273 47 24 zu
1162 1260 99 37 thun
1281 1260 78 37 und
1381 1259 154 37 dürften
1558 1258 97 38 auch
1686 1258 101 38 wohl

168 1316 122 38 kaum
319 1315 73 37 mit
423 1315 107 37 einer
559 1314 395 50 hospitalbrandigen
983 1312 194 40 Infection
1215 1328 47 23 zu
1294 1313 265 38 verwechseln
1596 1313 102 45 sein,
1739 1312 47 38 da

168 1383 137 26 ausser
344 1369 89 38 dem
462 1369 128 38 Belag
629 1369 61 38 die
730 1369 172 37 anderen
940 1367 64 38 für
1048 1368 104 37 diese
1191 1367 396 38 charakteristischen
1618 1366 168 38 Zeichen

168 1424 146 39 fehlen.
355 1423 75 38 Die
454 1437 46 25 an
524 1423 80 38 sich
625 1421 408 40 unwahrscheinliche
1058 1422 256 39 Aeusserung
1335 1421 193 38 Heine's
1558 1421 228 49 gegenüber

169 1478 279 40 Pirogoff's
487 1479 79 37 und
605 1478 199 50 König's
844 1477 356 50 Beobachtungen,
1241 1477 87 37 dass
1366 1490 40 24 es
1443 1475 82 38 sich
1563 1475 62 38 bei
1655 1474 131 38 diesen

168 1533 141 39 Fällen
348 1532 98 38 doch
485 1546 67 24 um
587 1532 313 50 Hospitalbrand
941 1530 214 52 gehandelt
1197 1531 120 37 habe,
1363 1529 167 39 welcher
1567 1531 71 35 mit
1674 1528 111 49 rapid

168 1586 435 52 septico-pyämischen
651 1585 540 50 Allgemeinerscheinungen
1241 1584 204 38 verlaufen
1499 1583 80 37 und
1626 1582 158 38 deshalb

170 1645 197 36 verkannt
396 1641 73 39 sei,
500 1641 145 38 bedarf
669 1641 65 37 für
765 1641 75 37 den
870 1640 122 37 Leser
1023 1640 68 37 der
1121 1639 268 38 betreffenden
1420 1637 199 38 Literatur
1649 1636 136 38 keiner

170 1697 304 49 Widerlegung.

435 1999 88 55 IV.
591 1999 272 53 Prognose
905 1996 89 55 des
1035 1992 488 72 Hospitalbrandes.

299 2139 89 40 Alle
419 2139 246 40 Beobachter
699 2139 86 38 sind
821 2137 166 39 darüber
1025 2136 120 50 einig,
1189 2135 86 37 dass
1315 2132 60 38 die
1405 2130 245 51 Vorhersage
1688 2129 97 38 über

170 2197 74 37 den
274 2198 184 36 weiteren
477 2194 169 39 Verlauf
671 2193 81 38 und
782 2193 73 38 den
875 2190 192 52 Ausgang
1097 2202 105 25 eines
1223 2187 126 39 Falles
1379 2199 76 25 von
1477 2182 306 52 Hospitalbrand

169 2250 185 39 unsicher
391 2250 58 38 sei
486 2250 79 37 und
597 2261 227 25 ausserhalb
864 2246 94 38 aller
989 2244 258 49 Berechnung
1283 2241 113 50 liege.
1455 2237 222 51 Delpech
1714 2236 68 38 be-

169 2305 177 39 zeichnet
376 2305 75 38 den
480 2302 309 40 Hospitalbrand
824 2314 56 24 als
917 2300 84 38 eine
1036 2312 115 24 unter
1180 2297 102 38 allen
1310 2294 242 39 Umständen
1591 2303 192 26 missHche

169 2360 80 38 und
277 2359 235 51 Besorgniss
544 2370 212 39 erregende
778 2352 419 41 Wundcomplication.
1247 2349 130 39 Selbst
1406 2345 259 41 anscheinend
1685 2357 98 38 ganz

169 2414 143 40 leichte
341 2413 168 39 Formen
539 2411 268 40 exacerbirten
837 2411 110 37 nicht
976 2411 123 35 selten
1127 2417 236 27 unerwartet
1391 2402 78 38 und
1499 2400 186 50 schlugen
1716 2398 67 37 da-

171 2469 123 39 durch
324 2468 70 38 auf
422 2467 141 39 einmal
592 2467 40 37 in
662 2478 182 31 schwere,
876 2462 243 52 gefährliche
1150 2474 77 25 um.
1275 2456 193 40 Fischer
1489 2454 78 38 will
1596 2454 40 37 in
1656 2463 129 38 wenig

171 2524 176 39 Stunden
377 2522 143 39 leichte
550 2518 469 40 Hospitalbrandformen
1055 2517 41 37 in
1131 2528 88 25 sehr
1248 2525 170 26 schwere
1447 2506 237 40 verwandelt
1712 2518 70 37 ge-

171 2592 121 25 sehen
329 2577 145 39 haben,
517 2574 144 39 welche
698 2574 66 37 das
794 2572 133 38 Leben
967 2572 66 36 des
1064 2569 187 39 Kranken
1286 2565 69 38 auf
1387 2565 67 37 das
1491 2573 188 27 ernsteste
1714 2559 68 38 be-

171 2633 177 39 drohten.
408 2631 74 38 Die
511 2628 246 40 Beobachter
787 2627 67 37 der
883 2638 170 26 neueren
1081 2623 85 39 Zeit
1194 2620 136 39 fühlen
1361 2617 80 38 sich
1472 2617 67 37 der
1568 2613 216 40 Krankheit

171 2688 226 51 gegenüber
427 2698 170 25 sicherer
625 2682 79 38 und
734 2680 140 39 stellen
899 2679 161 39 deshalb
1092 2677 100 39 auch
1220 2675 51 38 im
1292 2671 284 51 Allgemeinen,
1606 2668 176 38 nament-

171 2743 78 38 Hch
269 2741 54 38 im
344 2754 129 26 ersten
489 2739 185 39 Anfange
696 2736 67 38 der
787 2734 231 39 Krankheit,
1043 2733 59 37 die
1129 2731 197 38 Prognose
1348 2726 142 37 besser.
1521 2720 262 42 Neudörfer

171 2796 232 50 behauptet,
445 2795 88 37 dass
569 2806 41 26 es
638 2790 80 39 fast
747 2791 95 37 stets
873 2788 87 37 dem
990 2786 118 39 Arzte
1147 2796 171 39 gehnge,
1364 2780 84 37 dem
1480 2776 304 50 Hospitalbrand

173 2850 162 38 Einhalt
364 2864 46 24 zu
439 2849 110 38 thun,
582 2859 112 26 wenn
726 2857 40 24 er
793 2842 89 38 früh
912 2854 132 38 genug
1074 2836 198 51 eingreife.
1321 2833 149 50 Nagel
1499 2831 69 38 sah
1593 2843 39 24 in
1652 2840 131 25 seinen

172 2904 136 39 Fällen
359 2905 74 37 den
477 2903 192 49 Ausgang
712 2897 40 39 in
795 2896 175 38 Heilung
1012 2894 63 39 bei
1112 2893 170 37 Weitem
1326 2901 60 25 am
1430 2886 236 49 häufigsten,
1706 2886 78 33 und
