1459 2701
328 93 217 53 Pathology
561 92 54 53 of
620 94 61 39 the
698 89 209 46 intestinal
926 93 135 41 Canal.
1418 87 27 43 S

46 199 107 41 cular
172 204 126 35 action
317 213 88 40 may
423 200 77 40 also
519 201 49 39 be
586 202 252 54 unimpeded,
859 204 76 40 and
955 218 88 38 may
1057 203 49 39 be
1121 200 74 41 still
1210 210 109 30 mofe
1338 201 100 41 like-

45 256 39 52 ly
104 263 40 31 to
162 255 48 39 be
227 255 221 45 increased;
475 256 69 39 but
573 256 110 39 when
715 259 66 39 the
812 259 281 39 inflammation
1124 258 40 39 in
1197 257 124 39 either
1350 270 88 27 case

45 309 161 39 extends
225 316 40 32 to
285 318 65 31 the
369 322 189 27 muscular
585 319 100 39 coat,
707 322 65 30 the
790 323 213 45 symptoms
1019 328 87 39 pass
1138 314 84 38 into
1251 322 110 30 those
1390 312 48 40 of

45 363 106 39 ileus.

100 417 128 40 These
246 419 235 51 conjectures
501 420 235 38 correspond
765 421 90 39 with
886 431 66 31 the
970 437 247 38 phenomena
1236 422 124 40 which
1382 435 57 28 w'e

44 471 158 40 observe
223 472 38 38 in
281 473 163 39 diseases
464 473 45 38 of
534 473 75 39 this
628 474 105 39 class.
796 476 81 39 We
896 478 83 38 find
1000 479 287 54 inflammatory
1308 493 130 38 symp-

43 532 100 32 toms
175 526 38 38 in
249 537 64 29 the
346 528 207 47 abdomen,
573 529 213 39 connected
807 531 91 39 with
928 547 22 23 a
981 534 153 38 natural
1167 534 78 38 and
1278 534 159 53 healthy

43 588 96 30 state
167 580 47 38 of
239 590 65 29 the
323 592 129 29 action
481 581 45 39 of
552 584 65 38 the
646 585 194 38 intestinal
872 599 135 34 canal;
1040 589 77 38 and
1138 603 56 25 we
1225 588 81 40 find
1328 589 107 40 them

37 635 215 39 connected
271 636 90 39 with
381 636 204 39 diarrhoea.
642 636 47 40 In
712 639 93 38 both
828 648 106 32 these
953 642 234 49 conditions,
1205 644 66 39 the
1285 644 149 41 disease

40 701 90 39 may
150 688 48 40 be
217 689 89 38 fatal
327 691 160 38 without
513 692 258 52 interruption
800 694 47 39 of
873 696 66 39 the
966 697 195 39 intestinal
1190 707 146 39 action,
1358 700 79 40 and

39 751 66 43 yet
123 757 130 38 proofs
272 743 46 39 of
341 753 99 31 most
458 747 193 39 extensive
671 748 279 41 inflammation
972 765 89 38 may
1081 751 48 39 be
1147 751 122 41 found
1290 767 51 26 on
1362 755 77 39 dis-

39 807 145 29 section
201 812 11 32 j
243 812 91 31 and,
354 813 50 25 on
426 807 64 32 the
516 801 112 38 other
648 802 120 48 hand,
790 818 22 24 a
840 819 86 25 case
945 820 87 38 may
1055 807 114 38 begin
1192 808 91 39 with
1313 824 23 23 a
1364 823 72 26 na-

38 852 99 37 tural
157 859 95 32 state
271 852 45 39 of
338 852 65 40 the
422 854 151 48 bowels,
595 870 46 24 or
660 857 91 39 with
772 857 209 50 diarrhoea,
1003 875 93 33 and,
1119 871 40 30 at
1187 877 23 23 a
1240 877 107 27 more
1366 865 71 39 ad-

37 906 146 39 vanced
203 907 148 52 period,
372 922 86 39 may
479 923 86 38 pass
584 910 83 39 into
687 911 106 40 ileus.
852 915 49 37 In
936 926 233 29 connection
1202 918 93 38 with
1326 919 109 40 these

37 960 176 39 varieties
232 961 39 38 in
292 969 65 31 the
376 977 224 38 symptoms,
622 980 56 25 we
707 967 96 48 find,
824 969 39 38 in
885 970 67 38 the
972 970 89 39 fatal
1083 986 117 34 cases,
1220 973 215 42 diversities

37 1014 151 53 equally
219 1015 213 52 important
463 1019 39 38 in
537 1027 65 31 the
634 1021 152 39 morbid
819 1037 271 38 appearances.
1149 1027 48 39 In
1232 1041 117 41 many
1379 1044 57 25 we

37 1067 82 39 find
139 1083 197 38 gangrene
355 1072 204 40 combined
592 1074 90 39 with
702 1075 220 52 deposition
953 1080 47 38 of
1022 1081 226 53 coagulable
1268 1083 133 53 lymph
1422 1101 13 31 ;

37 1121 71 40 but
123 1122 39 38 in
182 1138 106 24 some
306 1139 56 25 we
390 1125 80 40 find
490 1136 195 31 extensive
703 1144 199 38 gangrene
922 1134 163 40 without
1103 1136 75 39 this
1198 1137 237 40 deposition,

34 1175 126 49 while,
180 1178 40 38 in
240 1186 144 39 others,
405 1195 55 24 we
487 1182 159 40 observe
674 1185 94 38 such
798 1187 218 52 deposition
1036 1191 39 38 in
1106 1199 111 44 great
1236 1195 196 52 quantity,

35 1239 163 31 without
217 1240 65 31 the
301 1233 173 53 slightest
493 1251 241 37 appearance
752 1239 47 40 of
819 1251 208 43 gahgrene.
1086 1245 116 48 Now,
1225 1248 67 39 the
1310 1249 123 40 depo-

35 1284 116 39 sition
180 1286 46 38 of
246 1289 223 51 coagulable
495 1290 134 53 lymph
661 1294 31 37 is
720 1295 187 54 probably
928 1307 108 33 to.be
1055 1303 227 38 considered
1305 1318 40 24 as
1366 1304 67 41 the

33 1339 122 39 result
176 1340 45 37 of
235 1341 281 41 inflammation
537 1345 47 38 of
607 1354 65 31 the
693 1350 226 52 peritonaeal
940 1367 99 36 coat,
1060 1355 111 40 while
1191 1364 66 31 the
1277 1372 156 26 muscu-

32 1391 59 40 lar
119 1401 101 40 coat,
242 1393 20 39 I
291 1396 183 53 imagine,
495 1399 30 38 is
553 1406 41 32 to
625 1400 48 39 be
700 1403 144 40 viewed
873 1419 40 25 as
940 1415 66 31 the
1033 1419 81 29 seat
1145 1412 46 36 of
1217 1423 215 43 gangrene.

34 1445 89 41 The
142 1456 75 31 two
237 1463 269 39 appearances,
525 1453 154 48 indeed,
699 1471 66 25 are
793 1473 89 38 very
902 1460 105 40 often
1039 1465 221 47 combined,
1292 1467 82 49 but,
1404 1468 37 40 if

33 1500 76 39 this
129 1501 222 42 distinction
372 1505 47 39 be
438 1517 161 39 correct,
621 1510 29 39 it
671 1511 71 38 will
770 1511 147 42 furnish
946 1531 45 24 us
1021 1519 88 38 with
1132 1534 22 24 a
1174 1521 182 41 criterion
1379 1522 52 53 by

31 1553 127 41 which
178 1571 55 25 we
252 1571 86 40 may
352 1560 134 52 judge,
508 1563 40 39 in
572 1577 116 40 many
709 1580 115 35 cases,
846 1571 47 36 of
916 1578 67 32 the
1000 1586 172 41 primary
1192 1584 80 30 seat
1292 1576 46 39 of
1364 1577 67 41 the

29 1611 160 47 disease,
210 1613 77 38 and
307 1627 105 27 some
432 1617 170 53 singular
621 1619 93 41 facts
734 1636 118 25 occur
881 1639 39 24 as
949 1634 66 31 the
1042 1629 118 38 result
1189 1629 47 41 of
1259 1632 76 39 this
1365 1633 62 40 in-

29 1665 242 51 vestigation.
329 1668 46 38 In
405 1677 109 33 those
538 1686 104 27 cases
672 1675 126 40 which
819 1692 64 25 are
901 1681 200 55 primarily
1121 1684 306 53 inflammatory,

28 1724 86 32 that
134 1732 44 34 IS,
200 1720 282 56 distinguished
502 1726 99 41 from
622 1739 66 29 the
707 1744 333 30 commencement
1071 1738 46 53 by
1139 1741 105 51 pain,
1272 1743 156 40 tender-

28 1783 103 35 ness,
159 1774 75 39 and
256 1775 114 50 fever,
390 1793 198 38 gangrene
608 1784 30 38 is
668 1793 70 31 not
766 1799 42 25 so
836 1787 179 55 frequent
1034 1807 40 25 as
1104 1807 56 27 we
1189 1810 66 25 are
1283 1807 68 40 apt
1384 1808 42 31 to

28 1839 190 39 suppose}
252 1830 78 39 and
349 1840 30 30 It
397 1845 91 42 very
507 1850 123 41 rarely
651 1854 135 25 occurs
806 1845 260 42 uncombined
1089 1849 91 40 with
1206 1862 221 38 gelatinous

32 1883 243 48 deposition;
307 1886 109 40 while
434 1901 39 25 in
503 1898 109 34 those
638 1908 104 25 cases
770 1895 126 40 which
926 1899 115 55 begin
1061 1919 41 24 as
1131 1905 109 47 ileus,
1262 1903 84 44 that
1375 1910 47 45 is,

26 1935 93 38 with
158 1937 239 42 obstruction
420 1943 46 38 of
491 1944 66 41 the
587 1948 158 46 bowels,
774 1951 163 41 without
969 1956 103 41 fever
1104 1974 45 25 or
1183 1962 241 48 tenderness,

26 2001 198 39 gangrene
248 1994 73 39 will
349 1995 47 39 be
423 1997 121 41 found
572 2009 40 32 to
641 2003 48 39 be
720 2018 91 39 very
830 2020 197 36 common,
1047 2015 78 38 and
1146 2015 216 50 frequently
1382 2026 43 32 to

27 2055 118 27 occur
172 2055 162 32 without
360 2050 216 52 gelatinous
607 2057 231 53 deposition.
895 2063 89 50 But,
1021 2067 158 50 farther,
1208 2072 30 38 it
1270 2071 74 39 will
1374 2072 49 40 be

26 2102 137 42 tound,
185 2108 98 40 that,
303 2117 40 25 in
364 2108 142 38 several
526 2110 46 38 of
592 2119 66 30 the
678 2126 102 27 cases
801 2115 123 42 which
946 2123 232 40 terminated
1207 2123 50 51 by
1277 2127 148 38 exuda-

26 2156 84 33 tion
130 2161 159 34 without
308 2172 211 38 gangrene,
540 2171 109 32 there
668 2180 75 24 was
762 2182 52 26 no
835 2171 238 45 obstruction
1105 2178 46 39 of
1176 2179 66 39 the
1263 2181 157 47 bowels,

25 2217 46 24 or
89 2214 69 31 not
186 2211 56 35 till
263 2224 48 25 an
330 2213 197 42 advanced
548 2219 134 49 period
704 2221 45 38 of
772 2224 65 39 the
864 2227 160 50 disease,
1046 2233 113 39 while
1192 2242 68 31 the
1291 2249 131 24 symp-

717 2290 49 24 """
924 2286 137 49 period
1094 2289 40 36 in
1168 2296 111 32 those
1314 2304 106 27 cases

251 2327 109 31 there
382 2336 75 25 was
490 2334 194 31 extensive
715 2345 222 39 gangrene:
969 2341 79 38 and
1080 2341 41 38 in
1154 2355 85 26 case
1259 2347 85 45 9th,
1380 2347 42 39 in

23 2364 125 41 which
169 2378 107 32 there
306 2387 97 26 were
421 2373 96 43 both
548 2389 193 34 extensive
774 2391 211 41 exudation
1017 2395 78 38 and
1124 2410 212 38 gangrene,
1357 2401 68 41 the

25 2424 193 38 intestinal
236 2437 127 28 action
383 2443 76 24 was
487 2440 38 31 at
554 2433 82 42 first
664 2448 163 42 natural,
859 2448 77 37 and
966 2448 222 41 afterwards
1217 2461 109 33 there
1353 2471 66 24 oc-

412 2484 71 81 fA
1281 2510 77 38 nd
1393 2509 37 39 if

30 2541 80 75 an?
195 2585 63 33 Th
282 2549 20 24 "
505 2540 223 66 '^y.^ther
755 2550 258 54 observation,
1043 2566 90 46 they
1162 2576 65 25 are
1256 2564 165 39 import-

284 2602 23 40 y
340 2604 87 39 give
454 2598 264 44 considerable
749 2607 235 57 probability
1013 2620 40 32 to
1082 2622 66 34 the
1177 2624 245 34 conjectures
