1933 3302
677 147 33 32 b.
736 148 208 43 Zerstörung
967 150 59 32 des
1050 151 341 34 Subcutangewebee.

227 143 53 38 32

225 249 273 47 innehaltend,
546 252 40 38 in
624 254 131 40 Breite
793 257 78 38 und
901 257 110 39 Tiefe
1049 273 46 24 zu
1134 260 158 39 erbsen-
1324 263 58 38 bis
1425 278 254 37 nussgrossen
1708 267 126 40 Haut-

225 305 310 49 perforationen,
568 308 146 38 welche
746 310 73 38 den
849 317 290 45 ausgepräjrten
1170 314 213 40 Charakter
1412 318 66 37 des
1508 318 325 40 Hospitalbrand-

226 359 248 48 geschwüres
505 363 180 48 trugen".
745 363 53 38 Es
830 364 127 39 dürfte
987 366 109 37 nicht
1125 369 374 39 unwahrscheinlich
1529 373 93 44 sein,
1654 374 85 38 dass
1769 376 66 38 der

225 410 135 40 Grund
396 413 124 38 dieser
551 414 116 40 Form
704 417 64 38 des
800 417 351 50 Hospitalbrandes
1189 421 121 39 durch
1348 425 66 36 das
1457 425 194 39 bekannte
1691 427 144 39 Ekzem

225 465 135 51 gelegt
380 467 109 45 wird,
522 469 167 39 welches
720 484 42 24 so
783 470 134 51 häufig
939 472 39 38 in
1000 472 67 38 der
1087 473 238 54 Umgebung
1345 478 297 45 absondernder,
1674 485 160 34 nässen-

224 520 69 37 der
314 520 148 38 Stellen
484 523 183 46 entsteht,
699 524 238 39 namentlich
959 539 112 25 wenn
1092 527 59 37 die
1174 528 288 53 Absonderung
1492 534 343 39 ammoniakalisch

225 574 93 38 oder
354 578 109 35 sonst
500 577 154 38 reizend
692 578 60 37 ist.
818 578 111 38 Nach
968 580 123 38 dieser
1121 580 203 41 Annahme
1365 585 158 37 würden
1561 587 59 37 die
1668 587 165 38 Ekzem-

224 628 187 38 bläschen
440 631 190 37 secundär
659 631 338 52 hospitalbrandig
1027 634 231 40 erkranken.
1318 638 110 38 Doch
1466 639 50 37 ist
1554 652 39 25 es
1631 640 204 40 immerhin

226 682 184 51 möglich,
442 684 88 38 dass
562 685 60 37 die
653 684 222 39 Krankheit
904 687 146 49 primär
1079 688 40 38 in
1150 689 59 38 die
1231 689 211 41 Schweiss-
1473 693 79 37 und
1572 692 262 41 Talgdrüsen-

224 736 215 51 öffnungen
470 738 230 38 eindringen
730 739 115 37 kann.

358 791 117 39 Diese
506 791 74 38 Art
610 793 68 37 der
705 792 264 52 Verbreitung
998 795 96 38 wird
1124 809 74 25 von
1229 797 204 47 Trotter,
1465 800 173 45 Dowal,
1671 801 162 46 Follin,

225 843 227 52 Delpech,
486 845 218 49 Ollivier,
735 846 230 47 Salleron,
998 848 193 47 Bourot,
1223 865 33 23 v.
1289 851 136 39 Pitha
1453 854 78 37 und
1559 868 74 23 von
1655 854 181 40 Anderen

224 897 267 41 beschrieben.
543 899 181 47 Tribes,
757 901 165 38 welcher
952 902 55 39 sie
1037 904 102 37 1872
1170 903 52 38 im
1255 904 160 50 Höpital
1440 906 152 38 Kochin
1621 908 79 46 sah,
1732 910 105 37 stellt

225 952 56 38 sie
326 953 56 38 als
422 953 84 39 eine
544 954 213 39 besondere
794 955 118 38 Form
956 956 65 38 des
1059 956 349 50 Hospitalbrandes
1447 960 82 45 auf,
1575 961 167 38 nämlich
1781 963 54 37 als

231 1006 167 46 „forme
420 1008 548 50 vdsiculo-pustuleuse".
1006 1010 125 38 Wenn
1152 1011 82 38 sich
1256 1012 102 38 diese
1379 1014 318 49 punktförmigen
1717 1015 117 39 Ulce-

224 1061 181 38 rationen
434 1062 39 37 in
502 1062 145 38 breiter
667 1062 104 38 Zone
801 1077 66 24 um
898 1064 60 38 die
979 1064 154 39 Wunde
1164 1066 92 38 oder
1291 1067 98 38 auch
1417 1067 136 39 immer
1581 1082 76 24 von
1685 1068 152 39 Neuem

225 1115 143 46 bilden,
387 1116 81 38 sich
485 1116 103 38 dann
603 1122 253 45 vergrössern
876 1119 79 37 und
971 1119 298 47 verschmelzen,
1288 1134 41 24 so
1345 1121 105 38 kann
1466 1122 119 37 durch
1601 1122 103 38 diese
1721 1122 116 39 Form

224 1169 116 39 rasch
370 1170 85 38 eine
490 1184 134 37 grosse
654 1171 142 38 Fläche
827 1172 67 38 der
924 1172 107 38 Haut
1067 1173 335 39 hospitalbrandig
1437 1189 45 23 zu
1513 1174 154 40 Grunde
1696 1177 137 50 gehen.

419 1300 37 31 b.
481 1299 258 40 Yerbreitang'
764 1300 64 32 des
854 1301 340 40 Hospitalbrandes
1220 1302 49 31 im
1293 1301 356 35 Subcutangewebe.

355 1386 46 39 In
417 1388 75 38 den
513 1390 166 36 meisten
691 1387 139 38 Fällen
850 1388 122 49 pflegt
994 1389 66 37 der
1075 1388 112 38 Rand
1203 1390 64 38 des
1285 1389 549 52 Hospitalbrandgeschwüres

225 1442 111 37 mehr
365 1442 93 38 oder
485 1442 172 50 weniger
687 1442 249 38 unterminirt
965 1456 46 24 zu
1040 1443 99 47 sein,
1172 1444 98 38 doch
1299 1458 52 24 so,
1384 1444 86 38 dass
1502 1444 66 38 der
1597 1445 143 38 Zerfall
1770 1446 66 36 der

224 1496 303 38 unterminirten
556 1496 107 38 Haut
700 1497 71 36 mit
809 1497 67 37 der
909 1496 321 53 ünterminirung
1259 1497 275 51 gleichmässig
1562 1498 272 39 fortschreitet.

225 1551 81 37 Der
345 1551 272 38 unterminirte
658 1550 205 38 Hautrand
901 1550 96 38 wird
1037 1551 151 46 violett,
1232 1552 133 38 livide,
1410 1552 101 37 dann
1552 1553 168 37 schwarz
1758 1553 78 37 und

225 1605 204 38 zerfliesst,
471 1606 142 37 ebenso
644 1605 70 38 wie
746 1605 67 37 der
844 1604 378 52 Geschwürsgrund,
1265 1621 46 23 zu
1350 1606 104 38 einer
1483 1606 352 51 schwarz-grauen

225 1659 270 51 schmutzigen
524 1659 141 39 Masse.
725 1659 196 37 Zuweilen
959 1659 106 38 kann
1102 1659 125 39 dieser
1258 1660 158 38 Process
1455 1660 88 38 sehr
1578 1661 132 37 rapide
1748 1673 87 24 ver-

225 1714 134 37 laufen
387 1715 81 36 und
497 1714 114 38 rasch
639 1726 134 38 grosse
803 1712 272 51 Ausdehnung
1111 1714 209 38 erreichen,
1378 1728 33 23 v.
1444 1713 136 38 Pitha
1617 1714 220 38 beschreibt

225 1768 122 38 Fälle,
368 1768 41 38 in
430 1769 126 37 denen
582 1782 88 32 „das
693 1767 201 45 dickliche,
918 1767 343 52 weisslich-gelbe,
1284 1768 358 38 milchrahmartige
1663 1768 174 37 Exsudat

227 1823 61 38 die
309 1823 202 50 gesunden
533 1822 248 38 Hautränder
802 1821 163 38 circulär
994 1822 79 37 und
1094 1823 161 37 buchtig
1274 1821 269 39 unterwühlte.
1562 1851 7 8 .
1589 1852 8 7 .
1646 1821 44 38 In
1709 1834 128 37 wenig

226 1877 177 38 Stunden
439 1877 142 38 bekam
613 1877 60 37 die
704 1889 201 37 abgelöste
935 1875 233 50 Hautpartie
1204 1877 61 37 ein
1300 1876 136 37 livides
1468 1875 213 38 Aussehen.
1739 1875 98 37 Bald

226 1932 133 37 wurde
381 1932 67 37 der
468 1934 195 35 äusserste
684 1930 118 38 Saum
824 1930 65 38 des
911 1930 311 38 unterminirten,
1254 1930 141 37 lividen
1416 1929 246 38 Hautrandes
1689 1942 143 31 violett,

225 1986 104 42 blau,
362 1999 203 29 aschofrau,
598 1984 229 38 mortificirt.
879 1984 84 38 Ehe
993 1984 101 38 noch
1125 1985 67 37 der
1222 1997 41 25 so
1296 1984 281 38 abgestorbene
1607 1983 117 38 Saum
1753 1996 82 24 zer-

225 2041 144 37 flössen
397 2041 81 37 und
508 2041 255 49 abgestossen
784 2051 92 25 war,
907 2038 173 38 bildeten
1109 2038 82 38 sich
1221 2052 48 24 an
1290 2038 126 38 seiner
1438 2036 144 39 Grenze
1602 2039 114 35 unter
1734 2036 101 38 Vor-

226 2095 147 38 rücken
405 2095 67 38 der
502 2093 235 38 Infiltration
768 2092 61 38 ein
859 2095 170 35 zweiter,
1062 2092 136 38 dritter
1228 2106 35 24 u.
1296 2106 28 24 s.
1356 2092 44 37 f.,
1441 2091 55 38 bis
1528 2091 61 37 ein
1618 2090 217 38 zollbreites

227 2149 222 39 Hautstück
478 2148 163 39 buchtig
661 2149 162 35 zerstört
842 2160 92 24 war.
980 2147 114 37 Dann
1114 2147 247 37 wiederholte
1383 2145 81 38 sich
1485 2145 66 37 der
1571 2143 265 39 Ulcerations-

227 2217 156 37 process
414 2204 39 38 in
484 2204 67 37 der
579 2200 327 40 Nachbarschaft.
927 2233 7 6 .
954 2202 30 35 ."
1047 2200 45 37 In
1122 2213 170 38 weniger
1320 2199 217 38 intensiven
1565 2198 134 38 Fällen
1733 2198 105 37 kann

228 2258 187 39 übrigens
445 2257 81 39 dies
557 2270 213 24 subcutane
800 2254 280 38 Fortkriechen
1116 2255 65 37 des
1211 2253 348 50 Hospitalbrandes
1588 2265 97 38 ganz
1714 2264 121 25 unbe-

227 2316 130 35 merkt
394 2311 177 39 ziemlich
609 2323 134 38 grosse
774 2309 278 38 Dimensionen
1090 2321 229 25 annehmen.
1379 2306 218 50 Delpech
1635 2306 107 49 giebt
1775 2319 59 31 an,

229 2368 88 37 dass
348 2368 59 37 da,
440 2380 58 24 wo
529 2366 92 38 kein
651 2364 251 51 allgemeines
932 2363 166 51 teigiges
1129 2361 156 39 Oedem,
1318 2361 165 38 sondern
1514 2373 83 25 eine
1626 2360 109 43 feste,
1766 2361 71 35 mit

228 2421 220 38 Hautröthe
470 2420 246 38 verbundene
738 2418 250 38 Schwellung
1017 2430 82 25 sich
1128 2416 201 39 vorfindet,
1362 2415 61 37 ein
1444 2414 147 38 solches
1612 2412 224 39 heimliches

229 2475 281 39 Fortkriechen
538 2487 115 25 unter
683 2473 67 37 der
775 2472 107 38 Haut
911 2486 45 23 zu
987 2471 237 38 argwöhnen
1253 2470 65 38 sei.
1367 2469 56 37 Er
1452 2468 68 38 sah
1551 2467 58 37 die
1639 2470 197 47 abgelöste

229 2530 109 38 Haut
358 2530 38 37 in
417 2542 156 39 grosser
594 2527 271 49 Ausdehnung
885 2526 167 50 brandig
1072 2525 163 38 werden,
1258 2524 78 38 und
1357 2538 34 24 v.
1413 2522 136 38 Pitha
1568 2520 265 45 beobachtete,

229 2586 89 37 dass
347 2598 76 24 von
454 2584 87 37 dem
570 2595 144 25 oberen
739 2580 157 38 Winkel
927 2593 104 25 einer
1060 2579 78 38 fast
1167 2592 120 25 schon
1316 2579 231 36 vernarbten
1577 2573 258 39 Castrations-

230 2640 139 37 wunde
399 2652 69 24 aus
499 2637 60 38 die
590 2635 231 39 Bauchhaut
851 2634 121 37 durch
1002 2634 73 37 den
1104 2631 305 40 Hospitalbraud
1438 2628 240 39 unterwühlt
1705 2640 130 24 wurde

229 2694 81 39 und
329 2693 102 38 nach
451 2693 23 37 3
497 2691 136 39 Tagen
652 2690 40 37 in
711 2688 377 38 handtellergrosser
1108 2687 141 38 Fläche
1271 2684 168 39 abstarb.
1476 2682 152 39 Andere
1651 2682 182 42 Autoren,

230 2763 31 23 z.
295 2748 43 37 B.
373 2743 405 49 LeWandowsky,
811 2742 137 45 sahen,
987 2756 110 32 „dass
1128 2741 60 38 die
1218 2740 107 38 Haut
1353 2736 247 40 unterminirt
1628 2736 77 37 und
1735 2735 101 36 dann

230 2816 76 25 von
337 2815 107 25 einer
465 2800 119 39 Stelle
615 2799 67 37 der
703 2785 326 50 Ünterminirung
1059 2809 67 24 aus
1148 2808 73 25 von
1241 2794 119 37 innen
1381 2790 291 40 durchbrochen
1694 2787 140 46 wurde,

230 2870 42 26 so
303 2857 87 38 dass
421 2854 193 40 zwischen
644 2853 88 37 dem
760 2864 76 24 neu
868 2850 281 38 entstandenen
1183 2847 79 38 und
1292 2847 86 37 dem
1407 2842 323 52 ursprünglichen
1760 2841 74 38 Ge-

231 2916 153 33 schwür
414 2909 84 38 sich
529 2921 82 26 eine
641 2905 256 39 Hautbrücke
927 2904 154 38 befand,
1113 2902 100 39 nach
1242 2902 116 37 deren
1387 2898 243 49 allmähliger
1651 2896 183 38 Destruc-

231 2965 83 38 tion
343 2965 112 38 beide
487 2962 233 40 Geschwüre
750 2959 40 37 in
820 2971 103 25 eines
954 2955 402 41 zusammenflössen".
