1864 3209
1030 277 88 49 194

715 796 109 37 THE
858 795 266 38 STRIATED
1156 795 260 39 MONKEY.

756 900 182 48 Hapales
950 900 253 46 jacchus—I
1212 914 18 22 l
1237 914 19 22 l
1262 914 10 22 i
1279 913 21 23 g
1306 913 19 22 e
1332 913 35 22 a.

891 1004 134 36 Plate
1047 1004 183 37 XXVII.

383 1106 113 39 Simia
507 1107 160 48 jacchus,
1136 1110 453 46 Edwards''Gleanings,
1605 1110 22 34 i.
1639 1122 32 34 p.
1688 1107 57 37 15.

433 1174 212 36 —Jacchus
676 1175 169 47 vulgaris,
896 1175 189 48 Geoffroy
1112 1176 120 35 Saint
1267 1175 176 44 Hila’ire,
1478 1174 184 36 Annales
1692 1174 56 36 du

434 1240 206 44 Museum,
667 1252 76 23 xix.
774 1253 33 35 p,
839 1240 71 36 119
982 1240 162 46 Ouistiti,
1169 1240 207 45 Aud'ibert,
1401 1240 181 36 Ilistoire
1613 1240 134 35 Natu~

434 1304 96 36 relle
549 1304 66 36 des
633 1305 143 46 Singes
793 1319 14 29 ;
837 1306 190 36 Frederic
1044 1306 161 44 Cuvier,
1229 1305 180 36 Histo'ire
1437 1304 216 37 Naturelle
1681 1305 65 35 des

434 1369 280 47 Mammiferes
732 1385 15 29 ;
785 1370 160 37 Hapales
972 1372 161 48 jacchus,
1168 1370 144 47 Illiger
1345 1372 253 43 Prodromas,
1633 1383 33 34 p.
1697 1369 46 39 71

434 1435 84 35 and
536 1434 61 39 72.

449 1553 117 43 This
589 1552 220 45 beautiful
833 1553 88 45 and
945 1568 327 45 clean-looking
1287 1553 169 44 animal
1479 1551 36 46 is
1542 1568 26 29 a
1590 1551 158 46 favou-

381 1635 84 38 rite
497 1629 236 45 whenever
755 1629 36 45 it
815 1629 200 60 happens
1041 1636 47 39 to
1118 1631 54 43 be
1202 1644 226 45 procured,
1455 1630 89 44 and
1579 1627 113 47 after
1721 1644 27 29 a

381 1705 87 45 few
491 1706 133 44 hours
648 1705 209 46 restraint
880 1707 200 44 becomes
1108 1704 176 62 playful
1313 1706 90 45 and
1426 1705 206 45 familiar.
1702 1707 44 43 It

381 1782 81 44 has
486 1783 111 43 been
631 1782 103 60 long
756 1783 167 45 known
946 1788 45 39 to
1015 1782 278 53 naturalists,
1320 1783 89 44 and
1439 1783 77 44 the
1547 1782 200 44 illustra-

381 1865 95 38 tion
516 1859 139 44 taken
694 1857 111 46 from
842 1858 240 53 Audibert,
1123 1859 148 44 which
1308 1858 303 45 accompanies
1656 1859 90 44 this

383 1935 281 60 description,
704 1935 94 45 will
836 1951 100 45 give
966 1951 27 29 a
1023 1936 213 44 tolerable
1270 1935 100 45 idea
1405 1934 48 46 of
1479 1935 58 45 its
1570 1936 178 60 general

383 2027 286 45 appearance.

450 2089 97 44 The
570 2088 155 45 length
758 2086 50 47 of
830 2088 78 45 the
932 2089 119 60 body
1074 2087 38 47 is
1137 2104 106 45 only
1268 2090 135 44 about
1429 2088 120 45 eight
1578 2088 166 54 inches,

383 2166 103 44 that
505 2164 49 47 of
570 2165 77 45 the
663 2164 84 46 tail
769 2180 140 30 above
933 2166 155 45 eleven
1106 2181 12 37 ;
1144 2172 78 38 the
1245 2166 177 60 general
1446 2166 137 45 shade
1607 2164 48 47 of
1670 2166 78 44 the

384 2241 71 45 fur
488 2242 36 44 is
555 2258 27 28 a
610 2241 339 62 grayish-olive,
981 2242 173 52 darker,
1187 2243 90 44 and
1311 2243 162 45 almost
1505 2242 243 61 approach-

385 2318 75 62 ing
482 2325 45 39 to
550 2320 131 44 black
699 2334 56 30 on
778 2319 78 45 the
880 2319 116 45 head
1011 2320 89 44 and
1124 2320 228 45 shoulders
1371 2336 14 37 ;
1406 2320 90 44 and
1513 2320 78 44 the
1613 2320 136 45 lower

385 2403 100 53 part
519 2395 50 46 of
594 2396 79 44 the
702 2396 113 45 back
845 2396 89 45 and
963 2396 82 45 tail
1080 2412 74 30 are
1188 2397 157 45 barred
1375 2412 47 30 or
1449 2397 154 44 ringed
1635 2403 111 37 with

386 2473 164 53 circles,
582 2472 50 45 of
657 2487 27 30 a
713 2472 94 45 rich
841 2488 100 44 pale
974 2488 125 46 gi'ay,
1132 2473 147 45 which
1309 2473 269 60 alternately
1609 2487 135 30 shade

386 2548 94 46 into
505 2549 107 45 each
636 2555 155 48 other;
817 2549 78 45 the
923 2550 136 44 lower
1087 2556 121 54 parts
1232 2548 50 48 of
1305 2549 76 46 tlie
1404 2550 119 60 body
1547 2548 88 45 and
1659 2546 87 47 fore
