2113 3404
919 280 86 31 THE
1037 282 244 34 DISORDERS
1314 287 52 29 OF
1398 287 173 32 SPEECH.

425 263 84 42 44G

422 393 266 55 specialists;
719 397 85 42 and
836 398 45 42 in
915 399 86 42 this
1034 414 94 29 case
1164 402 71 43 the
1267 404 180 44 absence
1469 406 43 41 of
1542 406 74 43 the
1644 408 116 42 vocal
1785 409 188 43 element
1993 411 46 41 of

423 462 74 43 the
539 466 136 55 cough
718 467 86 43 and
845 470 214 42 retention
1111 472 44 42 of
1207 473 71 43 the
1330 475 219 54 explosive
1601 477 185 43 element
1829 493 68 28 are
1940 480 95 41 well

422 534 234 44 exhibited.
720 538 22 41 I
773 538 128 43 think
924 540 86 43 this
1032 542 220 42 condition
1276 543 45 44 of
1349 545 145 55 things
1517 547 139 43 shows
1679 548 96 42 that
1796 548 119 44 there
1938 564 97 40 may

423 604 51 42 be
510 606 209 43 adductor
754 610 164 54 paresis
950 611 46 41 of
1026 611 71 43 the
1130 617 94 38 true
1259 614 183 42 without
1473 616 208 43 adductor
1705 619 161 54 paresis
1888 620 43 41 of
1962 621 73 41 the

420 674 108 44 false
565 677 131 43 cords.
759 679 198 52 Further,
990 695 63 28 we
1084 696 91 36 can,
1206 684 103 41 each
1344 686 43 39 of
1426 700 60 36 us,
1521 687 45 40 in
1604 701 76 27 our
1717 702 93 28 own
1848 703 188 41 persons,

420 746 137 55 cough
581 754 44 35 at
650 749 99 50 will,
772 749 276 55 either—(1),
1072 752 42 40 in
1148 752 73 42 the
1253 754 164 41 normal
1448 769 103 41 way,
1576 757 101 41 with
1701 758 100 41 both
1826 773 208 28 elements

420 816 47 42 in
490 817 73 42 the
586 818 138 55 cough
743 834 9 37 ;
783 833 46 28 or
849 819 80 55 (2),
950 820 88 42 like
1063 822 72 42 the
1158 823 168 54 patient
1347 824 46 41 in
1417 825 72 42 the
1516 826 403 45 above-mentioned
1941 843 94 28 case

420 886 44 41 of
486 886 233 55 hysterical
743 889 196 54 aphonia,
963 891 105 40 with
1093 891 72 42 the
1187 892 142 42 initial
1354 894 219 54 explosive
1595 895 198 43 element,
1813 897 77 41 but
1912 905 122 34 with-

421 960 76 37 out
520 956 73 43 the
613 959 341 54 accompanying
987 960 122 42 vocal
1140 960 212 44 element;
1383 977 45 27 or
1459 963 77 54 (3),
1559 965 109 41 after
1701 965 73 43 the
1795 980 178 29 manner
1993 969 44 40 of

421 1026 72 42 the
507 1041 67 36 ox,
590 1028 104 41 with
714 1028 73 42 the
805 1031 340 54 accompanying
1162 1032 121 42 vocal
1298 1033 197 50 element,
1512 1035 77 41 but
1606 1035 183 42 without
1806 1030 229 48 the'initial

420 1097 222 55 explosive
676 1098 198 43 element.
926 1100 117 42 Does
1082 1107 75 37 not
1193 1103 59 41 all
1289 1103 89 41 this
1414 1104 117 41 show
1565 1104 95 42 that
1696 1105 120 43 there
1847 1121 71 28 are
1953 1112 84 37 two

419 1167 222 55 laryngeal
663 1169 286 42 mechanisms
972 1171 228 42 employed
1226 1172 46 41 in
1305 1173 72 41 the
1409 1179 69 36 act
1509 1174 44 41 of
1585 1175 223 54 coughing,
1831 1177 89 51 viz.,
1944 1177 94 41 that

419 1238 47 42 of
494 1238 74 42 the
600 1239 107 42 false
740 1239 122 42 cords
894 1241 86 41 and
1014 1241 96 42 that
1141 1242 44 41 of
1217 1242 73 42 the
1321 1247 95 37 true
1433 1245 14 39 ?
1509 1244 42 41 It
1583 1244 36 42 is
1650 1259 96 27 now
1779 1245 111 43 close
1922 1260 114 41 upon

420 1308 136 56 thirty
578 1323 125 41 years
720 1310 117 42 since
861 1311 21 40 I
908 1312 91 40 first
1031 1311 321 43 demonstrated
1385 1313 71 42 the
1488 1314 196 42 valvular
1714 1316 138 41 action
1887 1316 44 41 of
1965 1317 72 41 the

421 1379 104 42 false
549 1381 121 41 cords
693 1381 86 41 and
802 1382 230 42 ventricles
1055 1384 45 39 of
1129 1382 226 57 Morgagni
1378 1384 155 54 during
1556 1385 72 41 the
1651 1390 68 36 act
1741 1386 43 41 of
1816 1387 222 51 straining,

418 1450 85 41 and
535 1455 45 37 at
615 1451 72 42 the
718 1451 144 41 initial
895 1465 119 42 stage
1035 1454 47 40 of
1110 1453 235 55 coughing;
1377 1454 84 41 and
1482 1454 35 41 it
1546 1454 36 42 is
1604 1454 148 43 eleven
1775 1469 123 41 years
1919 1457 116 41 since

418 1535 75 41 my
515 1521 271 42 conclusions
811 1536 108 27 were
949 1523 230 42 confirmed
1215 1525 55 53 by
1295 1524 71 41 the
1394 1524 114 54 joint
1539 1525 326 55 investigations
1897 1526 43 41 of
1971 1527 65 40 l)r

418 1592 168 41 Lauder
619 1592 198 41 Brunton
849 1593 84 41 and
965 1593 64 41 Dr
1062 1592 128 43 Cash,
1215 1594 138 41 which
1390 1595 17 39 I
1439 1595 108 41 have
1579 1594 171 55 already
1774 1596 183 41 referred
1980 1602 53 35 to.

418 1662 146 42 When
588 1662 88 41 will
698 1662 307 55 physiologists
1027 1664 85 41 and
1134 1664 247 55 physicians
1413 1665 216 41 recognise
1651 1665 95 41 that
1775 1666 72 41 the
1870 1666 167 54 subject

417 1732 37 42 is
479 1733 166 41 worthy
667 1733 46 41 of
738 1733 212 41 attention
971 1736 15 39 ?

474 1803 239 56 Alongside
755 1804 47 41 of
852 1805 120 41 these
1016 1818 122 28 notes
1179 1805 224 55 regarding
1444 1805 72 42 the
1559 1805 200 54 probable
1801 1805 151 42 spread
1993 1807 48 40 of

417 1874 318 54 degeneration,
766 1875 45 40 in
842 1874 74 42 the
947 1876 141 40 second
1120 1875 167 54 trophic
1318 1875 146 42 realm,
1487 1876 107 40 from
1627 1875 72 41 the
1731 1875 173 42 nuclear
1935 1876 102 41 cells

417 1945 44 41 of
503 1945 74 41 the
620 1945 88 41 oral
750 1944 278 42 articulation
1070 1945 263 41 mechanism
1376 1946 90 40 into
1510 1946 74 40 the
1621 1945 173 42 nuclear
1830 1946 102 41 cells
1972 1946 65 41 for

415 2016 75 41 the
513 2015 167 42 closure
703 2016 47 41 of
768 2016 73 41 the
863 2015 106 42 false
993 2016 133 41 cords,
1144 2016 21 40 I
1184 2015 155 42 should
1361 2015 88 42 like
1473 2020 41 37 to
1537 2020 79 50 put
1635 2029 24 28 a
1679 2020 100 37 note
1796 2016 242 54 reminding

419 2087 72 41 the
514 2087 149 41 reader
680 2087 44 40 of
747 2100 24 27 a
791 2091 125 50 point
930 2086 221 42 discussed
1167 2086 45 42 in
1229 2086 71 41 the
1319 2087 92 40 first
1431 2086 177 55 chapter
1630 2087 45 40 of
1694 2087 86 40 this
1804 2087 127 49 work,
1948 2087 93 49 viz.,

418 2156 74 42 the
510 2170 266 28 occurrence,
790 2156 46 40 in
854 2170 24 27 a
895 2155 145 42 rather
1056 2170 91 27 rare
1162 2156 166 42 variety
1344 2157 45 40 of
1404 2155 290 55 stammering,
1708 2156 46 40 of
1767 2169 52 26 an
1840 2155 195 41 overflow

418 2228 47 41 of
483 2241 172 41 energy,
678 2227 108 41 from
810 2226 74 42 the
907 2226 373 42 over-stimulated
1305 2230 166 37 centres
1494 2226 43 40 of
1560 2225 72 41 the
1655 2225 88 41 oral
1766 2225 273 41 articulative

419 2297 266 42 mechanism
732 2297 91 41 into
862 2297 73 41 the
974 2310 143 28 centre
1156 2297 64 41 for
1256 2296 74 42 the
1367 2310 165 28 closure
1569 2295 44 41 of
1649 2295 73 41 the
1761 2294 104 42 false
1903 2294 133 42 cords.

419 2368 137 42 There
586 2368 170 43 results,
778 2368 36 40 it
848 2367 88 41 will
968 2367 53 41 be
1053 2367 304 42 remembered,
1380 2380 125 28 when
1537 2365 73 42 the
1641 2365 169 55 patient
1831 2369 206 50 attempts

419 2445 43 35 to
480 2439 146 54 speak,
648 2439 95 41 that
761 2438 165 42 closure
944 2437 46 42 of
1004 2437 73 41 the
1100 2440 20 17 "
1138 2451 133 41 upper
1286 2442 185 50 glottis,"
1494 2435 139 42 which
1660 2435 118 55 gives
1801 2434 55 42 its
1879 2434 159 54 special

419 2510 165 42 feature
607 2514 44 37 to
684 2509 72 42 the
789 2507 429 57 "gutturo-tetanic"
1241 2512 165 37 variety
1428 2506 46 41 of
1502 2505 286 43 stammering.
1853 2505 21 40 I
1907 2504 128 41 think

417 2580 36 42 it
475 2580 203 55 probable
697 2584 95 37 that
810 2579 87 42 this
915 2578 198 42 overflow
1131 2591 147 28 occurs
1300 2577 42 41 in
1370 2576 71 42 the
1464 2576 174 42 cortical
1660 2575 104 42 cells
1786 2575 47 41 of
1936 2574 103 54 first

418 2651 169 42 trophic
609 2650 144 43 realm.

482 2792 50 41 In
576 2790 258 43 concluding
877 2789 86 41 this
1006 2802 187 41 chapter,
1232 2787 34 41 it
1304 2801 94 40 may
1442 2786 52 42 be
1538 2785 97 42 well
1679 2786 62 41 for
1783 2799 49 28 us
1875 2790 42 36 to
1959 2784 76 41 ask

420 2862 219 43 ourselves
661 2865 118 38 what
809 2858 171 56 general
1013 2857 248 43 conclusion
1294 2857 34 41 it
1359 2856 124 42 tends
1516 2861 43 37 to
1586 2855 96 43 lead
1714 2870 58 40 up
1796 2860 42 37 to
1867 2853 168 56 regard-

420 2934 74 41 ing
517 2933 73 42 the
612 2931 241 44 diagnostic
887 2943 125 28 value
1034 2928 44 43 of
1109 2928 72 42 the
1214 2927 242 42 dysarthric
1487 2926 297 42 disturbances
1806 2925 44 41 of
1880 2922 154 56 speech

421 3004 96 42 that
539 3018 71 28 are
632 3001 218 57 produced
880 3001 58 41 by
961 2999 158 43 lesions
1143 2999 45 41 of
1210 2998 70 42 the
1303 3002 139 37 motor
1463 3001 318 51 speech-tracts.

480 3075 22 41 I
536 3074 139 42 think,
698 3088 55 28 on
786 3072 72 42 the
892 3085 148 28 whole,
1075 3070 34 41 it
1142 3068 155 44 should
1331 3067 122 43 teach
1489 3081 50 28 us
1573 3067 94 41 that
1704 3067 42 39 in
1786 3064 251 54 diagnosing
