1933 3302
528 155 292 33 Complioationen
844 155 64 28 mit
930 151 125 41 Sepsis,
1080 151 149 39 Pyämie.

1631 148 52 37 49

84 281 98 25 ohne
212 265 244 39 wesentliche
485 265 263 49 gegenseitige
777 258 308 49 Beeinflussung.
1143 255 235 51 Abgesehen
1407 255 81 39 also
1509 267 76 25 von
1616 254 68 37 der

85 321 177 38 Stellung
299 320 66 37 der
401 318 195 38 Prognose
634 316 78 37 und
742 312 191 40 eventuell
971 312 67 36 der
1067 309 369 51 symptomatischen
1473 308 207 44 Therapie,

84 375 128 38 bieten
242 374 101 37 diese
365 369 326 41 Complicationen
717 367 87 38 kein
827 364 267 40 wesentliches
1115 363 202 38 Interesse.
1375 363 87 38 Von
1483 374 201 39 grö.sserer

88 427 255 39 Wichtigkeit
372 425 83 37 sind
485 424 175 48 dagegen
691 422 59 37 die
777 418 328 40 Complicationen
1134 416 71 38 mit
1234 417 167 37 anderen
1422 415 259 39 Wundinfec-

87 479 367 41 tionskraukheiten.

563 631 341 50 Complicationen
936 631 70 38 mit
1037 628 157 50 Sepsis.

215 745 70 37 Die
314 742 111 38 rasch
454 742 39 36 in
523 740 58 38 die
612 739 109 38 Tiefe
751 738 237 51 dringenden
1026 741 188 45 pulpösen
1252 734 183 47 Formen,
1477 736 115 37 sowie
1623 735 61 39 die

90 799 166 37 frischen
284 796 296 48 Verletzungen,
621 792 319 46 Schusswunden,
973 791 264 49 complicirten
1266 789 212 38 Fracturen
1507 791 84 44 etc.,
1623 790 61 37 bei

86 853 121 36 denen
245 851 65 37 der
345 846 356 52 hospitalbrandige
739 846 158 37 Process
934 858 76 24 von
1045 843 233 39 vornherein
1317 843 41 37 in
1387 842 61 38 die
1478 842 111 38 Tiefe
1618 856 66 37 ge-

85 908 135 47 tragen
248 916 129 24 wurde
407 902 77 37 und
513 901 81 37 sich
624 901 85 36 dort
728 899 110 38 rasch
860 900 242 36 verbreitete,
1134 897 186 38 verliefen
1349 896 78 38 fast
1456 896 137 38 immer
1613 900 72 34 mit

86 958 110 38 mehr
240 957 91 38 oder
372 968 170 25 weniger
585 953 195 38 schweren
824 951 319 50 septicämischen
1173 950 333 50 Erscheinungen.
1583 964 101 32 „Das

88 1012 136 38 Fieber
252 1024 78 24 war
358 1010 180 37 intenser,
570 1008 66 37 der
664 1007 92 37 Puls
785 1006 116 45 klein,
933 1006 190 48 frequent,
1160 1005 66 36 der
1255 1004 157 38 Kranke
1442 1004 59 37 oft
1529 1017 156 25 somno-

86 1065 94 38 lent,
210 1067 165 35 seltener
404 1062 152 37 deliriös
588 1073 90 25 oder
706 1062 186 36 verwh-rt,
932 1059 165 38 sondern
1134 1060 114 36 meist
1284 1057 121 51 völlig
1434 1057 85 38 klar
1547 1057 40 38 in
1618 1058 67 38 der

86 1118 255 38 Erkenntniss
369 1116 124 37 seiner
511 1115 106 37 Lage
640 1144 7 6 .
672 1143 6 7 .
704 1143 6 7 .
741 1113 72 37 Die
835 1112 139 38 Kräfte
1004 1112 168 37 nahmen
1203 1112 101 37 dann
1334 1111 110 38 mehr
1473 1111 78 38 und
1572 1111 112 38 mehr

89 1172 59 38 ab,
178 1171 77 38 und
283 1171 65 37 der
377 1169 83 38 Tod
487 1168 105 51 glich
621 1167 122 38 einem
774 1166 251 38 allmähligen
1055 1166 250 37 Erlöschen."

217 1266 163 30 Kommen
403 1265 63 29 wir
489 1263 73 30 hier
586 1263 85 30 auch
696 1263 60 29 auf
777 1262 64 30 den
859 1262 31 31 S.
906 1262 43 32 43
978 1261 250 31 mitgetheilten
1246 1261 72 30 Fall
1336 1261 182 40 Marmy's
1542 1262 142 38 zurück,

92 1311 53 30 bei
170 1309 160 30 welchem
354 1309 73 28 eine
452 1307 252 30 Schussfractur
728 1305 59 31 der
811 1304 136 31 rechten
964 1304 121 31 Fibula
1110 1307 62 28 mit
1196 1304 222 40 Zerreissung
1441 1304 61 30 der
1526 1305 157 30 Muskeln

92 1352 103 31 frisch
220 1350 293 41 hospitalbrandig
535 1350 124 29 inficirt
681 1348 116 30 wurde
822 1348 68 30 und
918 1348 54 30 die
996 1348 228 30 Erkrankung
1254 1347 99 30 rasch
1381 1348 36 29 in
1447 1347 66 30 alle
1538 1348 144 30 Muskel-

92 1396 204 29 interstitien
331 1392 173 32 eindrang.
549 1392 134 30 Patient
714 1393 82 39 ging
828 1394 103 27 schon
966 1400 53 20 am
1045 1391 50 31 19.
1120 1391 90 39 Tage
1245 1393 98 27 unter
1367 1390 218 30 Durchfallen
1612 1391 71 30 und

93 1438 149 30 anderen
266 1446 170 21 schweren
462 1435 188 40 septischen
675 1434 276 30 Erscheinungen
976 1443 40 20 zu
1041 1433 146 31 Grunde.
1233 1433 60 30 Bei
1324 1433 60 30 der
1408 1433 136 30 Section
1569 1443 115 21 waren

93 1481 56 30 die
166 1480 138 30 Lungen
328 1479 117 29 hinten
470 1478 185 30 ödematös,
680 1480 61 27 mit
757 1477 141 40 flachen,
922 1477 327 40 schwarzgefärbten
1268 1476 233 39 Ecchymosen
1526 1476 156 31 bedeckt.

92 1523 64 30 Die
180 1523 120 30 Pleura
332 1521 142 30 enthielt
507 1522 73 28 eine
612 1529 103 31 graue
739 1520 206 29 Flüssigkeit
977 1521 63 28 mit
1068 1528 142 21 weissen
1235 1519 123 30 Fäden.
1409 1519 49 30 Im
1488 1519 195 30 Intestinal-

92 1568 125 27 tractus
241 1573 112 21 waren
378 1564 177 30 subseröse
579 1564 168 29 schwarze
770 1562 120 30 Flecke
915 1562 69 30 und
1009 1563 188 30 Erosionen
1224 1562 60 29 der
1307 1561 244 31 Schleimhaut.
1576 1562 109 31 Leber

92 1608 65 29 und
183 1608 75 29 Milz
281 1607 94 29 nicht
397 1615 218 31 vergrössert,
640 1605 86 30 doch
751 1605 125 29 dunkel
901 1604 69 30 und
996 1605 128 30 mürbe.

215 1692 54 38 Es
314 1692 51 38 ist
419 1691 334 38 wahrscheinlich,
813 1692 86 37 dass
955 1690 62 38 bei
1070 1691 87 38 dem
1203 1690 480 51 Hospitalbrandprocess,

91 1745 163 38 welcher
282 1748 93 35 stets
404 1758 93 24 von\
507 1744 220 38 stinkender
746 1744 178 38 Fäulniss
954 1744 185 51 begleitet
1166 1744 62 38 ist,
1261 1745 59 37 die
1349 1748 223 47 genannten
1596 1759 88 36 sep-

91 1799 248 38 ticämischen
379 1798 316 38 Erscheinungen
736 1798 118 38 durch
896 1798 231 49 Resorption
1167 1799 231 49 septischer,
1444 1799 242 38 chemischer

94 1852 118 38 Stoffe
240 1853 160 37 bedingt
428 1852 95 37 sind.
580 1851 153 38 Fragen
761 1851 70 38 wir
860 1852 91 37 aber
989 1852 143 46 weiter,
1172 1852 48 38 ob
1261 1853 66 36 das
1358 1852 326 50 Hospitalbraud-

93 1905 212 38 Microbion
335 1919 39 24 es
402 1905 60 45 ist,
496 1918 91 25 oder
616 1905 47 37 ob
695 1919 38 23 es
765 1905 188 50 beliebige
979 1906 139 37 andere
1138 1905 426 51 Fäulnissorganismen
1585 1908 97 44 sind,

92 1959 143 37 welche
265 1959 101 37 diese
396 1958 242 38 chemischen
658 1958 445 51 Umsetzungsproducte
1131 1959 207 47 bewirken,
1370 1960 117 38 deren
1515 1959 169 51 Resorp-

92 2012 81 37 tion
203 2012 59 37 die
290 2015 218 47 genannten
537 2011 525 51 Allgemeinerscheinungen
1091 2012 238 47 hervorruft,
1369 2026 42 25 so
1446 2013 127 38 lassen
1603 2027 83 25 sich

95 2079 66 23 aus
191 2067 73 36 den
299 2065 215 38 klinischen
551 2065 328 38 Beobachtungen
921 2066 66 37 der
1015 2065 524 50 Hospitalbrand-Literatur
1578 2068 109 37 nicht

96 2119 138 37 einmal
270 2118 345 51 Muthmassungen
652 2119 164 37 darüber
853 2119 216 38 aufstellen.
1140 2119 97 38 Eine
1282 2119 240 39 Concurrenz
1566 2121 119 37 durch

98 2172 135 36 andere
262 2185 210 36 saprogene
508 2173 77 36 und
622 2172 267 38 septicämisch
926 2172 200 38 wirksame
1155 2173 200 38 Microben
1390 2174 51 38 ist
1478 2174 206 38 immerhin

98 2237 21 24 a
148 2225 116 48 priori
292 2225 323 38 wahrscheinlich.
677 2225 83 37 Wir
789 2231 153 32 müssen
972 2226 80 37 also
1084 2226 59 37 die
1172 2226 178 38 Klärung
1379 2227 125 37 dieser
1532 2227 153 39 Fragen

99 2277 66 37 der
185 2278 257 48 mycotischen
462 2279 77 36 und
559 2278 240 38 chemischen
820 2279 225 37 Forschung
1075 2280 66 36 der
1160 2279 172 38 Zukunft
1361 2280 152 38 anheim
1535 2281 148 47 stellen,

98 2330 134 38 sobald
260 2330 299 49 Hospitalbrand
587 2331 139 38 wieder
756 2332 139 37 einmal
925 2332 209 38 auftaucht.
1192 2333 72 38 Die
1284 2333 401 39 Hospitalbraudfälle

99 2387 71 33 mit
206 2383 354 50 ausgesprochenen
598 2384 215 49 septischen
841 2385 318 50 Erscheinungen
1196 2400 127 24 waren
1352 2387 184 51 übrigens
1566 2389 121 37 selbst

99 2450 46 23 zu
174 2437 71 37 den
273 2436 145 46 Zeiten,
448 2450 58 24 wo
537 2437 101 37 diese
665 2437 217 38 Krankheit
910 2438 39 37 in
979 2438 127 39 bester
1134 2439 140 38 Blüthe
1304 2441 122 45 stand,
1460 2441 108 38 nicht
1597 2442 89 38 sehr

99 2489 142 50 häufig.
297 2490 181 37 Demme
508 2490 68 36 sah
603 2492 113 36 unter
746 2491 76 36 200
851 2490 132 38 Fällen
1016 2492 60 46 19,
1121 2493 83 45 „bei
1240 2493 170 39 welchen
1448 2495 66 37 das
1545 2508 140 25 ausge-

101 2542 208 49 sprochene
337 2542 87 38 Bild
454 2543 64 37 des
548 2542 157 49 Typhus
734 2543 80 38 sich
843 2547 162 35 zeigte".

572 2708 337 50 Complicationen
942 2711 69 39 mit
1043 2711 173 40 Pyämie.

231 2815 86 37 Von
353 2815 122 38 vielen
512 2817 76 37 und
626 2831 99 23 zwar
761 2817 88 38 sehr
887 2823 267 45 competenten
1181 2819 174 40 Autoren
1393 2822 95 37 wird
1526 2823 158 39 hervor-

105 2868 193 50 gehoben,
343 2868 85 37 dass
471 2869 58 37 die
569 2869 325 49 Complicationen
933 2872 65 38 des
1038 2873 344 50 Hospitalbrandes
1420 2875 70 38 mit
1532 2877 153 38 Pyämie

105 2920 163 39 seltener
310 2921 265 46 vorkommen,
625 2923 55 39 als
724 2937 87 23 man
855 2924 204 50 eigentlich
1103 2929 184 35 erwarten
1332 2928 121 39 sollte.
1522 2929 166 53 König

169 2986 222 28 RosenbacIi,
410 2987 230 32 Hospitalbrand.
1473 2987 22 32 4
