2107 3450
436 142 88 31 THE
555 137 145 36 THREE
733 135 251 34 FUNCTIONS
1017 137 55 30 OF
1105 137 88 31 THE
1226 137 142 32 VOICE.

1650 128 81 40 110

76 263 59 43 its
158 263 85 45 life.
309 263 87 44 But
419 263 43 40 in
487 258 179 48 healthy
690 257 197 43 children
914 256 33 42 it
977 270 146 41 passes
1156 270 124 41 away
1319 270 46 28 as
1405 256 75 43 the
1517 257 132 52 child,
1672 257 60 55 by

77 336 147 41 efforts
247 336 47 41 of
312 333 216 43 attention
552 331 85 42 and
667 329 253 54 intelligent
953 328 202 55 practice,
1187 327 231 55 gradually
1452 334 184 36 masters
1675 329 57 42 its

76 407 252 42 difficulties
350 405 47 42 of
417 402 289 44 articulation.
772 400 173 55 Lalling
966 399 49 51 is,
1034 398 23 42 I
1080 398 145 52 think,
1242 398 134 43 much
1401 398 74 43 the
1499 399 97 42 best
1619 404 111 38 term

76 479 67 40 for
198 478 121 42 these
377 475 229 56 imperfect
663 487 323 41 performances
1033 470 49 43 of
1135 470 76 43 the
1271 470 104 43 Oral
1434 470 312 45 Articulative'

74 548 301 45 Mechanism;
406 546 87 42 and
517 545 125 42 when
667 544 74 43 the
764 557 137 29 above
924 543 167 42 defects
1114 547 115 38 exist
1262 542 44 42 in
1345 543 316 51 combination,
1684 559 47 27 as

74 621 105 55 they
202 633 162 29 always
388 619 54 41 do
465 623 46 37 at
532 632 24 27 a
577 617 165 43 certain
766 621 120 37 stage
910 615 46 41 of
978 615 306 56 baby-speech,
1308 615 74 42 the
1407 620 113 37 term
1555 616 36 41 is
1626 630 105 42 very

72 691 211 56 specially
307 703 285 43 appropriate.
658 688 20 41 I
703 687 91 42 also
822 687 131 41 think
977 687 35 42 it
1046 687 36 42 is
1107 686 244 56 justifiable
1377 692 43 37 to
1444 701 79 29 use
1557 687 37 43 it
1626 702 46 28 as
1706 704 25 26 a

71 763 175 56 general
270 769 109 36 term
406 763 95 41 that
524 776 98 27 may
647 761 52 41 be
722 759 177 57 applied
933 774 110 28 even
1079 765 43 36 to
1156 774 119 28 cases
1311 759 142 43 where
1487 760 74 42 the
1594 761 139 42 above

73 835 165 42 defects
263 840 114 37 exist
399 833 171 56 singly;
592 833 85 42 and
697 831 44 45 in
766 832 89 43 this
879 832 181 56 chapter
1085 833 20 41 I
1128 846 186 42 propose
1337 845 47 29 so
1408 836 44 39 to
1472 846 75 29 use
1564 833 46 42 it.
1675 833 54 42 In

75 914 234 41 (rerinany,
332 907 122 42 these
477 906 165 43 defects
666 906 47 41 of
733 905 102 43 Oral
858 904 301 43 Articulation
1194 904 111 42 have
1339 905 110 42 been
1483 905 170 43 treated
1687 906 44 42 of

73 980 140 43 under
236 982 74 42 the
333 980 175 56 general
530 985 111 38 term
666 979 296 56 Stammering
982 977 315 57 (Stammeln).1
1361 979 22 41 I
1410 978 110 44 have
1541 994 191 38 already,

72 1053 46 40 in
145 1053 73 42 the
244 1055 91 41 first
361 1067 192 41 chapter,
576 1051 222 57 protested
822 1051 172 42 against
1018 1051 73 42 the
1114 1064 77 28 use
1214 1050 47 42 of
1281 1050 74 42 the
1388 1051 184 55 English
1610 1052 118 42 word

72 1123 296 45 Stammering
400 1125 46 42 in
470 1124 90 42 this
587 1138 135 28 sense.
788 1123 53 41 In
876 1122 89 42 this
999 1126 199 51 country,
1222 1122 74 41 the
1332 1123 117 41 word
1483 1123 103 42 thus
1620 1124 108 42 used

72 1197 146 42 would
252 1198 51 41 be
336 1203 244 49 altogether
614 1195 285 55 misapplied;
932 1194 132 43 since,
1088 1194 127 42 when
1242 1209 62 27 we
1337 1195 136 54 speak
1507 1195 44 42 of
1584 1196 145 41 Stam-

69 1270 182 55 mering,
276 1283 62 28 we
361 1269 163 41 always
548 1268 131 42 think
701 1268 47 41 of
767 1281 56 27 an
846 1280 192 29 element
1060 1266 45 41 of
1128 1266 230 55 hesitancy
1375 1266 48 42 in
1446 1266 75 43 the
1547 1267 180 56 Speech.

70 1342 54 41 In
177 1342 122 41 these
363 1341 103 42 Oral
528 1339 297 43 Articulative
879 1338 180 51 defects,
1115 1338 214 51 however,
1382 1338 124 43 there
1560 1340 37 42 is
1651 1348 80 35 not

69 1413 262 55 necessarily
385 1427 87 41 any
515 1411 256 42 hesitancy:
825 1410 74 42 the
945 1409 141 43 words
1141 1424 101 41 may
1289 1410 55 42 be
1389 1411 186 42 emitted
1619 1419 108 35 with

66 1489 214 51 apparent
302 1498 109 36 ease,
434 1482 211 43 although
671 1482 74 42 the
769 1481 186 43 syllabic
981 1481 283 42 articulation
1297 1482 38 42 is
1368 1497 47 27 so
1447 1482 282 58 imperfectly

66 1555 256 57 performed.
388 1556 44 41 It
454 1554 172 44 should,
647 1558 46 38 at
724 1553 76 43 the
832 1567 119 29 same
985 1553 120 53 time,
1128 1553 53 43 be
1214 1554 303 43 remembered
1550 1555 98 43 that
1679 1556 48 43 in

65 1630 57 41 its
147 1630 93 41 first
262 1628 147 43 efforts
432 1632 44 38 to
500 1627 135 43 speak
654 1627 73 42 the
744 1632 250 37 utterances
1013 1626 44 43 of
1079 1626 74 42 the
1172 1625 120 44 child
1311 1641 72 29 are
1402 1627 122 43 often
1542 1636 185 35 emitted

65 1716 107 41 very
202 1700 297 56 deliberately,
532 1699 86 43 and
652 1699 108 42 with
794 1699 132 42 much
958 1703 216 52 apparent
1206 1699 137 43 effort.
1407 1700 45 42 It
1484 1700 158 44 should
1676 1703 54 43 be

66 1773 133 42 noted
228 1772 102 43 also,
354 1772 96 42 that
472 1777 97 37 true
593 1771 308 56 Stammering,
924 1771 111 42 with
1058 1771 263 57 Stuttering,
1344 1786 107 41 very
1473 1772 253 59 frequently

66 1859 194 41 nppenrs,
277 1859 47 28 as
346 1858 25 29 a
392 1844 179 56 passing
593 1843 322 56 phenomenon,
933 1858 111 28 even
1067 1844 46 41 in
1137 1844 170 42 normal
1331 1844 211 44 children.
1608 1846 45 43 It
1676 1848 49 52 is,

65 1918 183 42 further,
269 1921 116 38 most
407 1917 242 55 important
673 1921 43 37 to
741 1916 127 42 make
892 1921 102 38 note
1019 1917 47 41 of
1097 1917 73 42 the
1204 1917 89 42 fact
1330 1917 98 42 that
1450 1917 47 42 in
1519 1918 206 45 imbecile

65 1989 197 43 children
307 1989 89 42 this
440 1993 97 38 true
580 1989 298 42 Stammering
920 2003 48 28 or
1011 1988 261 56 Stuttering,
1317 1989 85 43 due
1440 1994 45 38 to
1524 1997 121 37 want
1682 1994 48 41 of

64 2061 303 57 promptitude
404 2060 48 42 in
484 2060 75 42 the
592 2060 139 42 Vocal
763 2060 292 43 Mechanism,
1089 2060 37 42 is
1159 2061 121 41 often
1310 2061 140 42 found
1482 2069 245 38 associated

67 2140 106 36 with
194 2133 184 56 Lalling,
396 2133 97 52 due,
510 2147 47 28 as
580 2146 65 29 we
668 2133 111 42 have
797 2133 95 55 just
909 2147 115 38 seen,
1043 2137 79 38 not
1143 2137 46 38 to
1208 2138 119 37 want
1345 2134 47 42 of
1409 2137 318 54 promptitude,

63 2208 81 41 but
168 2212 43 36 to
239 2211 116 36 want
378 2205 44 42 of
448 2204 215 56 precision
698 2205 43 41 in
778 2205 74 42 the
886 2205 303 56 performance
1221 2206 49 41 of
1297 2205 76 44 the
1408 2206 105 43 Oral
1545 2207 179 44 Articu-

62 2279 137 43 lative
222 2278 290 43 Mechanism.
579 2277 163 57 Lastly,
762 2278 75 43 the
859 2277 152 43 reader
1034 2277 93 43 will
1144 2278 245 43 remember
1406 2278 99 43 that
1527 2285 21 16 "
1564 2281 160 44 Words

61 2353 47 41 of
127 2352 57 42 its
207 2366 96 27 own
330 2349 274 44 Invention"
635 2364 70 29 are
728 2350 245 56 employed,
997 2365 119 28 more
1139 2365 47 28 or
1207 2350 98 53 less,
1329 2350 59 58 by
1410 2351 161 44 almost
1594 2368 131 43 every

62 2424 170 42 normal
256 2423 129 43 child,
408 2423 126 42 when
554 2427 98 38 true
675 2422 444 57 speech-production
1143 2423 153 57 begins
1320 2428 44 38 to
1391 2424 51 42 be
1469 2425 257 45 developed.

59 2496 56 43 In
154 2495 170 43 normal
357 2495 210 43 children,
601 2495 123 43 these
757 2495 142 43 words
932 2509 84 29 are,
1040 2494 108 43 with
1182 2496 75 42 the
1290 2496 173 43 further
1484 2500 172 54 growth
1680 2501 46 41 of

60 2567 346 57 Speech-power,
429 2581 106 28 soon
558 2566 178 43 disused
759 2567 87 42 and
870 2567 230 56 forgotten.
1165 2567 84 43 We
1282 2568 115 42 shall
1430 2569 92 43 find
1555 2570 98 43 that
1676 2572 47 42 in

56 2640 225 43 imbeciles
304 2639 166 43 similar
495 2639 140 43 words
657 2654 73 29 are
752 2645 123 38 often
898 2639 224 44 invented,
1146 2640 82 43 but
1251 2640 108 43 that,
1382 2641 48 42 in
1456 2642 136 55 them,
1618 2645 107 56 they

108 2764 11 23 1
149 2763 46 37 In
214 2763 202 47 Germany,
429 2762 64 37 the
507 2766 97 34 term
621 2763 136 48 tailing
768 2762 151 49 (lallen)
932 2763 30 37 is
981 2764 227 48 apparently
1219 2764 153 48 applied
1392 2768 38 32 to
1443 2764 65 37 the
1527 2765 200 37 imperfect

58 2829 211 32 utterances
287 2824 40 36 of
342 2823 252 49 baby-speech
614 2824 92 48 only
724 2824 112 37 when
854 2824 105 37 these
977 2837 62 24 are
1058 2837 39 24 so
1116 2825 242 37 inarticulate
1384 2838 39 24 as
1451 2832 38 30 to
1516 2826 45 36 be
1589 2833 137 31 almost

58 2898 42 23 or
117 2885 207 50 altogether
342 2886 303 49 unintelligible;
666 2886 151 49 Lalling
828 2887 114 37 being
956 2887 193 36 described
1164 2900 39 23 as
1215 2900 49 23 an
1277 2892 165 32 extreme
1456 2888 269 37 development

58 2947 40 35 of
130 2947 314 48 "Stammering"
478 2947 257 48 (Stammeln).
800 2949 68 36 See
897 2948 132 36 article
1066 2950 20 18 "
1101 2948 204 45 Stottern,"
1339 2948 51 48 by
1423 2949 43 36 R.
1505 2949 141 36 Arndt,
1683 2950 40 35 in

60 3007 251 49 Eulenburg's
330 3009 89 36 Real
438 3009 277 47 Encyclopttlie,
735 3009 72 37 vol.
829 3009 87 46 xix.,
936 3021 35 36 p.
995 3009 80 37 173.
