2107 3450
429 292 216 31 ANATOMY
679 293 95 30 AND
807 292 283 32 PHYSIOLOGY
1122 294 54 30 OF
1209 295 88 30 THE
1331 296 151 31 MOTOR
1514 297 177 33 TRACTS.
1800 289 86 41 411

849 768 286 43 CHAPTER
1167 769 96 43 XV.

225 895 294 44 Dysarthric
557 908 93 31 and
691 898 272 43 Anartiiric
1002 899 353 43 Disturbances
1394 911 54 32 of
1487 900 176 44 Speech
1702 911 93 31 due
1832 911 55 31 to

440 968 200 45 Lesions
672 981 250 33 affecting
955 983 89 30 the
1076 972 171 42 Motor
1279 972 386 44 Speech-Tracts.

225 1111 143 44 Brief
400 1114 181 43 Sketch
604 1126 54 32 of
689 1127 89 30 the
810 1116 231 42 Anatomy
1073 1127 93 31 and
1200 1117 290 42 Physiology
1516 1129 54 30 of
1603 1128 89 31 the
1716 1116 172 43 Motor

588 1189 176 43 Tracts
795 1199 84 33 for
913 1189 232 42 Speaking
1176 1200 94 31 and
1296 1189 229 43 Writing.

286 1307 56 42 In
367 1308 73 43 the
464 1308 91 42 foot
572 1309 47 42 of
638 1309 75 43 the
730 1309 241 43 ascending
990 1309 162 42 frontal
1171 1309 300 43 convolution,
1488 1324 46 28 as
1554 1324 64 29 we
1636 1310 112 43 have
1771 1324 115 37 seen,

224 1379 125 43 there
382 1381 37 41 is
442 1381 192 42 situated
667 1395 25 27 a
724 1381 163 56 special
920 1386 150 38 centre
1104 1382 66 41 for
1202 1381 76 42 the
1311 1381 239 42 adduction
1574 1382 44 41 of
1652 1381 73 43 the
1761 1382 123 42 vocal

223 1451 123 42 cords
364 1452 45 41 in
420 1452 485 55 phonation—acentre
917 1453 142 42 which
1074 1453 36 42 is
1127 1453 76 42 the
1218 1453 117 42 chief
1349 1453 178 42 cortical
1544 1454 344 42 representative

222 1522 45 41 of
289 1522 75 43 the
387 1523 138 42 Vocal
548 1523 307 43 Mechanism.1
922 1523 174 42 Behind
1121 1524 89 42 this
1233 1529 163 46 centre,
1411 1539 72 28 are
1501 1524 194 43 situated
1712 1524 175 43 various

223 1594 125 42 other
365 1600 182 47 centres,
570 1596 67 41 for
660 1596 74 42 the
761 1600 273 38 movements
1058 1596 44 41 of
1126 1596 74 42 the
1223 1595 99 57 lips,
1345 1600 176 52 tongue,
1543 1596 219 56 pharynx,
1783 1610 107 40 etc.;

223 1667 154 51 which,
409 1667 211 56 together,
645 1682 98 42 may
769 1668 53 43 be
846 1668 134 43 taken
1003 1682 47 28 as
1075 1668 74 42 the
1172 1682 203 28 common
1399 1674 150 37 centre
1582 1669 306 56 representing

222 1739 74 42 the
336 1739 104 43 Oral
472 1740 298 42 Articulative
810 1740 289 43 Mechanism.
1182 1740 46 42 It
1264 1741 38 42 is
1341 1741 46 42 in
1428 1741 122 43 these
1598 1745 173 39 centres
1821 1741 67 42 for

222 1812 242 56 phonation
487 1812 89 43 and
608 1812 92 43 oral
723 1812 282 43 articulation
1030 1812 98 43 that
1156 1812 75 42 the
1266 1817 142 38 motor
1442 1813 128 43 fibres
1606 1812 143 44 which
1783 1827 103 29 con-

222 1885 156 41 stitute
403 1884 73 42 the
500 1890 141 37 motor
663 1885 300 43 speech-tract
985 1885 113 42 have
1123 1884 115 43 their
1260 1885 153 55 origin.

281 1957 91 42 The
397 1962 139 37 motor
569 1958 129 41 fibres
732 1957 66 42 for
819 1957 209 57 Writing,
1051 1972 46 28 as
1123 1971 63 28 we
1219 1956 112 43 have
1365 1957 92 43 also
1491 1971 116 38 seen,
1630 1957 113 43 have
1770 1958 116 42 their

222 2029 141 56 origin
397 2029 43 41 in
477 2029 73 43 the
583 2030 179 42 cortical
795 2034 150 38 centre
979 2031 66 41 for
1077 2029 76 43 the
1186 2029 132 43 hand,
1339 2029 145 43 whicli
1519 2029 80 43 lies
1631 2043 144 30 across
1809 2029 76 43 the

224 2101 162 43 middle
404 2102 44 42 of
468 2103 73 41 the
558 2101 240 43 ascending
814 2102 162 42 frontal
995 2102 88 42 and
1101 2102 240 56 ascending
1359 2102 185 55 parietal
1562 2107 323 47 convolutions,

221 2174 197 56 opposite
442 2174 75 44 the
539 2175 216 56 posterior
785 2175 239 43 extremity
1047 2175 48 42 of
1116 2175 75 42 the
1214 2174 163 43 second
1402 2174 163 42 frontal
1587 2179 298 39 convolution.

283 2247 52 41 In
368 2248 297 55 experiments
698 2263 119 27 upon
852 2248 75 42 the
960 2247 149 42 brains
1142 2247 47 42 of
1222 2246 144 57 living
1401 2246 203 52 animals,
1638 2247 247 42 important

221 2319 255 43 differences
515 2320 111 43 have
665 2321 108 43 been
814 2320 223 43 observed,
1076 2320 37 42 it
1152 2319 91 42 will
1282 2320 53 42 be
1374 2319 313 43 remembered,
1722 2320 47 41 in
1808 2319 76 43 the

221 2391 148 44 effects
391 2392 223 57 produced
646 2393 59 57 by
728 2392 222 44 electrical
973 2392 280 43 stimulation
1276 2392 45 42 of
1353 2392 125 43 these
1502 2391 175 43 various
1701 2397 181 38 centres.

221 2464 53 41 In
297 2464 76 44 the
396 2465 93 42 first
511 2465 134 57 place,
670 2466 35 42 it
727 2465 78 43 has
829 2467 109 41 been
974 2465 136 42 found
1145 2464 97 43 that
1263 2464 281 43 stimulation
1567 2464 48 42 of
1634 2464 76 43 the
1733 2468 150 39 centre

220 2536 65 41 for
306 2536 239 56 phonation
572 2551 56 28 on
650 2551 82 29 one
756 2537 94 42 side
872 2537 45 42 of
947 2536 75 43 the
1056 2536 127 42 brain
1209 2535 160 57 (either
1391 2535 77 43 the
1492 2535 82 42 left
1598 2549 47 28 or
1668 2534 75 43 the
1767 2534 117 57 right

220 2609 112 56 side)
354 2623 151 29 causes
522 2624 26 28 a
570 2615 213 51 perfectly
807 2609 129 43 equal
959 2609 240 42 adduction
1223 2608 45 42 of
1291 2608 107 42 both
1421 2622 150 29 cords;
1604 2606 75 44 the
1704 2607 179 43 cortical

221 2681 345 55 representation
605 2681 45 43 of
688 2682 89 42 this
817 2686 253 38 movement
1107 2681 133 56 being
1275 2680 216 56 perfectly
1527 2678 214 44 bilateral.
1813 2678 70 43 On

221 2752 74 43 the
339 2754 127 42 other
507 2753 132 44 hand,
681 2755 75 42 the
792 2759 273 38 movements
1098 2753 161 43 caused
1305 2754 58 41 by
1413 2751 278 44 stimulation
1731 2751 48 42 of
1808 2751 75 43 the

220 2826 173 42 various
425 2827 277 42 sub-centres
734 2827 310 56 representing
1078 2826 73 42 the
1174 2824 91 44 oral
1289 2825 281 42 articulative
1597 2823 285 52 mechanism,

266 2920 13 22 1
305 2923 56 36 To
379 2923 164 49 produce
560 2922 117 38 voice,
697 2923 31 36 it
747 2922 80 37 will
844 2923 46 37 be
908 2922 270 37 remembered,
1196 2921 107 37 there
1322 2924 103 33 must
1443 2920 58 45 be,
1516 2919 148 37 besides
1677 2918 208 37 adduction

218 2983 40 36 of
273 2983 64 37 the
355 2984 117 36 cords,
499 2983 79 37 also
605 2985 215 47 expiratory
845 2995 173 37 pressure
1045 2983 41 37 of
1108 2982 64 37 air.
1227 2981 83 37 The
1337 2984 127 34 centre
1491 2979 58 37 for
1576 2979 66 37 the
1671 2982 214 44 expiratory

219 3045 116 46 effort,
355 3044 184 38 however,
560 3045 66 37 has
644 3050 68 32 not
729 3050 66 43 yet
811 3045 97 37 been
927 3043 340 38 determined.—It
1285 3055 89 34 may
1392 3041 91 36 here
1500 3041 47 36 be
1575 3040 135 47 added,
1735 3039 85 37 that
1845 3039 42 36 in

218 3108 193 48 monkeys,
432 3108 140 37 Semon
592 3107 75 37 and
688 3107 164 37 Horsley
870 3107 97 35 have
993 3109 68 33 not
1087 3104 120 38 found
1233 3116 22 24 a
1283 3115 129 25 centre
1441 3101 59 38 for
1526 3101 207 37 abduction
1762 3100 40 37 of
1825 3100 63 37 the

217 3169 117 47 cords,
354 3169 145 49 though
518 3168 91 38 they
627 3168 97 38 have
743 3168 120 37 found
882 3179 71 25 one
971 3167 41 36 in
1031 3170 86 33 cats.
