1933 3217
388 263 93 49 206

752 275 215 32 SYNOPSIS
990 275 51 31 OF
1067 275 90 30 THE
1182 275 226 31 SIMIAD^.

545 433 86 35 gray
647 433 12 32 ;
678 420 127 45 hands,
828 421 86 44 feet,
934 420 70 35 and
1024 432 89 32 ears,
1133 418 127 48 nearly
1275 419 108 36 black
1401 432 11 33 *,
1432 419 191 38 callosities
1641 421 98 49 large

549 486 166 37 Inhabits
733 484 165 37 Malacca
917 486 71 34 and
1008 485 62 36 the
1093 483 251 40 Sunda-Isles.

396 559 128 30 Pbate
546 550 165 38 IV.—6.
737 550 52 36 H.
816 563 274 23 sYNDACTYLA.
1122 549 81 37 The
1226 549 171 38 Siamang
1469 551 115 37 Simia
1608 553 149 46 syndac-

546 617 89 47 tyla.
658 615 110 48 Raff.
795 616 143 35 Trans.
959 616 93 35 Lin.
1071 616 85 36 Soc.
1189 617 76 34 xiii.
1290 629 34 34 p.
1346 616 73 36 241
1442 629 11 32 ;
1471 617 143 45 Horsf.
1630 617 123 37 Java.

548 682 94 37 Hair
666 682 108 35 black
791 694 13 32 ;
843 682 94 35 neck
971 682 72 34 and
1085 694 113 34 upper
1229 688 79 40 part
1328 683 41 34 of
1393 682 63 35 the
1476 683 117 35 breast
1621 684 133 43 naked,

547 749 72 35 and
636 753 208 42 prominent
860 748 95 34 from
983 753 61 29 the
1072 760 69 23 size
1162 748 40 34 of
1225 747 62 36 the
1315 747 187 48 laryngeal
1529 749 128 44 sacks;
1682 749 78 35 fiKt

547 815 71 34 and
637 814 132 35 second
796 813 115 46 finger
931 813 40 34 of
992 812 113 36 lower
1133 813 223 36 extremities
1383 814 129 35 united
1540 820 37 29 to
1604 820 62 30 the
1689 815 72 35 end

548 880 40 35 of
605 885 61 29 the
683 879 130 35 second
840 877 161 48 phalanx
1021 890 11 33 ;
1059 878 193 36 callosities
1279 891 107 25 none.
1449 879 167 37 Inhabits
1636 879 125 37 Island

550 945 41 35 of
607 943 181 38 Sumatra.

397 1012 128 35 Plate
560 1008 146 38 V.-—7.
741 1008 52 37 H.
818 1022 142 23 agilis.
1007 1007 82 37 The
1127 1008 135 37 Active
1290 1008 336 39 Gibbon.—Fred.
1657 1011 99 37 Cuv.

550 1074 204 38 Mammif.
810 1074 94 36 Hair
919 1074 96 36 clear
1031 1076 136 42 brown,
1187 1075 177 47 changing
1382 1082 36 29 to
1437 1088 21 23 a
1473 1076 142 48 shining
1631 1076 132 48 yellow

551 1155 47 23 on
614 1142 62 36 the
692 1141 91 35 back
799 1153 11 32 ;
838 1140 111 36 white
968 1141 96 35 band
1082 1141 114 36 above
1213 1147 61 29 the
1290 1154 82 34 eyes
1390 1154 12 32 ;
1429 1143 76 35 face
1525 1143 96 45 bare,
1641 1144 38 34 in
1700 1142 62 37 the

552 1207 96 35 male
663 1206 100 45 blue,
777 1206 39 35 in
829 1205 61 36 the
906 1206 133 35 female
1055 1205 134 48 yellow
1203 1218 12 33 ;
1233 1206 192 37 callosities
1439 1207 119 36 small.
1597 1207 109 37 Lives
1724 1209 39 35 in

554 1280 132 39 troops,
706 1272 69 35 and
797 1271 155 47 displays
972 1283 87 35 very
1077 1276 100 42 great
1194 1271 135 48 agility.
1366 1271 165 39 Inhabits
1552 1271 181 39 Sumatra.

937 1386 281 41 GUENONS.

662 1469 137 37 Genus
821 1466 353 48 lY.—Presbytis,
1199 1466 293 39 Eschscholtz.

451 1536 123 38 Facial
604 1535 106 37 angle
744 1535 106 44 60®;
883 1536 292 35 cheek-pouches
1204 1546 123 33 none;
1365 1534 192 37 callosities
1596 1537 170 44 distinct;

395 1603 68 37 tail
482 1603 86 46 long
584 1615 12 31 ;
616 1614 95 23 arms
730 1601 170 47 reaching
919 1607 37 29 to
976 1600 63 36 the
1057 1600 125 36 knees.

508 1668 32 36 1.
569 1667 44 37 P.
639 1679 195 31 MiTRULA,
850 1666 62 35 the
928 1665 144 47 Capped
1096 1665 170 36 Monkey
1331 1665 187 37 Fschsch.
1538 1666 43 36 in
1601 1667 164 37 Kotzeb.

574 1733 91 35 Voy.
686 1730 48 46 of
744 1731 158 35 Discov.
937 1729 94 37 Hair
1044 1730 138 45 cmled,
1206 1732 113 33 above
1348 1732 121 36 bluish
1488 1745 98 33 gray,
1609 1733 158 36 beneath

557 1797 141 49 grayish
717 1797 110 36 white
845 1809 12 32 ;
877 1809 20 22 a
915 1796 108 35 black
1034 1796 76 35 line
1129 1797 94 34 from
1244 1803 62 29 the
1325 1809 113 35 upper
1455 1804 80 40 part
1555 1799 40 34 of
1610 1804 62 31 the
1692 1812 76 23 ears

557 1873 115 27 across
704 1863 63 36 the
786 1863 93 34 head
897 1874 12 32 ;
946 1861 129 36 length
1096 1863 40 34 of
1164 1861 62 37 the
1242 1863 96 46 body
1357 1868 111 31 about
1491 1862 46 49 1^
1556 1864 105 45 foot;
1703 1865 65 35 tail

563 1927 92 48 long.
723 1927 165 36 Inhabits
909 1926 212 38 Sumatra.*

760 2029 137 39 Genus
920 2030 289 48 V.—Colobus^
1235 2031 179 38 Illiger.

456 2110 146 36 Muzzle
637 2110 126 45 short;
801 2113 146 35 nostrils
985 2117 299 42 approximated;
1327 2112 64 36 tail
1424 2112 127 48 longer
1584 2120 88 30 than
1707 2115 62 35 the

402 2178 118 47 body;
539 2176 109 35 limbs
667 2175 145 36 slender
826 2188 11 32 ;
856 2188 113 34 upper
987 2177 222 35 extremities
1224 2178 154 36 without
1395 2180 155 35 thumbs.

511 2241 32 36 1.
589 2240 42 37 C.
661 2253 248 33 POLYCoMus,
935 2240 296 38 Full-bottomed
1262 2242 168 38 Monkey
1499 2243 122 48 Geoff,
1661 2246 102 36 dnn.

560 2306 55 35 du
648 2306 115 36 Mus.
795 2318 77 24 xix.
902 2319 33 35 p.
975 2307 49 35 92
1044 2320 11 31 ;
1088 2308 134 35 Desm.
1254 2308 169 36 Mamm.
1455 2322 34 34 p.
1524 2310 62 36 53.
1664 2310 103 38 Neck

562 2372 85 35 with
669 2384 21 23 a
708 2385 106 23 mane
834 2373 38 35 in
892 2373 62 35 the
973 2374 94 34 form
1083 2374 41 35 of
1136 2386 21 22 a
1174 2373 108 45 hood,
1302 2375 168 46 covering
1488 2380 62 30 the
1567 2387 111 35 upper
1692 2384 79 40 part

564 2439 40 34 of
619 2438 61 36 the
701 2439 91 35 back
812 2439 71 35 and
903 2439 201 46 shoulders,
1124 2439 204 47 variegated
1347 2440 88 37 with
1457 2439 104 39 black
1581 2442 74 36 and
1675 2442 92 37 fawn

760 2554 19 21 •
800 2552 99 32 From
914 2553 159 32 Griffith’s
1087 2554 135 30 Animal
1236 2553 176 32 Kingdom.
