2107 3450
1775 332 72 40 k>:;

496 331 264 32 PATHOLOGY
792 331 55 32 OF
879 333 88 31 TFIR
999 334 152 32 MOTOR
1184 336 367 36 SPEECH-TRACTS.

186 3204 233 51 Anarthrie,"
441 3208 178 39 Fortschr.
639 3208 60 38 der
719 3207 178 38 Medicin,
918 3207 36 36 ii.
982 3206 106 44 1884,
1107 3216 36 40 p.
1164 3206 82 34 412.

198 458 76 39 not
295 467 25 31 a
342 453 151 57 single,
517 452 79 43 but
619 466 24 28 a
664 451 161 43 double
850 457 122 38 tract.
1039 454 54 41 In
1117 455 125 42 other
1266 457 154 53 words,
1444 457 122 44 there
1589 459 37 42 is
1649 465 77 37 not
1747 461 104 54 only

197 526 73 43 the
290 530 112 38 tract
425 524 143 43 which
592 537 148 43 passes
758 523 275 44 downwards
1056 525 47 41 in
1126 525 75 43 the
1224 540 118 30 same
1365 527 278 58 hemisphere
1668 531 183 56 directly

199 598 184 42 towards
406 597 74 43 the
504 596 206 50 medulla,
735 597 78 41 but
836 596 91 42 also
950 610 25 28 a
997 598 162 42 second
1182 603 113 39 tract
1319 600 154 51 which,
1499 603 177 54 passing
1709 618 142 28 across

198 670 112 42 from
344 668 169 44 Broca's
546 668 297 52 convolution,
876 668 58 56 by
958 667 74 43 the
1066 682 158 42 corpus
1257 670 225 52 callosum,
1506 677 43 37 to
1585 673 72 43 the
1690 688 158 29 corres-

196 741 195 57 ponding
423 739 283 44 convolution
739 739 45 43 of
815 739 75 42 the
923 739 201 56 opposite
1157 740 106 54 side,
1290 742 261 43 establishes
1583 744 268 43 connexions

197 814 196 42 between
418 813 74 42 the
516 817 86 38 two
635 811 320 53 convolutions,
978 811 88 42 and
1088 812 179 43 enables
1297 812 120 43 them
1451 818 45 37 to
1530 818 70 38 act
1631 815 48 41 in
1711 821 142 37 motor

196 885 158 42 unison
378 885 140 42 under
540 885 75 41 the
638 883 215 56 guidance
876 883 45 42 of
943 882 76 44 the
1041 883 333 57 psycho-motor
1406 885 193 56 pictures
1628 887 145 43 stored
1805 888 45 42 in

196 957 170 43 Broca's
389 962 294 37 convolution.
747 955 130 43 After
900 956 190 56 forming
1112 956 88 43 this
1225 958 246 42 connexion
1494 958 106 42 with
1618 959 74 42 the
1711 964 143 38 motor

196 1028 281 43 convolution
513 1028 47 41 of
592 1027 74 43 the
704 1027 117 55 right
844 1027 106 52 side,
980 1026 89 43 this
1093 1030 126 40 tract,
1249 1028 37 42 it
1318 1028 38 43 is
1391 1028 212 52 believed,
1625 1044 149 42 passes
1806 1036 44 38 to

196 1100 74 42 the
303 1100 192 43 internal
528 1099 179 56 capsule
739 1099 45 42 of
817 1098 99 43 that
947 1099 105 51 side,
1086 1099 87 42 and
1216 1099 108 43 then
1357 1100 273 44 downwards
1663 1104 189 42 towards

195 1173 74 42 the
291 1172 206 42 medulla,
519 1172 46 41 in
589 1186 24 28 a
646 1185 151 29 course
820 1171 168 43 similar
1011 1176 43 37 to
1087 1171 99 43 that
1209 1172 47 41 of
1285 1172 74 43 the
1393 1172 139 44 direct
1555 1178 112 39 tract
1698 1175 45 42 in
1777 1176 75 42 the

193 1244 80 43 left
295 1244 288 43 hemisphere.
647 1244 104 42 This
776 1243 161 43 second
969 1248 113 38 tract
1116 1245 112 41 from
1263 1244 171 43 Broca's
1457 1246 281 43 convolution
1762 1247 90 52 has,

193 1316 323 56 conveniently,
539 1316 108 43 been
671 1315 168 44 termed
863 1315 73 43 the
959 1318 21 20 "
995 1315 180 43 callosal
1199 1315 330 56 speech-tract."
1591 1317 257 44 Wernicke1

193 1392 197 52 suggests
414 1388 97 43 that
532 1388 47 42 in
602 1388 75 43 the
700 1388 170 42 normal
894 1388 227 42 condition
1144 1388 45 42 of
1215 1388 76 42 the
1314 1388 127 42 brain
1463 1388 317 44 three-fourths
1802 1404 48 29 or

193 1459 240 43 four-fifths
468 1460 45 42 of
557 1460 73 43 the
665 1475 161 41 energy
861 1460 209 56 requisite
1107 1460 67 42 for
1206 1459 75 44 the
1313 1460 281 43 innervation
1628 1462 46 41 of
1692 1462 158 55 speech

192 1547 100 42 may
335 1533 53 42 be
430 1533 230 42 furnished
698 1533 59 42 by
797 1533 73 42 the
908 1532 84 43 left
1029 1532 291 58 hemisphere,
1358 1533 88 42 and
1488 1533 74 43 the
1605 1535 246 56 remaining

191 1604 186 42 fraction
409 1605 60 56 by
498 1604 75 43 the
606 1604 117 57 right
754 1604 289 56 hemisphere.
1107 1605 140 42 There
1281 1618 140 29 seems
1454 1619 132 42 every
1619 1620 152 29 reason
1804 1611 45 38 to

190 1677 167 43 believe
381 1677 108 53 that,
512 1677 199 43 between
745 1675 175 44 Broca's
952 1676 286 43 convolution
1272 1677 88 42 and
1395 1676 75 44 the
1505 1692 138 42 upper
1675 1683 99 51 part
1805 1680 44 41 of

191 1748 73 43 the
287 1748 81 43 left
390 1749 191 42 internal
604 1749 189 57 capsule,
817 1749 76 43 the
925 1754 87 38 two
1035 1763 121 43 parts
1186 1749 45 42 of
1263 1749 76 43 the
1362 1749 162 43 double
1553 1755 296 38 speech-tract

189 1820 135 42 —the
346 1821 140 43 direct
510 1821 64 42 for
596 1821 75 43 the
694 1821 81 43 left
799 1821 291 57 hemisphere,
1113 1821 87 42 and
1224 1821 75 43 the
1332 1821 181 43 callosal
1545 1822 67 42 for
1635 1822 74 43 the
1731 1822 119 43 right

189 1893 116 43 —lie
329 1894 114 43 close
466 1894 200 56 together
698 1908 48 29 or
767 1909 107 28 very
898 1909 104 28 near
1026 1894 107 43 each
1157 1893 125 43 other
1302 1909 8 38 ;
1342 1894 87 42 and
1453 1894 97 42 that
1571 1894 48 42 in
1641 1894 89 43 this
1752 1899 99 51 part

190 1966 47 42 of
268 1966 114 43 their
417 1980 151 29 course
606 1967 106 56 they
745 1981 71 29 are
851 1967 122 43 often
1010 1971 76 38 cut
1120 1981 146 28 across
1300 1966 200 57 together
1535 1967 60 42 by
1618 1967 75 42 the
1731 1981 119 28 same

189 2037 149 43 lesion.
403 2038 45 42 It
473 2038 144 42 would
649 2053 174 42 appear,
846 2039 66 42 for
944 2038 215 57 example,
1182 2039 99 42 that
1312 2052 26 29 a
1369 2038 140 43 lesion
1532 2038 47 42 in
1611 2038 75 43 the
1711 2053 139 42 upper

190 2109 84 42 and
297 2110 191 42 anterior
510 2115 100 51 part
642 2111 45 42 of
719 2110 75 43 the
828 2110 154 43 Island
1015 2110 47 43 of
1090 2110 102 44 Keil
1225 2125 114 42 may,
1364 2110 55 57 by
1445 2111 279 55 penetrating
1756 2111 94 41 into

188 2181 74 43 the
314 2183 232 56 subjacent
600 2182 132 44 white
786 2187 173 39 matter,
1002 2188 77 38 cut
1132 2184 123 41 them
1309 2182 106 43 botli
1468 2196 158 29 across,
1668 2182 87 42 and
1802 2196 46 28 so

190 2255 187 55 produce
421 2256 73 42 the
537 2255 341 57 infra-pictorial
920 2259 172 40 variety
1131 2255 48 42 of
1217 2268 143 29 motor
1398 2253 189 57 aphasia.
1658 2253 63 43 At
1764 2254 85 42 and

190 2327 138 43 below
350 2327 74 43 the
457 2342 140 41 upper
628 2332 101 52 part
760 2329 48 41 of
837 2328 75 43 the
944 2327 194 44 internal
1171 2326 191 57 capsule,
1386 2341 55 28 on
1467 2326 74 43 the
1574 2325 124 43 other
1720 2326 131 53 hand,

190 2399 104 56 they
316 2400 294 57 increasingly
633 2400 176 56 diverge
844 2401 113 42 from
994 2400 108 43 each
1142 2400 139 42 other,
1303 2399 88 43 and
1423 2413 72 29 are
1527 2398 87 43 less
1647 2398 86 43 and
1765 2398 87 43 less

190 2471 138 43 likely
351 2477 44 37 to
419 2473 52 42 be
495 2477 75 38 cut
599 2487 143 29 across
775 2473 57 42 by
858 2473 74 42 the
965 2487 119 29 same
1117 2472 153 51 lesion,
1293 2471 131 51 until,
1448 2486 55 26 on
1536 2470 208 57 reaching
1776 2470 75 43 the

192 2543 99 43 base
314 2544 44 42 of
380 2545 73 42 the
478 2545 137 53 brain,
634 2545 106 57 they
758 2559 123 30 come
900 2559 105 29 near
1022 2544 106 44 each
1148 2544 125 43 other
1294 2544 127 42 again
1442 2543 45 41 in
1506 2543 75 42 the
1599 2543 141 53 Pons;
1762 2543 87 43 and

191 2615 216 45 therefore
429 2617 163 43 lesions
611 2623 45 37 at
673 2618 87 42 and
778 2618 141 43 below
939 2618 75 43 the
1032 2632 142 42 upper
1191 2621 99 52 part
1308 2617 44 41 of
1375 2616 75 42 the
1468 2615 191 43 internal
1675 2614 176 57 capsule

192 2689 174 56 usually
389 2690 191 56 produce
612 2691 167 42 merely
807 2705 25 28 a
864 2690 253 57 dysarthria
1150 2703 48 29 or
1230 2687 221 44 difficulty
1485 2687 48 42 of
1561 2687 294 53 articulation,

191 2762 85 42 and
319 2767 79 39 not
441 2777 56 29 an
547 2763 182 43 aphasia
772 2765 44 41 of
870 2763 76 43 the
989 2761 343 44 infra-pictorial
1375 2774 143 29 motor
1561 2764 115 52 type.
1760 2758 91 42 The

192 2833 248 57 dysarthria
461 2835 37 43 is
521 2835 177 43 usually
722 2840 116 38 most
859 2849 195 29 marked,
1077 2834 87 42 and
1186 2839 118 37 most
1325 2837 78 52 apt
1424 2836 45 38 to
1493 2832 52 42 be
1577 2834 273 53 permanent,

193 2906 123 43 when
350 2908 76 43 the
458 2911 114 40 tract
607 2908 237 57 belonging
884 2913 43 37 to
963 2907 75 42 the
1074 2906 82 43 left
1190 2904 277 44 hemisphere
1501 2904 37 42 is
1573 2907 76 38 cut
1683 2915 169 39 across;

192 2977 78 45 but
287 2979 249 57 dysarthria
558 2980 37 44 is
613 2980 92 43 also
729 2981 47 42 of
795 2985 148 52 pretty
963 2993 203 29 common
1186 2990 258 30 occurrence
1468 2989 127 29 when
1618 2974 76 42 the
1712 2973 136 43 lesion

191 3050 35 42 is
244 3051 43 42 in
314 3052 73 43 the
405 3052 116 58 right
543 3053 307 57 hemisphere;
882 3052 88 44 and
990 3050 240 44 Wernicke
1254 3049 37 43 is
1315 3049 46 41 in
1379 3047 107 44 such
1511 3060 119 29 cases
1654 3045 194 43 inclined

237 3144 12 24 1
275 3147 21 18 "
311 3145 127 38 Ueber
456 3147 62 36 die
539 3147 226 37 motorische
790 3144 258 51 Sprachbahn,
1071 3143 77 37 and
1167 3143 66 36 das
1252 3140 242 39 Verhaltniss
1513 3139 66 36 der
1598 3137 166 50 Aphasie
1783 3149 66 24 zur
