1895 3217
1399 312 85 41 Ill

499 322 90 30 THE
613 322 172 32 CAPPED
810 321 214 40 MONKEYj
1052 312 77 39 &C.

152 448 141 45 averal
328 455 145 47 times^
507 448 117 45 until
659 447 222 46 sufficient
914 446 198 47 impetus
1136 445 36 45 is
1195 444 176 61 gained,,
1397 447 90 45 and

132 525 104 60 -hey
259 525 109 44 then
392 524 98 45 dart
514 523 65 47 off
596 524 112 45 with
732 530 78 40 the
832 529 173 41 utmost
1029 527 217 57 apparent
1271 537 100 31 ease
1395 523 91 45 and

127 616 139 46 grace.

193 678 55 45 In
267 693 27 30 a
311 683 116 40 state
446 678 50 45 of
505 677 353 54 domestication,
883 683 112 55 they
1014 692 73 30 are
1111 682 78 39 not
1214 691 45 31 so
1282 676 140 60 lively
1442 691 48 29 as

128 770 140 44 many
292 762 126 37 other
447 755 233 60 monkeys,
705 754 170 45 though
899 753 265 46 susceptible
1188 751 50 46 of
1252 767 120 30 some
1397 753 95 44 cul-

128 831 192 45 tivation
336 847 14 37 ;
391 837 111 54 they
538 846 74 30 are
652 830 142 62 easily
827 830 264 62 frightened,
1130 829 91 45 and
1259 844 49 29 as
1349 829 142 59 easily

130 923 130 45 again
283 908 243 54 reassured,
552 906 104 47 fond
674 907 50 46 of
738 909 131 59 being
893 907 212 53 caressed,
1126 905 260 46 inquisitive
1403 906 89 44 and

130 983 206 54 familiar,
382 984 90 45 and
509 990 253 39 sometimes
807 983 190 62 playful.
1081 984 56 44 In
1175 984 78 44 the
1298 982 195 46 internal

130 1067 230 54 anatom}?-,
400 1062 111 60 they
543 1060 128 46 differ
703 1060 113 46 from
854 1067 78 39 the
972 1061 233 61 preceding
1242 1060 164 45 species
1443 1060 47 44 in

127 1143 80 39 the
241 1153 185 29 absence
463 1137 49 46 of
536 1145 79 38 the
654 1139 199 60 guttural
886 1154 132 37 sack;
1060 1138 318 53 nevertheless,
1415 1137 78 45 the

131 1229 77 46 cry
247 1214 38 45 is
323 1230 159 45 nearly
521 1215 183 54 similar,
746 1215 149 45 which
934 1221 123 38 must
1098 1215 124 45 show
1262 1220 103 39 that
1401 1214 93 44 this

132 1289 236 46 formation
395 1291 37 44 is
456 1297 77 38 not
556 1307 234 45 necessary
813 1297 45 39 to
883 1291 189 60 produce
1096 1291 78 45 the
1196 1289 115 46 howl
1331 1289 50 46 of
1400 1290 91 45 this

133 1368 89 44 and
245 1383 120 29 some
389 1373 126 39 other
536 1383 234 45 monkeys,
797 1383 46 29 or
865 1368 101 45 that
985 1383 120 30 some
1125 1373 127 39 other
1270 1382 223 30 structure

131 1450 123 39 must
276 1444 65 45 fiU
364 1460 61 45 up
449 1445 78 45 the
552 1444 256 61 deficiency.

196 1522 90 45 We
316 1522 115 44 have
463 1537 103 30 now
593 1520 260 47 mentioned
886 1521 60 45 all
970 1521 78 45 the
1073 1521 167 45 known
1265 1536 164 45 species
1454 1519 46 47 of

132 1598 280 46 long-anned
436 1614 103 30 apes
564 1615 48 29 or
635 1599 214 53 Gibbons,
887 1599 89 44 and
998 1604 126 39 there
1147 1613 73 29 are
1243 1603 92 40 two
1359 1597 135 46 forms

133 1675 147 45 which
295 1676 62 60 by
370 1682 116 38 most
502 1676 229 45 zoologists
749 1677 115 44 have
883 1677 112 44 been
1012 1690 157 46 placed
1183 1674 311 61 immediately

131 1750 225 63 following
377 1759 141 47 them,
551 1752 50 46 of
627 1753 147 44 which
800 1769 68 29 we
890 1753 117 46 have
1030 1754 110 44 been
1167 1753 163 44 unable
1353 1758 46 39 to
1425 1767 71 29 see

135 1828 257 60 specimens.
459 1830 91 45 We
587 1830 114 44 shall
735 1830 217 45 therefore
984 1835 174 55 shortly
1187 1835 147 39 notice
1369 1829 126 44 them

134 1904 113 46 from
270 1912 79 38 the
373 1921 145 29 works
542 1905 50 46 of
615 1906 177 60 highest
815 1905 271 61 reputation,
1121 1907 146 43 before
1289 1905 208 60 proceed-

134 1981 76 59 ing
247 1988 47 37 to
333 1982 77 44 the
441 1981 213 45 Guenons
693 1998 48 29 or
777 1982 266 45 long-tailed
1080 1997 220 45 monkeys
1340 1981 50 45 of
1418 1981 79 45 the

137 2056 89 45 Old
248 2057 173 45 World.
481 2058 96 44 The
600 2057 94 45 first
712 2059 81 44 has
810 2059 112 44 been
940 2057 320 46 characterised
1276 2059 62 59 by
1357 2058 141 45 Esch-

136 2133 157 54 sholtz,
333 2134 143 44 under
512 2140 77 38 the
625 2149 132 29 name
797 2133 49 46 of
878 2135 203 59 Prebytis
1183 2150 218 44 possesses
1440 2150 56 30 no

135 2210 383 60 cheek-pouches;
554 2211 80 44 has
657 2211 148 45 naked
828 2211 259 53 callosities;
1124 2217 77 39 the
1225 2227 118 29 arms
1366 2212 130 44 reach

135 2293 45 38 to
214 2286 78 45 the
324 2287 151 53 knees,
507 2288 89 44 and
629 2294 77 39 the
730 2288 82 45 tail
841 2288 38 45 is
918 2286 51 47 of
991 2287 297 46 considerable
1326 2288 169 61 length.

138 2364 96 44 The
273 2363 130 45 facial
442 2365 128 60 angle
609 2364 97 46 60°.
785 2365 122 61 Only
947 2380 81 30 one
1068 2365 164 60 species
1265 2365 81 45 has
1385 2366 110 44 been

137 2440 250 45 discovered
419 2440 48 45 in
500 2441 226 54 Sumatra,
763 2442 57 45 P.
861 2448 202 47 mitrula,
1102 2456 47 31 or
1178 2442 168 60 capped
1368 2457 129 29 mon-

190 2544 21 19 *
243 2549 74 46 npi
323 2543 98 46 3-f/f,
448 2557 44 22 an
513 2545 60 35 old
593 2558 152 24 woman.
806 2544 48 38 So
875 2545 115 36 called
1004 2545 91 36 from
1116 2551 62 30 the
1197 2546 243 35 resemblance
1461 2545 37 35 of

138 2621 44 22 an
203 2609 59 35 old
283 2623 139 23 woman
444 2610 84 36 with
549 2623 19 22 a
588 2623 74 34 cap.

1278 2687 25 32 0
