1933 3302
1619 155 49 37 15

358 161 208 32 Chronische
589 160 111 30 Form.
746 158 152 31 Relative
922 157 195 31 Häufigkeit
1140 156 60 31 der
1223 156 155 30 Formen.

73 270 134 38 sehen,
249 270 160 37 elenden
439 268 207 49 Subjecten
683 267 133 50 häufig
852 277 132 39 genug
1018 278 84 32 vor,
1144 264 236 38 namentlich
1409 263 71 38 mit
1508 274 161 40 grossen

73 321 529 40 Granulationsoberflächen,
633 321 183 37 schlafien
847 318 303 39 Granulationen
1179 317 78 37 und
1287 329 253 26 malacischer
1568 315 100 38 Ver-

72 376 344 38 bindungsschicht
445 374 198 38 derselben
673 377 71 34 mit
773 374 85 37 dem
885 372 166 39 Grunde,
1083 370 96 38 auch
1210 370 100 38 ohne
1339 371 87 37 dass
1456 371 60 37 ein
1546 368 124 39 Insult

72 431 66 36 der
167 429 300 38 Granulationen
496 428 174 37 vorliegt.
715 426 210 38 Immerhin
954 426 50 37 ist
1034 424 60 38 die
1123 424 272 51 Erscheinung
1424 424 55 38 als
1509 423 160 50 Anfang

72 484 64 37 des
166 482 344 39 Hospitalbrandes
539 480 352 39 bemerkenswerth
919 491 142 39 genug.

415 619 247 40 Chronische
695 618 113 39 Form
841 619 71 38 des
945 616 377 50 Hospitalbrandes.

196 728 222 38 Delpech
455 727 108 37 führt
596 740 71 24 uns
702 727 40 37 in
778 727 125 38 seiner
931 739 148 25 vierten
1108 724 115 39 Form
1259 724 72 37 den
1360 723 307 51 Hospitalbrand

68 784 38 36 in
136 783 86 37 sehr
250 794 247 26 chronischer
526 779 149 39 Gestalt
704 794 78 24 vor.
841 780 55 38 Er
927 779 252 39 beobachtete
1210 778 191 49 derartige
1427 777 107 38 Fälle
1563 778 102 38 beim

67 836 229 38 Abnehmen
333 835 78 37 und
445 834 303 38 Verschwinden
789 835 66 37 der
891 833 214 49 Epidemie.
1178 831 94 47 „Die
1310 831 172 38 eiternde
1511 831 153 39 Wunde

68 889 93 37 wird
195 889 122 44 blass,
355 887 326 51 angeschwollen,
717 888 105 37 hart,
860 887 162 38 beinahe
1051 886 177 44 trocken,
1265 885 194 50 umgeben
1488 898 75 25 von
1592 899 73 24 nur

67 942 213 37 schmalen,
311 942 138 37 rothen
478 940 193 39 Rändern.
731 941 73 38 Die
834 941 118 37 schon
982 943 196 48 geheilten
1207 939 160 38 Narben
1397 940 154 37 werden
1581 953 86 23 zum

70 996 108 37 Theil
206 996 131 49 rissig,
377 995 78 38 imd
486 995 60 38 die
576 995 138 38 daraus
745 994 278 38 entstehenden
1051 993 272 39 Ulcerationen
1354 993 85 37 sind
1470 1006 196 25 erheblich

68 1049 109 37 mehr
212 1052 206 34 entzündet
454 1048 56 38 als
549 1049 66 37 das
650 1048 183 38 Uebrige.
892 1048 79 37 Der
1005 1053 206 44 plötzliche
1245 1046 239 51 Uebergang
1519 1046 147 51 einiger

69 1103 123 37 dieser
219 1102 182 38 Wunden
438 1102 39 37 in
516 1102 222 38 offenbaren
775 1101 323 50 Hospitalbrand,
1143 1101 82 37 ihre
1262 1100 246 38 Heilbarkeit
1545 1100 121 39 durch

69 1156 193 38 dieselben
297 1156 148 38 Mittel,
483 1155 143 38 welche
665 1156 71 37 den
775 1155 305 49 Hospitalbrand
1116 1155 142 50 tilgen,
1298 1154 161 38 machen
1494 1168 71 24 uns
1594 1167 69 38 ge-

67 1209 124 50 neigt,
228 1223 44 23 zu
311 1209 184 50 glauben,
539 1210 86 37 dass
664 1222 39 24 es
742 1209 82 37 sich
860 1222 65 24 um
956 1209 84 37 eine
1068 1208 142 38 leichte
1238 1208 117 38 Form
1386 1209 65 37 des
1479 1208 186 38 letzteren

68 1263 174 37 handelt,
282 1263 144 37 welche
457 1263 119 37 durch
608 1263 193 38 dieselben
829 1262 217 39 Ursachen,
1093 1262 92 38 aber
1220 1262 73 37 mit
1320 1265 91 35 weit
1440 1261 226 52 geringerer

69 1316 114 37 Kraft
236 1317 329 38 hervorgebracht
615 1317 62 37 ist.
753 1316 73 38 Die
882 1315 116 38 Form
1051 1316 168 37 verläuft
1273 1316 98 38 ohne
1420 1316 242 38 Allgemein-

66 1369 159 38 leiden."

195 1423 182 38 Zweimal
406 1424 253 37 beobachtete
690 1423 253 38 Tourraine
974 1423 83 38 eine
1088 1423 325 50 eigenthümliche
1439 1423 222 37 Invasions-

66 1477 115 37 weise
211 1477 65 37 des
297 1476 344 50 Hospitalbrandes
670 1478 39 36 in
728 1477 172 38 Narben,
930 1477 145 37 welche
1106 1490 39 24 er
1175 1490 56 24 als
1261 1476 401 50 Pergamentform

67 1531 65 36 des
161 1530 347 49 Hospitalbrandes
542 1531 231 37 beschreibt.
837 1529 85 47 „An
955 1530 121 38 völlig
1105 1532 229 36 vernarbten
1364 1530 296 38 Amputations-

66 1583 195 49 stümpfen
298 1583 158 38 schwoll
494 1584 70 37 auf
598 1584 141 37 einmal
777 1583 59 38 die
865 1583 238 51 Umgebung
1141 1584 67 37 der
1240 1583 132 38 Narbe
1411 1598 64 31 an,
1515 1584 145 38 welche

66 1637 120 37 selbst
222 1637 263 48 unerträglich
526 1637 258 37 schmerzhaft
811 1638 142 36 wurde.
1012 1637 108 37 Dazu
1158 1637 90 37 kam
1285 1637 156 45 Fieber,
1486 1637 172 47 Unruhe,

66 1689 326 51 Schlaflosigkeit,
425 1703 38 25 es
492 1691 170 37 bildeten
691 1704 82 25 sich
802 1690 173 38 Runzeln
1005 1691 70 37 auf
1102 1691 66 37 der
1187 1691 144 38 Narbe,
1362 1692 185 37 wodurch
1577 1692 80 38 die-

66 1743 106 38 selbe
203 1744 65 36 das
288 1742 183 39 Ansehen
499 1758 74 24 von
601 1758 89 24 nass
710 1745 280 50 gewordenem,
1023 1758 61 24 am
1105 1744 123 38 Feuer
1252 1745 292 50 getrocknetem
1565 1745 95 38 Per-

66 1799 158 48 gament
265 1796 174 38 bekam."
511 1797 67 38 Ich
617 1798 100 38 habe
756 1799 103 37 diese
896 1798 293 38 Beschreibung
1227 1799 66 37 der
1329 1798 333 52 Vollständigkeit

65 1850 135 37 halber
228 1849 244 50 mitgetheilt,
503 1865 104 24 muss
638 1865 91 25 aber
756 1852 220 38 bemerken,
1009 1853 87 36 dass
1127 1851 81 38 sich
1236 1852 64 38 bei
1328 1853 153 37 keinem
1503 1854 66 37 der
1589 1867 68 24 an-

69 1904 116 37 deren
212 1903 244 38 Beobachter
485 1907 116 36 etwas
630 1905 232 38 Aehnliches
891 1906 199 38 vorfindet.

313 2053 179 38 Relative
526 2052 220 50 Häufigkeit
777 2054 71 39 der
878 2055 320 39 verschiedenen
1232 2055 177 39 Formen.

194 2160 72 37 Die
295 2161 258 38 intensiveren
578 2161 165 37 Formen
773 2161 180 39 scheinen
980 2163 54 37 im
1063 2162 153 38 Ganzen
1246 2163 60 37 die
1331 2163 226 49 häufigeren
1587 2175 69 38 ge-

71 2225 123 25 wesen
230 2227 44 23 zu
314 2214 93 37 sein.
464 2214 233 39 Abgesehen
725 2228 74 24 von
834 2216 73 37 den
944 2216 163 38 ältesten
1135 2216 269 37 Beobachtern
1434 2216 152 38 Poute
1601 2230 55 24 au

68 2266 76 36 und
172 2265 330 53 Dussaussoy,
529 2267 198 39 Wenzel
756 2281 36 24 u.
815 2267 61 47 A.,
908 2269 122 38 denen
1059 2269 217 38 überhaupt
1304 2283 73 23 nur
1406 2269 60 38 die
1494 2274 162 45 pulpöse

70 2318 113 37 Form
217 2319 172 38 bekannt
422 2334 94 33 war,
552 2320 223 39 bezeichnet
802 2322 202 38 Demme
1038 2322 98 38 nach
1167 2323 129 37 seinen
1326 2323 329 50 Beobachtungen

70 2371 37 36 in
138 2372 71 37 den
238 2372 263 39 italienischen
530 2374 238 38 Lazarethen
799 2375 65 37 das
894 2374 243 39 Verhältniss
1176 2376 66 37 der
1277 2376 190 49 pulpösen
1500 2390 66 23 zur
1595 2377 58 37 ul-

70 2429 154 33 cerösen
252 2425 115 38 Form
396 2426 39 37 in
466 2427 74 37 125
561 2427 133 37 Fällen
724 2427 71 37 wie
826 2429 20 35 7
878 2442 45 23 zu
954 2429 33 37 5.
1032 2429 191 38 Fischer
1251 2429 92 38 fand
1373 2432 113 35 unter
1507 2431 49 36 56
1576 2429 77 39 Be-

70 2477 267 51 obachtungen
378 2480 129 37 22mal
554 2480 58 37 die
650 2480 176 49 pulpöse,
872 2481 128 38 18mal
1038 2482 59 38 die
1134 2482 170 38 ulceröse
1341 2484 76 36 und
1458 2484 101 37 6mal
1595 2483 59 39 die

68 2530 331 48 pulpös-ulceröse
428 2533 126 37 Form.
602 2533 355 51 Lewandowsky
985 2536 254 38 beobachtete
1269 2536 60 38 die
1358 2541 161 45 pulpöse
1539 2536 115 39 Form

68 2583 38 37 in
137 2584 47 36 21
215 2583 134 40 Fällen
381 2586 139 38 18mal,
551 2587 59 37 die
639 2586 170 38 ulceröse
839 2588 113 37 3mal.

166 2720 128 40 Ueber
324 2724 285 48 anderweitige
640 2722 305 50 Aufstellungen
977 2735 75 28 von
1085 2725 470 40 Hospitalbrandformen

68 2833 111 45 möge
207 2828 98 38 noch
326 2827 212 50 Folgendes
566 2830 253 49 hinzugefügt
846 2832 164 37 werden.
1064 2831 244 40 Generalarzt
1335 2833 189 49 Marmy,
1555 2833 94 38 wel-

70 2881 108 37 chem
207 2882 51 36 im
287 2881 245 51 Krimkriege
562 2884 60 37 ein
651 2884 163 37 überaus
844 2897 151 36 grosses
1025 2885 178 39 Material
1231 2899 73 25 von
1324 2886 324 39 Hospitalbrand-

72 2934 170 38 kranken
281 2948 44 23 zu
364 2933 143 39 Gebote
547 2937 125 46 stand,
722 2937 282 39 unterscheidet
1040 2939 83 38 eine
1160 2939 489 51 ulcerirend-gangränöse
