2423 3381
138 148 96 51 wie
268 146 105 53 sich
409 145 84 53 die
526 145 417 67 Eigensebaften
977 147 113 52 und
1124 145 84 54 die
1240 145 559 54 Versíáiiedenheiten
1834 143 96 53 der
1962 143 193 53 Eltern
2188 141 90 54 bei

134 220 252 50 Kindern
434 222 113 49 und
593 221 452 50 Kindeskindern
1096 220 351 60 auswirkten,
1497 221 145 49 nicht
1694 219 164 50 durch
1909 217 367 51 Nachdenken

135 294 368 62 herangehen,
536 294 238 50 sondern
809 294 163 49 durch
1008 293 101 50 den
1140 294 258 49 Versuch.
1432 293 126 50 Und
1589 313 91 29 um
1712 291 284 63 möglichst
2030 289 246 51 einfache

136 366 378 49 Verhältnisse
541 366 364 49 untersuchen
932 387 65 28 zu
1025 365 238 60 können,
1290 366 200 48 wählte
1520 385 58 29 er
1605 364 421 58 Erbsensorten,
2056 362 85 49 die
2171 361 106 50 sich

134 438 206 62 jeweils
373 443 55 44 in
461 458 103 30 nur
600 441 249 47 einem
882 437 273 50 Merkmal
1186 437 436 50 unterschieden.
1658 436 117 49 Wie
1809 435 167 49 Peter
2010 432 267 52 schwarze

136 512 112 49 und
271 511 172 49 weiße
468 510 542 58 Meerschweinchen,
1035 509 207 50 Martin
1267 521 122 38 rote
1414 509 114 49 und
1551 508 174 50 weiße
1751 505 526 52 Meerschweinchen

137 584 264 63 gekreuzt
428 582 170 60 hatte,
627 602 56 30 so
711 582 222 49 brachte
961 580 220 50 Mendel
1209 584 120 47 eine
1356 581 382 58 Erbsensorte,
1768 579 85 49 die
1883 582 170 60 grüne
2083 578 194 50 Samen

136 656 171 58 hatte,
339 657 98 47 mit
471 658 152 46 einer
658 655 240 48 anderen
931 668 330 45 zusammen,
1296 653 84 49 die
1416 652 153 64 gelbe
1604 652 194 50 Samen
1830 650 188 60 besaß,
2050 650 135 50 oder
2218 668 60 30 er

137 727 228 51 kreuzte
401 730 120 47 eine
556 727 244 63 runzlige
834 726 362 49 Erbsensorte
1232 729 98 46 mit
1365 727 151 48 einer
1551 725 225 63 glatten,
1811 725 120 46 eine
1966 722 311 49 rotviolett-

138 800 276 50 blühende
450 803 100 46 mit
584 803 153 46 einer
769 798 481 50 weißblühenden.
1287 798 197 49 Sieben
1517 796 407 62 verschiedene,
1961 795 130 49 aber
2123 794 154 49 deut¬

136 873 99 49 lich
269 876 361 59 ausgeprägte
661 871 306 49 Merkmale
999 889 98 45 zog
1131 890 57 29 er
1222 889 56 31 so
1311 872 55 46 in
1400 869 102 49 den
1533 869 162 49 Kreis
1729 870 180 48 seiner
1940 866 138 50 über
2110 864 168 56 Jahre

137 945 104 51 sich
275 944 419 50 erstreckenden
726 944 476 63 Beobachtungen.

207 1035 92 49 Ihr
340 1035 265 63 Ergebnis
647 1036 144 62 legte
834 1056 58 29 er
932 1039 55 45 in
1031 1035 122 50 dem
1193 1036 232 49 Aufsatz
1469 1036 309 57 „Versuche
1819 1036 138 50 über
1999 1037 278 50 Pflanzen¬

136 1106 303 63 hybriden"
490 1107 305 63 (Hybriden
844 1109 120 48 sind
1009 1107 316 64 Mischlinge
1372 1111 100 47 wie
1519 1111 55 46 in
1620 1109 234 49 Martins
1901 1105 242 54 Versuch
2194 1109 85 49 die

136 1179 292 50 bJaßroten
477 1179 545 64 Meerschweinchen)
1074 1181 215 59 nieder;
1341 1180 85 50 die
1477 1180 198 50 Arbeit
1726 1180 244 50 erschien
2022 1182 134 49 1865
2206 1183 74 47 im

137 1254 213 47 vierten
397 1251 155 50 Band
599 1255 150 46 einer
796 1251 238 59 kleinen,
1079 1272 105 29 nur
1229 1255 56 46 in
1330 1255 249 59 wenigen
1625 1253 242 49 hundert
1914 1252 232 50 Stücken
2195 1272 83 43 ge¬

138 1323 261 50 druckten
457 1323 549 50 wissenschaftlichen
1066 1324 332 60 Zeitschrift,
1461 1325 101 48 den
1623 1324 502 64 „Verhandlungen
2188 1325 91 50 des

137 1396 547 50 Naturforschenden
713 1397 229 50 Vereins
971 1399 58 46 in
1058 1396 242 50 Brünn".
1329 1396 68 50 Es
1429 1417 110 29 war
1570 1398 87 49 die
1687 1397 138 59 Zeit,
1855 1399 57 46 in
1944 1398 96 49 der
2071 1398 87 49 die
2186 1397 92 49 Er¬

139 1468 293 64 forschung
472 1469 91 50 des
601 1468 213 50 Lebens
854 1489 132 43 ganz
1025 1469 113 48 und
1176 1489 93 44 gar
1310 1468 193 51 erfüllt
1540 1489 112 30 war
1690 1490 126 29 vom
1855 1469 170 50 Streit
2062 1490 93 29 um
2194 1470 86 49 die

140 1538 188 66 Furage,
365 1541 68 49 ob
471 1561 53 30 es
560 1543 73 47 im
669 1541 162 49 Reich
870 1541 96 49 der
1000 1540 330 51 Lebewesen
1368 1544 120 47 eine
1523 1541 377 63 Entwicklung
1937 1562 106 29 von
2078 1542 201 49 niedri¬

139 1633 163 43 geren
333 1613 236 49 Formen
600 1634 65 28 zu
697 1613 245 49 höheren
975 1613 152 64 gebe,
1157 1616 101 47 wie
1290 1614 225 49 Darwin
1546 1614 113 49 und
1690 1614 237 49 Haeckel
1960 1634 53 31 es
2045 1614 233 49 lehrten.

138 1684 67 51 So
242 1685 127 50 kam
404 1704 72 41 es,
515 1686 102 49 daß
654 1705 125 29 man
814 1685 137 50 über
990 1685 122 50 dem
1147 1685 239 64 hitzigen
1423 1686 499 62 Gelehrtenkampf
1961 1687 84 49 die
2083 1686 197 49 Arbeit

140 1758 91 50 des
266 1758 180 52 stillen
479 1757 255 50 Brünner
765 1758 222 51 Mönchs
1020 1758 167 64 völlig
1218 1757 262 60 übersah;
1514 1758 169 50 selbst
1717 1759 168 62 große
1917 1758 234 50 Männer
2185 1758 97 49 der

139 1830 134 59 Zeit,
322 1830 172 49 denen
541 1830 219 49 Mendel
806 1830 176 50 voller
1026 1829 330 65 Verehrung
1402 1830 290 50 Abdrucke
1742 1832 179 48 seiner
1968 1830 313 50 Veröffent¬

139 1901 212 65 lichung
394 1902 353 60 übersandte,
790 1903 254 49 merkten
1089 1923 93 44 gar
1226 1905 163 59 nicht,
1432 1904 164 51 welch
1642 1906 420 52 entscheidende
2108 1907 173 50 Beob¬

140 1973 300 64 achtungen
496 1975 119 49 hier
671 1974 377 64 niedergelegt
1103 1995 198 31 waren.
1358 1976 484 65 Fünfunddreißig
1897 1979 158 63 lange
2114 1980 167 54 Jahre

138 2046 226 50 mußten
404 2047 293 63 vergehen,
737 2047 81 50 bis
859 2047 246 51 Mendels
1147 2047 400 52 Erkenntnisse
1587 2053 74 46 im
1704 2051 166 54 Jahre
1913 2054 136 47 1900
2092 2053 189 62 gleich¬

140 2121 163 62 zeitig
333 2138 107 31 von
473 2120 117 49 drei
622 2119 317 61 Forschern,
975 2120 87 49 die
1095 2121 107 48 sich
1234 2121 353 64 unabhängig
1619 2122 380 51 voneinander
2031 2126 112 48 und
2176 2144 107 30 von

140 2210 133 45 ganz
300 2191 425 50 verschiedenen
753 2191 488 65 Fragestellungen
1273 2213 91 30 aus
1395 2194 124 49 dem
1545 2194 260 51 Problem
1834 2195 98 50 der
1957 2196 326 64 Vererbung

139 2263 322 63 zugewandt
491 2264 209 60 hatten,
729 2267 55 46 in
814 2264 202 50 vollem
1046 2265 272 64 Umfange
1348 2266 265 64 bestätigt
1641 2268 242 48 wurden.
1916 2267 125 51 Ihre
2073 2269 210 50 Namen

139 2335 298 50 verdienen
476 2336 265 50 durchaus
780 2337 177 49 neben
997 2337 124 49 dem
1158 2337 209 49 Namen
1406 2337 210 65 Gregor
1652 2339 247 51 Mendels
1939 2354 242 50 genannt
2219 2360 64 30 zu

138 2408 240 49 werden:
409 2408 68 50 Es
504 2428 183 29 waren
717 2408 84 49 die
829 2408 305 50 Botaniker
1162 2410 136 49 Karl
1325 2410 157 50 Erich
1513 2411 235 50 Correns
1776 2414 56 46 in
1858 2412 240 64 Leipzig,
2126 2413 157 49 Erich

139 2501 107 28 von
276 2480 330 50 Tschermak
634 2484 56 45 in
720 2480 156 50 Wien
906 2481 113 49 und
1048 2482 158 62 Hugo
1240 2482 64 50 de
1334 2482 159 51 Vries
1525 2486 55 45 in
1611 2483 367 51 Amsterdam.
2012 2484 122 50 Alle
2167 2485 118 49 drei

140 2553 120 49 sind
303 2551 204 52 damals
550 2552 188 50 höchst
781 2564 251 39 erstaunt
1076 2573 263 44 gewesen,
1380 2554 120 51 ihre
1542 2556 379 49 vermeintlich
1964 2576 179 31 neuen
2185 2556 99 50 Be¬

140 2624 172 50 funde
348 2627 56 46 in
442 2625 97 49 der
574 2625 179 64 längst
787 2642 363 47 vergessenen
1185 2626 197 50 Arbeit
1418 2627 92 50 des
1548 2627 255 50 Brünner
1837 2628 192 51 Paters
2067 2650 64 29 zu
2170 2643 113 36 ent¬

141 2696 216 60 decken,
405 2697 96 49 der
548 2717 56 30 so
653 2698 289 63 sorgfältig
988 2697 327 51 beobachtet
1362 2700 113 49 und
1521 2702 148 47 seine
1717 2700 461 65 Beobachtungen
2227 2721 56 31 so

142 2769 403 50 überraschend
573 2770 192 63 richtig
796 2771 259 62 gedeutet
1084 2771 169 50 hatte.
1284 2771 115 50 Ihm
1431 2792 65 29 zu
1523 2772 201 60 Ehren,
1756 2772 95 50 der
1883 2793 86 31 am
1999 2777 45 47 6.
2077 2775 209 54 Januar

142 2843 135 49 1884
314 2843 74 49 als
424 2841 111 51 Abt
570 2845 176 47 seines
781 2843 252 49 Klosters
1068 2846 56 46 in
1159 2843 191 50 Brünn
1384 2844 252 50 friedlich
1671 2845 114 49 und
1819 2845 128 60 still,
1981 2849 101 47 wie
2119 2867 59 29 er
2211 2849 75 47 im

139 2915 185 49 Leben
353 2934 264 44 gewesen,
646 2915 337 49 entschlafen
1011 2935 129 39 war,
1169 2917 94 48 hat
1291 2937 125 29 man
1447 2917 84 49 die
1561 2937 107 29 von
1695 2918 113 49 ihm
1837 2931 184 37 zuerst
2051 2919 234 49 erkann¬

140 2999 91 37 ten
266 2986 576 65 Gesetzmäßigkeiten
878 2988 84 49 die
998 2987 417 57 „Mendelschen
1451 2989 266 50 Gesetze"
1753 3002 255 51 genannt.
2045 2991 85 50 Sie
2166 2990 120 51 sind

142 3060 84 50 die
257 3059 315 65 Grundlage
605 3060 134 50 aller
767 3060 302 50 modernen
1096 3060 314 65 Forschung
1440 3081 125 30 vom
1593 3061 227 64 Erbgut.

1179 3207 62 49 11
