2113 3404
389 214 85 44 370

889 234 87 31 THE
1011 236 238 32 DISORDERS
1281 238 53 31 OF
1365 239 173 33 SPEKCH.

447 347 77 55 (2.)
559 348 88 44 The
671 349 255 59 Compound
947 354 146 44 Motor
1113 359 115 53 type,
1245 358 141 42 which
1407 357 156 46 results
1585 359 109 42 from
1715 358 74 44 the
1813 358 191 44 involve-

389 423 123 37 ment
533 419 46 42 in
602 420 72 44 the
692 436 116 30 same
824 423 138 43 lesion
980 426 46 41 of
1045 426 72 43 the
1139 432 163 38 centres
1325 429 36 41 B
1379 430 84 42 and
1480 430 188 42 D,—the
1686 433 137 38 motor
1839 433 165 39 centres

388 487 66 43 for
474 491 211 57 speaking
706 494 86 42 and
814 495 181 56 writing.
1058 497 137 44 There
1215 499 36 43 is
1275 513 54 29 no
1351 499 137 43 doubt
1509 500 95 43 that
1620 500 120 43 these
1771 504 85 38 two
1887 505 117 50 parts

389 558 44 42 of
454 559 75 43 the
551 561 122 43 brain
695 578 70 29 are
787 579 105 41 very
914 566 120 43 often
1066 568 204 43 involved
1301 570 202 56 together.
1564 571 325 42 Juxtaposition
1921 570 84 43 and

389 630 198 43 vascular
608 634 171 55 supply,
796 648 45 29 as
865 635 46 42 in
934 636 73 42 the
1029 637 157 43 former
1202 653 107 37 case,
1325 640 172 43 explain
1515 641 73 42 the
1610 641 264 42 association.
1918 641 87 41 But

390 700 75 43 the
486 703 147 41 reader
656 705 90 41 will
768 707 238 42 remember
1029 708 95 41 that
1145 709 73 42 the
1239 710 203 55 agraphia
1464 711 141 42 which
1626 725 46 29 so
1694 717 117 36 often
1833 710 172 43 attends

390 785 119 41 upon
544 778 141 37 motor
721 775 177 54 aphasia
933 776 37 42 is
1002 781 77 37 not
1114 777 161 57 always
1312 779 83 42 due
1432 784 43 37 to
1516 780 296 42 involvement
1847 779 44 43 of
1931 779 73 43 the

391 846 146 39 centre
573 843 55 51 D,
662 844 129 56 being
827 846 120 42 often
982 847 138 57 really
1157 848 83 43 due
1277 853 44 38 to
1358 849 73 43 the
1468 851 189 41 amnesia
1693 849 186 43 verbalis
1909 849 96 42 that

391 913 174 43 attends
586 928 119 41 upon
725 915 140 42 lesion
886 919 45 39 at
953 917 46 42 B.

449 982 76 55 (3.)
559 983 89 43 The
670 987 104 52 type
797 986 43 41 of
871 986 124 42 Total
1014 987 204 56 Aphasia.
1280 989 102 42 This
1405 992 102 50 type
1529 989 36 42 is
1586 989 227 55 presented
1834 989 125 41 when
1982 1003 24 27 a

388 1052 139 43 lesion
549 1054 44 42 of
614 1054 74 43 the
709 1055 79 43 left
810 1056 271 56 hemisphere
1098 1058 36 42 is
1152 1072 45 29 so
1215 1060 223 42 extensive
1460 1073 45 28 as
1528 1065 42 36 to
1588 1059 170 43 destroy
1776 1074 46 27 or
1844 1059 162 43 disable

388 1123 61 42 all
469 1124 98 42 four
588 1130 181 48 centres,
789 1126 53 53 A,
859 1127 48 53 B,
927 1127 44 43 C,
988 1128 86 42 and
1095 1129 52 43 D.
1209 1129 115 51 And,
1341 1130 167 43 indeed,
1523 1131 36 41 it
1579 1144 99 28 may
1699 1130 53 42 be
1774 1130 92 42 said
1887 1134 44 38 to
1953 1131 52 42 be

388 1196 231 54 presented
642 1197 229 43 whenever
887 1199 75 42 the
979 1204 166 38 centres
1162 1199 42 43 A
1221 1200 85 42 and
1323 1201 36 41 B
1377 1215 69 27 are
1464 1200 103 42 both
1590 1200 236 56 destroyed,
1846 1201 160 54 though

391 1265 33 42 C
456 1266 86 42 and
565 1265 41 43 D
638 1281 176 42 escape;
845 1269 180 42 because
1057 1270 186 42 without
1274 1270 73 42 the
1379 1271 190 56 primary
1600 1270 150 42 couple
1782 1273 41 38 A
1852 1270 82 42 and
1957 1270 49 51 B,

388 1333 76 43 the
496 1338 166 39 centres
696 1335 32 43 C
752 1336 85 42 and
858 1337 42 41 D
923 1351 83 28 are,
1027 1337 45 42 in
1095 1338 157 42 almost
1274 1338 59 42 all
1354 1352 187 42 persons,
1563 1339 37 40 if
1627 1342 77 38 not
1724 1338 121 55 quite
1866 1338 46 41 in
1934 1338 71 49 all,

387 1404 227 56 incapable
636 1406 139 43 either
797 1407 44 42 of
863 1409 240 55 conveying
1126 1423 24 27 a
1174 1423 190 42 message
1386 1414 58 37 to,
1465 1423 47 28 or
1533 1407 45 44 of
1607 1409 298 42 transmuting
1925 1422 80 28 one

389 1475 123 51 from,
535 1476 73 42 the
631 1477 133 43 mind.

449 1543 232 43 Occlusion
712 1545 47 41 of
783 1545 73 43 the
889 1546 181 56 Sylvian
1100 1547 162 43 Artery
1283 1561 104 29 near
1417 1548 57 42 its
1504 1547 138 57 origin
1671 1561 99 28 may
1791 1547 109 42 have
1932 1547 73 43 the

388 1614 127 42 effect
536 1615 47 41 of
600 1615 216 57 disabling
837 1616 59 43 all
917 1617 95 42 four
1034 1623 177 38 centres.
1263 1618 114 51 And,
1399 1619 136 55 again,
1557 1632 55 28 an
1633 1618 214 55 apoplexy
1864 1618 46 41 in
1933 1617 73 43 the

388 1686 230 42 substance
640 1686 44 42 of
706 1687 74 42 the
802 1687 271 56 hemisphere
1095 1703 100 28 may
1211 1690 64 41 for
1292 1703 24 27 a
1336 1689 106 42 time
1463 1688 164 43 disable
1648 1689 59 41 all
1728 1689 96 41 four
1839 1702 167 29 centres

387 1756 61 55 by
467 1757 301 54 compression.
822 1758 44 42 It
882 1758 90 42 will
989 1759 52 42 be
1062 1760 165 42 readily
1244 1759 259 42 understood
1526 1759 93 42 that
1641 1759 74 42 the
1736 1759 206 42 intellect,
1960 1759 47 41 in

388 1826 59 43 all
469 1828 106 41 such
598 1842 117 28 cases
737 1829 44 41 of
804 1829 109 42 total
933 1829 188 55 aphasia,
1143 1829 37 42 is
1202 1843 103 42 very
1328 1829 208 56 seriously
1557 1829 218 42 impaired.

449 1898 54 42 In
527 1899 243 42 connexion
803 1900 107 41 with
942 1900 120 42 these
1087 1901 173 42 various
1292 1905 125 51 types
1449 1901 47 40 of
1524 1900 187 55 aphasia,
1742 1914 24 27 a
1798 1899 86 42 fact
1915 1900 91 41 first

388 1969 132 42 noted
543 1969 56 55 by
617 1969 245 43 Lichtheim
884 1970 76 42 has
983 1970 175 56 already
1180 1972 107 41 been
1310 1970 174 42 alluded
1505 1975 53 37 to.
1622 1970 44 42 It
1686 1970 37 42 is
1742 1970 105 50 that,
1864 1970 47 40 in
1933 1970 72 42 the

387 2053 170 42 process
580 2040 46 41 of
643 2054 202 28 recovery
860 2041 110 41 from
988 2041 107 42 total
1116 2041 189 56 aphasia,
1323 2041 83 42 due
1423 2045 43 38 to
1483 2041 137 42 lesion
1638 2043 44 39 at
1703 2040 42 42 A
1761 2040 85 42 and
1868 2041 48 51 B,
1931 2041 74 41 the

388 2110 167 43 faculty
577 2111 46 42 of
642 2111 226 42 articulate
890 2111 156 43 speech
1068 2112 36 42 is
1134 2112 226 42 recovered
1380 2112 103 42 first.
1546 2112 91 42 Not
1658 2111 69 42 till
1757 2111 101 56 long
1879 2117 126 36 after-

387 2182 140 42 wards
545 2197 71 28 are
638 2182 73 43 the
734 2196 163 41 powers
920 2183 46 41 of
983 2183 176 42 reading
1181 2183 84 42 and
1285 2188 172 37 writing
1478 2182 210 53 restored;
1719 2182 97 51 and,
1837 2182 167 51 indeed,

387 2252 122 43 these
540 2266 166 42 powers
734 2266 101 42 may
866 2267 133 28 never
1032 2253 51 42 be
1110 2257 260 51 completely
1391 2252 202 43 restored,
1615 2266 109 28 even
1745 2252 163 55 though
1930 2253 73 41 the

386 2324 259 42 restoration
677 2323 46 42 of
748 2323 226 43 articulate
1007 2324 155 54 speech
1190 2323 78 43 has
1303 2323 103 42 long
1438 2323 108 42 been
1579 2323 165 55 perfect
1777 2337 45 27 or
1848 2327 155 37 almost

388 2407 57 29 so.
507 2393 103 42 This
633 2407 137 28 seems
791 2397 45 38 to
858 2393 52 42 be
942 2407 25 28 a
994 2393 98 53 fact,
1121 2392 166 56 though
1317 2393 74 43 the
1422 2396 278 40 explanation
1730 2392 46 42 of
1800 2393 37 41 it
1864 2393 36 42 is
1929 2397 75 37 not

390 2467 76 52 yet
486 2477 105 42 very
613 2468 218 51 apparent.

859 2624 198 42 Method
1100 2634 53 32 of
1190 2624 348 43 Case-Taking.

445 2752 145 42 "When
613 2765 64 29 we
699 2765 71 29 are
791 2750 152 43 taking
964 2754 122 38 notes
1119 2749 46 43 of
1192 2764 25 28 a
1246 2763 94 29 case
1372 2749 47 43 of
1446 2749 188 56 aphasia,
1655 2749 36 43 it
1721 2749 37 43 is
1780 2749 99 43 well
1909 2749 96 41 that

387 2836 65 28 we
473 2821 156 43 should
650 2821 111 42 have
784 2821 47 42 in
853 2835 77 28 our
951 2820 143 42 minds
1116 2833 117 29 some
1255 2820 175 42 definite
1452 2820 103 55 plan
1584 2820 96 42 that
1709 2834 101 41 may
1831 2819 100 55 help
1953 2833 51 28 us

386 2897 46 39 to
462 2892 148 44 record
642 2892 72 43 the
746 2897 241 51 symptoms
1010 2890 44 42 in
1086 2905 25 28 a
1142 2890 235 43 connected
1407 2890 85 42 and
1526 2890 258 56 intelligible
1814 2903 189 36 manner,

386 2964 87 43 and
494 2967 181 52 prevent
696 2977 51 27 us
769 2963 111 41 from
902 2961 202 56 omitting
1126 2975 86 42 any
1227 2961 146 55 points
1396 2961 46 42 of
1459 2961 89 42 real
1569 2961 273 55 importance.
1905 2960 22 41 I
1949 2959 54 42 do

386 3039 79 40 not
485 3034 129 44 think
635 3034 36 42 it
693 3047 23 29 a
738 3032 109 58 good
869 3032 102 58 plan
1003 3036 42 38 to
1064 3031 98 43 take
1185 3031 103 43 each
1306 3031 45 42 of
1371 3031 71 44 the
1465 3036 165 38 centres
1652 3029 249 57 separately,
1918 3029 83 42 and
