1933 3302
628 167 228 31 Erkrankung
880 165 60 31 der
963 164 143 31 Nerven.
1613 162 52 36 41
1690 192 7 2 -

72 280 64 37 des
165 276 343 51 Hospitalbrandes
539 274 205 50 begleiten,
775 275 87 49 sagt
890 272 202 44 Demme,
1125 270 87 38 dass
1246 271 154 36 12—14
1431 269 108 51 Tage
1567 281 101 25 näcE

71 331 207 39 Auftreten
321 331 65 37 des
415 342 187 37 pulpösen
631 325 346 40 Hospitalbrandes
1018 324 60 38 die
1121 324 287 50 selbständigen
1435 322 232 39 Sclimerzen

72 385 241 50 gewöhnlich
334 384 200 38 aufhören.
593 380 70 38 Bei
692 393 188 25 manchen
901 378 202 38 Patienten
1132 379 126 35 traten
1288 378 54 36 sie
1362 377 189 38 zwischen
1580 376 87 38 dem

76 440 58 38 14.
165 439 75 37 und
274 438 59 36 18.
365 436 106 38 Tage
500 447 73 25 von
593 434 149 38 Neuem
773 434 68 37 auf
865 433 78 37 und
972 432 133 37 hatten
1137 431 101 37 dann
1267 430 132 50 häufig
1421 431 106 37 einen
1550 443 116 25 neur-

73 505 195 25 algischen
299 490 222 38 Charakter.
579 487 111 38 Auch
720 486 218 51 Pirogoff
964 486 107 51 giebt
1100 498 66 30 an,
1213 485 86 36 dass
1343 485 59 37 die
1436 484 231 38 Schmerzen

74 545 182 38 zuweilen
284 547 72 35 mit
383 543 85 37 dem
498 541 207 38 Auftreten
735 542 67 37 der
829 541 231 37 Putrescenz
1089 537 222 46 aufhörten,
1352 538 182 38 meistens
1575 550 93 25 aber

75 603 67 34 mit
170 609 304 27 neuralgischem
496 594 212 38 Charakter
737 607 220 25 andauernd
986 591 293 39 fortbestanden
1307 591 77 37 und
1413 604 74 25 von
1516 591 85 38 Zeit
1621 604 46 24 zu

72 653 83 38 Zeit
183 652 166 37 heftiger
380 661 164 26 wurden.
602 647 156 39 Ebenso
788 646 188 51 bestätigt
1004 645 208 39 Fischer,
1251 645 87 37 dass
1377 645 61 37 bei
1467 645 77 37 fast
1564 645 102 37 allen

72 705 132 38 Fällen
234 705 65 36 der
329 703 177 38 Schmerz
522 700 178 51 Anfangs
730 715 60 24 am
819 700 212 50 heftigsten
1060 713 90 32 war,
1182 701 79 35 erst
1289 699 51 37 im
1360 698 181 38 weiteren
1566 698 100 39 Ver-

70 758 85 38 lauf
180 758 59 37 ein
269 769 126 25 wenig
430 755 190 37 nachliess
655 755 79 37 und
761 755 72 37 mit
869 755 86 37 dem
988 753 213 45 Momente,
1240 765 59 25 wo
1338 752 222 50 Reinigung
1600 753 68 37 der

71 811 152 37 Wunde
252 810 78 37 und
349 808 248 39 reichlichere
618 811 274 35 consistentere
913 807 282 49 Absonderung
1214 806 218 50 begannen,
1452 805 70 38 mit
1543 805 124 39 einem

73 864 162 38 Schlage
265 862 193 38 aufhörte.
515 862 53 38 Es
605 862 51 37 ist
694 862 102 38 wohl
824 861 180 51 möglich,
1045 861 87 37 dass
1170 861 66 37 der
1266 859 261 50 anfängliche,
1567 872 100 37 ganz

72 917 159 38 örtliche
261 915 179 39 Schmerz
470 915 72 39 den
573 915 230 51 ergriffenen
822 914 405 50 Nervenendigungen
1247 913 298 51 zugeschrieben
1566 926 100 24 wer-

73 972 71 36 den
174 984 115 24 muss,
321 970 91 37 aber
442 970 66 37 der
537 972 151 35 spätere
717 971 70 35 mit
815 981 307 25 neuralgischem
1152 967 214 38 Charakter
1396 967 73 38 den
1488 966 178 39 Nerven-

71 1024 114 38 fäden
213 1024 77 37 und
321 1022 217 39 -Stämmen
567 1022 38 38 in
636 1022 121 38 ihrem
787 1022 173 38 Verlauf.

200 1077 73 38 Die
293 1090 159 37 grossen
464 1076 321 38 Nervenstämme
800 1076 183 37 erweisen
996 1075 81 38 sich
1094 1075 85 37 dem
1193 1074 306 50 Hospitalbrand
1519 1087 147 38 gegen-

74 1132 92 37 über
205 1130 152 38 ähnlich
393 1130 72 37 wie
503 1130 59 37 die
598 1128 300 39 Gefässstämme
935 1128 88 38 selir
1062 1131 191 35 resistent.
1313 1127 126 39 Schon
1478 1127 189 39 Gerson

72 1184 262 39 beobachtete,
357 1184 86 37 dass
463 1183 177 37 inmitten
661 1183 66 37 des
747 1186 280 35 absterbenden
1047 1182 262 38 Zellgewebes
1330 1183 77 37 und
1427 1183 67 37 der
1514 1182 152 38 faulen-

74 1239 72 37 den
174 1238 175 38 Muskeln
381 1237 59 38 die
468 1236 155 38 Nerven
652 1236 60 38 ihr
739 1236 222 38 lebendiges
990 1235 203 38 Aussehen
1228 1236 204 38 behielten.
1494 1236 56 38 Er
1578 1249 87 25 ver-

73 1294 133 36 suchte
231 1291 139 50 jedoch
398 1290 117 38 nicht,
547 1290 48 38 ob
625 1290 54 37 sie
709 1290 69 37 auf
791 1290 115 38 Reize
935 1289 100 38 noch
1060 1289 206 51 reagirten.
1323 1289 113 39 Auch
1460 1289 207 39 Delpech

73 1345 185 38 bemerkt,
291 1345 85 37 dass
405 1343 319 39 Nervenstämme
755 1344 124 37 einige
900 1343 85 38 Zeit
1006 1343 251 38 Widerstand
1284 1343 149 38 leisten.
1491 1343 175 50 Marmy

74 1399 68 37 sah
178 1399 70 37 den
285 1398 234 37 Ischiaticus,
560 1398 72 36 den
660 1397 198 38 medianus
892 1397 77 37 und
1009 1396 49 38 N.
1089 1396 154 38 radialis
1280 1397 40 37 in
1355 1398 67 36 der
1449 1397 112 38 Mitte
1590 1411 77 24 von

74 1450 564 51 Hospitalbrandulcerationen
679 1451 140 37 liegen.
884 1451 79 37 Das
1000 1450 240 38 Neurilemm
1278 1450 174 38 erschien
1481 1453 95 35 stets
1605 1451 60 37 in-

72 1508 80 34 tact
179 1505 77 37 und
284 1505 98 37 nach
413 1505 65 37 der
503 1504 171 50 Heilung
702 1504 141 38 bewies
874 1504 59 38 die
949 1504 216 37 Persistenz
1192 1504 65 37 der
1277 1517 200 25 normalen
1496 1503 171 51 Leitung

73 1558 59 38 die
161 1557 205 38 Integrität
396 1558 66 37 der
490 1557 166 38 Nerven.

198 1611 227 37 Drescher
454 1610 252 38 beobachtete
735 1610 62 37 bei
826 1609 104 38 einer
959 1610 264 50 complicirten
1251 1610 163 39 Fractur
1445 1612 65 37 des
1541 1610 124 39 Ober-

71 1677 109 24 arms«
199 1663 173 51 zugleich
401 1664 70 37 mit
498 1664 180 37 Wunden
709 1677 61 23 am
798 1663 220 46 Unterarm,
1058 1664 144 38 welche
1237 1664 336 39 hospitalbrandig
1603 1679 61 24 er-

69 1718 190 36 krankten
286 1718 76 36 und
393 1731 45 23 zu
467 1730 160 37 grossen
655 1716 273 39 Ulcerationen
956 1718 174 37 wurden,
1163 1718 85 37 dass
1288 1719 66 37 der
1382 1718 152 39 Nervus
1564 1720 100 37 med.

71 1771 39 36 in
139 1784 153 36 grosser
320 1770 157 38 Strecke
505 1770 71 38 frei
606 1770 131 50 gelegt
765 1771 141 37 wurde.
964 1770 113 38 Nach,
1107 1772 65 37 der
1191 1771 174 52 Heilung
1392 1786 79 24 war
1501 1774 66 36 der
1588 1772 75 39 Ge-

70 1824 145 37 brauch
252 1825 63 36 des
356 1824 138 38 Armes
539 1824 118 50 völlig
691 1824 268 50 ungehindert.
1018 1825 195 37 Zuweilen
1251 1826 195 38 erschöpft
1484 1826 84 38 sich,
1605 1827 61 37 die

71 1877 194 50 Wirkung
286 1878 64 36 des
370 1877 344 49 Hospitalbrandes
734 1878 40 36 in
795 1877 105 38 einer
918 1878 224 51 Neuralgie.
1181 1879 209 38 Fischer
1408 1880 259 38 beobachtete

71 1930 60 38 bei
162 1930 120 38 einem
312 1944 159 37 grossen
491 1930 524 50 Hospitalbrandgescliwür,
1054 1933 40 36 in
1131 1932 186 39 welchem
1347 1934 67 37 der
1444 1934 84 37 eine
1557 1934 112 50 Kopf

72 1984 64 37 des
175 1983 307 38 Gastrocnemius
529 1984 71 38 frei
637 1984 87 50 lag,
764 1984 148 51 heftige
946 1985 268 51 neuralgische
1245 1986 242 47 Schmerzen,
1518 1988 146 38 welche

72 2037 63 37 bei
159 2036 243 51 Berührung,
431 2037 103 38 beim
553 2036 202 51 Abspülen
784 2039 78 37 und
891 2039 97 37 auch
1008 2042 166 46 spontan
1203 2040 89 38 sehr
1320 2040 127 51 heftig
1467 2044 197 35 auftraten

70 2091 78 36 und
175 2090 39 36 in
242 2090 103 38 ihrer
372 2090 264 51 Ausbreitung
668 2092 85 37 dem
769 2091 163 39 Verlauf
958 2093 64 37 des
1051 2092 116 39 Nerv,
1200 2097 123 34 cutan.
1346 2094 138 40 intern,
1505 2095 158 38 femoris

75 2143 262 49 entsprachen.
399 2144 198 38 Während
627 2145 66 37 der
721 2145 227 50 langsamen
978 2146 171 51 Heilung
1187 2148 181 37 dauerten
1411 2148 59 37 die
1506 2149 156 37 neural-

73 2195 156 50 gischen
258 2196 228 39 Schmerzen
513 2198 100 37 noch
643 2198 125 50 einige
797 2199 186 38 Wochen,
1014 2200 138 37 hörten
1182 2201 100 37 dann
1313 2201 92 38 aber
1433 2201 120 50 völlig
1583 2203 77 37 auf.

74 2247 68 38 Oft
170 2249 90 37 aber
295 2251 156 36 wurden
485 2251 98 37 auch.
609 2251 282 50 Zerstörungen
930 2266 154 36 grosser
1111 2253 320 39 Nervenstämme
1452 2255 120 38 durch
1602 2256 60 38 die

72 2301 216 38 Krankheit
324 2303 238 38 beobachtet.
617 2304 209 49 Delpech
855 2306 130 37 macht
1015 2306 138 37 darauf
1179 2307 270 48 aufmerksam,
1484 2309 85 37 dass
1601 2309 59 37 die

73 2354 235 50 Zerstörung
337 2356 196 38 derselben
563 2370 124 34 genau
716 2358 39 36 in
780 2357 222 52 Beziehung
1031 2360 103 37 steht
1162 2374 45 23 zu
1237 2361 66 37 der
1336 2361 327 51 Einschmelzung

74 2408 66 36 der
178 2408 38 36 in
253 2409 53 36 sie
344 2411 261 36 emtretenden
634 2410 434 50 Bindegewebsbündel.
1138 2412 70 39 Als
1237 2414 191 50 Beispiele
1467 2416 66 37 der
1567 2416 93 38 Zer-

73 2465 158 45 störung
259 2462 76 36 und
364 2461 204 51 Lähmung
598 2464 65 36 der
691 2463 154 38 Nerven
883 2465 119 37 durch
1038 2466 72 38 den
1138 2466 304 51 Hospitalbrand
1469 2469 101 38 lasse
1598 2469 64 38 ich

70 2514 93 37 zwei
191 2514 325 51 Beobachtungen
544 2529 75 24 von
646 2516 188 38 Fischer
862 2517 141 39 folgen.

202 2607 37 30 In
264 2608 58 30 der
338 2611 374 39 Exstirpationswunde
729 2614 90 29 eines
837 2623 139 31 grossen
993 2615 136 41 Lipoms
1147 2626 54 21 am
1216 2617 267 30 Unterschenkel
1502 2618 158 30 entstand

74 2651 43 28 im
150 2651 29 30 4.
211 2650 132 31 Monate
381 2653 84 30 nach
498 2653 59 30 der
591 2653 181 41 Operation
804 2656 276 40 Hospitalbrand.
1134 2659 129 30 Rasche
1293 2659 276 41 Vergrösserung
1601 2661 60 30 der

76 2692 141 31 Wunde.
262 2694 18 30 7
304 2693 90 40 Tage
426 2696 84 30 nach
544 2696 75 30 dem
643 2696 177 32 Auftreten
853 2699 57 31 des
942 2700 302 41 Hospitalbrandes
1277 2702 145 40 heftige,
1456 2703 52 30 bis
1540 2704 34 28 in
1605 2703 55 31 die

72 2734 110 30 Zehen
208 2737 254 31 ausstrahlende
479 2738 211 38 Schmerzen,
714 2740 126 31 welche
864 2742 54 30 bei
942 2743 60 30 der
1025 2743 203 41 Berührung
1251 2745 59 30 der
1326 2745 133 30 Wunde
1482 2746 35 28 in
1535 2746 125 30 furcht-

73 2777 129 30 barster
225 2778 111 30 Weise
360 2781 165 30 auftraten
549 2782 70 30 und
643 2782 74 31 hier
740 2783 121 30 örtlich
885 2785 76 30 dem
978 2786 143 31 Verlauf
1148 2787 58 31 des
1230 2788 170 29 Peroneus
1425 2788 233 30 entsprachen.

77 2818 66 31 Der
165 2820 209 31 Fussrücken
399 2832 69 20 war
492 2824 244 39 anästhetisch,
768 2826 53 30 die
846 2827 263 41 Beweglichkeit
1133 2830 58 30 der
1219 2830 110 30 Zehen
1362 2830 77 30 sehr
1470 2831 189 39 gehindert.

73 2862 39 31 15
136 2862 89 40 Tage
249 2863 85 29 nach
357 2864 129 40 Beginn
511 2867 57 30 des
592 2867 301 40 Hospitalbrandes
917 2869 93 33 hatte
1034 2872 71 30 sich
1131 2872 54 30 die
1210 2872 132 30 Wunde
1365 2881 85 31 ganz
1479 2875 179 38 gereinigt,

73 2903 53 30 die
157 2905 180 40 Neuralgie
369 2916 70 20 war
470 2909 284 39 verschwunden,
787 2910 87 31 doch
905 2913 125 41 völlige
1062 2914 178 31 Lähmung
1268 2915 68 30 und
1371 2914 289 33 Gefühllosigkeit

72 2948 314 29 zurückgeblieben.
