2125 3524
882 303 86 31 THE
999 304 242 33 DISOliDEKS
1275 306 54 32 OF
1361 307 173 34 SPEECH.

401 285 52 43 10

397 415 75 43 the
494 417 84 43 end
608 418 47 43 of
682 433 25 28 a
729 420 127 51 word,
879 420 33 44 it
937 422 122 56 gives
1092 423 74 43 the
1188 424 126 42 effect
1335 424 47 42 of
1399 442 25 25 a
1444 425 167 43 sudden
1633 427 85 42 and
1738 428 132 43 silent
1891 428 117 50 Stop,

398 499 47 29 as
467 486 46 41 in
536 488 73 42 the
634 491 114 41 word
768 489 105 53 top.

461 557 77 54 (2.)
570 559 89 43 The
682 560 165 44 Voiced
877 562 233 54 Explosive
1141 561 35 43 b
1206 563 37 42 is
1275 563 89 42 also
1396 564 214 54 produced
1638 569 46 38 at
1709 565 87 43 this
1819 572 194 48 position.

400 626 45 42 It
465 627 38 43 is
526 630 163 56 merely
710 641 35 43 p
768 632 106 42 with
897 632 119 42 voice
1031 632 150 51 added,
1205 633 71 42 the
1299 633 63 42 air
1387 633 138 43 which
1546 635 288 43 accumulates
1855 636 160 42 behind

401 696 74 43 the
498 697 162 44 barrier
682 700 139 56 being,
844 714 45 29 as
910 701 36 41 it
967 715 123 37 were,
1112 702 278 42 voice-laden.
1454 704 88 41 The
1565 704 218 54 explosive
1804 705 85 41 and
1919 709 95 51 stop

399 767 147 43 effects
567 770 45 41 of
632 768 34 43 b
691 785 96 41 may
811 771 52 42 be
884 772 247 55 recognised
1153 772 45 42 in
1222 773 105 41 such
1349 787 25 27 a
1396 773 115 42 word
1532 787 46 29 as
1601 774 72 42 the
1705 775 308 42 monosyllable

400 836 143 45 Bob.1

460 909 75 57 (3.)
570 911 176 56 Closing
767 912 73 42 the
862 912 84 55 lips
968 912 86 42 and
1075 913 214 55 sounding
1321 914 73 42 the
1426 915 120 42 voice
1581 929 47 28 as
1659 915 45 41 in
1735 913 47 52 b,
1805 915 105 55 drop
1942 915 72 43 the

398 980 88 41 soft
507 980 155 54 palate,
683 981 86 41 and
791 981 62 42 let
876 982 73 41 the
971 982 62 41 air
1055 983 85 41 and
1162 983 119 42 voice
1303 998 149 42 escape
1471 985 185 55 through
1677 986 74 43 the
1772 1000 127 29 nose;
1930 986 84 42 and

399 1049 73 42 the
496 1050 125 42 effect
643 1051 90 40 will
756 1051 51 42 be
830 1056 44 37 to
896 1051 187 55 produce
1106 1053 74 41 the
1202 1053 135 42 Nasal
1358 1055 221 42 Eesonant
1600 1066 62 31 m.

457 1120 77 54 (4.)
559 1121 56 41 In
635 1121 120 42 these
779 1121 118 43 three
911 1127 259 37 consonants
1187 1123 74 42 the
1279 1123 129 43 labial
1427 1127 303 53 stop-position
1749 1141 84 28 was
1850 1126 140 43 closed
2007 1141 8 37 ;

396 1190 82 42 but
497 1190 64 43 let
582 1191 36 41 it
640 1205 95 28 now
758 1192 52 42 be
833 1192 166 55 opened
1021 1192 192 55 slightly,
1235 1207 45 28 so
1312 1194 96 42 that
1438 1195 74 43 the
1537 1196 63 42 air
1623 1210 97 41 may
1742 1210 149 41 escape
1913 1197 57 41 by
1991 1211 22 27 a

393 1261 130 42 small
543 1261 145 43 orifice
712 1262 193 42 between
930 1263 72 41 the
1025 1263 83 55 lips
1127 1279 9 36 ;
1167 1263 84 41 and
1266 1263 34 41 if
1318 1265 117 42 voice
1457 1265 51 42 be
1525 1266 138 41 added
1686 1266 72 42 the
1781 1267 124 41 effect
1925 1267 90 40 will

398 1332 52 42 be
487 1332 72 43 the
591 1333 257 55 production
882 1334 46 40 of
955 1343 52 31 w
1028 1348 45 28 as
1095 1334 46 42 in
1164 1343 188 43 weary,
1386 1336 86 42 this
1501 1342 247 36 consonant,
1770 1350 46 28 as
1846 1337 171 54 already

397 1402 243 55 explained,
664 1403 127 55 being
813 1417 24 28 a
858 1403 162 43 Voiced
1046 1404 214 44 Fricative
1282 1406 123 42 made
1427 1420 58 41 up
1507 1406 44 42 of
1572 1406 72 41 the
1667 1415 64 32 OO
1763 1406 137 42 sound
1931 1407 84 40 and

397 1472 75 43 the
494 1473 197 42 fricative
715 1473 118 42 noise
860 1474 217 54 produced
1110 1475 55 55 by
1189 1476 72 42 the
1284 1490 175 41 passage
1491 1476 46 41 of
1565 1477 62 40 air
1659 1476 184 42 through
1865 1490 24 27 a
1911 1490 104 41 very

398 1558 168 28 narrow
588 1544 196 55 opening.

458 1615 74 55 (o.)
568 1615 91 42 Can
696 1629 63 28 we
796 1615 100 42 here
938 1616 186 54 produce
1161 1631 25 27 a
1224 1617 154 42 simple
1415 1617 218 42 Voiceless
1667 1617 214 42 Fricative
1899 1618 13 40 ?
1994 1617 20 40 I

399 1684 102 42 hold
539 1686 94 41 that
672 1700 63 28 we
778 1700 90 36 can,
902 1686 84 41 and
1028 1686 95 42 that
1161 1701 62 28 we
1265 1688 190 41 actually
1492 1688 53 41 do
1580 1702 45 27 so
1660 1687 124 42 when
1821 1702 61 27 we
1922 1701 94 41 pro-

400 1770 168 28 nounce
590 1756 74 42 the
696 1756 144 42 initial
861 1754 99 44 wh,
986 1757 45 40 in
1055 1756 74 42 the
1151 1757 115 42 word
1288 1756 181 44 which,
1495 1759 63 40 for
1591 1758 207 54 example,
1820 1772 46 27 as
1897 1758 121 41 these

397 1826 151 43 letters
571 1841 81 28 are,
670 1827 46 41 in
739 1827 137 42 words
900 1826 235 55 beginning
1154 1827 105 42 with
1281 1828 131 51 them,
1433 1828 276 56 pronounced
1731 1828 45 42 in
1803 1828 211 42 Scotland.

400 1898 44 41 It
476 1897 156 42 should
663 1897 136 42 really
822 1898 51 41 be
896 1902 112 50 spelt
1030 1894 99 52 hw,
1155 1911 45 27 or
1231 1912 117 28 more
1371 1898 206 55 correctly
1611 1908 91 31 ww,
1746 1898 73 41 the
1851 1898 93 41 first
1974 1898 44 41 of

400 1968 120 43 these
552 1968 150 42 letters
734 1968 131 55 being
896 1968 130 55 given
1062 1967 266 56 voicelessly,
1351 1969 85 41 and
1468 1969 72 41 the
1572 1969 157 41 second
1752 1968 107 42 with
1885 1968 131 42 voice.

401 2039 54 40 In
494 2038 213 56 England,
750 2037 74 43 the
849 2037 205 43 voiceless
1087 2037 129 42 letter
1246 2038 77 42 has
1356 2039 107 41 been
1495 2039 216 54 dropped;
1742 2039 83 40 and
1848 2036 169 43 which

399 2110 76 41 has
505 2123 97 27 now
625 2109 107 41 been
756 2108 197 42 softened
976 2108 94 41 into
1095 2105 144 45 wich.

459 2180 135 43 These
617 2194 70 28 are
710 2180 73 42 the
805 2180 84 42 five
911 2179 278 55 possibilities
1212 2184 44 36 at
1279 2179 73 42 the
1374 2179 93 42 first
1500 2193 45 27 or
1576 2179 186 41 anterior
1789 2180 229 54 stop-posi-

448 2269 12 22 1
488 2268 60 36 On
565 2266 139 36 careful
730 2266 240 46 experiment,
991 2266 17 34 I
1028 2266 78 35 find
1124 2265 81 36 that
1223 2265 56 36 for
1294 2265 63 35 the
1374 2265 221 47 production
1614 2265 40 35 of
1677 2265 30 34 B
1731 2265 32 34 it
1787 2264 31 36 is
1833 2268 67 32 not
1917 2276 103 24 abso-

399 2325 122 48 lutely
538 2336 190 25 necessary
747 2324 81 35 that
846 2323 63 36 the
926 2323 55 36 air
997 2323 273 36 accumulating
1289 2323 138 35 behind
1446 2323 62 35 the
1525 2322 139 36 barrier
1680 2321 134 37 should
1839 2322 44 35 be
1900 2322 118 36 voice-

399 2385 121 35 laden.
572 2383 67 36 All
657 2382 82 36 that
756 2382 31 35 is
804 2381 209 47 absolutely
1030 2393 190 24 necessary
1237 2381 31 36 is
1286 2381 81 36 that
1385 2380 62 36 the
1464 2381 101 35 voice
1583 2379 133 36 should
1733 2379 44 36 be
1801 2380 153 36 emitted
1979 2393 39 23 as

399 2457 82 24 soon
498 2455 39 24 as
555 2442 64 36 the
636 2442 63 36 air.
754 2441 46 35 In
818 2440 63 37 the
899 2445 284 43 pronunciation
1200 2440 40 36 of
1254 2452 47 24 an
1321 2439 123 36 initial
1470 2439 39 46 P,
1536 2439 63 36 the
1622 2439 54 35 air
1692 2439 128 47 begins
1837 2443 37 31 to
1893 2451 125 36 escape

394 2504 83 47 just
493 2515 49 24 an
559 2502 142 35 instant
724 2499 125 37 before
866 2499 64 36 the
947 2499 112 36 voice.
1111 2499 91 36 This
1223 2511 68 24 can
1306 2499 46 36 be
1370 2499 106 36 made
1493 2499 150 35 evident
1659 2498 32 36 if
1713 2510 21 24 a
1750 2498 204 48 house-key
1972 2499 45 36 be

400 2561 89 36 held
506 2559 124 37 before
647 2558 63 36 the
727 2557 132 36 mouth
876 2569 38 24 as
932 2557 31 35 if
985 2557 57 36 for
1058 2556 200 48 whistling,
1279 2556 74 36 and
1380 2556 50 36 Pa
1448 2556 73 36 and
1539 2556 53 36 Ba
1609 2556 45 36 be
1679 2557 236 47 pronounced
1932 2568 87 24 over

399 2622 41 35 it.
492 2619 100 36 And,
610 2631 48 23 no
676 2617 128 36 doubt,
823 2616 64 36 the
905 2628 99 24 same
1022 2616 236 36 distinctions
1272 2619 93 33 exist
1383 2615 165 37 between
1566 2616 30 35 T
1615 2616 73 36 and
1707 2616 45 45 D,
1764 2616 73 35 and
1855 2616 164 36 between

402 2681 38 36 K
458 2679 76 37 and
552 2679 43 36 G.

449 2741 38 35 It
511 2739 66 36 has
602 2738 93 36 been
720 2736 153 48 pointed
899 2739 65 32 out
989 2739 37 32 to
1052 2747 58 24 me
1128 2735 82 36 that
1234 2735 63 36 the
1315 2747 166 35 pressure
1499 2734 39 37 of
1559 2735 55 36 air
1637 2735 137 35 behind
1800 2735 63 35 the
1881 2734 137 36 barrier

397 2800 32 36 is
453 2809 144 39 greater
625 2796 42 36 in
697 2795 63 36 the
788 2794 176 36 voiceless
989 2794 91 36 than
1108 2794 40 36 in
1174 2794 63 36 the
1263 2794 128 36 voiced
1416 2794 213 48 explosives.
1683 2794 46 35 In
1754 2793 64 36 the
1842 2793 173 37 voiceless

398 2869 206 27 explosives
621 2855 64 37 the
709 2866 167 36 pressure
894 2854 39 36 of
955 2853 64 36 the
1043 2853 55 36 air
1115 2853 40 35 in
1172 2852 63 36 the
1254 2853 131 36 mouth
1405 2854 31 35 is
1454 2853 63 36 the
1535 2865 98 24 same
1651 2865 38 24 as
1707 2853 39 35 in
1764 2852 63 36 the
1844 2852 145 36 trachea
2006 2866 8 30 ;

395 2918 71 36 but
482 2917 41 35 in
540 2916 64 36 the
621 2914 129 37 voiced
769 2925 204 24 explosives
991 2912 64 36 the
1072 2912 55 36 air
1144 2916 114 31 meets
1277 2912 91 36 with
1385 2925 100 23 some
1501 2916 154 32 amount
1673 2911 39 36 of
1733 2911 226 36 obstruction
1976 2916 38 31 at

394 2977 64 36 the
475 2974 137 50 glottis,
640 2973 122 36 owing
786 2976 38 31 to
842 2971 64 36 the
923 2970 297 48 approximation
1238 2970 39 36 of
1298 2970 64 36 the
1379 2971 105 35 vocal
1506 2982 104 25 cords
1627 2970 40 35 in
1684 2969 203 47 phonation
1902 2982 9 31 ;
1937 2970 72 34 and

394 3037 76 36 this
488 3033 229 39 obstruction
737 3032 41 34 in
802 3031 64 35 the
892 3030 132 36 larynx
1051 3041 123 24 causes
1200 3029 63 36 the
1288 3030 55 35 air
1368 3042 166 35 pressure
1558 3033 40 33 to
1615 3029 46 36 be
1685 3028 70 36 less
1780 3028 39 35 in
1845 3027 62 37 the
1933 3029 75 35 oral

397 3098 122 35 cavity
537 3093 91 36 than
648 3092 38 35 in
706 3090 63 37 the
787 3089 157 37 trachea.
