1933 3302
346 129 171 31 Diagnose
541 137 78 22 vom
649 127 269 40 „Wundci-oup".
965 124 172 43 Diagnose
1162 126 60 30 der
1247 125 168 31 Recidive.

1634 125 50 39 57

82 240 226 36 veranlasst.
357 235 185 40 Dadurch
570 235 90 38 kam
692 249 40 24 es
762 236 106 37 nicht
897 233 122 39 selten
1052 246 47 24 zu
1129 231 213 51 capillären
1362 232 227 50 Blutungen
1617 231 68 38 der

81 294 199 48 gereizten
310 290 323 38 Granulationen,
673 303 46 24 zu
752 289 165 38 Oedem,
958 300 68 24 zur
1056 285 230 51 Gerinnung
1317 287 65 37 des
1412 287 40 37 in
1483 285 200 38 dieselben

83 358 232 37 ergossenen
354 344 235 44 Exsudates,
625 344 42 48 ja
705 357 67 23 zur
809 342 171 38 Bildung
1019 341 105 37 eines
1163 340 329 49 croupilhnlichen
1523 339 159 50 Belags.

81 399 95 39 Dies
196 400 51 37 ist
267 399 66 37 das
355 398 87 37 Bild
473 398 66 36 des
568 397 274 49 beginnenden
863 394 363 39 Hospitalbrandes.
1266 393 163 39 Besteht
1458 393 98 39 doch
1586 393 100 39 auch

83 454 68 37 der
181 455 101 36 erste
311 452 128 38 Effect
467 451 67 37 der
563 449 183 39 Invasion
783 450 124 38 dieser
937 448 222 39 Krankheit
1198 448 40 37 in
1280 448 106 37 einer
1428 447 256 51 energischen

81 506 189 38 Reizung.
326 506 74 37 Die
428 505 198 38 Diagnose
655 504 50 37 ist
730 503 141 51 jedoch
900 503 115 38 meist
1044 503 85 37 eine
1160 501 197 39 einfache,
1399 502 47 37 da
1480 502 74 37 mit
1582 502 100 37 Ent-

82 560 169 38 fernung
273 560 66 37 der
358 558 206 38 reizenden
586 556 142 39 Salben
751 560 71 35 etc.
845 558 61 37 die
926 556 324 38 Erscheinungen
1280 555 80 38 sich
1390 556 292 37 zurückbilden.

215 613 147 38 Ferner
391 613 51 37 ist
472 612 60 37 die
557 610 344 39 Unterscheidung
932 611 65 37 des
1027 610 274 50 beginnenden
1330 608 355 39 Hospitalbrandes

82 667 71 37 mit
182 667 86 38 dem
296 668 98 48 jetzt
422 666 118 37 kaum
570 664 111 38 mehr
711 668 223 47 gekannten
970 664 345 46 ^Wundcroup"
1351 677 48 23 zu
1429 663 252 38 besprechen.

82 720 92 38 Man
204 720 181 37 verstand
415 732 114 24 unter
559 719 146 37 diesem
735 718 153 38 Namen
926 719 85 37 eine
1050 718 193 37 harmlose
1274 715 191 40 Infection
1505 717 178 50 granuli-

83 787 140 24 render
254 773 196 37 Wunden,
482 773 116 36 deren
629 772 222 38 Aetiologie
882 785 62 24 nie
973 774 113 35 recht
1115 770 227 39 aufgeklärt
1370 771 62 37 ist.
1490 770 91 38 Man
1614 771 71 38 sah

82 830 72 47 gut
183 827 275 50 gramilirende
492 825 180 38 Wimden
703 826 80 37 sich
815 826 69 37 mit
914 826 106 37 einer
1050 838 185 25 vv^eissen,
1266 824 166 46 lichten,
1463 824 121 38 leicht
1613 825 70 37 ab-

83 880 207 38 ziehbaren
319 880 109 37 Haut
456 880 212 37 bedecken.
726 880 207 37 Entfernte
971 893 90 23 man
1101 878 188 39 dieselbe,
1329 892 41 24 so
1408 879 143 37 kamen
1588 891 96 37 gute

85 934 305 38 Granulationen
420 947 46 24 zu
497 933 130 51 Tage,
667 933 146 38 welche
852 934 81 37 sich
964 946 92 25 aber
1087 932 148 38 alsbald
1265 933 71 36 mit
1366 933 106 37 einer
1502 932 181 50 gleichen

82 988 110 38 Haut
220 988 228 38 bedeckten.
508 987 107 38 Verf.
656 987 69 38 sah
761 988 39 36 in
837 986 369 38 vorantiseptischer
1236 986 87 38 Zeit
1353 986 104 38 diese
1487 986 197 38 Affection

83 1041 211 38 mehrfach,
326 1055 42 24 so
398 1055 31 23 z.
460 1041 44 37 B.
537 1041 70 37 auf
633 1041 106 37 einer
768 1041 72 37 mit
868 1041 146 37 breiter
1045 1040 401 38 Granulationsfläche
1475 1039 209 38 heilenden

83 1095 623 38 Kniegelenksresectionswunde
737 1095 62 36 bei
830 1095 126 36 einem
983 1094 229 38 schwachen
1233 1094 139 39 Kinde.
1412 1094 74 38 Die
1507 1093 178 51 Heilung

83 1150 97 47 ging
216 1152 100 34 trotz
356 1149 68 37 der
460 1148 60 37 bis
559 1147 144 38 zuletzt
739 1148 266 37 bestehenden
1035 1147 232 38 Fibrinhaut
1304 1150 72 47 gut
1413 1161 75 24 von
1524 1150 157 35 statten.

82 1203 115 37 Dann
238 1202 255 38 beobachtete
533 1201 107 38 Verf.
681 1201 168 38 dieselbe
893 1202 210 37 mehrmals
1148 1201 70 37 auf
1253 1200 430 39 Granulationsflächen

85 1256 97 38 nach
213 1257 124 37 einem
367 1255 193 50 Erysipel.
620 1255 138 38 Zeiss
803 1255 69 38 sah
912 1255 158 38 solchen
1111 1255 126 50 Belag
1276 1255 134 50 häufig
1453 1268 56 24 als
1547 1254 134 39 Nach-

84 1310 211 37 krankheit
332 1323 87 24 vom
450 1309 328 49 Hospitalbrand,
822 1308 162 38 rechnet
1026 1309 53 37 sie
1121 1309 93 37 aber
1256 1309 192 37 durchaus
1490 1309 108 37 nicht
1635 1323 47 23 zu

86 1364 127 37 dieser
243 1363 233 37 Krankheit.
534 1361 286 39 Neudörfer
857 1363 201 37 bespricht
1094 1363 40 36 in
1171 1363 146 37 seinem
1355 1362 220 38 Handbuch
1614 1363 68 37 der

85 1417 344 50 Kriegschirurgie
468 1430 62 24 am
569 1416 304 50 eingehendsten
911 1416 195 50 derartige
1156 1416 212 50 „filzartige
1412 1415 270 51 Speckbeläge

86 1470 71 38 auf
182 1471 135 37 reinen
348 1470 195 37 Wunden.
604 1469 111 38 Ohne
747 1470 86 37 dass
864 1484 89 23 man
983 1470 60 37 die
1074 1469 176 39 Ursache
1280 1470 142 37 kennt,
1460 1470 152 37 kommt
1642 1483 41 24 es

86 1537 88 24 vor,
221 1525 85 36 dass
349 1524 63 37 bei
451 1524 67 37 der
557 1523 224 46 schönsten,
825 1526 209 46 üppigsten
1075 1523 253 38 Granulation
1367 1524 314 46 speckähnliche,

84 1577 266 50 inselförmige
379 1577 148 49 Beläge
557 1577 212 37 auftreten,
810 1590 61 24 am
909 1577 165 37 meisten
1110 1577 54 37 im
1194 1576 182 38 Centrum
1413 1577 68 37 der
1510 1577 170 37 Wunde.

85 1630 138 38 Dieser
252 1631 124 37 Belag
405 1631 51 37 ist
484 1630 108 38 nicht
621 1630 98 38 ohne
749 1630 175 51 Blutung
964 1644 74 24 von
1076 1631 74 37 den
1181 1629 306 39 Granulationen
1517 1645 45 23 zu
1595 1633 85 35 ent-

84 1684 155 38 fernen;
285 1698 41 24 er
363 1684 123 37 bleibt
523 1687 56 34 oft
615 1683 89 38 sehr
742 1683 116 51 lange
897 1684 98 38 ohne
1034 1685 60 37 die
1125 1684 185 38 Wunden
1347 1699 47 23 zu
1422 1686 254 36 verändern."

86 1737 100 38 Dass
208 1739 61 36 ein
289 1737 149 38 solcher
457 1737 125 38 Belag
600 1737 72 37 mit
692 1737 319 50 Hospitalbrand,
1041 1738 71 37 mit
1141 1738 185 38 welchem
1354 1751 42 25 er
1416 1738 103 38 wohl
1546 1737 136 51 häufig

86 1791 256 38 verwechselt
368 1792 70 36 ist,
476 1791 125 37 nichts
631 1805 46 23 zu
707 1791 96 38 thun
832 1791 120 46 habe,
992 1805 92 24 wies
1114 1791 288 38 Neudörfer
1439 1792 40 36 in
1509 1794 171 35 eclatan-

86 1847 121 35 tester
227 1844 133 38 Weise
390 1844 119 38 dtirch
538 1844 202 50 folgendes
760 1845 255 37 Experiment
1034 1845 110 37 nach.
1184 1845 55 37 Er
1260 1845 190 50 übertrug
1480 1851 200 44 abgelöste

88 1897 135 38 Theile
245 1899 65 36 des
330 1898 144 49 Belags
503 1898 74 37 auf,
597 1898 142 37 andere
760 1897 184 38 Wunden
974 1899 76 36 und
1080 1899 89 37 liess
1189 1899 55 37 sie
1266 1899 51 36 24
1338 1898 174 38 Stunden
1532 1899 148 45 liegen;

86 1952 129 37 weder
236 1951 305 38 Hospitalbrand
569 1950 99 38 noch
690 1952 61 36 ein
772 1951 198 38 ähnlicher
990 1952 124 50 Belag
1143 1953 145 37 konnte
1320 1952 171 38 dadurch
1520 1955 161 47 erzeugt

86 2005 167 37 werden.
310 2004 70 38 Als
412 2004 171 39 Ursache
621 2004 63 38 für
722 2005 66 37 das
817 2004 216 39 Entstehen
1071 2006 105 37 eines
1214 2006 157 38 solchen
1407 2005 273 50 Fibrinbelags

88 2059 224 36 constatirte
341 2058 286 38 Neudörfer
670 2071 94 24 stets
809 2059 84 37 eine
931 2059 212 49 Eiterung,
1189 2060 112 37 einen
1336 2059 344 49 Knochensplitter

88 2111 93 37 oder
210 2111 111 38 einen
350 2112 168 37 anderen
539 2111 289 38 Fremdkörper
856 2112 38 37 in
926 2113 68 36 der
1016 2112 121 38 Tiefe.
1183 2112 111 38 Auch
1324 2113 134 37 Beck
1489 2112 192 38 berichtet

86 2164 98 37 über
213 2164 175 38 ähnliche
417 2165 287 37 Erfahrungen.
762 2165 112 37 Nach
902 2165 195 38 Heine's
1127 2166 255 37 Darstellung
1416 2167 51 36 ist
1504 2179 40 24 es
1573 2165 107 38 nicht

88 2217 217 50 schwierig,
336 2218 58 37 die
424 2218 233 46 weissliche,
687 2218 119 37 leicht
835 2218 242 38 abziehbare,
1109 2219 70 37 auf
1204 2219 150 37 rothem
1386 2219 292 38 Granulations-

86 2270 129 38 boden
241 2270 178 50 liegende
449 2271 203 38 Membran
680 2284 76 25 von
785 2271 87 37 dem
901 2272 383 50 hospitalbrandigen
1314 2272 125 38 Belag
1468 2286 47 24 zu
1544 2275 134 35 unter-

89 2323 192 46 scheiden,
312 2324 166 37 welcher
506 2325 91 37 bald
625 2324 110 37 mehr
764 2337 98 35 grau
893 2325 114 37 wird,
1046 2325 119 37 fester
1195 2325 191 51 anhängt,
1419 2339 74 24 von
1523 2326 154 49 Ecchy-

88 2390 132 25 mosen
251 2377 221 37 durchsetzt
496 2378 78 36 und
595 2390 74 25 von
690 2377 189 37 örtlichen
900 2377 231 38 Schmerzen
1152 2379 78 37 und
1250 2378 140 39 Fieber
1409 2379 189 49 begleitet
1617 2379 60 38 ist.

217 2429 93 38 Fast
338 2430 73 37 alle
432 2430 241 38 Beobachter
702 2443 74 24 von
806 2430 224 50 Delpech
1062 2431 55 37 bis
1146 2432 70 36 auf
1242 2432 147 38 Heine
1419 2432 162 38 machen
1612 2432 71 38 auf

91 2482 59 37 die
172 2482 298 51 Schwierigkeit
489 2483 274 46 aufmerksam,
788 2483 218 39 Recidive
1038 2485 76 37 des
1137 2484 423 50 Hospitalbrandes
1580 2486 99 37 nach

90 2536 300 50 Anwendung
419 2536 389 38 verschorfender
837 2536 278 39 Aetzmittel
1144 2551 47 24 zu
1222 2539 213 38 erkennen,
1467 2539 71 37 wie
1569 2552 31 23 z.
1630 2538 46 38 B.

90 2588 98 38 nach
208 2589 258 50 Anwendung
486 2591 66 36 des
574 2589 240 38 Glüheisens,
846 2590 66 37 der
933 2591 281 38 concentrirten
1237 2591 160 38 Säuren,
1429 2593 68 36 der
1517 2591 161 39 Carbol-

90 2654 125 33 säure,
237 2642 66 37 des
319 2642 238 39 Chlorzinks,
578 2642 263 38 Höllensteins
858 2646 70 34 etc.
959 2643 112 38 Nach
1088 2645 258 37 Anwendung
1367 2645 64 37 des
1449 2644 229 39 Glüheisens

89 2694 52 38 ist
168 2694 97 38 nach
285 2695 254 49 DeIpech's
559 2696 276 48 Erfahrungen
865 2696 65 38 das
960 2697 185 39 sicherste
1166 2698 166 38 Zeichen
1361 2698 62 37 für
1454 2698 59 37 die
1534 2698 143 49 völlige

91 2747 239 50 Zerstörung
361 2748 65 37 des
455 2749 347 49 Hospitalbrandes
834 2749 83 37 eine
948 2750 313 49 gleichmässige,
1291 2751 184 37 trockene
1505 2751 173 38 Eschara

92 2801 67 37 der
189 2801 240 50 gebrannten
461 2801 241 39 Oberfläche.
745 2801 74 37 Ein
848 2801 176 40 feuchter
1053 2803 132 38 Punkt
1212 2803 247 38 bezeichnete
1489 2804 187 49 gewöhn-

90 2852 77 39 lich
197 2855 83 37 eine
311 2852 131 47 Stelle,
472 2868 59 24 wo
562 2856 65 37 das
655 2853 210 40 Glüheisen
894 2855 106 38 nicht
1028 2856 251 38 hinreichend
1309 2857 233 50 eingewirkt
1569 2858 108 38 hatte

91 2907 78 36 und
207 2908 61 36 ein
296 2906 160 38 Recidiv
492 2909 228 37 entstanden
760 2920 90 24 war.
909 2907 215 40 Besonders
1162 2923 61 24 am
1252 2908 311 40 Unterschenkel
1599 2912 79 37 und
