2178 3965
982 201 68 50 29

47 351 28 34 a
113 332 140 54 truth
286 333 163 53 which
488 333 43 53 is
571 352 64 35 an
662 352 308 35 unwelcome
996 353 109 47 one,
1136 334 208 54 because
1370 335 40 53 it
1436 335 189 53 flatters
1652 341 92 48 not
1769 341 86 48 the
1884 337 112 52 self-

46 406 110 53 love
183 408 56 52 of
274 408 274 65 mankind;
590 407 97 53 and
725 408 41 51 it
804 407 42 53 is
886 408 120 65 this,
1047 409 112 51 that
1198 410 142 52 there
1367 409 42 52 is
1437 410 67 52 all
1530 410 87 52 the
1645 409 262 54 difference
1947 411 53 51 in

44 485 85 47 the
156 481 154 53 world
336 481 222 53 between
584 487 87 47 the
696 481 160 71 gifted
881 501 118 33 man
1016 482 55 52 of
1094 501 195 51 genius,
1307 502 112 34 who
1447 502 92 34 can
1565 485 137 51 often
1730 484 270 71 anticipate

43 559 88 47 the
159 574 120 33 slow
305 556 179 52 results
513 556 54 52 of
589 556 287 71 systematic
903 555 371 71 investigation,
1304 557 98 51 and
1429 577 111 33 who
1568 558 180 52 strikes
1777 563 90 47 out
1893 575 108 34 new

44 633 167 65 paths,
254 629 99 52 and
396 634 87 47 the
528 649 232 32 common
798 629 123 53 herd
966 630 55 52 of
1055 635 225 60 mortals,
1316 649 113 34 who
1470 636 136 47 must
1641 631 122 71 plod
1789 650 65 34 on
1880 630 121 52 with

45 703 195 69 patient
267 703 234 71 humility
522 703 52 52 in
611 709 87 46 the
739 703 85 53 old
860 703 186 65 tracks,
1075 707 36 25 “
1127 703 122 53 with
1276 704 244 52 manifold
1546 710 219 47 motions
1792 705 210 70 making

45 775 131 54 little
203 776 152 71 speed
451 777 40 52 it
517 776 42 53 is
580 777 87 52 the
686 776 258 54 difference
971 777 221 53 between
1217 777 87 53 the
1320 777 243 72 butterfly
1583 778 164 53 which
1768 778 106 52 flies
1902 777 101 53 and

45 849 136 53 feeds
227 869 65 34 on
336 850 162 70 honey
543 851 100 53 and
686 856 85 47 the
816 851 281 53 caterpillar
1146 851 163 53 which
1351 871 174 33 crawls
1571 852 99 52 and
1715 871 180 51 gorges
1935 870 67 33 on

44 922 180 55 leaves.
302 924 142 66 Men,
473 944 113 33 ever
612 944 145 33 eager
782 930 54 47 to
878 929 34 24 “
929 945 117 51 pare
1071 931 88 47 the
1184 931 266 47 mountain
1474 931 55 47 to
1555 931 87 47 the
1669 925 192 71 plain/'’
1901 924 103 52 will

45 1002 90 47 not
160 997 245 73 willingly
431 999 194 52 confess
651 1000 135 64 this;
826 999 336 53 nevertheless
1188 999 40 52 it
1254 1000 42 52 is
1323 1004 135 48 most
1477 999 171 53 true.*
1723 1000 153 52 Buies
1905 998 99 53 and

46 1090 211 51 systems
303 1091 81 34 are
423 1091 259 52 necessary
719 1073 79 52 for
841 1078 91 47 the
973 1072 271 72 ordinarily
1285 1072 239 55 endowed
1568 1077 224 61 mortals,
1836 1092 167 33 whose

46 1144 229 54 business
319 1145 43 53 it
405 1146 42 52 is
491 1151 54 48 to
591 1146 177 71 gather
811 1152 233 47 together
1085 1146 98 53 and
1224 1166 209 34 arrange
1468 1152 87 47 the
1594 1148 281 64 materials;
1916 1146 87 52 the

47 1237 193 51 genius,
270 1219 110 54 who
407 1220 41 52 is
475 1225 88 48 the
589 1221 257 65 architect,
872 1222 107 63 has,
1008 1221 101 52 like
1135 1240 195 46 nature,
1360 1240 65 33 an
1450 1240 339 33 unconscious
1817 1224 188 66 system

46 1293 54 51 of
133 1294 76 51 his
240 1313 125 33 own.
446 1294 52 53 It
536 1294 42 52 is
616 1294 88 52 the
741 1294 102 53 fate
884 1295 53 52 of
972 1295 67 52 its
1077 1314 196 45 nature,
1302 1294 101 54 and
1429 1313 66 34 no
1525 1294 225 65 demerit,
1778 1294 112 52 that
1915 1293 88 52 the

46 1367 281 70 caterpillar
370 1372 139 48 must
554 1368 181 53 crawl:
795 1368 40 53 it
872 1368 44 52 is
956 1369 86 52 the
1079 1368 101 53 fate
1216 1369 54 52 of
1304 1369 66 52 its
1396 1387 195 45 nature,
1621 1368 98 52 and
1745 1387 66 33 no
1839 1373 164 57 merit,

45 1440 112 52 that
183 1441 87 52 the
308 1441 240 71 butterfly
574 1447 137 47 must
750 1442 82 52 fly.
909 1442 107 52 The
1059 1447 251 66 question,
1358 1461 54 33 so
1459 1443 152 51 much
1653 1441 254 71 disputed,
1955 1440 55 52 of

47 1519 85 46 the
169 1514 204 53 relative
412 1520 171 48 extent
623 1515 54 53 of
724 1516 341 71 applicability
1104 1516 55 52 of
1208 1521 86 47 the
1334 1514 240 54 so-called
1611 1515 257 53 inductive
1907 1513 98 54 and

47 1587 265 55 deductive
350 1589 249 65 methods,
641 1589 138 53 often
817 1589 218 54 resolves
1061 1589 139 53 itself
1234 1589 107 53 into
1381 1609 29 33 a
1449 1594 232 65 question
1709 1609 52 32 as
1789 1594 54 46 to
1870 1588 135 52 wfliat

48 1680 206 34 manner
300 1663 54 51 of
404 1682 118 33 man
565 1663 41 51 it
650 1663 42 52 is
734 1664 112 52 who
885 1664 44 51 is
967 1668 55 49 to
1062 1682 90 33 use
1191 1663 437 52 them—whether
1656 1682 93 33 one
1775 1662 112 52 who
1914 1662 91 52 has

48 1754 164 34 senses
240 1755 134 52 only,
401 1737 113 52 who
541 1736 91 53 has
654 1755 113 52 eyes
796 1736 99 54 and
934 1756 103 33 sees
1063 1756 106 45 not,
1199 1756 54 33 or
1281 1755 93 35 one
1401 1736 112 53 who
1540 1737 90 52 has
1657 1755 168 34 senses
1853 1736 98 53 and
1979 1755 28 33 a

51 1828 144 46 soul;
236 1809 220 53 whether
495 1830 94 32 one
616 1810 112 52 who
768 1829 94 34 can
900 1830 117 52 only
1044 1810 173 53 collect
1263 1810 244 53 so-called
1532 1811 130 52 facts
1689 1811 56 51 of
1780 1829 228 33 observa-

48 1888 125 60 tion,
215 1902 55 33 or
309 1902 94 35 one
441 1903 111 34 who
592 1903 93 33 can
710 1884 125 53 bind
860 1889 232 48 together
1117 1889 88 48 the
1230 1884 255 53 thousand
1512 1883 247 53 scattered
1784 1884 128 52 facts
1938 1882 68 72 by

48 1960 85 48 the
161 1957 296 71 organizing
482 1957 128 65 idea,
632 1958 100 52 and
758 1964 119 46 thus
904 1963 271 65 guarantee
1201 1963 140 47 them
1366 1965 54 45 to
1447 1957 63 53 be
1535 1958 143 52 facts.
1755 1957 161 53 What
1944 1975 64 34 an

51 2029 184 54 offence
271 2035 55 48 to
364 2036 86 47 the
488 2031 262 53 chartered
788 2032 278 70 imbecility
1105 2032 55 52 of
1210 2031 312 53 industrious
1561 2031 296 70 mediocrity
1896 2035 112 48 that

50 2103 165 65 Plato,
260 2104 358 71 Shakespeare,
648 2105 214 66 Goethe,
908 2105 308 66 Humboldt,
1259 2105 173 53 Bacon
1474 2110 105 59 too,
1623 2105 116 65 and,
1765 2104 54 52 in
1845 2103 161 65 truth,

54 2196 141 52 every
224 2197 118 33 man
368 2179 112 52 who
520 2179 99 53 had
658 2179 251 71 anything
948 2180 55 52 of
1037 2179 300 52 inspiration
1375 2179 52 52 in
1454 2178 123 65 him,
1606 2198 127 33 were
1759 2183 92 47 not
1878 2196 132 34 mere

54 2252 421 52 sense-machines
513 2253 79 52 for
629 2253 298 70 registering
966 2272 359 44 observations,
1368 2251 93 53 but
1487 2252 167 53 rather
1679 2252 331 52 instruments

53 2343 67 33 on
145 2325 163 52 which
332 2332 87 46 the
445 2326 201 71 melody
676 2327 54 51 of
764 2332 195 58 nature,
987 2326 102 52 like
1116 2325 379 72 sphere-music,
1523 2345 99 33 was
1649 2325 144 52 made
1818 2325 78 52 for
1921 2325 89 51 the

54 2396 182 55 benefit
274 2399 97 53 and
411 2399 302 54 delectation
752 2400 55 52 of
841 2400 126 53 such
1006 2420 52 33 as
1084 2400 126 52 have
1236 2418 106 34 ears
1368 2405 54 47 to
1449 2399 118 53 hear
1587 2400 55 65 !f
1716 2399 130 53 That
1875 2416 136 35 some

111 2536 25 26 *
167 2536 189 53 Lorsque
386 2537 72 39 des
487 2537 101 40 faits
619 2537 355 40 extraordinaires
1002 2540 210 38 attestent
1239 2551 60 26 un
1326 2537 124 53 genie
1480 2536 203 49 eminent,
1711 2536 99 53 quoi
1838 2536 50 40 de
1917 2549 97 39 pins

56 2594 208 39 contraire
284 2606 53 26 au
357 2594 85 39 bon
462 2607 93 26 sens
576 2607 80 38 que
677 2594 52 40 de
749 2594 62 39 lui
830 2607 145 39 preter
994 2596 142 38 toutes
1161 2595 63 39 les
1243 2594 188 52 passions
1453 2595 43 39 et
1516 2595 97 38 tous
1633 2593 61 40 les
1715 2592 232 40 sentimens
1961 2592 51 41 de

57 2649 41 38 la
116 2650 245 38 mediocrite
376 2650 19 39 ?
442 2650 109 48 Quoi
572 2650 51 39 de
643 2651 96 51 plus
759 2651 102 38 faux
879 2663 81 39 que
977 2651 51 39 de
1043 2663 53 27 ne
1116 2664 75 38 pas
1211 2648 267 41 reconnaitre
1497 2650 43 39 la
1560 2650 296 51 preeminence
1873 2649 51 39 de
1945 2661 69 27 ces

57 2707 109 37 etres
185 2706 242 52 privilegies
449 2707 74 51 qui
543 2707 291 51 apparaissent
855 2707 51 39 de
926 2709 140 37 temps
1089 2721 23 24 a
1133 2709 122 37 autre
1276 2706 104 39 dans
1393 2706 208 40 l’histoire
1622 2719 162 26 comme
1800 2705 51 39 de
1863 2717 152 39 phases

56 2761 229 48 lumineux,
308 2763 207 51 dissipant
539 2763 60 39 les
617 2763 196 39 tenebres
835 2763 51 40 de
912 2763 93 40 leur
1026 2776 163 26 epoque
1211 2765 43 37 et
1276 2762 205 40 eclairant
1503 2762 178 40 l’avenir
1696 2762 18 40 ?
1774 2761 107 39 Nier
1901 2763 114 37 cette

57 2830 290 38 preeminence
378 2819 127 39 serait
530 2819 212 39 d’ailleurs
770 2819 104 40 faire
904 2819 137 39 injure
1071 2833 24 24 a
1120 2819 266 46 l’humanite,
1412 2831 53 26 en
1492 2819 43 38 la
1562 2820 175 37 croyant
1764 2817 172 40 capable
1963 2816 51 40 de

60 2873 127 45 subir,
210 2888 23 25 a
253 2875 41 39 la
314 2875 156 52 longue
492 2877 44 38 et
555 2875 372 47 volontairement,
945 2889 83 26 une
1049 2875 263 39 domination
1329 2874 73 53 qui
1421 2887 54 27 ne
1495 2873 231 53 reposerait
1745 2887 75 39 pas
1841 2886 72 26 sur
1931 2885 84 27 une

61 2942 210 39 grandeur
288 2931 204 40 veritable
508 2933 44 38 et
573 2945 71 25 sur
660 2945 82 26 une
762 2932 309 39 incontestable
1086 2931 158 39 utilite.
1300 2931 160 39 Soyons
1481 2931 183 51 logique,
1681 2932 44 38 et
1745 2943 106 25 nous
1873 2941 142 28 serons

55 2985 413 52 justes.”—Preface
487 2989 46 38 to
553 2990 75 37 the
649 2991 12 18 4
678 2988 191 39 Histoire
890 2988 52 40 de
963 2988 121 39 Jules
1106 2987 154 40 Cesar,’
1281 2987 56 52 by
1354 2987 77 39 the
1451 2986 205 52 Emperor
1677 2986 48 40 of
1740 2986 74 40 the
1834 2984 181 41 French.

115 3043 29 46 t
173 3043 236 40 “Talent,”
441 3057 93 40 says
569 3044 109 40 Jean
707 3044 120 47 Paul,
858 3047 281 37 “represents
1166 3047 46 36 to
1240 3056 49 26 us
1317 3056 98 39 only
1445 3046 191 48 portions
1665 3042 48 39 of
1733 3054 179 35 nature;
1940 3040 77 40 the

62 3109 146 39 genius
245 3102 240 49 represents
524 3103 75 37 the
634 3100 135 39 whole
804 3100 48 40 of
885 3102 155 38 nature
1075 3100 84 39 and
1197 3100 148 38 brings
1384 3101 45 37 to
1464 3112 49 25 us
1553 3111 24 26 a
1610 3096 405 42 world-intuition.”

62 3156 26 17 “
105 3153 136 53 Every
262 3157 172 38 natural
459 3156 111 54 body
589 3156 105 40 feels
724 3156 255 52 everything
1005 3156 98 40 that
1131 3156 190 51 happens
1349 3154 42 40 in
1419 3157 75 38 the
1520 3154 193 40 universe
1926 3152 90 39 The

62 3212 168 47 present
257 3211 36 39 is
319 3215 215 48 pregnant
560 3212 107 40 with
691 3212 75 40 the
798 3213 170 46 future;
998 3212 76 40 the
1104 3212 148 39 future
1280 3224 97 40 may
1402 3212 53 39 be
1485 3211 102 39 read
1615 3211 46 38 in
1687 3213 75 37 the
1789 3210 123 52 past;
1941 3208 76 40 the

63 3268 158 37 remote
248 3266 34 40 is
313 3269 223 50 expressed
565 3268 45 39 in
642 3270 75 38 the
743 3282 115 26 near.
918 3269 88 39 The
1037 3269 160 52 beauty
1218 3268 47 39 of
1291 3270 75 37 the
1394 3267 194 39 universe
1619 3266 142 40 might
1788 3267 53 38 be
1866 3277 151 38 appre-

63 3319 163 42 hended
249 3323 57 52 by
327 3336 125 41 every
471 3325 121 39 mind
618 3324 39 39 if
679 3325 57 38 all
761 3325 59 39 its
848 3325 309 51 potentialities
1179 3324 123 40 could
1325 3324 53 39 be
1398 3323 215 47 unfolded,
1635 3322 151 48 which,
1808 3322 209 45 however,

64 3388 69 27 are
159 3389 99 41 only
287 3379 246 54 observably
556 3381 231 51 developed
812 3381 106 39 with
941 3381 118 39 time.
1117 3381 91 40 But
1238 3394 44 26 as
1307 3392 126 40 every
1461 3380 111 39 clear
1598 3379 94 38 idea
1716 3387 302 41 comprehends

65 3444 53 25 an
138 3433 166 41 infinite
325 3448 178 27 number
523 3437 47 38 of
587 3436 200 40 confused
806 3437 114 39 ideas
935 3437 139 39 which
1092 3440 172 36 contain
1278 3435 292 41 undeveloped
1588 3435 47 38 in
1654 3434 120 39 them
1793 3435 74 37 the
1883 3443 135 28 whole

69 3499 200 38 universe,
293 3502 43 28 so
356 3493 75 38 the
451 3492 120 39 mind
591 3492 121 40 itself
731 3493 264 51 apprehends
1022 3496 120 36 those
1162 3493 149 39 things
1332 3492 47 39 of
1394 3491 140 40 which
1556 3490 36 40 it
1618 3490 76 38 has
1718 3489 115 38 ideas
1853 3488 99 51 only
1973 3497 46 28 so

66 3542 63 39 far
150 3556 43 26 as
222 3544 35 40 it
283 3546 76 39 has
385 3546 115 41 ideas
519 3548 140 40 which
679 3549 126 39 stand
825 3551 76 37 out
923 3549 156 52 clearly
1100 3549 85 39 and
1205 3548 248 52 distinctly;
1484 3546 85 39 and
1592 3546 35 39 it
1648 3544 188 52 acquires
1857 3555 161 40 perfec-

64 3599 91 38 tion
175 3602 228 51 according
427 3606 45 37 to
497 3605 75 38 the
601 3617 189 27 measure
811 3605 49 38 of
880 3605 58 39 its
962 3605 111 39 clear
1099 3605 128 39 ideas.
1287 3604 138 51 Every
1448 3602 119 39 mind
1593 3600 237 41 recognises
1856 3599 75 40 the
1954 3598 62 38 in-

64 3653 131 49 finite,
220 3658 234 52 recognises
478 3659 75 41 the
573 3660 83 49 All,
678 3660 207 40 although
913 3660 45 39 in
983 3674 23 25 a
1034 3660 199 41 confused
1259 3671 189 28 manner.
1510 3657 138 40 When
1676 3656 22 40 I
1722 3656 111 39 walk
1861 3667 54 28 on
1941 3653 76 41 the
