2107 3450
1732 257 85 46 337

787 268 163 31 VISUAL
985 267 204 32 APHASIA.

160 392 151 41 vision.
377 391 70 42 He
471 390 91 42 will
588 390 90 42 also
703 404 70 28 see
798 389 97 42 that
919 389 73 42 the
1017 403 119 28 same
1170 388 129 43 effect
1334 388 143 42 would
1512 389 52 42 be
1599 390 218 54 produced

159 465 57 42 by
249 478 25 28 a
306 464 137 42 lesion
478 463 170 41 further
681 462 123 42 back,
837 461 140 43 either
1011 462 43 40 in
1091 460 74 43 the
1200 460 131 56 Optic
1369 460 251 51 Thalamus,
1660 460 43 44 in
1744 461 74 44 the

769 2623 65 26 Fig.
847 2621 169 34 8.—(After
1031 2622 163 35 Dejerine.)

153 2711 226 46 Radiation
420 2715 44 41 of
503 2715 230 43 Gratiolet,
771 2730 46 27 or
855 2715 46 43 in
941 2715 74 43 the
1058 2716 198 42 Primary
1290 2715 159 43 Visual
1485 2715 161 43 Centre
1681 2716 129 43 itself.

152 2786 85 41 But
270 2786 54 42 he
359 2787 90 42 will
481 2794 103 35 note
618 2788 97 42 that
750 2788 370 43 word-blindness
1157 2788 91 43 will
1281 2793 91 38 not,
1405 2789 45 41 in
1486 2802 87 29 any
1607 2790 45 41 of
1688 2789 124 43 these

147 2872 132 37 cases,
298 2859 52 42 be
373 2859 140 42 added
538 2864 44 37 to
605 2860 76 42 the
705 2861 315 56 hemianopsia,
1040 2861 149 43 unless
1215 2861 74 42 the
1311 2861 142 42 lesion
1477 2861 53 42 be
1554 2861 195 42 situated
1767 2866 45 37 at

149 2929 133 45 about
306 2938 49 39 X,
378 2932 84 40 and
487 2946 47 28 so
557 2938 76 36 cut
655 2947 144 29 across
822 2940 78 36 not
927 2934 105 55 only
1067 2934 73 42 the
1175 2934 128 42 fibres
1338 2934 143 42 which
1517 2939 188 37 connect
1739 2935 73 41 the

150 3002 182 57 angular
375 3004 279 41 convolution
700 3006 103 40 with
841 3006 73 42 the
948 3006 82 42 left
1063 3007 201 55 occipital
1303 3006 110 43 lobe,
1448 3007 80 41 but
1561 3005 91 43 also
1687 3006 124 42 those

154 3074 140 43 which
317 3081 186 37 connect
526 3076 36 42 it
587 3077 105 42 with
717 3077 74 43 the
813 3077 117 56 right
953 3093 93 29 one.

220 3145 186 62 Perhaps
430 3148 242 44 additional
698 3149 216 43 clearness
941 3151 87 41 will
1056 3151 50 42 be
1140 3151 172 42 arrived
1347 3156 45 37 at
1426 3151 108 41 from
1569 3150 76 42 the
1679 3149 130 59 study

1546 3211 25 48 2
1603 3221 25 31 u
