1817 3171
532 287 92 31 THE
649 286 217 32 MANDRIL
892 285 58 32 OR
974 283 218 33 RIB-NOSE
1216 282 192 32 BABOON.

294 279 88 41 158

291 413 307 62 considerably
620 414 143 45 larger
782 412 47 47 in
862 411 119 53 size;
1017 418 78 38 the
1124 410 146 46 colour
1294 409 37 45 is
1355 407 49 47 of
1428 424 27 30 a
1477 408 180 47 ruddier

290 492 122 53 hue;
463 498 78 38 the
586 490 229 46 cartilages
853 488 48 47 of
926 495 78 39 the
1034 503 106 30 nose
1171 503 73 30 are
1271 488 150 45 longer
1443 493 112 39 than
1577 485 79 47 the

285 569 119 61 jaws
422 585 15 37 ;
463 569 87 45 and
568 574 78 39 the
669 568 146 45 colour
834 566 50 47 of
901 573 78 38 the
1003 566 101 45 skin
1128 581 56 30 on
1206 565 79 45 the
1308 563 108 55 face,
1442 563 214 46 extremi-

291 652 100 47 ties,
418 646 89 44 and
531 661 110 37 ears,
667 660 74 30 are
764 645 145 53 black,
935 643 136 45 while
1102 650 79 38 the
1211 658 142 45 upper
1383 641 169 45 eyelids
1583 655 74 30 are

291 722 153 45 white.
513 722 44 45 It
582 721 35 45 is
653 737 27 29 a
711 729 155 37 native
898 720 50 46 of
974 720 168 54 Africa,
1173 721 83 44 but
1285 720 197 44 hitherto
1513 733 144 30 unde-

292 798 169 46 scribed
482 799 64 60 by
569 814 91 45 any
683 799 210 44 traveller
915 798 46 45 in
986 813 27 29 a
1036 804 117 39 state
1176 796 50 47 of
1243 812 175 30 nature.

358 875 65 45 To
454 875 224 45 illustrate
708 882 80 38 the
819 875 159 45 second
1004 873 112 47 form
1140 873 49 47 of
1218 880 76 39 the
1324 880 100 39 true
1460 868 198 65 Cynoce-

286 951 144 57 phali,
455 967 69 29 we
547 952 116 45 have
687 951 184 46 figured.

441 1207 111 36 THE
582 1207 265 37 MANDRIL
877 1206 74 39 OR
979 1206 256 37 RIB-NOSE
1266 1203 240 40 BABOON.

660 1315 133 35 Papio
810 1313 475 38 mormon.—Geoffroy.

824 1420 134 36 Plate
980 1420 142 37 XVII.

296 1523 250 41 Ribbed-nose
579 1528 160 45 baboon,
768 1528 228 36 Pennant's
1028 1528 279 48 Quadrupeds.^
1335 1541 33 35 p.
1404 1527 71 36 190
1551 1527 112 48 Papio

347 1604 181 33 mormon,
566 1592 196 48 Geoffroy.,
795 1593 184 37 Annales
1011 1594 55 35 du
1096 1594 207 45 Museum,
1331 1595 77 35 xix.
1445 1607 34 35 p.
1520 1593 72 37 184

347 1656 274 48 CTnocephalus
640 1659 171 45 mandril,
831 1660 265 36 Desmarest's
1112 1660 297 45 Mammalogie,
1427 1673 33 34 p.
1487 1657 176 41 70.—Le

349 1722 179 46 Mandril,
559 1724 191 36 Frederic
785 1725 161 45 Cuvier,
977 1725 184 36 Jlistoire
1191 1725 218 36 Naturelle
1436 1725 66 37 des
1529 1725 133 36 Mam-

349 1788 163 49 miferes
529 1803 15 31 ;
565 1789 209 47 Audihert,
796 1791 183 36 Histoire
996 1791 220 36 Naturelle
1234 1791 66 36 des
1319 1791 154 47 Singes.

365 1933 119 45 This
503 1931 260 47 formidable
779 1932 183 55 animal,
979 1933 78 45 the
1071 1933 172 45 fiercest
1259 1934 90 45 and
1362 1940 116 39 most
1493 1949 172 45 power-

298 2010 67 46 ful
388 2009 51 47 of
463 2009 59 46 its
553 2025 115 38 race,
700 2009 38 46 is
768 2025 28 30 a
826 2017 156 39 native
1013 2010 50 46 of
1087 2011 79 45 the
1199 2010 180 46 Guinea
1402 2010 150 54 Coast,
1578 2011 89 45 and

298 2088 83 45 has
403 2089 114 44 been
541 2087 105 45 well
668 2088 168 44 known
860 2086 66 47 for
957 2103 27 30 a
1012 2088 105 61 long
1145 2088 151 61 period
1329 2087 48 45 in
1408 2103 81 30 our
1510 2103 157 30 mena-

299 2164 153 61 geries.
521 2165 56 44 In
601 2180 58 28 an
683 2164 128 45 adult
844 2170 132 48 state,
1008 2171 80 39 the
1119 2180 167 30 colours
1311 2163 50 47 of
1384 2164 59 45 its
1466 2163 72 46 fur
1559 2180 108 45 may

301 2241 72 46 vie
408 2241 114 45 with
555 2257 92 45 any
679 2241 49 45 of
759 2247 75 39 the
877 2257 339 44 quadrumance,
1254 2243 90 44 and
1377 2249 79 38 the
1492 2242 177 60 general

302 2317 128 47 effect
454 2318 37 45 is
514 2318 272 61 heightened
810 2324 47 39 at
882 2333 26 30 a
924 2319 119 45 little
1068 2319 199 45 distance
1281 2320 62 60 by
1358 2325 78 39 the
1453 2318 93 45 rich
1565 2319 103 44 blue

304 2395 90 46 and
432 2395 156 61 purple
629 2395 159 45 shades
825 2395 50 46 of
909 2402 79 39 the
1035 2396 192 53 muzzle,
1268 2397 101 60 lips,
1416 2396 89 45 and
1544 2396 125 44 other

304 2473 149 45 naked
475 2487 123 45 parts
622 2472 50 45 of
696 2478 79 39 the
807 2474 114 44 skin.
994 2474 135 60 Upon
1152 2489 27 29 a
1201 2488 154 30 nearer
1378 2472 130 53 view,
1542 2472 127 45 how-

307 2563 117 40 ever,
448 2548 127 46 these
598 2550 202 45 beauties
825 2550 53 46 do
905 2557 78 39 not
1015 2556 283 40 compensate
1331 2549 64 46 for
1427 2548 58 47 its
1519 2549 151 47 other-
