2107 3450
341 131 190 35 DEFECTS
564 131 53 30 OF
649 127 166 36 SPEECH
849 129 46 30 IN
930 129 148 31 IDIOTS
1111 129 93 30 AND
1238 128 246 31 1MHECILKS.

1656 114 82 41 123

89 257 250 48 prominent
372 249 210 47 forehead.
647 246 292 47 Remarkably
963 247 134 42 silent
1129 248 86 41 and
1248 251 258 51 sedentary;
1538 258 203 42 occupies

90 325 164 43 herself
271 323 155 43 chiefly
444 322 44 42 in
512 320 200 56 scraping
734 333 59 28 up
818 318 121 42 wood
965 318 104 43 fibre
1093 318 43 42 of
1159 317 77 47 her
1259 318 120 42 chair
1397 316 106 43 with
1522 316 78 42 her
1618 314 126 44 nails.

91 396 118 42 Does
242 401 75 35 not
349 407 103 42 play
477 391 105 42 with
616 391 125 41 other
774 390 210 42 children,
1007 389 85 41 and
1118 389 127 42 when
1279 401 159 30 among
1461 387 123 42 them
1606 386 37 42 is
1667 391 77 49 apt

91 472 43 36 to
158 466 131 55 pinch
314 465 118 41 them
455 462 206 43 severely.
727 462 45 42 Is
795 475 104 41 very
915 460 173 43 cleanly
1111 475 46 28 as
1180 466 44 37 to
1248 460 294 43 evacuations.
1606 457 138 42 Feeds

91 537 164 42 herself
272 541 46 37 at
340 535 116 42 table
481 534 107 42 with
622 534 133 50 knife,
781 533 108 41 fork,
912 532 86 42 and
1021 546 137 42 spoon
1176 549 8 36 ;
1216 533 81 42 but
1318 535 164 39 cannot
1504 529 121 42 dress
1647 528 97 42 her-

89 610 92 41 self.
245 608 145 41 Nurse
422 620 99 28 says
555 606 97 42 that
683 606 76 41 she
793 604 293 42 understands
1119 609 159 38 almost
1305 602 263 56 everything
1589 603 100 39 that
1710 599 38 43 is

89 680 93 42 said
215 684 44 37 to
303 679 85 41 her.
452 678 148 42 Never
644 682 138 37 utters
826 691 24 27 a
893 676 139 57 single
1071 677 146 42 word;
1253 676 166 43 seldom
1464 674 151 42 makes
1660 686 88 41 any

89 756 185 51 gesture,
307 765 47 27 or
385 750 143 42 shows
561 748 217 43 emotion;
810 748 82 42 but
913 762 58 28 on
997 762 82 30 one
1100 749 212 42 occasion,
1336 747 128 42 when
1488 759 131 28 nurse
1643 744 105 42 hurt

90 822 77 42 her
198 824 148 54 finger,
368 825 171 51 patient
570 819 218 56 suddenly
813 819 176 44 showed
1021 820 240 56 sympathy
1284 819 58 57 by
1364 818 171 43 kissing
1561 817 78 43 her
1661 815 88 43 and

90 906 162 43 crying.
316 891 91 43 The
431 891 104 57 only
558 891 140 43 sound
731 891 77 43 she
833 891 123 57 gives
982 898 103 36 vent
1110 897 42 37 to
1175 891 37 43 is
1235 906 57 28 an
1315 889 245 45 occasional
1583 888 166 43 broken

89 979 86 42 cry.

152 1110 121 42 Case
311 1107 335 53 VI.—(Larbert
678 1108 289 41 Institution.)
1041 1107 293 42 Understands
1364 1105 140 56 speech
1524 1104 104 51 vjell,
1661 1102 91 42 and

91 1196 83 29 can
225 1181 126 41 speak
401 1194 28 27 a
481 1180 118 41 little,
652 1179 73 41 but
766 1179 50 41 in
857 1179 203 55 speaking
1112 1178 99 42 lolls
1262 1191 99 41 very
1412 1175 342 43 markedly.—A

94 1253 98 55 boy,
226 1252 107 56 aged
366 1251 144 55 eight;
542 1250 129 42 small
703 1251 87 41 and
824 1249 348 57 bandy-legged;
1214 1248 113 42 head
1360 1261 107 42 very
1501 1261 170 27 narrow
1704 1247 48 41 in

90 1325 119 41 front
232 1324 84 41 and
342 1323 130 41 broad
496 1322 174 42 behind.
736 1322 45 42 Is
806 1335 106 42 very
931 1322 155 50 active,
1115 1320 192 43 restless,
1322 1319 88 43 and
1432 1318 295 42 mischievous
1744 1334 9 37 ;

90 1398 36 39 is
154 1395 104 41 fond
292 1395 45 41 of
351 1394 204 55 catching
571 1393 174 51 insects,
769 1393 238 55 especially
1030 1396 21 18 "
1067 1391 231 44 dockers."
1363 1391 201 55 Smiling,
1587 1390 165 55 impish

90 1465 253 44 expression
376 1465 49 42 of
453 1469 312 38 countenance.
830 1464 133 42 Talks
986 1478 24 28 a
1041 1464 113 56 good
1177 1463 110 52 deal,
1310 1462 238 56 especially
1573 1468 43 36 to
1640 1461 112 42 him-

88 1537 101 43 self;
211 1538 78 41 but
308 1537 282 42 articulation
608 1551 46 27 so
669 1536 229 55 imperfect
915 1536 99 43 that
1031 1535 194 56 scarcely
1244 1535 219 57 anything
1480 1535 55 41 he
1554 1548 100 42 says
1673 1548 81 28 can

89 1611 53 41 be
166 1609 126 41 made
314 1613 87 37 out.
466 1608 90 42 The
580 1607 224 43 following
826 1608 37 42 is
885 1607 69 43 his
977 1608 342 56 pronunciation
1342 1608 48 41 of
1419 1607 77 42 the
1518 1605 237 51 numerals,

92 1681 126 42 when
250 1681 55 41 he
336 1681 38 41 is
406 1679 127 43 made
567 1685 43 37 to
643 1685 150 49 repeat
827 1680 120 42 them
972 1684 43 38 to
1039 1680 216 42 dictation
1278 1694 82 27 one
1384 1687 110 34 after
1518 1678 74 42 the
1616 1677 136 43 other.

93 1755 26 19 "
138 1753 124 52 One,
293 1753 103 51 foo,
432 1752 164 53 chree,
635 1752 129 53 four,
796 1753 82 52 fia,
914 1752 105 54 hik,
1050 1765 203 43 seggen,
1293 1753 156 54 eight,
1484 1751 133 52 nine,
1649 1752 103 48 ten,

92 1824 206 44 evven."
360 1825 308 43 Understands
701 1830 79 38 not
816 1826 106 55 only
959 1830 211 52 gestures,
1208 1830 94 39 etc.,
1336 1826 82 42 but
1455 1825 92 43 also
1585 1826 169 56 spoken

92 1897 164 53 words;
288 1897 204 56 bringing
515 1897 153 51 chairs,
690 1902 93 47 etc.,
807 1898 129 43 when
958 1898 135 43 asked
1116 1903 44 38 to
1184 1899 54 42 do
1262 1913 57 28 so.

150 2040 123 45 Case
322 2041 102 42 VII.
440 2068 60 5 —
516 2041 195 51 {Larbert
763 2041 290 44 Institution.)
1149 2042 317 43 Well-marked
1513 2043 237 43 Echolalia.

99 2114 295 42 Understands
435 2113 165 56 Spoken
641 2114 241 55 Language.
968 2115 158 55 Speaks
1159 2130 29 27 a
1225 2115 108 56 good
1374 2116 107 51 deal,
1529 2116 73 43 but
1642 2117 111 43 lalls.

87 2185 99 42 Has
207 2200 28 27 a
255 2186 155 55 special
432 2184 247 43 talent.—A
712 2185 95 56 girl,
831 2185 108 56 aged
963 2186 192 43 thirteen
1173 2202 8 38 ;
1213 2187 112 56 good
1356 2188 161 54 figure;
1549 2193 203 49 pleasant

85 2260 107 49 face,
234 2258 167 42 though
443 2258 148 42 rather
623 2258 180 56 dreamy
846 2259 265 55 expression.
1190 2259 256 57 Imbecility
1480 2259 124 43 dates
1637 2259 112 43 from

83 2345 257 28 occurrence
388 2331 47 41 of
485 2329 261 58 Meningitis
799 2335 46 37 at
887 2331 134 42 three.
1105 2331 151 43 When
1309 2332 95 42 first
1458 2331 190 43 brought
1701 2337 45 37 to

84 2400 276 42 Institution,
403 2399 178 43 showed
624 2400 181 42 marked
849 2400 252 53 Echolalia;
1139 2401 229 55 repeating
1406 2401 168 43 several
1619 2401 129 43 times

80 2478 20 15 "
121 2473 186 56 Maggie,
349 2471 213 56 Maggie,"
606 2472 127 42 when
772 2472 78 43 her
891 2487 130 28 name
1064 2487 88 28 was
1198 2473 141 42 called
1384 2478 87 37 out.
1558 2474 46 42 If
1639 2489 108 41 any-

79 2559 82 28 one
209 2544 93 42 said
354 2550 20 15 "
391 2544 189 56 Maggie,
637 2549 58 37 sit
746 2543 166 53 down,"
966 2544 76 43 she
1086 2545 147 42 would
1282 2550 150 38 repeat
1480 2545 75 43 the
1605 2546 142 43 whole

80 2631 206 29 sentence
323 2616 168 43 several
533 2616 129 43 times
700 2631 112 28 over.
898 2617 45 42 Is
986 2631 109 43 very
1138 2617 187 57 cleanly,
1368 2618 88 42 and
1493 2618 39 42 is
1570 2617 98 43 able
1701 2623 45 37 to

79 2688 119 42 dress
242 2687 86 43 and
372 2688 98 43 feed
516 2687 174 44 herself,
735 2689 79 41 but
855 2694 105 50 puts
1003 2689 265 56 everything
1311 2694 44 37 to
1399 2689 78 43 her
1515 2704 105 28 nose
1658 2689 88 43 and

79 2760 150 42 smells
253 2760 34 41 it
320 2760 146 43 before
488 2760 181 56 putting
690 2761 36 42 it
747 2765 45 38 to
815 2760 79 43 her
922 2760 168 43 mouth.
1154 2761 124 43 Used
1310 2765 45 39 to
1388 2762 53 42 be
1475 2761 271 43 destructive

78 2833 47 40 of
154 2832 76 42 her
252 2832 132 43 dress,
406 2832 82 42 but
519 2847 55 27 on
609 2833 130 56 being
767 2833 267 54 beautifully
1057 2833 178 43 dressed
1268 2834 104 42 took
1405 2849 26 27 a
1465 2833 200 56 pleasure
1698 2834 44 40 in

76 2904 78 43 her
175 2919 280 41 appearance,
479 2904 86 43 and
597 2919 108 42 gave
738 2920 60 41 up
832 2905 171 43 tearing
1031 2905 78 42 her
1142 2905 130 43 dress.
1340 2905 308 43 Understands
1684 2906 61 41 all

76 2975 96 42 that
214 2975 36 43 is
294 2975 94 43 said
432 2981 43 37 to
519 2976 105 54 her;
670 2976 208 57 bringing
920 2976 156 52 chairs,
1114 2981 98 39 etc.,
1250 2982 45 38 to
1334 2978 138 42 order.
1550 2978 45 42 Is
1637 2992 108 41 very
