2107 3450
273 298 88 31 THE
395 298 161 31 ACTION
589 297 56 33 OF
677 297 89 31 Till!
798 297 169 32 SPEECH
1001 295 198 35 CENTRES
1232 297 49 31 IN
1313 297 224 32 INSANITY.
1650 285 83 42 195

78 432 132 42 many
228 432 124 42 years
375 432 90 41 ago,
483 423 354 37 sensory-motor.
902 417 45 43 It
964 431 140 29 seems
1127 417 166 43 certain
1315 417 97 42 that
1432 416 158 42 within
1610 416 123 42 them

78 503 70 28 are
181 490 143 42 stored
348 504 58 27 up
429 489 74 42 the
537 490 228 42 memories
791 490 49 42 of
868 494 99 51 past
988 488 224 45 muscular
1234 494 105 37 acts,
1362 487 87 43 and
1482 487 99 43 that
1609 487 125 43 these

77 561 227 42 memories
336 575 71 28 are
440 560 210 56 specially
673 561 206 42 recorded
913 561 46 41 in
983 560 120 42 them
1140 560 60 42 by
1229 559 75 43 the
1338 559 224 42 muscular
1594 573 140 36 sense,

76 632 144 43 whose
253 632 178 43 cortical
463 638 148 37 centre
648 647 140 29 seems
821 637 46 39 to
900 632 54 42 be
990 632 46 42 in
1076 632 75 42 the
1185 645 119 29 same
1336 630 174 57 portion
1544 630 48 42 of
1625 643 107 43 gray

76 709 158 36 matter
257 718 45 28 as
326 704 97 42 that
441 704 66 42 for
529 704 74 43 the
627 708 141 39 motor
795 703 237 44 discharge.
1098 704 53 42 In
1176 703 204 56 building
1402 717 61 28 up
1486 716 25 28 a
1533 715 199 42 memory

74 789 47 27 or
152 775 168 55 picture
352 776 47 41 of
427 790 86 41 any
546 775 136 44 finely
714 775 302 44 co-ordinated
1049 779 267 39 movement,
1338 774 128 43 other
1498 772 233 44 memories

72 860 71 29 are
180 861 57 28 no
270 847 138 42 doubt
439 848 241 42 associated
715 848 107 42 with
859 848 126 43 those
1023 846 244 58 imprinted
1302 846 61 43 by
1395 846 75 42 the
1509 844 223 44 muscular

71 932 135 29 sense.
287 919 259 57 Something
587 920 38 43 is
668 920 294 43 contributed,
999 920 67 42 for
1108 918 215 57 example,
1360 918 60 57 by
1462 918 76 42 the
1577 915 153 44 tactile

70 991 252 56 sensibility
348 991 46 43 of
426 991 74 43 the
533 992 101 42 skin
666 1007 49 28 or
746 1007 183 28 mucous
963 1006 278 40 membrane;
1278 990 252 56 something
1561 989 61 57 by
1653 988 76 42 the

70 1074 125 30 sense
218 1061 45 43 of
284 1062 142 56 sight;
458 1063 86 42 and
568 1064 262 57 something,
852 1078 189 43 perhaps
1069 1063 189 57 (though
1281 1062 89 44 this
1392 1062 38 42 is
1453 1060 195 44 doubted
1670 1060 60 55 by

71 1146 119 30 some
227 1134 346 57 physiologists),
599 1136 111 42 from
741 1151 25 28 a
804 1151 196 28 memory
1033 1136 81 42 left
1149 1135 48 42 in
1234 1134 76 44 the
1347 1147 142 29 motor
1526 1132 107 43 cells
1670 1132 61 56 by

70 1204 76 43 the
170 1210 141 38 motor
334 1206 249 58 discharges
607 1208 274 44 themselves.
949 1209 73 55 (In
1044 1207 206 57 previous
1273 1211 277 37 movements
1579 1204 48 42 of
1652 1203 76 42 the

71 1291 120 28 same
213 1277 109 43 kind
346 1278 74 43 the
443 1284 142 38 motor
607 1280 105 42 cells
735 1280 86 42 had
844 1279 261 57 discharged
1126 1278 300 43 individually
1449 1290 47 29 so
1524 1275 133 43 much
1681 1290 47 27 or

69 1364 48 29 so
140 1350 118 43 little
281 1365 132 29 nerve
436 1352 141 53 force;
614 1352 188 56 perhaps
826 1352 106 42 they
954 1352 144 42 retain
1137 1351 75 42 the
1250 1363 234 30 memories
1522 1347 47 43 of
1604 1346 124 43 these

69 1422 250 42 individual
343 1422 259 56 discharges,
625 1423 87 43 and
735 1438 72 28 are
829 1423 104 43 thus
957 1423 199 51 enabled,
1179 1423 58 55 by
1259 1421 209 55 training,
1496 1424 45 38 to
1576 1424 154 50 repeat

68 1494 122 42 them
214 1494 106 42 with
339 1495 252 42 exactitude
613 1509 159 29 almost
793 1494 370 56 automatically.)
1224 1493 210 43 Without
1457 1491 273 55 attempting

69 1571 45 37 to
137 1566 170 42 discuss
330 1566 73 43 the
426 1567 205 55 question
668 1566 48 42 in
739 1566 149 43 detail,
911 1567 23 41 I
972 1566 134 42 think
1127 1580 67 29 we
1222 1579 104 42 may
1349 1568 154 51 accept
1524 1562 76 43 the
1623 1576 105 29 con-

68 1638 171 42 clusion
276 1652 99 27 now
398 1638 171 42 arrived
607 1643 46 37 at
691 1638 58 56 by
772 1638 74 42 the
870 1642 116 38 most
1008 1642 199 38 eminent
1229 1636 262 43 authorities
1528 1649 58 28 on
1609 1648 117 30 cere-

67 1709 97 43 bral
202 1708 273 57 physiology,
508 1709 99 43 that
643 1709 76 43 the
757 1715 171 37 centres
966 1710 48 42 in
1052 1709 77 43 the
1165 1713 145 38 motor
1347 1714 151 37 cortex
1537 1721 74 29 are
1649 1711 80 38 not

66 1781 156 56 purely
246 1787 152 37 motor,
420 1781 81 43 but
523 1781 99 43 that
644 1781 105 43 they
767 1796 73 28 are
863 1781 93 44 also
989 1796 194 42 sensory,
1205 1782 47 42 in
1280 1795 47 29 so
1349 1780 68 42 far
1439 1794 46 28 as
1508 1779 124 43 there
1655 1793 73 29 are

66 1852 169 43 formed
258 1852 157 42 within
439 1853 133 42 them,
596 1853 112 42 from
747 1853 230 43 memories
1015 1854 48 42 of
1097 1853 177 43 various
1306 1852 147 52 kinds,
1475 1852 167 56 images
1681 1865 48 28 or

66 1932 194 48 pictures
298 1924 44 42 of
379 1924 61 43 all
477 1924 74 44 the
581 1925 237 57 delicately
840 1925 303 44 co-ordinated
1181 1929 277 39 movements
1496 1924 99 43 that
1618 1924 108 55 they

68 2011 72 28 are
171 1997 280 42 accustomed
483 2001 46 38 to
561 1997 201 56 produce.
829 1998 140 43 These
1001 2012 73 29 are
1105 1998 164 42 known
1302 2011 48 29 as
1387 2010 336 43 psycho-motor

66 2067 166 55 images
275 2081 48 27 or
359 2067 206 55 pictures,
608 2068 86 42 and
737 2083 73 28 are
849 2074 44 37 to
931 2069 53 43 be
1027 2068 245 44 associated
1309 2074 112 37 with
1459 2067 75 43 the
1577 2071 144 38 motor

67 2142 185 46 centres,
271 2138 96 55 just
397 2153 47 28 as
478 2138 75 44 the
584 2140 369 57 psycho-sensory
979 2141 166 56 images
1177 2155 49 28 or
1256 2140 195 57 pictures
1483 2153 73 29 are
1588 2143 46 39 to
1667 2139 54 43 bo

66 2209 243 43 associated
334 2210 106 42 with
463 2210 76 43 the
562 2224 178 42 sensory
764 2226 48 28 or
833 2212 219 56 receptive
1075 2226 183 29 centres.

125 2281 147 43 When
308 2295 65 29 we
411 2295 71 29 are
520 2282 134 43 about
695 2287 46 38 to
782 2283 192 56 perform
1016 2298 89 42 any
1142 2283 236 43 delicately
1416 2283 304 43 co-ordinated

66 2353 158 52 action,
246 2367 78 42 say
357 2353 107 43 with
499 2354 74 43 the
606 2353 131 53 hand,
770 2369 65 29 we
867 2355 164 43 always
1064 2356 84 42 call
1186 2370 60 28 up
1284 2356 47 42 in
1370 2355 76 43 the
1481 2355 126 43 mind
1645 2355 76 44 the

64 2424 330 57 psycho-motor
415 2426 170 55 picture
609 2427 44 41 of
685 2426 75 44 the
791 2433 72 37 act
890 2427 148 44 before
1071 2442 64 29 we
1168 2434 183 37 execute
1384 2427 75 44 the
1490 2442 232 43 necessary

63 2502 283 37 movements.
423 2497 181 56 Having
642 2498 139 43 called
820 2513 59 43 up
918 2499 75 43 the
1030 2499 184 57 picture,
1253 2514 65 28 we
1355 2513 71 28 are
1465 2503 46 38 at
1552 2505 170 51 perfect

61 2568 162 55 liberty
247 2569 141 43 either
411 2575 43 37 to
477 2575 182 38 execute
682 2570 75 43 the
779 2580 275 35 movements
1087 2586 48 28 or
1167 2577 45 37 to
1244 2572 164 43 refrain
1441 2572 113 43 from
1586 2572 135 57 doing

63 2655 56 28 so.
182 2641 148 42 When
355 2656 62 28 we
440 2641 55 43 do
518 2647 182 38 execute
726 2642 74 44 the
823 2648 287 38 movements,
1129 2658 65 28 we
1217 2657 102 42 may
1343 2643 53 43 be
1420 2643 94 43 said
1538 2648 44 38 to
1606 2643 113 44 have

61 2713 270 43 exteriorized
351 2713 75 44 the
449 2720 181 51 picture.

121 2784 112 42 Now
256 2784 123 44 there
401 2799 71 29 are
495 2786 249 43 conditions
767 2786 45 43 of
833 2791 142 38 motor
997 2787 321 42 hallucination
1341 2786 47 43 in
1418 2786 146 43 which
1595 2786 134 52 these,

63 2855 329 56 psycho-motor
414 2857 191 56 pictures
628 2872 72 29 are
722 2872 48 29 so
792 2858 124 43 vivid
939 2858 87 43 and
1049 2863 239 39 obtrusive,
1310 2858 100 43 that
1438 2858 76 44 the
1547 2859 174 57 patient

64 2927 38 42 is
125 2927 209 55 tempted,
351 2942 47 28 or
420 2929 255 56 compelled,
693 2935 45 37 to
762 2930 131 43 think
915 2931 98 42 that
1036 2931 105 43 they
1158 2931 114 43 have
1296 2931 110 43 been
1431 2932 288 43 exteriorized

63 3011 49 28 or
153 2999 224 51 executed,
421 3000 127 43 when
591 3001 106 56 they
735 3002 112 43 have
884 3007 80 38 not
998 3002 140 43 really
1175 3002 112 43 been
1330 3015 58 30 so.
1452 3002 267 57 Everybody

61 3068 152 43 knows
237 3070 96 41 that
357 3071 125 42 when
505 3086 25 28 a
562 3072 110 44 limb
704 3073 78 43 has
816 3074 110 42 been
958 3073 273 57 amputated,
1264 3073 75 43 the
1377 3073 174 56 patient
1587 3074 68 42 for
1695 3089 25 27 a

61 3140 107 43 time
190 3141 36 42 is
249 3146 76 50 apt
349 3147 42 37 to
414 3143 218 56 complain
661 3145 46 42 of
736 3145 103 55 pain
868 3145 86 43 and
981 3145 126 43 other
1136 3145 247 43 sensations
1407 3145 109 42 that,
1539 3149 45 38 to
1613 3145 105 52 him,
