2113 3404
883 246 86 31 THE
1003 248 242 32 DISORDERS
1279 251 51 29 OF
1362 251 174 32 SPEECH.

385 230 85 40 364

387 362 287 57 respectively
698 363 187 58 Sensory
909 366 186 43 Cortical
1127 368 84 41 and
1244 368 143 43 Motor
1419 370 185 41 Cortical
1626 371 216 54 Aphasia;
1873 370 79 42 No.
1977 371 25 41 3

388 429 272 45 Conduction
684 434 195 54 Aphasia
901 437 448 55 (Leitungsaphasiu);
1383 439 98 41 Nos.
1505 440 28 40 4
1564 440 84 41 and
1672 441 24 40 5
1720 439 280 54 respectively

389 499 267 46 Subcortical
693 505 84 41 and
819 506 309 43 Transcortical
1172 507 183 57 Sensory
1391 509 218 55 Aphasia;
1649 510 100 41 Nos.
1788 510 24 41 6
1850 509 83 41 and
1977 508 24 44 7

388 572 286 56 respectively
707 574 309 43 Transcortical
1050 577 84 41 and
1173 578 266 42 Subcortical
1476 579 145 41 Motor
1651 580 202 40 Aphasia,
1918 579 86 40 liut

387 655 118 28 some
541 643 44 41 of
618 643 121 43 these
772 646 209 52 proposed
1015 653 131 35 terms
1178 661 70 29 are
1281 649 326 42 unfortunately
1645 649 234 42 somewhat
1914 663 87 26 am-

386 709 182 55 biguous
592 711 45 40 in
663 712 209 54 meaning.
938 713 188 55 Perhaps
1149 714 118 42 there
1291 716 90 41 will
1405 717 49 41 be
1483 716 84 42 less
1589 717 253 54 ambiguity,
1871 716 45 41 if,
1941 717 63 39 Cor

385 793 79 27 our
507 785 175 49 present
727 795 197 41 purpose,
967 797 61 28 we
1073 785 234 41 substitute
1354 786 65 40 for
1464 790 20 17 "
1506 786 223 42 Cortical"
1777 787 73 41 the
1895 794 105 34 term

384 850 278 42 "Pictorial"
706 852 61 54 (to
800 852 159 54 signify
994 854 72 41 the
1098 855 181 41 relation
1316 856 44 41 of
1402 856 72 42 the
1505 857 136 41 lesion
1673 862 44 36 to
1759 857 73 41 the
1867 856 132 41 word-

385 921 189 54 pictures
607 935 46 27 or
686 924 242 53 memories)
951 924 86 41 and
1069 925 220 52 designate
1321 926 73 42 the
1429 927 197 41 varieties
1647 940 45 28 as
1726 927 271 41 follows:—1

385 991 86 41 and
509 991 25 40 2
576 1005 46 28 as
664 993 285 54 respectively
994 994 201 42 Pictorial
1241 996 212 41 Auditory
1495 997 85 40 and
1616 997 199 41 Pictorial
1859 997 142 41 Motor

383 1060 220 55 Aphasia;
634 1062 25 41 3
683 1076 45 27 as
752 1062 338 55 Inter-pictorial
1125 1065 214 54 Aphasia;
1374 1065 29 41 4
1433 1066 83 41 and
1541 1067 23 40 5
1595 1080 45 28 as
1664 1065 333 57 Infra-pictorial

384 1132 85 41 and
508 1132 358 55 Supra-pictorial
911 1134 211 55 Auditory
1165 1136 213 54 Aphasia;
1416 1136 83 41 and
1534 1138 23 40 6
1591 1137 83 40 and
1706 1138 23 42 7
1764 1151 45 27 as
1847 1136 149 56 Supra-

385 1202 200 55 pictorial
608 1204 84 40 and
718 1204 340 55 Infra-pictorial
1082 1205 145 41 Motor
1249 1206 203 42 Aphasia.

445 1273 182 55 Passing
663 1287 102 28 over
800 1274 101 42 Nos.
929 1276 35 50 1,
988 1276 37 50 2,
1047 1276 85 41 and
1169 1276 41 52 3,
1232 1277 139 40 which
1409 1276 108 42 have
1554 1277 172 41 already
1751 1277 105 41 been
1891 1276 108 54 fully

385 1344 263 51 considered,
670 1344 61 42 let
762 1359 50 28 us
848 1345 102 42 look
985 1350 45 37 at
1066 1346 74 42 the
1174 1347 96 41 four
1306 1347 144 41 others
1486 1347 95 41 that
1612 1361 71 28 are
1718 1347 200 41 included
1958 1348 41 39 in

387 1414 280 42 Lichtheim's
690 1428 313 29 classification.

445 1485 81 42 No.
559 1485 38 43 4.
635 1485 350 55 Infra-pictorial
1021 1486 216 54 Auditory
1274 1487 356 54 Aphasia.—The
1667 1487 337 53 distinguishing

386 1556 165 41 feature
583 1556 44 40 of
660 1556 86 41 this
781 1557 166 41 variety
971 1558 36 40 is
1041 1557 72 41 the
1144 1557 218 41 existence
1394 1557 46 41 of
1469 1557 154 55 simple
1659 1556 344 50 word-deafness,

386 1627 187 41 without
593 1628 211 41 Amnesia
826 1628 200 41 Verbalis
1049 1642 46 27 or
1116 1628 123 42 other
1260 1628 236 42 associated
1518 1641 238 41 symptoms
1780 1627 43 41 of
1849 1628 154 53 speech

385 1697 287 43 disturbance.
735 1698 229 55 Speaking,
996 1698 186 55 reading,
1205 1699 84 40 and
1323 1698 170 55 writing
1525 1712 69 28 are
1626 1699 160 50 intact;
1817 1698 90 41 but,
1930 1698 72 41 the

385 1768 202 55 auditory
620 1773 145 37 centre
799 1769 139 55 being,
961 1769 56 41 by
1050 1783 25 27 a
1096 1768 137 42 lesion
1263 1769 46 41 in
1341 1768 73 42 the
1447 1769 180 41 afferent
1657 1773 110 36 tract
1799 1768 133 41 below
1957 1768 47 50 it,

387 1841 74 37 cut
494 1837 62 40 off
586 1837 109 41 from
730 1837 219 55 incoming
983 1838 291 55 impressions,
1297 1839 73 41 the
1401 1839 168 54 patient
1596 1839 34 40 is
1655 1838 243 42 word-deaf,
1920 1839 80 40 and

387 1908 213 42 therefore
645 1912 159 37 cannot
846 1908 265 42 understand
1155 1909 116 41 what
1312 1909 36 41 is
1389 1909 91 41 said
1525 1915 42 35 to
1600 1909 102 50 him,
1745 1908 161 42 though
1954 1908 51 41 he

388 1978 124 42 hears
544 1978 73 41 the
661 1978 138 42 words
831 1993 46 27 as
910 1978 171 42 sounds.
1144 1979 89 41 The
1275 1979 208 42 educated
1526 1983 144 37 centre
1707 1978 41 42 A
1779 1979 36 41 is
1847 1978 157 54 simply

388 2053 75 37 cut
491 2048 63 41 off
580 2048 111 42 from
725 2049 74 41 the
831 2049 222 42 incoming
1085 2049 137 41 words
1265 2049 96 42 that
1402 2049 212 55 normally
1656 2049 124 41 reach
1821 2048 36 41 it
1900 2049 104 40 from

389 2119 106 42 both
519 2133 103 28 ears.

447 2191 54 40 In
526 2190 262 41 illustration
814 2190 45 41 of
880 2190 86 42 this
990 2190 123 41 form,
1136 2188 245 43 Lichtheim
1402 2189 119 55 gives
1543 2189 58 55 (p.
1624 2189 103 41 461)
1753 2189 71 41 the
1847 2202 94 28 case
1963 2189 43 40 of

387 2274 25 27 a
438 2260 245 55 journalist,
706 2260 106 55 aged
836 2261 68 49 55,
930 2260 105 41 who,
1058 2261 43 39 in
1130 2258 124 45 1877,
1278 2259 82 41 had
1385 2273 52 27 an
1461 2259 237 55 apoplectic
1721 2259 157 50 attack,
1903 2265 99 36 with

389 2329 287 42 complicated
696 2330 189 41 troubles
904 2330 44 40 of
979 2330 168 54 speech,
1170 2329 221 55 including
1417 2329 259 54 paraphasia.
1739 2329 124 40 From
1889 2328 117 41 these

389 2400 55 42 he
477 2400 204 55 partially
712 2400 237 42 recovered.
1013 2400 131 41 Then,
1172 2399 42 40 in
1251 2399 124 41 1882,
1407 2399 53 41 he
1493 2399 83 41 had
1607 2413 25 26 a
1663 2399 153 41 second
1849 2399 157 48 attack,

391 2471 104 41 with
528 2471 277 54 aggravation
839 2470 44 41 of
915 2470 67 41 his
1014 2469 152 42 speecli
1191 2469 213 41 troubles;
1438 2469 76 40 but
1545 2468 125 54 again
1701 2468 237 50 recovered,
1960 2482 45 27 so

390 2546 96 36 that
507 2541 251 41 eventually
782 2554 112 28 none
921 2540 43 41 of
996 2540 73 42 the
1101 2543 239 51 symptoms
1371 2538 229 51 remained,
1623 2544 151 36 except
1796 2552 25 27 a
1852 2539 149 53 simple

389 2613 79 40 but
505 2611 107 41 total
652 2610 344 42 word-deafness.
1072 2610 134 40 There
1245 2622 84 28 was
1367 2622 54 28 no
1457 2608 213 54 difficulty
1706 2608 43 40 in
1787 2610 217 51 speaking,

388 2682 189 55 reading,
595 2696 46 27 or
666 2686 180 36 writing.
909 2680 69 41 He
1002 2679 244 50 continued,
1268 2679 166 41 indeed,
1455 2683 43 36 to
1523 2678 118 42 write
1663 2678 168 42 articles
1854 2679 63 40 for
1939 2678 65 41 his

385 2752 187 56 journal,
601 2751 142 42 which
778 2765 109 28 were
919 2765 45 28 as
996 2750 107 55 good
1136 2764 44 27 as
1213 2750 121 41 those
1367 2755 171 36 written
1572 2749 141 42 before
1747 2749 66 41 liis
1845 2749 157 41 illness.

388 2824 180 54 Though
596 2822 243 42 word-deaf,
862 2821 53 41 he
938 2835 85 27 was
1046 2825 76 36 not
1144 2820 97 41 deaf
1275 2826 40 35 to
1339 2820 121 41 other
1481 2819 169 42 sounds.
1714 2820 42 40 It
1780 2831 81 30 was
1885 2824 118 35 note-

391 2895 181 54 worthy,
596 2893 212 41 however,
831 2891 94 42 that
956 2891 55 41 he
1033 2890 84 42 had
1149 2890 84 42 lost
1256 2890 65 41 his
1345 2905 70 26 ear
1438 2891 63 40 for
1523 2891 148 48 music,
1693 2903 45 28 so
1763 2888 85 43 that
1880 2888 47 43 he
1954 2904 50 23 no

388 2964 150 54 longer
569 2960 248 44 recognised
853 2960 213 42 melodies.
1129 2960 89 42 The
1250 2974 94 27 case
1376 2959 75 42 has
1483 2959 172 42 already
1683 2959 104 42 been
1821 2972 183 27 referred

387 3038 55 39 to.
509 3034 42 42 It
574 3047 85 27 was
684 3032 86 42 this
793 3032 168 56 patient
985 3030 93 42 who
1101 3031 245 43 sometimes
1375 3029 131 43 asked
1539 3030 67 42 his
1629 3029 190 43 children
1844 3033 43 36 to
1909 3032 95 53 stop
