2125 3524
832 291 87 33 THE
951 291 241 35 DISORDERS
1224 294 52 30 OF
1307 295 174 32 SPEECH.

348 279 51 38 u

403 407 55 43 In
480 408 74 43 the
577 409 289 56 alphabetical
889 411 129 52 table,
1032 411 103 44 each
1159 412 46 42 of
1223 411 73 43 the
1319 412 171 45 various
1510 428 157 41 groups
1689 417 43 41 of
1753 417 149 43 letters
1923 418 36 42 is

344 479 238 43 associated
597 480 105 43 with
720 495 24 28 a
762 487 202 38 sentence
982 482 144 43 whose
1145 496 137 29 words
1298 483 127 55 begin
1443 484 105 42 with
1571 486 73 41 the
1666 487 147 43 letters
1830 489 46 41 of
1890 489 72 41 the

343 563 147 41 group.
553 550 90 42 The
664 551 127 43 value
813 552 47 42 of
878 552 106 42 such
1006 557 222 37 sentences
1250 552 66 42 for
1336 566 207 41 purposes
1565 555 45 41 of
1629 555 226 56 diagnosis,
1878 557 82 41 and

343 619 68 42 for
432 634 206 41 purposes
661 621 44 41 of
737 621 171 53 tuition,
932 622 36 42 is
1000 622 190 42 obvious.
1251 622 42 41 A
1315 621 304 43 well-selected
1642 625 121 41 stock
1785 625 46 41 of
1858 626 103 41 such

345 694 225 38 sentences
601 690 176 42 enables
809 705 80 28 one
922 696 43 37 to
997 691 203 56 diagnose
1233 691 84 42 and
1349 691 178 55 analyze
1564 706 24 28 a
1619 706 94 29 case
1745 694 43 41 of
1823 694 137 54 faulty

344 760 156 55 speech
534 760 108 42 with
675 774 109 30 ease,
805 762 85 42 and
925 762 185 42 without
1142 762 86 42 loss
1262 761 44 43 of
1342 761 115 43 time.
1533 762 54 42 In
1621 762 73 43 the
1730 764 158 41 tuition
1922 764 46 42 of

345 844 145 41 young
524 836 286 47 stammerers,
843 831 101 44 also,
970 833 74 42 the
1071 846 222 29 sentences
1322 833 134 42 afford
1482 833 129 42 much
1644 834 244 51 assistance,
1916 848 46 29 as

346 900 104 56 they
492 915 71 29 are
605 915 46 29 so
693 903 137 42 easily
871 903 302 42 remembered.
1235 903 83 42 For
1349 903 72 43 the
1454 908 235 39 sentences,
1715 904 23 42 I
1774 905 108 41 have
1919 909 43 37 to

346 971 138 42 thank
506 986 74 42 my
602 971 407 57 house-physicians
1032 973 84 42 and
1137 973 155 54 pupils.

403 1043 60 41 To
497 1056 95 28 sum
626 1057 59 41 up
718 1043 86 42 this
836 1048 96 50 part
964 1044 46 41 of
1038 1044 74 41 the
1147 1044 178 53 subject,
1348 1043 72 43 the
1455 1048 257 38 consonants
1745 1059 98 28 may
1866 1058 97 29 con-

344 1113 226 42 veniently
592 1114 53 41 be
667 1113 176 42 divided
865 1114 93 41 into
980 1114 74 41 the
1077 1113 119 42 three
1219 1113 220 56 following
1461 1114 236 42 classes:—

406 1184 35 41 1.
476 1183 88 42 The
580 1183 179 55 Typical
773 1184 105 42 Five
901 1184 44 42 of
967 1184 104 43 each
1094 1184 331 55 Stop-position;
1453 1184 90 42 viz.,
1567 1199 24 27 a
1612 1185 205 42 voiceless
1835 1185 84 42 and
1942 1199 22 29 a

345 1253 151 43 voiced
529 1253 222 43 explosive
773 1268 47 28 or
851 1258 109 51 stop,
982 1269 25 28 a
1039 1254 119 42 nasal
1190 1258 214 38 resonant,
1427 1254 83 42 and
1543 1267 24 30 a
1598 1255 204 42 voiceless
1835 1255 84 42 and
1942 1269 24 28 a

344 1324 152 43 voiced
518 1324 206 43 fricative.

407 1396 37 41 2.
477 1395 89 42 The
589 1400 123 38 extra
734 1395 217 43 fricatives
975 1400 95 38 that
1092 1395 73 43 the
1197 1394 156 43 second
1382 1395 86 42 and
1499 1395 115 42 third
1639 1396 326 54 stop-positions

345 1479 73 29 are
440 1466 177 42 capable
640 1466 44 42 of
704 1466 263 55 producing;
993 1467 92 41 viz.,
1106 1466 74 42 the
1219 1463 17 43 1
1263 1466 86 41 and
1375 1475 26 31 r
1430 1465 46 42 of
1495 1466 72 42 the
1589 1466 155 42 second
1767 1470 198 51 position,

347 1536 86 42 and
456 1536 72 43 the
551 1536 179 43 burring
754 1547 27 31 r
807 1537 46 42 of
872 1537 72 42 the
967 1536 126 43 third.

407 1608 37 41 3.
477 1607 88 42 The
590 1607 204 43 voiceless
817 1608 85 41 and
924 1607 150 42 voiced
1091 1607 217 42 fricatives
1330 1606 214 55 produced
1564 1610 44 37 at
1624 1606 74 42 the
1715 1611 84 37 two
1818 1606 148 41 dental

346 1677 348 56 positions—the
717 1677 319 43 Labio-Dental
1063 1677 84 42 and
1180 1676 541 57 Linguo-Dental,—these
1748 1676 128 42 being
1899 1676 65 41 six

346 1748 47 42 in
415 1748 78 53 all;
521 1749 92 42 viz.,
635 1749 74 42 the
731 1749 207 42 voiceless
964 1746 26 43 f
1009 1748 85 42 and
1123 1747 151 43 voiced
1303 1760 47 31 v,
1372 1751 45 38 at
1436 1747 73 41 the
1532 1746 326 43 Labio-Dental,
1882 1747 81 40 and

347 1819 74 42 the
459 1819 209 43 voiceless
714 1816 61 45 th
820 1819 87 42 and
947 1830 25 31 s
1013 1819 85 41 and
1129 1817 150 42 voiced
1321 1814 61 44 th
1413 1817 83 41 and
1529 1826 38 41 z,
1600 1821 44 37 at
1675 1816 74 42 the
1781 1817 183 55 Linguo-

347 1890 174 42 Dental.

408 1960 63 54 (It
493 1959 157 43 should
672 1960 52 43 be
746 1960 225 42 remarked
994 1963 95 38 that
1106 1958 46 42 of
1170 1958 119 42 these
1312 1958 65 41 six
1401 1957 73 42 the
1497 1957 95 41 four
1608 1956 84 42 last
1714 1970 69 28 are
1804 1956 162 42 formed

348 2030 47 41 in
410 2033 98 52 part
522 2029 56 56 by
598 2030 74 42 the
686 2030 65 42 tip
767 2030 44 42 of
824 2034 169 51 tongue.
1041 2028 177 42 Adding
1232 2028 120 41 these
1366 2027 95 42 four
1475 2026 45 42 of
1530 2026 75 42 the
1618 2024 349 56 Linguo-Dental

348 2100 189 55 position
561 2104 44 37 to
628 2100 73 42 the
723 2114 130 28 seven
876 2100 46 41 of
940 2100 74 41 the
1031 2098 205 42 Anterior
1258 2095 368 57 Linguo-Palatal,
1641 2109 61 28 we
1724 2095 108 41 have
1854 2094 113 50 thus,

346 2171 47 41 in
426 2170 72 42 all,
519 2170 150 42 eleven
702 2174 259 38 consonants
994 2174 96 38 that
1111 2168 74 42 the
1206 2167 65 55 tip
1294 2168 44 41 of
1368 2167 74 42 the
1464 2171 158 51 tongue
1651 2165 121 42 takes
1803 2169 97 50 part
1920 2164 45 41 in

348 2241 74 41 the
445 2241 231 41 formation
698 2241 52 42 of.
814 2241 112 41 How
950 2240 98 40 well
1080 2239 73 41 the
1185 2238 174 41 dorsum
1391 2237 43 41 of
1465 2237 73 42 the
1570 2241 157 50 tongue
1756 2249 78 28 can
1866 2235 100 54 play

349 2312 74 42 the
445 2316 99 50 part
565 2312 46 40 of
629 2311 74 42 the
725 2311 64 42 tip
812 2310 125 42 when
961 2310 73 42 the
1066 2309 64 42 tip
1151 2309 36 40 is
1218 2307 114 42 fixed
1364 2307 160 42 behind
1546 2306 73 42 the
1640 2306 130 40 lower
1791 2305 115 41 teeth
1931 2306 34 39 is

350 2383 150 41 shown
523 2382 47 41 in
592 2381 74 42 the
688 2382 192 40 footnote
901 2384 44 38 to
968 2393 107 42 page
1101 2378 82 55 13.)

349 2483 84 37 al»le
462 2481 229 37 capabilities
709 2480 40 37 of
771 2480 64 36 the
862 2480 151 35 dorsum
1038 2478 41 36 of
1099 2477 64 37 the
1192 2480 137 43 tongue
1357 2475 88 47 help
1462 2478 37 32 to
1517 2474 147 47 explain
1693 2473 65 37 the
1786 2475 181 45 similarly

350 2541 208 38 wonderful
575 2538 229 38 capabilities
822 2538 40 35 of
883 2537 64 36 the
965 2548 125 25 stump
1116 2535 39 37 of
1179 2534 61 37 the
1261 2538 136 43 tongue
1415 2537 93 32 after
1523 2531 134 49 partial
1675 2532 160 36 excision
1851 2531 40 37 of
1904 2532 63 35 the

349 2614 122 35 organ.

398 2659 171 38 Another
593 2670 90 35 very
700 2658 203 47 important
932 2655 107 49 point
1068 2667 112 23 about
1210 2653 64 35 the
1302 2652 197 36 formation
1530 2652 38 35 of
1590 2653 70 35 sis
1687 2652 88 43 that,
1804 2649 163 39 whether

351 2718 188 52 produced
570 2717 52 36 by
654 2716 66 36 the
752 2716 57 35 tip
843 2727 40 24 or
916 2715 50 35 by
999 2713 64 36 the
1105 2713 150 35 dorsum
1289 2710 40 36 of
1359 2710 64 36 the
1455 2714 151 44 tongue,
1640 2710 31 36 it
1700 2710 30 35 is
1758 2713 65 32 not
1846 2720 121 24 neces-

353 2779 113 38 sarily
495 2776 142 38 formed
666 2780 39 32 at
734 2775 64 36 the
825 2774 94 36 back
950 2774 39 35 of
1015 2772 64 36 the
1108 2783 117 36 upper
1257 2769 114 37 teeth.
1440 2769 37 36 It
1509 2782 67 24 can
1603 2770 44 36 be
1671 2769 141 36 formed
1835 2779 133 25 almost

352 2838 151 50 equally
520 2836 87 37 well
631 2834 140 37 farther
795 2833 104 37 back,
917 2835 38 34 at
979 2831 64 37 the
1068 2843 118 35 upper
1205 2841 88 36 gum
1314 2828 89 46 (2nd
1420 2828 284 48 stop-position),
1723 2839 120 24 where
1858 2826 58 38 sh
1938 2828 30 34 is

354 2897 144 38 formed
517 2909 9 31 j
551 2895 70 35 but
645 2905 109 25 when
771 2891 142 37 formed
932 2891 86 35 here
1035 2890 31 35 it
1082 2890 32 35 is
1131 2889 71 35 less
1219 2899 110 35 sharp
1346 2886 74 37 and
1437 2886 141 49 hissing
1594 2887 91 36 than
1702 2885 108 37 when
1826 2885 138 37 formed

355 2963 39 33 at
417 2957 65 37 the
508 2954 94 38 back
620 2952 40 38 of
681 2952 64 37 the
762 2951 113 37 teeth.
927 2950 37 36 It
982 2961 65 24 can
1066 2948 88 36 thus
1171 2948 46 35 be
1234 2945 237 49 pronounced
1488 2950 124 43 pretty
1629 2944 85 37 well
1739 2956 91 25 even
1848 2945 39 35 in
1904 2945 63 35 the

355 3030 154 26 absence
538 3014 40 37 of
604 3012 111 37 teeth.
780 3011 111 36 Some
923 3009 168 36 children
1121 3007 102 35 learn
1253 3010 37 31 to
1320 3016 212 37 pronounce
1564 3014 24 27 s
1619 3015 129 26 sooner
1780 3003 90 36 than
1896 3004 71 42 sh,

355 3077 123 38 others
496 3073 57 39 sh
571 3084 129 25 sooner
718 3070 91 36 than
827 3078 37 30 s.
