2125 3524
348 244 54 39 64

831 262 88 31 THE
952 263 242 33 DISORDERS
1227 266 52 30 OF
1310 265 174 32 SPEECH.

348 371 74 43 the
455 376 281 54 professional
765 381 249 53 voice-user,
1036 383 181 43 because
1248 384 36 42 it
1316 384 187 42 disables
1535 384 91 41 him
1659 398 117 27 more
1807 398 45 27 or
1882 384 78 44 less

347 443 66 41 for
448 447 282 53 professional
768 452 131 51 work,
935 453 86 42 and
1060 453 194 43 because,
1290 454 36 41 if
1364 454 54 42 he
1460 454 205 42 continue
1706 453 105 43 such
1848 456 111 41 work

350 513 128 45 while
501 518 205 57 suffering
729 521 110 42 from
870 522 48 52 it,
942 523 72 41 the
1046 523 316 42 inflammation
1395 537 98 41 may
1516 523 52 42 be
1591 524 267 54 aggravated,
1880 527 79 40 and

348 584 56 42 its
441 587 199 43 duration
679 591 233 56 prolonged
944 592 283 56 indefinitely.
1291 593 90 41 The
1422 593 170 41 catarrh
1637 607 97 41 may
1773 608 105 27 even
1914 593 45 46 be

348 656 230 58 originally
611 661 170 42 excited
812 662 57 55 by
898 663 335 41 over-straining
1265 664 47 40 of
1339 663 74 41 the
1445 663 185 54 Larynx,
1653 677 45 27 as
1730 663 44 41 in
1807 669 152 36 coster-

349 740 198 42 mongers
581 743 46 27 or
657 730 143 42 others
834 731 95 42 who
960 731 109 43 have
1103 738 43 36 to
1177 732 129 42 shout
1337 746 25 27 a
1392 737 119 51 great
1541 732 106 42 deal.
1711 732 68 42 So,
1801 733 45 40 in
1878 733 84 43 like

351 811 190 37 manner,
571 800 200 42 Nervous
803 815 148 28 causes
983 802 47 41 of
1059 802 297 42 disablement,
1387 802 106 42 such
1524 816 46 28 as
1603 802 72 42 the
1708 802 254 52 Hysterical,

350 868 330 51 Neurasthenic,
702 884 47 27 or
773 871 132 41 Toxic
935 871 245 42 conditions
1202 872 280 42 enumerated
1503 872 47 41 in
1572 872 73 42 the
1671 872 85 42 last
1781 877 181 47 chapter,

349 952 100 41 may
464 939 127 41 affect
605 940 201 54 speakers
821 940 85 41 and
921 940 177 56 singers,
1108 941 93 54 just
1215 956 45 27 as
1276 942 103 55 they
1393 942 128 42 affect
1534 942 156 42 others,
1705 942 84 41 and
1803 956 98 40 may
1915 943 48 41 be

349 1009 209 55 specially
574 1009 239 55 important
833 1010 46 41 in
901 1010 119 42 them
1042 1011 103 54 only
1159 1011 182 42 because
1363 1013 44 40 of
1428 1012 73 42 the
1524 1012 159 55 special
1703 1012 259 42 importance

350 1082 46 37 to
413 1078 119 42 them
551 1079 47 41 of
616 1079 73 42 the
707 1093 129 41 organ
854 1080 190 42 affected.
1107 1080 199 49 Further,
1322 1081 74 42 the
1412 1081 153 41 larynx
1584 1082 46 40 of
1648 1096 24 27 a
1688 1082 276 54 professional

350 1148 242 42 voice-user
623 1163 100 41 may
745 1149 52 42 be
829 1149 194 43 disabled
1055 1150 58 55 by
1144 1164 85 40 any
1252 1164 80 28 one
1364 1151 44 41 of
1438 1150 74 43 the
1544 1165 131 41 many
1697 1152 199 42 varieties
1926 1155 43 40 of

353 1219 186 56 Organic
573 1220 176 42 disease,
786 1220 106 42 such
929 1234 46 29 as
1013 1221 247 42 tubercular
1296 1236 47 27 or
1383 1222 172 54 specific
1591 1222 173 41 disease,
1795 1236 45 27 or
1875 1237 89 27 new

351 1289 199 54 growths.
611 1290 78 42 All
719 1291 97 41 that
848 1291 107 42 need
985 1291 52 43 be
1069 1291 102 43 here
1202 1291 92 43 said
1317 1297 131 36 about
1470 1291 120 42 these
1612 1292 184 42 diseases
1818 1292 35 42 is
1876 1292 90 42 that

352 1375 25 27 a
398 1375 104 41 very
524 1361 134 56 slight
679 1362 172 55 organic
873 1362 176 55 change,
1070 1362 106 42 such
1199 1376 46 28 as
1270 1363 141 41 might
1433 1363 52 41 be
1508 1363 42 40 of
1571 1362 115 42 little
1707 1363 258 41 importance

353 1438 44 35 to
415 1432 122 42 those
555 1432 95 42 who
668 1432 53 41 do
740 1439 76 35 not
832 1447 75 27 use
924 1432 114 42 their
1054 1434 120 40 voice
1190 1433 340 54 professionally,
1549 1433 36 41 is
1603 1440 116 34 often
1737 1433 228 42 disastrous

353 1506 45 37 to
435 1502 74 42 the
541 1502 283 55 professional
860 1502 252 42 voice-user,
1138 1503 85 41 and
1260 1517 117 28 more
1414 1502 233 55 especially
1684 1508 44 36 to
1765 1502 73 41 the
1873 1516 91 41 pro-

353 1573 205 41 fessional
589 1573 153 54 singer.
804 1572 226 56 Although
1049 1572 143 56 slight,
1214 1573 35 41 it
1279 1587 101 27 may
1401 1572 52 42 be
1486 1572 217 42 sufficient
1734 1578 43 36 to
1799 1573 167 54 destroy

353 1642 74 42 the
451 1644 146 54 purity
621 1644 46 40 of
685 1642 67 42 his
774 1642 122 43 vocal
917 1646 135 39 tones.

413 1713 47 42 B.
504 1714 179 40 Fatigue
723 1713 201 41 Neuroses
965 1714 50 40 of
1049 1713 65 41 the
1153 1713 385 54 Larynx.—These
1589 1713 84 41 and
1726 1713 73 41 the
1849 1713 117 42 other

353 1783 217 42 Neuroses
592 1783 43 41 of
666 1783 74 42 the
762 1783 173 41 Larynx
959 1783 90 41 will
1071 1784 51 40 be
1148 1783 134 41 found
1304 1783 232 41 described,
1559 1783 104 41 with
1696 1782 158 42 special
1886 1783 77 41 ful-

354 1867 99 28 ness
475 1853 84 41 and
583 1867 107 36 care,
711 1853 58 55 by
791 1853 233 41 Gottstein,
1045 1853 45 41 in
1112 1853 67 41 his
1202 1853 117 41 work
1342 1866 55 28 on
1414 1853 187 41 Diseases
1622 1853 50 53 of
1686 1853 64 40 the
1768 1851 198 55 Larynx.1

354 1924 95 42 One
482 1924 43 41 of
556 1924 74 41 the
662 1923 122 42 other
816 1923 316 41 contributions
1153 1927 45 37 to
1220 1923 74 41 the
1316 1923 166 41 subject
1511 1923 36 41 is
1579 1937 24 27 a
1637 1936 102 28 very
1770 1922 193 42 interest-

353 1995 75 55 ing
473 2009 134 41 paper
643 1994 58 41 by
736 1994 218 41 Professor
996 1994 46 40 B.
1082 1993 188 42 Frankel
1309 1993 46 41 of
1394 1992 178 41 Berlin.2
1651 1992 66 42 As
1753 1992 213 42 Frankel's

354 2080 132 41 paper
507 2066 216 41 describes
746 2065 74 42 the
843 2065 119 42 three
984 2064 174 42 leading
1179 2065 132 40 forms
1343 2064 45 42 of
1417 2065 181 54 Fatigue
1628 2063 210 42 Neurosis
1860 2069 99 35 with

354 2136 238 42 admirable
629 2136 226 42 clearness,
891 2136 23 41 I
951 2135 111 42 shall
1102 2135 125 55 begin
1270 2148 74 41 my
1381 2138 184 38 account
1600 2134 44 41 of
1679 2134 73 42 the
1789 2133 173 55 Fatigue

353 2208 218 41 Neuroses
595 2207 57 55 by
673 2206 149 55 giving
844 2220 24 27 a
889 2219 221 28 summary
1131 2205 46 41 of
1195 2204 57 42 its
1275 2209 209 37 contents.

411 2277 169 42 Taking
603 2276 179 42 writer's
804 2290 145 28 cramp
981 2276 44 41 of
1056 2276 74 41 the
1157 2274 117 42 hand
1296 2288 45 27 as
1364 2274 73 41 the
1460 2278 110 37 most
1592 2273 161 55 typical
1775 2273 190 54 example

353 2348 47 42 of
428 2362 23 27 a
483 2346 290 42 Professional
804 2346 182 55 Fatigue
1016 2345 219 42 Neurosis,
1268 2343 187 42 Frankel
1486 2344 189 41 reminds
1706 2343 68 42 his
1802 2356 163 28 readers

353 2419 97 40 that
480 2422 97 36 that
608 2416 201 41 affection
841 2429 149 28 occurs
1031 2415 46 41 in
1109 2414 119 42 three
1261 2412 197 42 different
1489 2413 142 50 forms,
1665 2414 91 49 viz.,
1799 2415 64 52 (1)
1895 2413 69 41 the

355 2487 262 57 Spasmodic,
642 2486 61 53 (2)
729 2485 73 42 the
833 2484 266 42 Tremulous,
1121 2483 85 42 and
1228 2483 64 53 (3)
1318 2482 72 42 the
1423 2482 227 55 Paralytic.
1713 2483 252 53 Comparing

355 2559 120 42 these
499 2557 199 41 varieties
721 2556 47 41 of
798 2553 174 43 writer's
995 2568 146 28 cramp
1166 2552 104 42 with
1293 2552 74 42 the
1399 2552 175 55 Fatigue
1596 2553 213 42 Neuroses
1832 2553 43 42 of
1896 2553 68 41 the

355 2630 171 41 Larynx
560 2627 96 41 that
688 2639 68 28 are
788 2628 89 37 met
900 2624 104 41 with
1035 2624 45 40 in
1103 2622 279 56 professional
1409 2622 273 43 voice-users,
1704 2622 53 43 he
1780 2623 109 42 finds
1911 2621 53 43 all

354 2700 121 41 three
497 2710 201 28 varieties
721 2694 284 56 represented.

403 2816 11 22 1
441 2814 71 36 Die
540 2810 244 39 Krankheiten
812 2809 57 36 des
898 2807 220 47 Kehllcopfes,
1147 2806 67 36 3rd
1244 2805 152 46 edition,
1430 2808 101 34 1890.
1585 2804 293 38 Unfortunately
1907 2802 58 36 the

353 2876 136 34 former
507 2873 152 34 edition,
679 2868 203 37 translated
900 2868 79 35 into
1004 2867 157 47 English
1187 2865 50 47 by
1258 2865 51 35 Dr
1335 2865 179 45 M'Bride,
1532 2865 86 36 does
1643 2868 67 32 not
1735 2863 146 36 contain
1907 2860 57 37 the

353 2934 141 36 section
512 2944 46 24 on
578 2931 65 36 the
662 2927 209 49 Laryngeal
890 2927 193 35 Neuroses.

402 2994 14 22 2
443 2992 173 37 Deutsche
638 2987 250 38 Medicinische
921 2984 282 46 Wochenschrift,
1221 2982 86 37 Feb.
1330 2984 101 35 1837.
1478 2982 59 36 He
1562 2994 82 24 uses
1670 2975 296 53 "Mogiphonia"

352 3063 40 25 as
410 3062 21 24 a
448 3048 146 49 general
614 3051 93 33 term
727 3046 56 36 for
800 3046 101 36 these
920 3044 155 36 Fatigue
1093 3042 183 36 Neuroses
1295 3040 39 36 of
1349 3040 62 36 the
1431 3040 160 47 Larynx.
