2113 3404
960 294 87 30 THE
1078 295 241 33 DISORDERS
1352 297 53 31 OF
1436 298 174 31 SPEECH.

461 277 84 41 238

460 406 166 56 simple.
690 410 22 41 I
735 410 109 44 have
867 412 172 57 already
1057 415 203 42 recorded
1282 418 164 40 sevcial
1468 416 174 43 notable
1664 418 217 55 examples
1903 418 46 42 of
1966 419 103 42 such

459 477 240 45 selection."
763 481 184 44 Charcot
968 484 84 41 aud
1075 484 191 43 Bernard
1289 486 126 42 think
1436 486 94 42 that
1554 487 71 42 the
1643 488 197 55 majority
1858 489 46 41 of
1923 488 148 55 people

462 561 70 29 are
554 552 195 41 auditifs.

519 619 185 59 Bearing
725 623 46 41 in
794 624 120 42 mind
936 624 94 42 that
1053 626 72 41 the
1148 626 198 55 auditory
1365 627 86 42 and
1472 632 140 37 motor
1632 629 162 54 images
1811 642 69 28 are
1899 628 172 42 revived

461 690 205 54 together,
688 692 80 42 but
789 693 96 42 that
907 694 73 42 the
1002 696 201 55 auditory
1224 697 160 55 images
1406 711 71 28 are
1498 698 47 41 of
1563 698 159 54 special
1743 699 262 54 importance
2026 699 45 40 in

461 760 182 42 relation
661 766 43 38 to
727 763 231 55 incoming,
975 765 84 41 and
1082 765 73 42 the
1178 771 138 37 motor
1338 771 42 37 to
1403 768 216 55 outgoing,
1637 769 165 53 speech,
1821 769 21 40 I
1866 768 126 42 think
2011 783 60 28 we

462 844 98 41 may
583 846 93 27 sum
704 847 55 40 up
783 833 72 42 the
878 834 202 55 ordinary
1103 835 304 56 relationships
1429 837 43 41 of
1504 837 73 42 the
1607 842 83 37 two
1725 844 85 36 sets
1842 839 45 40 of
1915 839 157 42 images

461 900 43 40 in
531 901 71 41 the
626 902 220 56 following
868 904 288 53 propositions
1172 921 70 25 :—

522 972 35 41 1.
592 972 120 50 That,
738 973 124 41 when
886 988 62 27 we
969 974 102 41 hear
1094 975 137 42 words
1254 975 163 55 spoken
1439 980 45 38 to
1507 991 61 28 us,
1589 991 77 28 our
1695 977 194 56 auditory
1913 978 158 43 images

457 1055 72 29 are
546 1042 196 56 strongly
759 1042 186 52 revived,
963 1043 85 42 and
1070 1057 76 29 our
1168 1050 140 37 motor
1330 1046 159 56 images
1507 1061 69 28 are
1593 1047 175 43 revived
1785 1047 102 56 only
1904 1048 168 51 faintly,

460 1113 36 40 if
516 1117 44 37 at
582 1114 68 41 all.

520 1185 36 40 2.
591 1184 122 52 That,
736 1184 127 42 when
886 1198 62 28 we
970 1185 218 43 ourselves
1211 1186 132 55 speak
1375 1188 136 50 aloud,
1534 1202 77 27 our
1643 1193 139 37 motor
1811 1188 160 55 images
2002 1203 70 28 are

458 1254 284 55 particularly
757 1255 131 50 vivid,
902 1269 77 28 our
992 1256 200 55 auditory
1207 1256 159 56 images
1382 1258 126 42 being
1526 1258 129 42 much
1672 1258 82 43 less
1771 1273 56 28 so.
1892 1259 180 54 [Never-

458 1325 161 43 theless
637 1326 73 42 the
734 1326 198 56 auditory
951 1327 161 54 images
1134 1327 113 55 play,
1265 1342 108 27 even
1396 1328 111 42 here,
1524 1329 44 40 in
1591 1333 112 38 most
1724 1343 186 41 persons,
1927 1343 24 27 a
1969 1343 103 41 very

457 1397 238 55 important
725 1396 86 44 rdle
830 1397 45 41 in
897 1397 179 56 guiding
1098 1397 72 42 the
1201 1398 228 42 formation
1462 1398 44 42 of
1538 1399 72 41 the
1645 1404 136 36 motor
1811 1400 184 54 images;
2026 1413 45 28 as

458 1467 36 42 is
513 1468 149 41 shown
686 1468 55 55 by
761 1468 70 41 the
854 1469 87 40 fact
964 1468 94 41 that
1081 1468 46 40 in
1149 1482 116 28 cases
1284 1469 46 41 of
1350 1469 533 42 word-deafness—which
1903 1470 168 41 implies

460 1537 72 42 the
555 1538 274 41 obliteration
852 1539 46 40 of
926 1537 73 42 the
1022 1537 199 55 auditory
1243 1543 113 36 store
1379 1540 45 39 of
1443 1538 294 55 images—the
1759 1543 138 37 motor
1928 1552 144 28 centre

459 1621 98 41 may
590 1607 107 42 emit
731 1607 73 42 the
837 1621 139 41 wrong
997 1607 137 42 words
1168 1608 125 41 when
1326 1608 72 41 the
1433 1608 165 55 patient
1630 1609 101 41 tries
1767 1613 41 37 to
1841 1608 155 55 speak;
2028 1622 44 28 as

460 1676 89 41 will
572 1677 168 42 further
764 1677 50 42 be
837 1676 151 43 shown
1009 1677 276 42 by-and-by.]

518 1747 37 42 3.
589 1748 121 50 That,
733 1748 128 42 when
884 1762 63 27 we
975 1762 75 27 use
1080 1748 135 41 words
1246 1749 242 53 internally,
1510 1748 46 41 in
1588 1762 168 40 process
1786 1749 46 41 of
1861 1749 213 50 thinking,

459 1818 74 41 the
565 1818 199 41 auditory
789 1818 84 41 and
902 1831 138 28 motor
1071 1818 161 54 images
1267 1831 70 28 are
1369 1817 176 42 revived
1580 1819 193 54 together
1805 1817 105 43 with
1942 1822 131 37 about

458 1889 128 41 equal
627 1888 290 42 distinctness.
982 1888 100 54 [For
1123 1887 270 55 simplicity's
1436 1888 114 42 sake,
1591 1902 63 27 we
1696 1903 99 40 may
1836 1893 106 36 term
1986 1888 86 40 this

458 1956 295 43 combination
805 1956 46 41 of
899 1955 73 42 the
1014 1955 201 55 auditory
1255 1955 86 41 aud
1383 1960 139 37 motor
1562 1955 160 55 images
1764 1955 73 42 the
1878 1955 195 55 Primary

460 2028 195 54 Couple.]

515 2098 38 41 4.
588 2098 112 41 That
724 2097 126 42 when
875 2112 59 26 we
956 2097 101 41 read
1081 2096 171 55 printed
1274 2111 46 27 or
1355 2103 168 35 written
1561 2096 147 42 words,
1731 2110 62 28 we
1824 2096 145 42 revive
2004 2096 70 41 the

459 2169 140 42 visual
631 2169 173 54 images,
827 2168 84 41 and
934 2167 95 42 that
1058 2168 120 41 these
1214 2171 44 37 at
1289 2181 104 28 once
1428 2167 81 42 call
1541 2182 71 39 up,
1635 2167 54 54 by
1712 2166 267 42 association,
2001 2166 71 41 the

457 2239 195 54 Primary
669 2237 164 43 Couple
847 2237 106 42 used
968 2237 45 41 in
1027 2237 188 42 internal
1230 2237 207 54 thought;
1460 2250 45 28 so
1523 2240 106 45 that,
1644 2236 44 41 in
1706 2235 185 55 reading,
1906 2240 44 37 at
1965 2235 108 41 least

456 2311 121 41 three
601 2314 86 37 sets
710 2308 46 42 of
775 2309 160 54 images
957 2322 71 27 are
1050 2307 185 42 revived.
1301 2307 152 54 [There
1475 2306 36 43 is
1534 2321 116 27 some
1673 2319 150 29 reason
1846 2313 42 33 to
1911 2305 163 42 believe

458 2384 96 38 that
576 2379 74 42 the
673 2378 164 43 mental
860 2381 174 51 percept
1056 2378 43 40 of
1119 2391 25 28 a
1168 2377 171 41 written
1363 2377 115 41 word
1502 2377 35 42 is
1560 2380 76 38 not
1658 2380 210 38 complete
1892 2381 182 35 without

456 2450 74 42 the
561 2461 205 44 presence
789 2447 46 41 in
857 2447 35 41 it
911 2446 44 42 of
987 2451 44 36 at
1056 2445 110 43 least
1199 2460 24 27 a
1257 2446 111 40 faint
1400 2458 283 28 oculo-motor
1716 2447 194 39 element.
1972 2443 101 41 This

460 2525 125 50 point
621 2518 102 51 will,
764 2518 211 42 however,
1017 2517 52 41 be
1112 2516 251 42 considered
1403 2515 47 41 in
1491 2515 240 42 connexion
1774 2519 105 37 with
1919 2513 155 42 Word-

461 2588 252 56 blindness.]

521 2661 36 41 5.
590 2660 112 41 That
726 2659 126 41 when
875 2671 63 28 we
961 2672 70 27 are
1055 2657 131 41 about
1207 2660 43 38 to
1275 2656 133 51 write,
1427 2669 62 28 we
1513 2656 91 41 first
1625 2655 143 42 revive
1791 2654 72 42 the
1881 2654 193 54 Primary

462 2729 176 56 Couple,
670 2729 46 41 in
758 2727 196 42 thought.
1018 2727 120 41 Then
1181 2740 62 27 we
1275 2725 145 42 revive
1455 2725 72 42 the
1560 2724 138 42 visual
1740 2724 136 55 image
1918 2724 45 40 of
2001 2722 72 42 the

461 2799 149 42 letters
634 2797 84 43 and
743 2796 136 42 words
903 2810 62 28 we
986 2810 71 28 are
1079 2796 133 42 about
1241 2800 43 38 to
1310 2795 144 52 write;
1484 2795 85 41 and
1590 2794 130 56 lastly
1743 2808 63 28 we
1827 2793 143 43 revive
2003 2793 72 41 the

461 2869 340 57 graphic-motor
833 2867 173 54 images,
1029 2866 83 41 and
1135 2865 223 42 forthwith
1392 2865 249 42 exteriorize
1675 2864 115 42 them
1826 2864 54 54 by
1906 2863 70 41 the
2008 2869 68 35 act

462 2942 48 43 of
537 2940 181 43 writing.
781 2938 88 42 The
891 2943 70 36 act
983 2938 46 41 of
1059 2942 174 37 writing
1255 2936 101 41 thus
1379 2935 170 55 implies
1571 2949 25 27 a
1623 2933 161 44 revival
1819 2933 46 42 of
1891 2932 58 42 all
1981 2931 95 41 four

461 3018 86 38 sets
579 3012 47 42 of
654 3008 296 44 images—the
974 3008 188 55 primary
1186 3006 153 43 couple
1367 3006 94 41 that
1495 3020 61 28 we
1591 3019 74 28 use
1697 3005 44 40 in
1776 3002 184 55 thought
1991 3001 83 41 and

464 3081 167 58 speech,
650 3081 82 42 and
751 3080 73 42 the
843 3092 235 41 secondary
1100 3076 151 44 couple
1270 3077 94 41 that
1382 3090 62 28 we
1463 3089 72 29 use
1558 3075 43 41 in
1628 3083 177 46 writing.
1869 3072 206 55 [Observe
