2107 3450
1773 292 86 41 443

501 285 266 33 PATHOLOGY
800 288 53 30 OF
885 289 88 30 THE
1005 290 153 33 MOTOR
1190 293 369 37 SPEECII-TKACTS.

265 405 124 43 More
413 406 240 56 important
675 406 109 43 than
808 407 74 43 the
905 408 163 43 lesions
1091 412 47 41 of
1158 412 74 44 the
1256 428 132 30 nerve
1412 418 170 50 trunks,
1605 434 71 28 are
1699 420 159 44 lesions

204 476 47 44 of
285 477 73 43 the
396 478 246 57 medullary
665 478 145 43 nuclei
846 480 107 40 from
990 480 143 43 which
1168 484 106 55 they
1307 487 161 56 spring.
1532 489 244 45 Affections
1814 494 47 41 of

204 549 120 43 these
363 549 145 43 nuclei
546 550 191 56 produce
781 550 75 43 the
902 555 106 51 type
1054 554 47 40 of
1141 556 216 53 paralysis
1404 558 159 43 known
1609 575 46 29 as
1694 563 165 43 Bulbar

202 621 232 43 Paralysis.

259 692 136 42 There
419 707 72 28 are
513 706 24 30 a
558 693 79 42 few
657 707 119 28 cases
799 692 44 43 in
870 693 145 42 which
1039 694 89 43 this
1143 699 105 52 type
1272 698 45 41 of
1339 699 214 55 paralysis
1576 701 38 43 is
1637 703 219 58 suddenly

199 780 46 27 or
277 765 172 55 rapidly
480 765 221 55 produced
734 765 58 56 by
826 765 107 42 such
966 780 122 42 gross
1120 767 163 44 lesions
1315 784 47 28 as
1395 772 230 58 apoplexy,
1649 789 47 27 or
1728 781 127 39 acute

199 836 325 57 inflammatory
545 835 235 58 softening,
802 835 46 44 in
885 836 74 43 the
992 838 220 54 medulla;
1245 841 81 42 but
1349 842 108 43 such
1481 857 120 30 cases
1634 860 71 29 are
1738 861 115 28 com-

196 908 245 57 paratively
473 923 107 37 rare,
607 908 87 42 and
728 908 175 56 usually
937 924 134 40 prove
1104 911 174 57 rapidly
1310 913 118 44 fatal.
1492 916 127 44 More
1652 932 202 30 common

195 981 85 42 and
324 981 242 55 important
603 995 71 28 are
712 980 125 43 those
880 980 47 42 in
966 981 144 43 which
1149 983 169 44 disease
1361 986 37 42 is
1441 987 45 41 of
1529 988 74 43 the
1646 989 206 44 degener-

194 1053 117 42 ative
344 1052 86 42 and
453 1052 200 43 sclerotic
677 1057 113 51 type.
859 1051 121 45 Such
1003 1053 169 44 disease
1195 1055 155 58 slowly
1373 1058 202 45 involves
1597 1061 76 43 the
1706 1064 148 42 nuclei

194 1139 117 29 more
353 1125 87 41 and
484 1139 130 37 more,
651 1123 118 44 until
812 1125 123 42 there
977 1125 37 42 is
1052 1126 112 42 total
1202 1128 217 54 paralysis
1458 1131 44 41 of
1544 1131 75 43 the
1662 1134 190 43 muscles

192 1196 204 56 supplied
418 1196 111 42 from
554 1197 131 42 them.
751 1196 104 43 This
879 1196 107 43 slow
1009 1197 310 57 degeneration
1346 1201 45 41 of
1423 1202 75 43 the
1520 1203 158 43 bulbar
1705 1206 147 42 nuclei

191 1270 37 42 is
250 1269 252 43 sometimes
524 1283 25 28 a
571 1268 311 56 complication
907 1269 44 42 of
984 1270 165 42 certain
1174 1271 191 44 diseases
1389 1274 47 41 of
1465 1274 75 44 the
1567 1276 144 56 spinal
1735 1279 118 51 cord,

190 1341 107 43 such
330 1356 47 28 as
416 1341 178 42 chronic
631 1341 274 57 progressive
943 1341 318 57 poliomyelitis
1295 1345 292 56 (progressive
1625 1350 225 43 muscular

189 1413 222 56 atrophy),
434 1428 47 27 or
502 1413 123 43 tabes
649 1413 196 52 dorsalis,
868 1428 46 27 or
947 1413 208 57 multiple
1183 1415 211 44 sclerosis.
1459 1417 262 46 Sometimes
1754 1422 36 41 it
1814 1423 37 42 is

188 1501 24 27 a
249 1487 169 42 disease
448 1501 82 41 per
565 1500 50 37 se,
652 1486 142 56 being,
832 1486 272 56 throughout
1146 1487 58 43 its
1247 1503 167 37 course,
1451 1492 202 42 confined
1693 1496 45 38 to
1777 1493 73 43 the

188 1559 146 43 nuclei
361 1560 47 41 of
437 1559 74 43 the
546 1559 204 42 medulla.
816 1559 44 42 It
882 1559 37 42 is
952 1559 108 43 then
1095 1560 163 43 known
1291 1576 47 28 as
1371 1562 278 56 Progressive
1683 1564 169 43 Bulbar

187 1631 234 56 Paralysis,
449 1646 47 27 or
519 1631 586 57 Glosso-Labio-Laryngeal
1139 1633 235 56 Paralysis.
1438 1634 106 43 This
1577 1635 37 43 is
1637 1635 75 43 the
1736 1642 116 37 most

184 1704 243 55 important
448 1704 48 42 of
516 1703 74 43 the
613 1704 206 43 varieties
842 1704 47 42 of
911 1704 168 42 Bulbar
1101 1705 226 56 Paralysis
1345 1722 8 37 ;
1384 1706 88 42 and
1496 1707 23 41 I
1541 1706 133 42 think
1697 1707 35 42 it
1758 1708 93 42 will

185 1776 150 43 suffice
357 1776 65 43 for
445 1776 76 43 the
543 1791 211 42 purposes
786 1777 47 42 of
853 1777 90 43 this
966 1777 184 43 chapter
1174 1778 36 41 if
1231 1778 22 42 I
1276 1778 131 43 make
1439 1793 25 28 a
1486 1793 107 29 very
1617 1779 83 43 few
1723 1784 127 39 notes

184 1849 134 42 about
340 1849 47 42 it.

242 1921 278 56 Progressive
543 1921 157 43 bulbar
721 1922 215 56 paralysis
960 1922 38 43 is
1030 1922 166 43 always
1219 1923 230 42 bilateral;
1480 1923 88 42 and
1601 1923 75 44 the
1701 1925 146 42 nuclei

184 1995 92 41 first
327 1994 186 43 affected
565 2009 73 28 are
691 1994 178 56 usually
913 1994 125 44 those
1092 1995 67 42 for
1207 1995 75 42 the
1336 1995 283 43 innervation
1673 1996 47 42 of
1771 1996 76 43 the

180 2071 172 52 tongue.
417 2067 174 42 Thence
610 2066 73 43 the
700 2067 166 43 disease
886 2067 181 56 spreads
1087 2071 43 39 to
1150 2067 73 43 the
1244 2067 179 43 nuclear
1440 2067 105 43 cells
1569 2068 65 42 for
1651 2068 74 43 the
1748 2069 98 42 lips,

180 2139 86 43 and
301 2144 43 38 to
368 2139 124 43 those
515 2140 67 42 for
605 2139 74 43 the
713 2140 89 42 soft
823 2140 147 56 palate
1001 2140 88 43 and
1122 2140 76 43 the
1230 2140 216 57 pharynx.
1512 2141 45 41 It
1589 2141 37 42 is
1650 2141 118 56 only,
1798 2155 46 28 as

180 2227 24 27 a
246 2212 107 51 rule,
391 2212 128 44 when
553 2213 59 41 all
656 2213 123 42 these
822 2218 121 51 parts
976 2213 124 43 have,
1138 2213 47 42 in
1230 2227 153 28 course
1422 2212 45 42 of
1509 2213 119 50 time,
1666 2213 178 43 become

180 2284 170 57 totally,
372 2299 47 28 or
450 2284 160 44 almost
639 2285 170 57 totally,
832 2285 247 56 paralyzed,
1104 2285 98 43 that
1234 2285 76 42 the
1333 2284 168 44 disease
1534 2285 239 43 overflows,
1795 2299 47 29 as

178 2358 37 42 it
238 2372 124 29 were,
384 2358 94 42 into
501 2357 76 44 the
599 2358 147 42 nuclei
771 2358 66 42 for
859 2358 76 42 the
958 2358 281 42 innervation
1264 2358 45 42 of
1331 2357 75 43 the
1429 2356 168 44 larynx.

238 2429 22 41 I
301 2429 108 42 need
450 2435 88 36 not,
574 2430 45 41 in
655 2430 148 52 detail,
839 2430 198 43 describe
1075 2430 76 42 the
1188 2429 285 42 well-known
1512 2433 246 52 symptoms
1797 2429 44 42 of

177 2502 272 56 progressive
470 2502 158 42 bulbar
650 2502 228 56 paralysis,
901 2503 81 42 but
1015 2503 23 41 I
1061 2517 101 42 may
1186 2502 173 43 remind
1390 2501 75 43 the
1487 2501 151 43 reader
1661 2501 109 51 that,
1793 2501 46 42 in

178 2573 74 44 the
290 2574 224 43 advanced
552 2579 122 38 stage
712 2575 44 42 of
795 2575 75 43 the
908 2575 180 43 disease,
1125 2575 75 42 the
1239 2574 134 43 lower
1409 2578 101 52 part
1547 2573 45 43 of
1630 2573 75 43 the
1744 2573 94 43 face

177 2646 198 43 becomes
398 2647 342 56 expressionless
763 2662 47 28 as
833 2661 24 29 a
880 2647 139 43 mask,
1037 2647 75 43 the
1135 2647 86 56 lips
1245 2646 131 57 being
1398 2645 188 57 entirely
1604 2645 236 57 paralyzed

175 2718 87 43 and
284 2719 245 57 remaining
552 2719 241 57 helplessly
816 2725 126 37 apart
964 2734 47 28 so
1034 2720 100 42 that
1156 2720 75 42 the
1264 2719 174 56 patient
1460 2724 161 37 cannot
1654 2723 185 51 prevent

176 2790 74 44 the
273 2791 222 57 dribbling
517 2792 46 42 of
592 2792 140 43 saliva
755 2792 111 42 from
889 2792 76 42 the
988 2806 113 42 open
1137 2791 154 42 mouth
1309 2806 9 38 ;
1351 2791 98 42 that
1474 2791 74 42 the
1572 2795 165 52 tongue
1760 2795 79 37 not

174 2861 104 56 only
296 2861 81 43 lies
400 2862 232 55 paralyzed
655 2863 45 41 in
726 2863 74 43 the
824 2863 169 43 mouth,
1011 2864 80 42 but
1108 2862 226 57 generally
1353 2864 200 53 presents
1577 2875 24 27 a
1620 2860 217 43 wrinkled

173 2935 86 42 and
282 2934 229 43 shrunken
539 2950 48 28 or
619 2935 239 43 shrivelled
882 2950 287 42 appearance,
1192 2935 84 42 due
1300 2939 44 37 to
1378 2933 182 43 marked
1586 2932 186 56 wasting
1794 2932 47 41 of

174 3008 57 41 its
256 3006 223 44 muscular
502 3007 247 43 substance,
767 3008 87 42 and
877 3015 121 35 often
1024 3007 45 43 in
1094 3007 58 43 its
1171 3007 187 42 wasting
1376 3006 129 42 fibres
1529 3018 200 43 presents
1754 3005 84 41 fine

175 3079 181 42 fibrillar
389 3084 275 38 movements
689 3079 89 43 like
803 3080 124 42 those
950 3079 46 43 in
1021 3080 75 42 the
1120 3079 187 42 wasting
1334 3077 186 43 muscles
1543 3077 48 42 of
1619 3091 25 27 a
1665 3079 173 53 patient

175 3151 106 43 with
301 3151 271 57 progressive
596 3151 223 43 muscular
842 3151 185 56 atrophy
1047 3167 9 37 ;
1088 3154 97 39 that
1208 3149 74 44 the
1301 3153 145 53 palate
1464 3148 138 57 hangs
1626 3147 213 56 drooping
