2107 3450
328 289 22 27 A
362 287 50 29 I'll
420 286 112 41 ASIA,
566 285 105 31 ETC.,
704 285 46 30 IN
791 284 219 31 KKLATION
1046 283 55 31 TO
1136 283 282 31 FUNCTIONAL
1452 282 260 32 DISORDERS.
1763 268 85 43 383

192 408 106 47 that,
324 408 41 40 in
392 411 114 38 most
528 420 132 28 cases,
683 406 74 42 the
782 408 151 39 centre
956 404 43 42 A
1031 405 38 41 is
1102 403 195 43 relieved
1331 403 112 42 from
1464 416 204 41 pressure
1703 401 146 42 before

190 478 74 43 the
281 486 147 35 centre
449 478 35 44 B
501 495 8 36 ;
541 479 80 41 but
639 492 108 28 even
768 477 38 41 if
821 476 105 43 botli
947 480 172 38 centres
1138 489 112 28 were
1268 473 192 44 relieved
1479 471 368 55 simultaneously

191 551 70 41 the
307 566 143 28 power
491 551 45 41 of
577 548 338 45 interpretation
956 548 143 41 would
1146 547 52 42 be
1243 545 194 44 restored
1475 545 146 42 before
1665 543 99 43 that
1805 543 47 41 of

188 622 272 56 production,
504 623 184 42 because
736 621 74 42 the
858 620 210 43 stimulus
1111 620 114 41 from
1271 618 187 42 without
1502 618 37 41 is
1582 631 26 27 a
1651 630 199 41 stronger

188 694 168 42 reviver
398 696 47 40 of
485 693 305 45 word-images
835 693 105 41 than
986 692 75 42 the
1104 691 209 43 stimulus
1356 691 113 42 from
1510 689 167 42 within.
1757 687 93 42 The

187 766 219 42 difficulty
428 766 47 42 in
501 765 258 56 production
784 765 176 42 usually
985 764 262 43 diminishes
1269 777 47 29 as
1340 763 75 42 the
1438 775 198 29 amnesia
1658 759 190 44 verbalis

187 837 227 58 gradually
448 838 276 56 disappears;
762 837 92 51 but,
891 852 109 28 even
1041 844 113 35 after
1191 836 343 56 disappearance
1573 834 46 42 of
1652 832 198 43 amnesia

188 909 198 43 verbalis,
403 909 121 43 there
543 918 118 34 often
681 910 164 56 lingers
864 909 67 42 for
948 923 25 28 a
990 909 103 43 long
1111 908 107 43 time
1237 922 118 28 some
1375 907 227 42 thickness
1621 906 45 42 of
1688 903 159 58 speech

185 981 240 57 (slurring).
490 982 105 41 This
634 982 37 42 is
709 982 254 43 sometimes
999 981 268 43 observable,
1305 980 88 43 and
1431 994 101 28 may
1573 979 51 42 be
1662 977 46 43 of
1744 977 104 55 long-

184 1052 218 52 duration,
424 1068 110 29 even
560 1053 125 44 when
720 1054 74 42 the
827 1059 95 37 seat
956 1054 47 41 of
1036 1053 140 43 lesion
1212 1054 38 41 is
1285 1052 75 43 the
1398 1051 118 58 right
1555 1050 292 56 hemisphere.

186 1125 45 40 It
254 1139 113 40 may,
388 1125 276 56 apparently,
686 1125 54 43 be
770 1125 85 43 due
880 1130 44 38 to
957 1125 136 56 slight
1127 1125 181 42 damage
1342 1123 141 44 either
1507 1123 45 42 of
1589 1123 77 42 the
1706 1134 143 29 motor

186 1202 146 37 centre
357 1212 46 27 or
425 1199 47 41 of
492 1197 72 42 the
590 1203 141 36 motor
755 1202 111 38 tract
888 1197 177 43 leading
1089 1197 249 43 therefrom.

246 1270 60 42 Of
324 1274 170 52 greater
517 1270 185 42 interest
724 1269 105 43 than
856 1270 122 42 these
1006 1284 201 28 common
1242 1283 119 28 cases
1395 1269 44 42 of
1473 1266 297 44 compression
1805 1265 47 41 of

186 1342 74 41 the
284 1342 351 55 speech-centres
659 1342 110 41 from
792 1342 327 42 extravasation
1143 1341 46 41 of
1220 1340 128 43 blood
1373 1340 45 41 in
1445 1339 73 42 the
1542 1343 238 38 substance
1804 1337 46 42 of

184 1413 74 43 the
283 1414 135 42 brain,
441 1428 72 27 are
538 1414 73 41 the
635 1428 116 27 rarer
773 1428 130 37 cases,
926 1413 178 42 usually
1127 1413 47 41 of
1194 1413 236 41 traumatic
1452 1412 154 56 origin,
1629 1411 46 41 in
1700 1410 145 42 which

183 1485 75 43 the
281 1486 352 41 speech-centres
656 1499 71 28 are
751 1485 277 42 compressed
1055 1485 111 41 from
1204 1484 188 42 without
1425 1484 57 55 by
1505 1498 57 27 an
1596 1496 251 29 extravasa-

182 1558 94 41 tion
299 1572 56 27 on
379 1557 73 42 the
476 1557 171 42 surface
673 1557 47 42 of
752 1557 72 42 the
858 1557 135 41 brain.
1060 1557 53 40 In
1154 1557 123 41 these
1316 1570 132 29 cases,
1471 1570 47 28 as
1554 1555 47 42 in
1639 1555 127 42 those
1803 1555 49 42 of

181 1628 296 43 compression
500 1628 110 42 from
638 1628 169 52 within,
831 1628 75 43 the
929 1628 354 42 speech-centres
1307 1641 73 28 are
1414 1626 200 43 disabled
1648 1640 120 28 more
1802 1640 47 28 or

181 1701 98 42 less,
316 1700 45 42 in
400 1701 255 55 proportion
696 1705 43 37 to
777 1700 75 43 the
891 1705 184 37 amount
1114 1700 44 41 of
1201 1714 227 42 pressure;
1476 1699 87 43 and
1602 1699 131 43 when
1772 1698 75 43 the

182 1787 198 42 pressure
398 1773 36 42 is
451 1773 131 42 taken
601 1773 70 50 off,
691 1773 57 56 by
764 1773 253 42 absorption
1037 1773 44 41 of
1101 1772 73 43 the
1193 1772 342 43 extravasation,
1551 1772 75 43 the
1641 1786 206 41 recovery

179 1846 47 41 of
255 1845 156 42 speech
446 1845 36 41 is
516 1843 175 57 usually
724 1844 229 56 complete.
1019 1844 147 52 Often,
1200 1844 214 42 however,
1438 1844 36 41 it
1506 1843 38 43 is
1577 1842 192 43 difficult
1801 1846 47 39 to

178 1917 128 42 know
351 1917 97 42 how
492 1917 131 41 much
663 1918 47 40 of
745 1917 75 43 the
860 1921 249 52 temporary
1150 1916 296 43 disablement
1483 1917 77 42 has
1604 1917 111 42 been
1760 1916 86 42 due

181 1998 43 34 to
256 1989 296 56 compression
576 1990 57 55 by
657 1990 308 42 extravasated
990 1990 142 42 blood,
1155 1990 87 41 and
1275 1990 99 42 how
1408 1990 130 42 much
1576 1995 43 37 to
1647 1990 75 42 the
1746 2004 100 28 con-

181 2063 173 42 cussion
378 2062 195 42 inflicted
596 2076 56 27 on
676 2062 74 42 the
780 2062 123 42 brain
932 2062 57 42 by
1012 2062 76 42 the
1121 2062 160 56 injury.
1346 2062 120 43 Here
1500 2077 72 27 are
1608 2069 85 35 two
1727 2076 121 29 cases

179 2135 43 41 of
247 2135 85 41 this
356 2135 122 41 kind,
502 2134 106 42 each
631 2134 47 42 of
699 2134 145 42 which
868 2138 200 53 presents
1092 2135 147 55 points
1262 2136 48 41 of
1328 2135 198 43 interest.

239 2278 121 42 Case
393 2277 60 42 II.
492 2277 248 56 (Professor
773 2277 228 43 Gairdner,
1035 2278 117 42 Proc.
1190 2278 51 56 of
1267 2279 66 42 the
1368 2279 194 57 Glasgow
1592 2280 115 42 Phil.
1745 2278 103 53 Soc,

182 2350 216 52 1865-68,
421 2364 39 41 p.
489 2350 113 42 102).
672 2350 85 41 The
779 2364 88 28 case
889 2350 89 42 had
999 2350 93 43 been
1113 2351 141 42 under
1285 2352 67 41 the
1384 2367 93 27 care
1508 2353 52 56 of
1584 2353 68 42 Dr
1684 2353 164 42 Pagan,

178 2423 89 42 who
289 2422 336 43 communicated
647 2422 65 42 the
733 2422 230 56 following
985 2428 94 37 note
1100 2424 52 56 of
1176 2425 35 41 it
1236 2428 38 38 to
1301 2424 219 56 Professor
1554 2425 294 43 Gairdner.

178 2498 20 16 "
214 2493 42 42 A
277 2493 152 57 youth,
452 2493 134 43 about
610 2494 54 42 16
687 2508 125 42 years
836 2495 45 41 of
903 2509 90 43 age,
1019 2509 87 28 was
1138 2495 232 52 admitted,
1396 2496 141 43 under
1568 2512 76 42 my
1668 2512 110 29 care,
1802 2502 45 38 to

180 2565 74 43 the
276 2566 187 56 surgical
489 2566 139 43 wards
652 2566 45 43 of
732 2566 73 43 the
839 2567 250 57 Infirmary,
1113 2567 106 44 with
1258 2568 306 45 well-marked
1598 2575 248 52 symptoms

178 2639 44 41 of
244 2639 256 42 concussion
525 2639 47 42 of
593 2639 73 43 the
690 2640 135 42 brain.
892 2639 154 43 About
1070 2646 86 36 two
1180 2641 132 43 hours
1336 2641 148 44 before
1511 2642 256 44 admission,
1791 2644 54 42 he

179 2710 85 43 had
288 2711 134 43 fallen
447 2726 117 41 upon
590 2711 68 43 his
680 2711 113 43 head
816 2726 56 28 on
891 2712 75 44 the
985 2713 111 43 deck
1114 2714 47 41 of
1176 2729 24 27 a
1218 2714 142 43 vessel
1380 2720 46 37 at
1446 2715 72 43 the
1539 2716 307 53 Broomielaw,

178 2784 110 41 from
331 2798 25 27 a
399 2783 299 44 considerable
737 2784 166 57 height,
942 2785 166 58 having
1142 2786 165 43 missed
1350 2787 70 43 his
1464 2788 170 57 footing
1672 2803 57 29 on
1769 2790 75 42 the

180 2856 181 55 rigging.
427 2856 71 43 He
537 2856 221 44 remained
798 2856 45 44 in
882 2872 25 27 a
944 2863 114 38 state
1096 2859 45 42 of
1179 2859 219 56 complete
1435 2860 305 58 insensibility
1778 2863 67 42 for

179 2927 150 57 nearly
354 2928 261 57 forty-eight
638 2929 131 43 hours
792 2930 112 43 after
926 2930 254 55 admission,
1207 2931 127 44 when
1370 2932 54 43 he
1458 2933 139 43 began
1631 2938 45 38 to
1709 2935 136 56 speak

179 2999 46 42 in
248 3014 25 28 a
293 3000 214 57 language
533 3001 142 43 which
701 3002 128 42 could
864 3007 78 38 not
974 3003 52 43 be
1059 3003 284 57 interpreted,
1369 3005 66 41 till
1472 3005 54 43 he
1560 3020 89 29 was
1684 3007 160 43 visited

179 3073 56 55 by
258 3088 81 27 one
370 3074 43 41 of
447 3074 66 41 his
548 3075 255 54 shipmates,
828 3075 97 43 who
958 3076 94 42 told
1086 3091 52 28 us
1172 3078 35 41 it
1241 3092 87 28 was
1362 3077 172 44 Welsh.
1600 3080 65 54 (It
1698 3094 88 28 was
1820 3095 23 27 a

177 3143 154 45 Welsh
357 3146 152 51 vessel,
533 3146 86 43 and
646 3146 72 44 the
742 3147 173 56 patient
938 3162 88 30 was
1049 3163 26 28 a
1099 3149 149 43 native
1272 3150 44 42 of
1340 3151 183 43 Wales.)
1586 3151 72 43 He
1693 3152 150 43 talked
