1972 3202
407 231 60 42 84

643 240 92 32 THE
759 241 90 32 RED
872 242 58 33 OR
953 241 183 34 ASIATIC
1161 242 387 34 ORANG-OUTANG.

403 367 172 61 ground
602 368 90 45 and
719 369 83 44 but
833 367 88 46 few
943 374 132 48 trees,
1102 369 253 46 discovered
1378 385 56 30 on
1458 385 82 31 one
1564 369 50 46 of
1639 370 126 45 them

403 459 27 30 a
451 443 193 63 gigantic
678 444 171 46 animal
881 444 52 46 of
957 451 78 39 the
1064 446 198 61 monkey
1286 446 127 45 tribe.
1482 446 72 46 On
1584 453 78 38 the
1686 461 81 46 ap-

401 522 163 59 proach
587 521 50 46 of
651 528 78 39 the
752 527 138 56 party
912 522 57 45 he
993 538 124 30 came
1139 528 46 40 to
1208 529 79 38 the
1309 538 185 45 ground,
1520 524 90 44 and
1633 538 133 30 when

401 599 198 59 pursued
639 599 159 45 sought
824 597 151 47 refuge
1009 599 47 45 in
1090 599 189 45 another
1310 605 94 39 tree
1439 606 47 38 at
1521 615 119 30 some
1676 599 91 45 dis-

401 681 146 48 tance,
580 675 266 62 exhibiting,
876 691 48 29 as
952 676 56 45 he
1042 676 177 54 moved,
1251 682 81 38 the
1363 691 272 45 appearance
1667 675 49 45 of
1742 692 26 29 a

400 751 84 45 tall
507 751 223 46 man-like
752 751 139 62 figure
921 753 184 45 covered
1129 752 114 45 with
1273 751 180 62 shining
1475 753 154 44 brown
1652 752 113 54 hair,

402 829 198 60 walking
631 836 117 38 erect
782 829 113 45 with
929 845 28 29 a
991 829 227 62 waddling
1250 829 108 61 gait,
1395 831 82 44 but
1513 829 253 45 sometimes

401 905 291 61 accelerating
714 906 69 44 his
807 912 169 39 motion
1000 905 114 46 with
1143 907 70 44 his
1247 907 159 52 hands,
1433 907 89 43 and
1546 905 221 46 occasion-

402 982 93 60 ally
519 981 230 61 impelling
781 981 188 45 himself
993 981 191 46 forward
1220 983 115 44 with
1368 983 79 44 the
1480 982 149 46 bough
1664 981 50 46 of
1740 997 27 29 a

400 1064 107 39 tree.
577 1058 87 45 His
698 1064 170 39 motion
892 1073 57 30 on
971 1064 78 39 the
1083 1058 172 61 ground
1277 1074 94 30 M'^as
1397 1059 174 60 plainly
1594 1065 78 38 not
1696 1059 69 44 his

400 1134 181 45 natural
614 1150 131 30 mode
779 1133 50 47 of
853 1135 287 60 progi’ession,
1165 1134 65 46 for
1264 1150 111 30 even
1410 1135 134 44 when
1578 1141 189 38 assisted

401 1213 61 59 by
485 1211 70 45 his
582 1212 145 44 hands
761 1227 48 30 or
831 1227 27 29 a
881 1211 129 55 stick,
1045 1211 37 45 it
1107 1227 93 29 was
1224 1211 110 46 slow
1357 1212 90 44 and
1476 1210 289 55 vacillating;

400 1288 37 45 it
469 1304 93 30 was
589 1303 235 46 necessary
847 1294 46 39 to
918 1303 72 30 see
1019 1288 97 45 him
1150 1303 163 47 among
1346 1294 131 49 trees,
1502 1288 47 44 in
1573 1288 125 45 order
1720 1294 46 39 to

400 1365 209 46 estimate
631 1366 71 44 his
720 1365 160 61 agility
904 1365 90 45 and
1017 1366 216 61 strength.
1302 1365 73 46 On
1389 1365 133 62 being
1540 1365 156 45 di’iven
1719 1371 47 39 to

401 1457 26 30 a
461 1442 131 45 small
625 1442 167 60 clump,
816 1442 58 45 he
901 1442 162 61 gained
1086 1443 62 60 by
1183 1457 83 30 one
1293 1458 150 46 spring
1466 1458 27 30 a
1516 1458 109 45 very
1649 1441 117 62 lofty

399 1520 181 53 branch,
600 1520 91 44 and
708 1520 208 44 bounded
939 1518 112 46 from
1075 1535 83 29 one
1181 1520 168 44 branch
1371 1526 46 39 to
1442 1526 187 39 another
1653 1526 113 38 with

398 1603 79 38 the
500 1612 100 30 ease
623 1597 91 44 and
747 1597 191 60 alacrity
962 1595 50 46 of
1043 1603 188 38 another
1263 1598 211 44 monkey.
1545 1597 108 45 Had
1687 1597 78 44 the

399 1680 188 54 country
610 1674 112 44 been
754 1673 184 45 covered
962 1673 112 45 with
1099 1674 141 53 wood,
1266 1673 36 45 it
1329 1674 150 44 would
1512 1674 116 44 have
1652 1675 112 43 been

399 1765 161 30 almost
583 1749 256 46 impossible
862 1755 46 39 to
931 1756 187 54 prevent
1141 1750 70 44 his
1246 1765 169 45 escape,
1449 1765 48 30 as
1530 1750 72 45 his
1632 1750 132 45 mode

399 1826 50 46 of
474 1826 238 61 travelling
744 1825 113 46 from
891 1841 82 30 one
1007 1833 93 38 tree
1124 1832 46 39 to
1195 1827 186 44 another
1403 1826 37 45 is
1465 1827 226 45 described
1718 1833 46 38 to

398 1905 54 43 be
487 1918 48 30 as
568 1902 128 46 rapid
729 1918 48 30 as
810 1909 78 38 the
922 1918 197 45 progress
1143 1902 50 45 of
1218 1918 27 30 a
1268 1903 122 44 swift
1423 1903 141 44 horse.
1636 1903 129 44 Even

398 1980 167 45 amidst
588 1980 78 44 the
689 1977 88 47 few
800 1985 114 39 trees
938 1979 102 45 that
1063 1994 117 30 were
1204 1995 56 30 on
1283 1986 78 38 the
1385 1986 113 54 spot,
1518 1980 70 44 his
1611 1994 154 30 move-

397 2072 149 29 ments
588 2071 116 30 were
744 2071 45 29 so
829 2055 133 60 quick
1001 2062 102 38 that
1140 2055 36 45 it
1216 2072 93 29 was
1349 2071 111 46 very
1495 2055 190 45 difficult
1719 2063 46 38 to

398 2139 153 39 obtain
575 2148 27 29 a
625 2133 163 44 settled
812 2148 106 37 aim,
944 2133 89 43 and
1056 2132 37 44 it
1117 2148 93 29 was
1234 2133 107 60 only
1356 2134 62 59 by
1433 2132 175 60 cutting
1631 2132 133 45 down

398 2224 82 30 one
503 2215 92 38 tree
630 2207 113 46 after
766 2209 200 52 another,
991 2208 102 44 that
1115 2209 70 43 his
1208 2224 222 44 pursuers,
1456 2209 62 59 by
1542 2207 223 62 confining

397 2286 95 44 him
517 2285 163 45 within
720 2300 27 29 a
784 2299 111 44 very
934 2283 176 45 limited
1147 2298 150 45 range,
1335 2298 116 30 were
1492 2284 190 44 enabled
1719 2290 46 39 to

399 2363 179 60 destroy
595 2361 96 45 him
708 2362 62 59 by
787 2360 169 46 several
975 2375 243 30 successive
1242 2360 136 53 shots,
1406 2375 120 30 some
1551 2359 49 46 of
1615 2359 151 46 which

397 2438 262 61 penetrated
681 2439 70 44 his
773 2439 119 59 body
916 2436 89 45 and
1029 2436 222 45 wounded
1279 2436 69 45 his
1372 2435 181 47 viscera.
1581 2438 185 60 Having

397 2514 200 48 received
618 2514 88 46 five
728 2514 128 54 balls,
875 2513 70 45 his
969 2519 222 40 exertions
1214 2514 195 54 relaxed,
1429 2530 104 38 and,
1554 2514 212 61 reclining
