1895 3217
633 336 90 30 THE
750 335 266 32 ARAGUATO.

1427 325 84 46 167

145 461 172 46 electric
348 467 116 41 state
487 460 52 48 of
563 468 77 39 the
668 462 67 45 air
755 461 175 46 foretels
953 460 99 46 rain
1077 473 49 33 or
1149 474 28 31 a
1200 473 150 32 storm.
1409 459 92 45 We

144 537 114 46 have
280 545 95 39 met
406 538 112 46 with
548 544 127 40 them
710 539 92 45 also
830 539 46 45 in
908 546 78 39 the
1019 539 173 45 valleys
1225 538 49 46 of
1306 539 198 48 Aragua,

145 629 117 46 upon
291 614 77 46 the
395 615 161 47 Llanos
586 615 50 47 of
661 616 77 45 the
762 614 157 48 Apure
947 615 91 46 and
1069 615 159 46 Lower
1257 614 247 53 Oronooko,

143 692 90 44 and
255 691 48 46 in
325 698 78 39 the
433 692 205 46 missions
663 691 49 47 of
736 692 78 46 the
838 692 183 47 Caribes
1048 692 49 47 in
1122 698 81 41 the
1232 690 209 64 province
1464 689 52 48 of

145 768 119 45 New
288 770 255 53 Barcelona,
576 770 82 44 but
689 769 47 45 in
769 775 194 55 greatest
994 770 265 45 abundance
1287 783 110 30 near
1425 768 80 45 the

142 860 119 44 pools
301 844 48 46 of
387 851 210 56 stagnant
637 861 154 38 water,
839 845 169 46 shaded
1052 847 63 59 by
1154 846 78 44 the
1268 844 235 46 Mauritia

129 919 249 59 fiexuosa.”

208 998 130 60 They
361 996 98 47 feed
488 1013 55 31 on
573 997 107 46 fruit
710 1013 48 30 as
791 998 103 45 well
923 1013 48 30 as
1002 998 77 45 the
1114 998 149 45 leaves
1294 997 50 46 of
1371 1012 131 46 vege-

141 1075 156 44 tables.
335 1075 96 45 The
447 1074 182 46 females
653 1090 73 30 are
750 1073 121 47 often
896 1090 104 29 seen
1024 1074 204 61 carrying
1249 1081 79 38 the
1351 1089 152 46 young

141 1166 119 45 upon
283 1158 78 38 the
385 1152 235 53 shoulder;
645 1153 82 43 but
745 1167 58 29 no
827 1151 235 45 difference
1085 1151 46 45 in
1155 1158 78 38 the
1256 1151 148 45 colour
1425 1152 79 44 be-

141 1234 149 39 tween
312 1235 78 38 the
413 1244 102 29 ages
539 1243 45 30 or
614 1244 126 29 sexes
775 1244 93 29 was
903 1244 102 29 ever
1036 1228 244 61 perceived.
1351 1228 152 45 Hum-

142 1304 124 45 boldt
282 1305 172 54 thinks,
474 1305 50 45 of
538 1305 61 44 all
616 1320 248 45 gregarious
879 1320 233 45 monkeys,
1132 1320 115 29 none
1271 1320 163 44 appear
1457 1320 45 29 so

142 1396 240 30 numerous
401 1397 47 29 as
465 1382 91 44 this
580 1381 190 45 species:
797 1397 120 29 upon
934 1382 78 44 the
1029 1383 143 44 banks
1188 1381 49 45 of
1251 1382 78 44 the
1345 1381 37 45 A
1392 1397 110 45 pure

141 1456 57 46 he
221 1458 82 44 has
327 1458 191 45 counted
541 1459 138 44 above
702 1457 118 62 forty
843 1473 120 45 upon
986 1473 82 30 one
1091 1464 122 47 tree;
1240 1458 89 44 and
1346 1458 56 44 he
1419 1458 81 45 has

141 1549 57 31 no
224 1534 152 54 doubt,
414 1541 101 38 that
554 1550 120 45 upon
714 1550 27 29 a
777 1550 158 44 square
964 1534 157 46 league
1156 1534 49 45 of
1230 1541 125 38 these
1392 1535 109 45 wild

142 1617 234 47 countries,
401 1612 138 44 above
561 1617 92 39 two
677 1611 226 45 thousand
925 1626 109 46 may
1058 1612 54 44 be
1136 1610 150 45 found.

255 1687 95 44 The
374 1702 97 46 eye,
507 1687 135 53 voice,
679 1687 90 45 and
790 1687 108 61 gait,
925 1687 160 45 denote
1109 1687 296 45 melancholy.
1476 1688 22 44 I

138 1761 117 46 have
279 1778 102 30 seen
405 1778 150 45 young
573 1763 276 60 Araguatoes
871 1764 191 44 brought
1085 1778 61 45 up
1169 1762 47 45 in
1239 1762 79 45 the
1336 1763 164 45 Indian

140 1839 121 53 huts,
295 1840 147 44 which
472 1855 136 29 never
639 1839 108 60 play
779 1839 91 44 like
900 1839 79 45 the
1016 1839 230 59 Sagoins;
1273 1839 88 45 and
1384 1840 118 43 their

140 1915 178 60 gravity
343 1930 93 30 was
461 1916 225 44 described
709 1914 113 45 with
845 1915 135 44 much
1004 1914 244 61 simplicity
1271 1916 62 59 by
1354 1915 145 60 Lopez

143 1992 53 43 de
221 1991 195 45 Gomara
437 1991 48 44 in
507 1991 78 44 the
608 1990 240 61 beginning
870 1989 50 46 of
944 1997 78 38 the
1046 1990 227 45 sixteenth
1297 1997 201 55 century.

176 2067 96 44 The
305 2067 236 44 Araguata
557 2067 53 43 de
639 2066 61 45 los
722 2067 323 44 cumanenses,’
1071 2081 102 30 says
1202 2067 90 44 this
1323 2068 175 52 author,

144 2149 15 20 ^
181 2143 81 45 has
292 2143 78 45 the
400 2141 94 46 face
525 2141 49 47 of
597 2157 26 29 a
655 2157 122 39 man,
810 2143 78 44 the
911 2142 135 45 beard
1070 2140 49 46 of
1145 2157 27 30 a
1204 2158 115 45 goat,
1355 2144 89 44 and
1474 2160 26 28 a

142 2235 132 45 grave
297 2219 270 45 behaviour.’
584 2219 25 15 ”
620 2218 25 24 *

209 2296 97 44 The
330 2295 229 45 Araguato
593 2295 80 44 has
707 2295 249 60 something
990 2300 78 39 the
1103 2309 271 46 appearance
1405 2295 49 45 of
1474 2311 27 29 a

143 2387 151 45 young
316 2373 127 51 bear;
479 2370 36 46 it
539 2370 36 46 is
598 2371 155 60 nearly
777 2371 123 45 three
923 2369 88 48 feet
1037 2370 47 46 in
1106 2371 155 45 length
1284 2371 216 60 indepen-

461 2538 20 19 *
499 2536 172 37 Person.'il
693 2535 205 47 NamHve,
912 2538 50 34 iii.
986 2549 33 35 p.
1041 2534 84 38 172.

1274 2613 34 30 X
