1895 3217
1435 254 63 47 27

691 261 239 31 MONKEYS.

130 389 63 60 by
217 387 193 47 General
435 388 200 46 Goddart
666 387 47 46 in
743 393 137 49 1780,
905 402 120 30 upon
1050 387 58 45 its
1132 402 234 31 surrender
1394 404 106 31 con-

132 466 155 45 tained
310 464 118 63 forty
450 466 226 45 thousand
699 465 295 51 inhabitants,
1020 465 91 44 and
1134 480 47 29 as
1205 480 142 46 many
1369 481 131 30 mon-

131 543 126 60 keys.
328 544 130 60 They
488 559 73 29 are
589 559 113 29 even
733 542 282 63 worshipped
1043 543 62 59 by
1128 541 79 46 the
1240 541 257 57 Brahmins,

132 620 91 45 and
246 635 74 30 are
342 621 145 45 raised
511 628 45 38 to
580 627 78 39 the
675 621 114 44 rank
808 618 50 47 of
871 620 121 61 gods.
1060 619 225 45 Gorgeous
1309 619 192 46 temples

133 712 73 30 are
230 698 189 54 erected,

365 828 25 18 “
410 826 112 37 With
541 828 100 46 pious
661 839 79 23 care
759 839 21 23 a
798 827 162 47 monkey
979 832 37 30 to
1036 825 169 37 enshrine
1224 826 40 35 !”

135 941 205 55 Mofleus,
360 942 47 45 in
430 943 70 45 his
520 943 191 60 History
726 941 50 47 of
794 942 146 53 India,
966 942 218 45 describes
1209 957 82 30 one
1315 939 50 48 of
1378 947 125 55 great

133 1018 418 61 magnificence—it
567 1035 94 31 was
679 1018 178 47 fronted
878 1020 63 60 by
957 1034 27 30 a
1005 1019 165 61 portico
1195 1018 64 46 for
1281 1018 224 62 receiving

133 1095 179 45 victims
347 1096 226 46 sacrificed
605 1104 46 38 to
685 1096 52 55 it,
774 1097 151 45 which
949 1112 94 29 M'^as
1078 1096 242 61 supported
1353 1097 63 60 by
1445 1112 58 30 no

132 1172 86 45 less
242 1179 113 38 than
380 1179 93 45 700
497 1189 233 39 columns;
767 1174 91 44 and
882 1174 293 44 Linschotten
1197 1173 178 54 relates,
1399 1173 104 45 that

135 1249 134 45 when
308 1250 78 44 the
411 1251 274 61 Portuguese
712 1250 249 61 plundered
985 1265 82 30 one
1091 1249 51 46 of
1156 1256 126 38 these
1304 1251 200 60 monkey

133 1326 191 60 palaces,
350 1326 48 46 in
420 1328 79 44 the
522 1327 146 45 island
692 1326 50 47 of
758 1328 187 61 Ceylon,
965 1328 112 60 they
1095 1326 153 54 found,
1268 1327 46 45 in
1339 1342 27 29 a
1382 1326 121 46 little

133 1403 103 61 gold
269 1405 167 53 casket,
461 1410 80 40 the
563 1405 127 45 tooth
715 1403 50 47 of
779 1420 58 30 an
861 1420 112 45 ape;
1017 1420 27 29 a
1075 1404 104 45 relic
1209 1404 107 45 held
1338 1405 63 59 by
1423 1403 79 46 the

133 1480 177 46 natives
340 1481 47 45 in
427 1482 110 44 such
573 1488 276 47 veneration,
891 1482 103 45 that
1025 1488 113 55 they
1170 1481 164 45 offered
1368 1496 136 30 seven

134 1558 206 45 hundi’ed
362 1558 227 46 thousand
612 1559 158 45 ducats
793 1565 46 39 to
862 1559 178 45 redeem
1064 1558 164 45 it.—It
1248 1573 108 39 was,
1375 1557 129 46 how-

135 1649 116 38 ever,
285 1636 137 44 burnt
452 1636 62 61 by
547 1636 79 45 the
659 1636 211 61 Viceroy,
906 1642 46 39 to
987 1642 98 54 stop
1118 1642 78 38 the
1229 1650 198 45 progress
1462 1632 51 48 of

135 1710 209 62 idolatry.
426 1711 182 62 Among
640 1719 79 39 the
753 1713 180 44 ancient
966 1713 268 60 Egyptians,
1266 1718 113 54 they
1411 1711 92 46 also

136 1803 120 29 seem
279 1795 46 38 to
348 1788 116 46 have
491 1790 112 44 been
636 1790 107 45 held
766 1790 46 44 in
835 1805 122 30 more
991 1797 114 37 than
1136 1789 211 48 ordinary
1375 1804 130 29 reve-

135 1879 144 40 rence,
305 1881 47 30 or
375 1872 47 39 at
445 1866 115 45 least
583 1873 46 39 to
658 1867 116 45 have
804 1868 136 44 borne
971 1882 27 29 a
1027 1866 115 45 rank
1176 1865 133 60 equal
1331 1871 46 39 to
1400 1865 104 44 that

137 1939 50 45 of
208 1948 78 37 the
311 1942 152 44 sacred
485 1942 98 45 ibis.
652 1944 132 59 They
808 1959 117 29 were
948 1944 90 44 like
1062 1950 127 37 them
1220 1943 285 45 represented

137 2016 49 45 in
209 2023 79 38 the
313 2018 263 60 sculptures,
601 2019 90 44 and
724 2019 119 45 their
872 2019 152 45 bodies
1057 2034 116 30 were
1196 2019 237 60 preserved
1456 2034 48 30 as

138 2094 257 45 mummies.

201 2171 90 46 We
315 2178 176 48 cannot,
515 2171 224 56 however,
764 2189 113 29 class
903 2173 143 45 under
1075 2173 109 45 such
1212 2171 290 55 infatuation,

137 2249 79 44 the
239 2248 101 46 idea
362 2249 164 55 which,
558 2265 113 30 even
695 2250 46 45 in
766 2250 353 63 comparatively
1142 2250 186 45 modern
1351 2249 150 53 times,

137 2326 228 60 prevailed
399 2342 164 46 among
589 2343 106 29 men
727 2328 101 46 who
862 2328 229 61 possessed
1123 2334 125 55 great
1281 2326 220 53 learning,

138 2404 90 44 and
266 2403 150 46 minds
450 2410 48 39 at
533 2420 106 30 once
673 2406 362 60 comprehensive
1069 2405 91 45 and
1182 2404 318 61 penetrating;

189 2487 101 38 that
308 2496 106 30 men
432 2482 90 44 and
536 2483 220 60 monkeys
774 2483 216 45 belonged
1008 2488 46 40 to
1078 2488 79 39 the
1176 2497 123 30 same
1319 2495 181 37 species,

138 2557 90 45 and
252 2574 116 30 were
396 2574 57 31 no
471 2559 236 45 otherwise
735 2559 328 46 distinguished
1091 2557 113 47 from
1228 2558 108 46 each
1360 2557 142 53 other,
