2113 3404
850 203 87 30 THE
969 204 241 33 DISORDERS
1243 208 52 29 OF
1327 209 174 31 SPEECH.

349 187 85 40 328

352 330 71 42 my
446 331 95 29 own
565 319 256 56 impression
844 321 36 43 is
903 322 95 43 that
1020 323 73 43 the
1115 339 125 28 cause
1263 326 45 41 of
1337 327 73 42 the
1443 328 209 55 paralysis
1684 329 84 42 and
1790 330 176 42 aphasia

351 401 85 29 was
460 390 206 54 probably
690 392 224 42 embolism
950 395 42 40 in
1016 410 24 25 a
1074 396 157 41 branch
1261 398 44 40 of
1337 397 72 45 fcbe
1441 398 179 55 Sylvian
1652 406 150 49 artery.
1867 400 41 42 It
1930 401 35 41 is

350 473 81 28 one
469 460 43 41 of
554 461 122 43 those
717 464 272 54 exceptional
1023 479 115 29 cases
1172 467 43 41 of
1250 473 138 37 motor
1424 469 176 41 aphasia
1636 469 44 41 in
1716 470 139 42 which
1892 470 73 42 the

350 531 167 54 patient
540 533 159 42 retains
734 533 72 42 the
840 548 141 41 power
1012 536 44 40 of
1086 537 250 55 expressing
1373 538 65 42 his
1471 539 204 55 thoughts
1706 539 45 41 in
1786 546 179 43 writing,

354 601 119 43 there
498 602 126 56 being
646 603 114 42 little
783 618 46 27 or
852 619 109 27 none
980 605 44 43 of
1041 605 94 42 that
1155 609 191 40 amnesia
1370 609 182 41 verbalis
1576 609 138 42 which
1738 610 35 41 is
1798 610 167 54 usually

352 673 236 42 associated
615 673 103 41 with
741 679 137 37 motor
910 675 186 54 aphasia.
1159 677 88 41 The
1272 678 165 53 patient
1468 679 124 41 could
1625 679 82 42 call
1741 694 56 26 up
1832 679 134 41 words

352 742 44 41 in
420 742 67 42 his
511 743 120 41 mind
653 744 120 54 quite
791 744 147 54 easily,
961 745 102 54 only
1087 745 52 42 he
1162 746 124 42 could
1319 753 74 36 not
1414 749 226 41 articulate
1663 750 127 40 them.
1857 750 108 40 How

354 827 85 27 was
462 812 35 42 it
519 813 95 40 that
631 813 73 41 the
722 827 142 40 power
881 814 42 40 of
942 814 158 55 calling
1119 829 56 40 up
1196 815 135 42 words
1351 817 43 40 in
1414 817 71 41 the
1505 818 117 41 mind
1644 830 84 30 was
1746 818 190 42 retained
1952 820 14 40 ?

351 883 83 42 We
457 883 109 41 have
588 883 172 54 already
780 897 101 28 seen
899 883 95 42 that
1016 884 72 42 the
1105 886 214 40 retention
1337 886 46 41 of
1398 887 85 41 this
1500 901 143 40 power
1661 901 98 41 may
1777 888 189 55 possibly

352 953 53 43 be
427 953 232 55 explained
681 968 54 27 on
759 969 84 39 any
867 969 79 27 one
977 954 43 42 of
1054 955 117 42 three
1194 956 420 56 hypotheses:—(1.)
1646 958 88 42 The
1756 959 134 41 lesion
1921 959 47 41 in

353 1023 169 42 Broca's
553 1037 98 29 area
684 1038 96 41 may
806 1024 109 42 have
947 1024 106 43 been
1077 1039 25 27 a
1133 1026 276 42 sub-cortical
1440 1041 92 36 one,
1565 1027 169 56 leaving
1764 1029 74 41 the
1868 1042 98 42 grey

353 1100 158 36 matter
532 1095 46 40 of
598 1094 73 42 the
693 1099 147 38 cortex
863 1095 254 42 unaffected,
1141 1096 84 41 and
1257 1097 168 55 cutting
1447 1111 139 28 across
1609 1097 100 56 only
1735 1098 71 42 the
1832 1103 137 37 motor

353 1170 112 37 tract
488 1166 64 41 for
573 1165 164 55 spoken
761 1165 166 55 speech.
992 1165 73 55 (2.)
1100 1166 88 42 The
1221 1180 117 28 areas
1361 1167 21 40 b
1404 1167 85 41 and
1511 1182 19 26 c
1550 1168 28 41 d
1601 1182 97 28 may
1721 1168 109 42 have
1861 1169 106 41 been

354 1236 243 55 destroyed,
636 1235 147 43 whilst
819 1236 74 42 the
925 1250 98 28 area
1064 1251 39 35 a,
1134 1237 45 40 in
1214 1236 73 42 the
1319 1237 89 41 foot
1448 1237 44 42 of
1533 1237 73 42 the
1648 1238 117 42 third
1801 1238 168 50 frontal,

357 1321 84 28 was
470 1307 81 41 left
578 1306 148 42 intact.
790 1306 75 54 (3.)
899 1306 89 42 The
1025 1305 134 43 whole
1193 1306 46 42 of
1269 1306 169 42 Broca's
1470 1321 97 27 area
1600 1321 96 41 may
1724 1308 107 42 have
1862 1308 107 42 been

354 1377 240 55 destroyed,
630 1377 80 41 but
748 1376 73 42 the
864 1376 179 55 patient,
1079 1376 37 41 if
1143 1376 195 56 strongly
1375 1377 176 55 auditif,
1584 1391 97 41 may
1718 1377 108 42 have
1861 1378 107 42 been

355 1449 96 42 able
474 1454 42 36 to
539 1447 129 42 recall
703 1447 72 42 the
803 1447 138 41 words
973 1447 58 55 by
1053 1447 197 55 reviving
1279 1447 114 41 their
1425 1447 118 41 vivid
1577 1447 198 55 auditory
1799 1447 168 56 images.

356 1521 21 41 I
401 1520 120 41 leave
560 1519 72 41 the
664 1519 149 41 reader
849 1522 44 37 to
926 1518 99 41 take
1058 1518 65 41 his
1161 1518 145 41 choice
1329 1518 45 41 of
1408 1532 83 27 any
1515 1532 80 27 one
1626 1518 46 41 of
1700 1518 119 42 these
1851 1519 117 41 three

357 1590 271 56 hypotheses.
691 1590 83 40 For
798 1604 71 40 my
893 1603 95 27 own
1014 1592 105 50 part,
1138 1589 20 40 I
1182 1602 69 27 am
1273 1588 190 42 inclined
1486 1593 42 36 to
1549 1589 142 54 prefer
1713 1589 72 41 the
1803 1588 164 44 second.

357 1662 42 41 If
422 1661 74 42 the
519 1661 133 41 lesion
684 1674 80 27 was
783 1661 43 40 of
848 1659 181 42 embolic
1047 1659 151 55 origin,
1214 1660 36 40 it
1269 1673 82 27 was
1375 1659 155 41 almost
1552 1659 207 54 certainly
1779 1660 191 50 cortical;

357 1732 85 41 and
464 1732 37 40 if
520 1731 186 42 cortical,
728 1731 36 41 it
795 1730 223 42 evidently
1041 1729 212 42 extended
1275 1729 92 41 into
1395 1728 72 42 the
1499 1732 136 38 motor
1658 1729 164 55 regions
1844 1730 21 40 b
1887 1730 81 39 and

356 1817 18 27 c
397 1803 38 40 d,
457 1801 74 42 the
564 1815 168 27 centres
765 1801 45 40 of
841 1800 71 41 the
950 1798 272 44 articulative
1260 1812 164 41 organs,
1457 1798 177 41 because
1668 1798 72 42 the
1772 1798 89 42 face
1885 1813 84 26 was

356 1873 180 54 slightly
572 1871 152 56 pulled
761 1876 43 36 to
842 1884 80 27 one
965 1870 102 41 side,
1110 1869 83 41 and
1237 1869 72 41 the
1351 1874 168 49 tongue,
1563 1868 122 41 when
1728 1869 242 54 protruded,

356 1942 199 43 deviated
579 1940 180 56 slightly
783 1939 184 42 towards
990 1939 72 41 the
1085 1938 90 42 side
1202 1937 234 56 paralysed.
1499 1937 54 41 In
1575 1937 73 42 the
1670 1943 171 49 present
1862 1944 110 35 state

357 2015 47 41 of
422 2028 77 28 our
520 2012 255 42 knowledge
797 2011 46 41 of
873 2010 71 41 the
967 2009 219 42 functions
1219 2009 43 41 of
1295 2008 72 42 the
1389 2007 169 42 various
1590 2012 116 50 parts
1737 2008 46 41 of
1802 2006 170 43 Broca's

357 2099 109 27 area,
488 2097 64 29 we
574 2097 79 28 can
687 2083 106 40 form
818 2095 54 27 no
897 2094 100 28 very
1021 2079 180 42 distinct
1222 2078 202 55 opinion;
1454 2079 80 40 but
1557 2078 20 40 I
1609 2092 68 27 am
1709 2077 188 42 inclined
1930 2082 42 37 to

357 2155 130 42 think
520 2154 95 41 that
655 2153 74 41 the
763 2157 140 36 motor
933 2151 160 41 images
1125 2164 47 27 or
1203 2153 199 51 pictures,
1433 2148 274 56 presumably
1749 2148 140 42 stored
1931 2153 44 36 at

358 2242 38 26 a,
418 2227 47 41 in
488 2225 72 42 the
583 2225 91 41 foot
695 2224 46 41 of
771 2223 73 41 the
877 2221 116 42 third
1025 2220 169 42 frontal,
1231 2233 107 29 were
1369 2220 148 49 intact,
1551 2219 78 41 but
1659 2218 126 42 could
1816 2223 76 37 not
1922 2218 52 42 be

359 2295 278 45 exteriorised
679 2309 46 26 or
766 2292 209 43 executed
1017 2306 55 26 on
1106 2294 182 38 account
1324 2290 42 40 of
1405 2289 71 41 the
1518 2288 263 42 destruction
1819 2289 45 41 of
1903 2288 71 42 the

360 2366 227 44 executive
619 2364 104 43 cells
756 2369 44 38 at
831 2363 21 41 b
889 2362 85 42 and
1005 2376 18 26 c
1055 2361 37 41 d.
1154 2359 90 43 The
1278 2358 294 43 re-education
1610 2358 45 41 of
1696 2358 70 41 the
1808 2362 167 50 patient

360 2452 185 42 perhaps
567 2435 184 43 enabled
781 2434 91 41 him
895 2438 44 36 to
971 2444 177 30 execute
1172 2430 117 42 them
1323 2430 54 53 by
1401 2441 147 29 means
1580 2427 46 41 of
1649 2428 71 41 the
1752 2427 223 42 executive

361 2523 97 29 area
480 2509 45 41 in
549 2507 74 42 the
645 2508 302 40 convolutions
970 2503 43 41 of
1035 2502 72 42 the
1133 2504 194 51 opposite
1350 2500 100 41 side.

421 2581 44 42 It
490 2577 154 45 should
682 2577 52 41 be
767 2574 129 42 noted
935 2577 106 38 that,
1063 2572 45 41 in
1141 2572 85 41 this
1263 2584 106 37 case,
1390 2570 73 41 the
1495 2582 180 28 absence
1707 2568 46 41 of
1786 2569 189 41 amnesia

361 2650 187 43 verbalis
593 2660 120 29 made
748 2645 73 41 the
858 2657 228 28 education
1124 2642 45 40 of
1202 2641 73 41 the
1313 2643 167 52 patient
1516 2638 315 55 exceptionally
1863 2651 110 40 easy.

359 2722 138 42 There
534 2719 49 51 is,
604 2715 168 50 indeed,
794 2728 126 28 every
945 2726 146 28 reason
1125 2716 43 36 to
1206 2710 163 42 believe
1408 2709 94 41 that
1539 2708 72 42 the
1644 2707 199 56 patient's
1879 2721 93 28 own

359 2793 145 43 efforts
526 2794 45 39 at
602 2785 276 46 articulation
902 2783 142 42 would
1077 2781 229 55 naturally,
1329 2780 45 41 in
1398 2778 72 43 the
1502 2792 146 29 course
1679 2778 44 42 of
1743 2792 25 28 a
1798 2792 100 41 year
1929 2792 47 27 or

359 2869 98 37 two,
478 2862 111 41 have
611 2857 69 43 led
713 2860 43 38 to
779 2853 253 43 restoration
1066 2853 45 41 of
1129 2851 165 43 speech.
1359 2850 85 41 But
1467 2863 54 27 no
1553 2863 79 28 one
1666 2848 93 42 who
1783 2848 190 42 watched

360 2934 73 42 the
467 2945 95 29 case
594 2929 109 42 from
741 2926 83 41 day
847 2929 43 37 to
928 2923 84 42 day
1048 2922 127 43 could
1212 2921 135 42 doubt
1384 2921 63 40 for
1483 2935 23 25 a
1544 2925 192 35 moment
1773 2918 94 41 that
1902 2920 72 39 the

357 3015 194 48 progress
583 2999 45 42 of
649 2998 73 42 the
754 2996 170 58 patient
956 3007 86 29 was
1073 2991 165 60 greatly
1261 2990 260 43 accelerated
1555 2990 53 56 by
1633 2989 66 41 his
1734 3002 71 29 use
1828 2988 43 43 of
1903 2988 72 44 the
