1817 3171
695 287 90 31 THE
810 288 189 32 HORNED
1023 288 217 32 SAPAJOU.

292 272 90 48 176

292 414 205 46 Systerr).a
518 412 196 46 Natures
731 413 50 46 of
791 413 227 55 Linnseus^
1037 413 111 46 from
1167 414 243 62 specimens
1429 415 224 48 described

290 491 63 60 by
379 489 192 46 Brisson.

357 567 98 45 The
493 566 178 62 general
715 582 148 30 colour
901 566 51 47 of
980 567 126 46 those
1145 567 169 62 figured
1346 570 63 60 by
1449 570 202 45 Frederic

293 643 180 54 Cuvier,
498 643 37 45 is
558 659 28 29 a
607 659 110 44 very
741 643 109 61 deep
873 644 394 54 brownish-black,
1294 645 135 46 while
1452 652 77 38 the
1553 662 99 45 spe-

292 720 168 45 cimens
499 720 149 45 which
685 719 164 46 Buffon
893 720 91 45 and
1023 720 223 46 Audibert
1290 737 241 45 represent,
1579 738 73 29 are

292 803 152 38 rather
461 795 49 46 of
517 811 27 30 a
559 796 373 45 reddish-brown.
984 797 90 45 We
1091 796 115 46 have
1225 797 151 61 copied
1398 798 77 44 the
1493 798 159 45 figures

294 872 113 46 from
453 873 180 53 Cuvier,
684 873 132 60 being
869 873 139 44 taken
1052 871 112 46 from
1207 873 142 61 living
1392 874 259 45 specimens,

295 950 90 45 and
428 957 113 53 they
590 964 109 45 may
733 949 54 45 be
826 948 256 45 considered
1121 964 48 30 as
1213 956 79 38 the
1335 957 117 38 most
1493 957 163 38 correct

295 1027 143 60 plates
458 1025 49 47 of
521 1032 79 39 the
623 1025 128 45 adult
775 1031 116 39 state
915 1023 50 47 of
979 1025 91 44 this
1095 1025 184 45 animal.
1349 1027 97 44 The
1466 1027 196 45 Horned

301 1103 206 60 Sapajou
540 1102 38 46 is
612 1116 82 32 one
729 1101 50 46 of
803 1102 79 44 the
915 1102 164 45 largest
1102 1102 47 44 in
1172 1103 78 45 the
1274 1101 189 63 family;
1500 1104 60 44 all
1582 1104 78 44 the

296 1196 141 45 upper
458 1185 124 55 parts
605 1194 74 30 are
702 1193 111 46 very
837 1178 110 61 deep
969 1179 203 60 purplish
1196 1194 46 30 or
1264 1180 394 53 brownish-black,

297 1257 157 61 nearly
489 1257 130 44 black
654 1271 57 30 on
749 1256 79 44 the
866 1256 118 44 head
1023 1256 89 44 and
1151 1272 119 45 upon
1304 1263 79 39 the
1417 1272 243 38 shoulders,

299 1334 89 45 and
418 1333 78 45 the
534 1333 111 45 dark
680 1332 158 61 purple
878 1331 50 46 of
954 1339 78 38 the
1060 1333 116 54 skin,
1206 1333 148 45 which
1393 1349 183 45 appears
1607 1349 56 30 on

298 1417 80 39 the
399 1409 151 46 naked
581 1424 139 46 parts,
754 1409 122 61 gives
911 1424 27 30 a
969 1409 265 61 unifoimity
1258 1409 50 46 of
1336 1410 136 45 shade
1507 1416 45 40 to
1586 1410 78 45 the

301 1487 159 45 whole.
531 1487 97 44 The
660 1492 233 55 grotesque
929 1485 138 46 figure
1102 1485 50 46 of
1176 1487 79 45 the
1284 1487 116 45 head
1422 1487 37 45 is
1483 1487 183 46 covered

301 1565 62 59 by
399 1563 79 45 the
513 1563 99 44 hair
650 1562 51 46 of
730 1562 79 45 the
849 1561 132 55 front,
1024 1563 148 44 which
1209 1570 154 38 stands
1403 1571 130 46 erect,
1565 1563 46 45 in
1640 1579 26 29 a

303 1639 164 46 curved
501 1655 47 30 or
577 1645 196 39 crescent
804 1637 126 55 form,
964 1654 103 38 and,
1103 1655 133 29 when
1267 1640 173 45 viewed
1463 1640 46 44 in
1533 1639 130 54 fi’ont,

303 1717 81 45 has
424 1722 78 39 the
541 1730 274 46 appearance
851 1714 50 46 of
919 1722 90 38 two
1036 1716 162 53 horns;
1237 1722 77 38 the
1347 1723 88 38 tips
1469 1715 50 46 of
1541 1716 125 44 these

304 1795 136 53 hairs,
477 1793 90 45 and
599 1799 127 39 those
750 1807 55 31 on
828 1798 78 39 the
929 1792 175 54 cheeks,
1141 1807 73 30 are
1243 1791 49 47 of
1317 1808 27 29 a
1365 1808 123 44 paler
1517 1807 148 30 shade.

308 1870 43 46 A
371 1869 178 62 variety
566 1869 149 46 which
733 1868 165 47 Cuvier
914 1867 159 63 figures
1096 1869 81 46 has
1195 1884 27 30 a
1239 1885 170 45 gi’eater
1431 1875 172 55 portion
1627 1867 51 47 of

308 1947 140 45 white
472 1948 136 44 about
630 1946 78 45 the
731 1951 113 40 tufts
868 1945 90 45 and
975 1945 108 62 jaw.

374 2022 211 62 Geoffrey
615 2023 91 45 and
741 2023 260 45 Desmarest
1035 2022 101 62 give
1182 2023 172 45 French
1401 2022 181 46 Guiana
1625 2038 47 29 as

310 2108 78 37 the
411 2106 153 39 native
588 2115 189 45 country
801 2098 50 46 of
866 2099 89 45 this
981 2099 176 45 species.

379 2177 97 44 The
514 2182 118 38 most
671 2190 203 30 common
914 2191 163 29 species
1111 2175 50 45 of
1191 2176 218 59 Sapajou,
1446 2176 90 44 and
1574 2176 100 44 that

314 2252 148 46 which
493 2252 37 45 is
561 2258 117 38 most
703 2251 255 61 frequently
982 2267 103 30 seen
1109 2251 44 45 in
1178 2252 91 45 this
1300 2258 203 55 country,
1528 2252 36 45 is
1600 2253 75 43 the

314 2330 196 45 Weeper
539 2328 211 60 monkey,
782 2327 142 47 Cebus
947 2327 176 61 appella
1152 2328 50 46 of
1228 2328 242 46 zoologists.
1540 2329 43 44 It
1606 2343 69 29 re-

317 2405 255 46 commends
606 2404 127 45 itself
758 2403 64 46 for
855 2404 297 45 confinement
1187 2407 61 59 by
1273 2405 57 44 its
1357 2405 108 60 good
1490 2411 183 45 temper,

317 2481 176 63 playful
516 2481 274 60 disposition,
816 2482 89 44 and
929 2482 144 60 hardy
1097 2481 303 45 constitution.
1460 2481 42 43 It
1527 2479 35 44 is
1586 2480 89 44 also

320 2558 50 43 of
396 2574 26 30 a
453 2558 128 46 small
615 2557 121 54 size;
773 2558 103 53 and,
902 2558 169 45 though
1100 2564 77 40 not
1208 2556 174 48 clothed
1412 2556 45 45 in
1489 2571 26 29 a
1545 2553 71 47 fur
1637 2554 42 46 of
