<?xml version="1.0" encoding="UTF-8"?>
<alto xmlns="http://www.loc.gov/standards/alto/ns-v2#" xmlns:xsi="http://www.w3.org/2001/XMLSchema-instance" xsi:schemaLocation="http://www.loc.gov/standards/alto/ns-v2# http://www.loc.gov/standards/alto/alto.xsd">
  <Description>
    <MeasurementUnit>pixel</MeasurementUnit>
    <sourceImageInformation>
      <fileName>b20392321_abbyy.xml</fileName>
    </sourceImageInformation>
    <OCRProcessing ID="OCR_1">
      <preProcessingStep>
        <processingDateTime>2015-06-16T02:11:33</processingDateTime>
        <processingAgency>intranda GmbH, www.intranda.com</processingAgency>
        <processingSoftware>
          <softwareCreator>intranda GmbH, Germany</softwareCreator>
          <softwareName>intranda OCR Module for TaskManager</softwareName>
          <softwareVersion>1.0r42</softwareVersion>
        </processingSoftware>
      </preProcessingStep>
      <ocrProcessingStep>
        <processingSoftware>
          <softwareCreator>ABBYY (BIT Software), Russia</softwareCreator>
          <softwareName>FineReader Engine</softwareName>
          <softwareVersion>10</softwareVersion>
        </processingSoftware>
      </ocrProcessingStep>
    </OCRProcessing>
  </Description>
  <Layout>
    <Page PHYSICAL_IMG_NR="42" ID="PAGE_42" WIDTH="1933" HEIGHT="3302">
      <TopMargin ID="TopMargin_1" HPOS="259" VPOS="139" WIDTH="1421" HEIGHT="51">
        <TextBlock ID="TextBlock_144" HPOS="259" VPOS="139" WIDTH="1421" HEIGHT="51">
          <TextLine ID="TextLine_1641" HPOS="446" VPOS="140" WIDTH="1234" HEIGHT="50">
            <String ID="Word_14638" HPOS="446" VPOS="140" WIDTH="268" HEIGHT="41" CONTENT="Hospitalbrand" />
            <SP ID="SP_13002" HPOS="714" VPOS="140" WIDTH="24" HEIGHT="0" />
            <String ID="Word_14639" HPOS="738" VPOS="143" WIDTH="55" HEIGHT="32" CONTENT="bei" />
            <SP ID="SP_13003" HPOS="793" VPOS="143" WIDTH="24" HEIGHT="0" />
            <String ID="Word_14640" HPOS="817" VPOS="146" WIDTH="134" HEIGHT="31" CONTENT="offenen" />
            <SP ID="SP_13004" HPOS="951" VPOS="146" WIDTH="25" HEIGHT="0" />
            <String ID="Word_14641" HPOS="976" VPOS="146" WIDTH="140" HEIGHT="42" CONTENT="Stellen," />
            <SP ID="SP_13005" HPOS="1116" VPOS="146" WIDTH="24" HEIGHT="0" />
            <String ID="Word_14642" HPOS="1140" VPOS="150" WIDTH="128" HEIGHT="32" CONTENT="welche" />
            <SP ID="SP_13006" HPOS="1268" VPOS="150" WIDTH="26" HEIGHT="0" />
            <String ID="Word_14643" HPOS="1294" VPOS="153" WIDTH="93" HEIGHT="31" CONTENT="nicht" />
            <SP ID="SP_13007" HPOS="1387" VPOS="153" WIDTH="25" HEIGHT="0" />
            <String ID="Word_14644" HPOS="1412" VPOS="154" WIDTH="155" HEIGHT="33" CONTENT="Wunden" />
            <SP ID="SP_13008" HPOS="1567" VPOS="154" WIDTH="26" HEIGHT="0" />
            <String ID="Word_14645" HPOS="1593" VPOS="159" WIDTH="87" HEIGHT="31" CONTENT="sind." />
          </TextLine>
          <TextLine ID="TextLine_1640" HPOS="259" VPOS="139" WIDTH="52" HEIGHT="38">
            <String ID="Word_14637" HPOS="259" VPOS="139" WIDTH="52" HEIGHT="38" CONTENT="22" />
          </TextLine>
        </TextBlock>
      </TopMargin>
      <PrintSpace ID="PrintSpace_43" HPOS="245" VPOS="239" WIDTH="1628" HEIGHT="2770">
        <TextBlock ID="TextBlock_143" HPOS="245" VPOS="239" WIDTH="1628" HEIGHT="2770">
          <TextLine ID="TextLine_1642" HPOS="261" VPOS="245" WIDTH="1603" HEIGHT="58">
            <String ID="Word_14646" HPOS="261" VPOS="245" WIDTH="60" HEIGHT="33" CONTENT="des" />
            <SP ID="SP_13009" HPOS="321" VPOS="245" WIDTH="25" HEIGHT="0" />
            <String ID="Word_14647" HPOS="346" VPOS="247" WIDTH="307" HEIGHT="41" CONTENT="Hospitalbrandes" />
            <SP ID="SP_13010" HPOS="653" VPOS="247" WIDTH="36" HEIGHT="0" />
            <String ID="Word_14648" HPOS="689" VPOS="252" WIDTH="93" HEIGHT="31" CONTENT="starb" />
            <SP ID="SP_13011" HPOS="782" VPOS="252" WIDTH="36" HEIGHT="0" />
            <String ID="Word_14649" HPOS="818" VPOS="252" WIDTH="55" HEIGHT="32" CONTENT="die" />
            <SP ID="SP_13012" HPOS="873" VPOS="252" WIDTH="32" HEIGHT="0" />
            <String ID="Word_14650" HPOS="905" VPOS="254" WIDTH="137" HEIGHT="32" CONTENT="Kranke" />
            <SP ID="SP_13013" HPOS="1042" VPOS="254" WIDTH="33" HEIGHT="0" />
            <String ID="Word_14651" HPOS="1075" VPOS="257" WIDTH="63" HEIGHT="29" CONTENT="mit" />
            <SP ID="SP_13014" HPOS="1138" VPOS="257" WIDTH="26" HEIGHT="0" />
            <String ID="Word_14652" HPOS="1164" VPOS="257" WIDTH="169" HEIGHT="41" CONTENT="Delirien," />
            <SP ID="SP_13015" HPOS="1333" VPOS="257" WIDTH="36" HEIGHT="0" />
            <String ID="Word_14653" HPOS="1369" VPOS="261" WIDTH="120" HEIGHT="31" CONTENT="Fieber" />
            <SP ID="SP_13016" HPOS="1489" VPOS="261" WIDTH="34" HEIGHT="0" />
            <String ID="Word_14654" HPOS="1523" VPOS="264" WIDTH="63" HEIGHT="30" CONTENT="mit" />
            <SP ID="SP_13017" HPOS="1586" VPOS="264" WIDTH="30" HEIGHT="0" />
            <String ID="Word_14655" HPOS="1616" VPOS="265" WIDTH="166" HEIGHT="38" CONTENT="typhösen" />
            <SP ID="SP_13018" HPOS="1782" VPOS="265" WIDTH="27" HEIGHT="0" />
            <String ID="Word_14656" HPOS="1809" VPOS="268" WIDTH="55" HEIGHT="30" CONTENT="Er-" />
          </TextLine>
          <TextLine ID="TextLine_1643" HPOS="259" VPOS="289" WIDTH="1604" HEIGHT="57">
            <String ID="Word_14657" HPOS="259" VPOS="289" WIDTH="256" HEIGHT="42" CONTENT="scheinungen," />
            <SP ID="SP_13019" HPOS="515" VPOS="289" WIDTH="31" HEIGHT="0" />
            <String ID="Word_14658" HPOS="546" VPOS="291" WIDTH="130" HEIGHT="33" CONTENT="Icterus" />
            <SP ID="SP_13020" HPOS="676" VPOS="291" WIDTH="34" HEIGHT="0" />
            <String ID="Word_14659" HPOS="710" VPOS="299" WIDTH="99" HEIGHT="27" CONTENT="unter" />
            <SP ID="SP_13021" HPOS="809" VPOS="296" WIDTH="32" HEIGHT="0" />
            <String ID="Word_14660" HPOS="841" VPOS="296" WIDTH="184" HEIGHT="32" CONTENT="schnellem" />
            <SP ID="SP_13022" HPOS="1025" VPOS="296" WIDTH="27" HEIGHT="0" />
            <String ID="Word_14661" HPOS="1052" VPOS="298" WIDTH="179" HEIGHT="41" CONTENT="Collapsus" />
            <SP ID="SP_13023" HPOS="1231" VPOS="298" WIDTH="33" HEIGHT="0" />
            <String ID="Word_14662" HPOS="1264" VPOS="302" WIDTH="102" HEIGHT="31" CONTENT="schon" />
            <SP ID="SP_13024" HPOS="1366" VPOS="302" WIDTH="34" HEIGHT="0" />
            <String ID="Word_14663" HPOS="1400" VPOS="314" WIDTH="52" HEIGHT="20" CONTENT="am" />
            <SP ID="SP_13025" HPOS="1452" VPOS="306" WIDTH="29" HEIGHT="0" />
            <String ID="Word_14664" HPOS="1481" VPOS="306" WIDTH="48" HEIGHT="30" CONTENT="11." />
            <SP ID="SP_13026" HPOS="1529" VPOS="306" WIDTH="24" HEIGHT="0" />
            <String ID="Word_14665" HPOS="1553" VPOS="306" WIDTH="91" HEIGHT="40" CONTENT="Tage" />
            <SP ID="SP_13027" HPOS="1644" VPOS="306" WIDTH="24" HEIGHT="0" />
            <String ID="Word_14666" HPOS="1668" VPOS="308" WIDTH="91" HEIGHT="30" CONTENT="ihrer" />
            <SP ID="SP_13028" HPOS="1759" VPOS="308" WIDTH="23" HEIGHT="0" />
            <String ID="Word_14667" HPOS="1782" VPOS="309" WIDTH="81" HEIGHT="31" CONTENT="Auf-" />
          </TextLine>
          <TextLine ID="TextLine_1644" HPOS="258" VPOS="333" WIDTH="1607" HEIGHT="56">
            <String ID="Word_14668" HPOS="258" VPOS="333" WIDTH="137" HEIGHT="31" CONTENT="nahme." />
            <SP ID="SP_13029" HPOS="395" VPOS="333" WIDTH="49" HEIGHT="0" />
            <String ID="Word_14669" HPOS="444" VPOS="334" WIDTH="60" HEIGHT="30" CONTENT="Bei" />
            <SP ID="SP_13030" HPOS="504" VPOS="333" WIDTH="25" HEIGHT="0" />
            <String ID="Word_14670" HPOS="529" VPOS="333" WIDTH="61" HEIGHT="32" CONTENT="der" />
            <SP ID="SP_13031" HPOS="590" VPOS="333" WIDTH="23" HEIGHT="0" />
            <String ID="Word_14671" HPOS="613" VPOS="335" WIDTH="136" HEIGHT="33" CONTENT="Sectio»" />
            <SP ID="SP_13032" HPOS="749" VPOS="335" WIDTH="26" HEIGHT="0" />
            <String ID="Word_14672" HPOS="775" VPOS="340" WIDTH="131" HEIGHT="39" CONTENT="zeigten" />
            <SP ID="SP_13033" HPOS="906" VPOS="340" WIDTH="26" HEIGHT="0" />
            <String ID="Word_14673" HPOS="932" VPOS="341" WIDTH="71" HEIGHT="30" CONTENT="sich" />
            <SP ID="SP_13034" HPOS="1003" VPOS="341" WIDTH="26" HEIGHT="0" />
            <String ID="Word_14674" HPOS="1029" VPOS="341" WIDTH="54" HEIGHT="30" CONTENT="die" />
            <SP ID="SP_13035" HPOS="1083" VPOS="341" WIDTH="26" HEIGHT="0" />
            <String ID="Word_14675" HPOS="1109" VPOS="342" WIDTH="219" HEIGHT="33" CONTENT="Hautdecken" />
            <SP ID="SP_13036" HPOS="1328" VPOS="342" WIDTH="25" HEIGHT="0" />
            <String ID="Word_14676" HPOS="1353" VPOS="347" WIDTH="148" HEIGHT="30" CONTENT="intensiv" />
            <SP ID="SP_13037" HPOS="1501" VPOS="347" WIDTH="24" HEIGHT="0" />
            <String ID="Word_14677" HPOS="1525" VPOS="349" WIDTH="78" HEIGHT="39" CONTENT="gelb" />
            <SP ID="SP_13038" HPOS="1603" VPOS="349" WIDTH="24" HEIGHT="0" />
            <String ID="Word_14678" HPOS="1627" VPOS="351" WIDTH="136" HEIGHT="38" CONTENT="gefärbt" />
            <SP ID="SP_13039" HPOS="1763" VPOS="351" WIDTH="47" HEIGHT="0" />
            <String ID="Word_14679" HPOS="1810" VPOS="352" WIDTH="55" HEIGHT="31" CONTENT="die" />
          </TextLine>
          <TextLine ID="TextLine_1645" HPOS="258" VPOS="377" WIDTH="1606" HEIGHT="48">
            <String ID="Word_14680" HPOS="258" VPOS="377" WIDTH="117" HEIGHT="29" CONTENT="rechte" />
            <SP ID="SP_13040" HPOS="375" VPOS="377" WIDTH="25" HEIGHT="0" />
            <String ID="Word_14681" HPOS="400" VPOS="380" WIDTH="120" HEIGHT="27" CONTENT="untere" />
            <SP ID="SP_13041" HPOS="520" VPOS="379" WIDTH="25" HEIGHT="0" />
            <String ID="Word_14682" HPOS="545" VPOS="379" WIDTH="207" HEIGHT="32" CONTENT="Extremität" />
            <SP ID="SP_13042" HPOS="752" VPOS="379" WIDTH="25" HEIGHT="0" />
            <String ID="Word_14683" HPOS="777" VPOS="382" WIDTH="192" HEIGHT="32" CONTENT="bedeutend" />
            <SP ID="SP_13043" HPOS="969" VPOS="382" WIDTH="27" HEIGHT="0" />
            <String ID="Word_14684" HPOS="996" VPOS="385" WIDTH="229" HEIGHT="38" CONTENT="geschwollen" />
            <SP ID="SP_13044" HPOS="1225" VPOS="385" WIDTH="34" HEIGHT="0" />
            <String ID="Word_14685" HPOS="1259" VPOS="388" WIDTH="68" HEIGHT="30" CONTENT="und" />
            <SP ID="SP_13045" HPOS="1327" VPOS="388" WIDTH="33" HEIGHT="0" />
            <String ID="Word_14686" HPOS="1360" VPOS="393" WIDTH="63" HEIGHT="27" CONTENT="mit" />
            <SP ID="SP_13046" HPOS="1423" VPOS="390" WIDTH="24" HEIGHT="0" />
            <String ID="Word_14687" HPOS="1447" VPOS="390" WIDTH="191" HEIGHT="32" CONTENT="bläulichen" />
            <SP ID="SP_13047" HPOS="1638" VPOS="390" WIDTH="26" HEIGHT="0" />
            <String ID="Word_14688" HPOS="1664" VPOS="392" WIDTH="121" HEIGHT="32" CONTENT="Blasen" />
            <SP ID="SP_13048" HPOS="1785" VPOS="392" WIDTH="26" HEIGHT="0" />
            <String ID="Word_14689" HPOS="1811" VPOS="395" WIDTH="53" HEIGHT="30" CONTENT="be-" />
          </TextLine>
          <TextLine ID="TextLine_1646" HPOS="258" VPOS="419" WIDTH="1606" HEIGHT="48">
            <String ID="Word_14690" HPOS="258" VPOS="422" WIDTH="95" HEIGHT="28" CONTENT="setzt." />
            <SP ID="SP_13049" HPOS="353" VPOS="419" WIDTH="39" HEIGHT="0" />
            <String ID="Word_14691" HPOS="392" VPOS="419" WIDTH="64" HEIGHT="30" CONTENT="Die" />
            <SP ID="SP_13050" HPOS="456" VPOS="419" WIDTH="24" HEIGHT="0" />
            <String ID="Word_14692" HPOS="480" VPOS="420" WIDTH="19" HEIGHT="32" CONTENT="3" />
            <SP ID="SP_13051" HPOS="499" VPOS="420" WIDTH="18" HEIGHT="0" />
            <String ID="Word_14693" HPOS="517" VPOS="421" WIDTH="72" HEIGHT="31" CONTENT="Zoll" />
            <SP ID="SP_13052" HPOS="589" VPOS="421" WIDTH="25" HEIGHT="0" />
            <String ID="Word_14694" HPOS="614" VPOS="421" WIDTH="109" HEIGHT="32" CONTENT="breite" />
            <SP ID="SP_13053" HPOS="723" VPOS="421" WIDTH="24" HEIGHT="0" />
            <String ID="Word_14695" HPOS="747" VPOS="433" WIDTH="104" HEIGHT="30" CONTENT="quere" />
            <SP ID="SP_13054" HPOS="851" VPOS="426" WIDTH="19" HEIGHT="0" />
            <String ID="Word_14696" HPOS="870" VPOS="426" WIDTH="133" HEIGHT="30" CONTENT="Wunde" />
            <SP ID="SP_13055" HPOS="1003" VPOS="426" WIDTH="25" HEIGHT="0" />
            <String ID="Word_14697" HPOS="1028" VPOS="436" WIDTH="53" HEIGHT="20" CONTENT="am" />
            <SP ID="SP_13056" HPOS="1081" VPOS="428" WIDTH="26" HEIGHT="0" />
            <String ID="Word_14698" HPOS="1107" VPOS="428" WIDTH="85" HEIGHT="30" CONTENT="Knie" />
            <SP ID="SP_13057" HPOS="1192" VPOS="428" WIDTH="26" HEIGHT="0" />
            <String ID="Word_14699" HPOS="1218" VPOS="439" WIDTH="70" HEIGHT="21" CONTENT="war" />
            <SP ID="SP_13058" HPOS="1288" VPOS="432" WIDTH="24" HEIGHT="0" />
            <String ID="Word_14700" HPOS="1312" VPOS="432" WIDTH="62" HEIGHT="30" CONTENT="mit" />
            <SP ID="SP_13059" HPOS="1374" VPOS="432" WIDTH="24" HEIGHT="0" />
            <String ID="Word_14701" HPOS="1398" VPOS="433" WIDTH="132" HEIGHT="30" CONTENT="dünner" />
            <SP ID="SP_13060" HPOS="1530" VPOS="433" WIDTH="22" HEIGHT="0" />
            <String ID="Word_14702" HPOS="1552" VPOS="434" WIDTH="127" HEIGHT="30" CONTENT="Jauclie" />
            <SP ID="SP_13061" HPOS="1679" VPOS="434" WIDTH="26" HEIGHT="0" />
            <String ID="Word_14703" HPOS="1705" VPOS="436" WIDTH="67" HEIGHT="30" CONTENT="und" />
            <SP ID="SP_13062" HPOS="1772" VPOS="436" WIDTH="25" HEIGHT="0" />
            <String ID="Word_14704" HPOS="1797" VPOS="447" WIDTH="67" HEIGHT="20" CONTENT="zer-" />
          </TextLine>
          <TextLine ID="TextLine_1647" HPOS="258" VPOS="462" WIDTH="1605" HEIGHT="48">
            <String ID="Word_14705" HPOS="258" VPOS="466" WIDTH="141" HEIGHT="26" CONTENT="störtem" />
            <SP ID="SP_13063" HPOS="399" VPOS="462" WIDTH="21" HEIGHT="0" />
            <String ID="Word_14706" HPOS="420" VPOS="462" WIDTH="213" HEIGHT="41" CONTENT="Zellgewebe" />
            <SP ID="SP_13064" HPOS="633" VPOS="462" WIDTH="25" HEIGHT="0" />
            <String ID="Word_14707" HPOS="658" VPOS="466" WIDTH="152" HEIGHT="31" CONTENT="bedeckt." />
            <SP ID="SP_13065" HPOS="810" VPOS="466" WIDTH="32" HEIGHT="0" />
            <String ID="Word_14708" HPOS="842" VPOS="466" WIDTH="61" HEIGHT="32" CONTENT="Die" />
            <SP ID="SP_13066" HPOS="903" VPOS="466" WIDTH="26" HEIGHT="0" />
            <String ID="Word_14709" HPOS="929" VPOS="477" WIDTH="65" HEIGHT="22" CONTENT="von" />
            <SP ID="SP_13067" HPOS="994" VPOS="469" WIDTH="28" HEIGHT="0" />
            <String ID="Word_14710" HPOS="1022" VPOS="469" WIDTH="216" HEIGHT="33" CONTENT="bräunliclier" />
            <SP ID="SP_13068" HPOS="1238" VPOS="469" WIDTH="16" HEIGHT="0" />
            <String ID="Word_14711" HPOS="1254" VPOS="473" WIDTH="127" HEIGHT="31" CONTENT="Jauche" />
            <SP ID="SP_13069" HPOS="1381" VPOS="473" WIDTH="25" HEIGHT="0" />
            <String ID="Word_14712" HPOS="1406" VPOS="477" WIDTH="79" HEIGHT="29" CONTENT="weit" />
            <SP ID="SP_13070" HPOS="1485" VPOS="477" WIDTH="23" HEIGHT="0" />
            <String ID="Word_14713" HPOS="1508" VPOS="479" WIDTH="263" HEIGHT="29" CONTENT="unterminirten" />
            <SP ID="SP_13071" HPOS="1771" VPOS="479" WIDTH="24" HEIGHT="0" />
            <String ID="Word_14714" HPOS="1795" VPOS="480" WIDTH="68" HEIGHT="30" CONTENT="und" />
          </TextLine>
          <TextLine ID="TextLine_1648" HPOS="257" VPOS="505" WIDTH="1607" HEIGHT="47">
            <String ID="Word_14715" HPOS="257" VPOS="505" WIDTH="212" HEIGHT="41" CONTENT="losgelösten" />
            <SP ID="SP_13072" HPOS="469" VPOS="505" WIDTH="18" HEIGHT="0" />
            <String ID="Word_14716" HPOS="487" VPOS="507" WIDTH="137" HEIGHT="31" CONTENT="Ränder" />
            <SP ID="SP_13073" HPOS="624" VPOS="507" WIDTH="24" HEIGHT="0" />
            <String ID="Word_14717" HPOS="648" VPOS="509" WIDTH="77" HEIGHT="30" CONTENT="sind" />
            <SP ID="SP_13074" HPOS="725" VPOS="509" WIDTH="25" HEIGHT="0" />
            <String ID="Word_14718" HPOS="750" VPOS="510" WIDTH="131" HEIGHT="40" CONTENT="schlafV," />
            <SP ID="SP_13075" HPOS="881" VPOS="510" WIDTH="25" HEIGHT="0" />
            <String ID="Word_14719" HPOS="906" VPOS="511" WIDTH="95" HEIGHT="41" CONTENT="livid," />
            <SP ID="SP_13076" HPOS="1001" VPOS="511" WIDTH="26" HEIGHT="0" />
            <String ID="Word_14720" HPOS="1027" VPOS="512" WIDTH="239" HEIGHT="34" CONTENT="bläulicliroth." />
            <SP ID="SP_13077" HPOS="1266" VPOS="512" WIDTH="38" HEIGHT="0" />
            <String ID="Word_14721" HPOS="1304" VPOS="516" WIDTH="73" HEIGHT="31" CONTENT="Von" />
            <SP ID="SP_13078" HPOS="1377" VPOS="516" WIDTH="25" HEIGHT="0" />
            <String ID="Word_14722" HPOS="1402" VPOS="516" WIDTH="103" HEIGHT="32" CONTENT="ihnen" />
            <SP ID="SP_13079" HPOS="1505" VPOS="516" WIDTH="18" HEIGHT="0" />
            <String ID="Word_14723" HPOS="1523" VPOS="528" WIDTH="60" HEIGHT="21" CONTENT="aus" />
            <SP ID="SP_13080" HPOS="1583" VPOS="521" WIDTH="25" HEIGHT="0" />
            <String ID="Word_14724" HPOS="1608" VPOS="521" WIDTH="162" HEIGHT="30" CONTENT="erstreckt" />
            <SP ID="SP_13081" HPOS="1770" VPOS="521" WIDTH="24" HEIGHT="0" />
            <String ID="Word_14725" HPOS="1794" VPOS="523" WIDTH="70" HEIGHT="29" CONTENT="sich" />
          </TextLine>
          <TextLine ID="TextLine_1649" HPOS="258" VPOS="548" WIDTH="1606" HEIGHT="47">
            <String ID="Word_14726" HPOS="258" VPOS="548" WIDTH="56" HEIGHT="30" CONTENT="die" />
            <SP ID="SP_13082" HPOS="314" VPOS="548" WIDTH="24" HEIGHT="0" />
            <String ID="Word_14727" HPOS="338" VPOS="548" WIDTH="207" HEIGHT="33" CONTENT="Infiltration" />
            <SP ID="SP_13083" HPOS="545" VPOS="548" WIDTH="26" HEIGHT="0" />
            <String ID="Word_14728" HPOS="571" VPOS="561" WIDTH="43" HEIGHT="20" CONTENT="an" />
            <SP ID="SP_13084" HPOS="614" VPOS="552" WIDTH="25" HEIGHT="0" />
            <String ID="Word_14729" HPOS="639" VPOS="552" WIDTH="61" HEIGHT="30" CONTENT="der" />
            <SP ID="SP_13085" HPOS="700" VPOS="552" WIDTH="24" HEIGHT="0" />
            <String ID="Word_14730" HPOS="724" VPOS="555" WIDTH="159" HEIGHT="28" CONTENT="äusseren" />
            <SP ID="SP_13086" HPOS="883" VPOS="554" WIDTH="26" HEIGHT="0" />
            <String ID="Word_14731" HPOS="909" VPOS="554" WIDTH="71" HEIGHT="31" CONTENT="und" />
            <SP ID="SP_13087" HPOS="980" VPOS="554" WIDTH="24" HEIGHT="0" />
            <String ID="Word_14732" HPOS="1004" VPOS="556" WIDTH="88" HEIGHT="29" CONTENT="noch" />
            <SP ID="SP_13088" HPOS="1092" VPOS="556" WIDTH="26" HEIGHT="0" />
            <String ID="Word_14733" HPOS="1118" VPOS="557" WIDTH="96" HEIGHT="30" CONTENT="mehr" />
            <SP ID="SP_13089" HPOS="1214" VPOS="557" WIDTH="24" HEIGHT="0" />
            <String ID="Word_14734" HPOS="1238" VPOS="568" WIDTH="41" HEIGHT="21" CONTENT="an" />
            <SP ID="SP_13090" HPOS="1279" VPOS="559" WIDTH="26" HEIGHT="0" />
            <String ID="Word_14735" HPOS="1305" VPOS="559" WIDTH="59" HEIGHT="31" CONTENT="der" />
            <SP ID="SP_13091" HPOS="1364" VPOS="559" WIDTH="23" HEIGHT="0" />
            <String ID="Word_14736" HPOS="1387" VPOS="561" WIDTH="141" HEIGHT="31" CONTENT="inneren" />
            <SP ID="SP_13092" HPOS="1528" VPOS="561" WIDTH="19" HEIGHT="0" />
            <String ID="Word_14737" HPOS="1547" VPOS="562" WIDTH="90" HEIGHT="30" CONTENT="Seite" />
            <SP ID="SP_13093" HPOS="1637" VPOS="562" WIDTH="25" HEIGHT="0" />
            <String ID="Word_14738" HPOS="1662" VPOS="563" WIDTH="83" HEIGHT="31" CONTENT="über" />
            <SP ID="SP_13094" HPOS="1745" VPOS="563" WIDTH="17" HEIGHT="0" />
            <String ID="Word_14739" HPOS="1762" VPOS="563" WIDTH="102" HEIGHT="32" CONTENT="Ober-" />
          </TextLine>
          <TextLine ID="TextLine_1650" HPOS="255" VPOS="591" WIDTH="1609" HEIGHT="47">
            <String ID="Word_14740" HPOS="255" VPOS="591" WIDTH="73" HEIGHT="31" CONTENT="und" />
            <SP ID="SP_13095" HPOS="328" VPOS="591" WIDTH="24" HEIGHT="0" />
            <String ID="Word_14741" HPOS="352" VPOS="592" WIDTH="270" HEIGHT="32" CONTENT="Unterschenkel" />
            <SP ID="SP_13096" HPOS="622" VPOS="592" WIDTH="27" HEIGHT="0" />
            <String ID="Word_14742" HPOS="649" VPOS="597" WIDTH="62" HEIGHT="28" CONTENT="mit" />
            <SP ID="SP_13097" HPOS="711" VPOS="597" WIDTH="26" HEIGHT="0" />
            <String ID="Word_14743" HPOS="737" VPOS="597" WIDTH="94" HEIGHT="28" CONTENT="einer" />
            <SP ID="SP_13098" HPOS="831" VPOS="596" WIDTH="25" HEIGHT="0" />
            <String ID="Word_14744" HPOS="856" VPOS="596" WIDTH="182" HEIGHT="32" CONTENT="ähnlichen" />
            <SP ID="SP_13099" HPOS="1038" VPOS="596" WIDTH="25" HEIGHT="0" />
            <String ID="Word_14745" HPOS="1063" VPOS="599" WIDTH="140" HEIGHT="39" CONTENT="Jauche," />
            <SP ID="SP_13100" HPOS="1203" VPOS="599" WIDTH="24" HEIGHT="0" />
            <String ID="Word_14746" HPOS="1227" VPOS="602" WIDTH="127" HEIGHT="31" CONTENT="welche" />
            <SP ID="SP_13101" HPOS="1354" VPOS="602" WIDTH="26" HEIGHT="0" />
            <String ID="Word_14747" HPOS="1380" VPOS="613" WIDTH="41" HEIGHT="21" CONTENT="an" />
            <SP ID="SP_13102" HPOS="1421" VPOS="605" WIDTH="27" HEIGHT="0" />
            <String ID="Word_14748" HPOS="1448" VPOS="605" WIDTH="263" HEIGHT="31" CONTENT="verschiedenen" />
            <SP ID="SP_13103" HPOS="1711" VPOS="605" WIDTH="25" HEIGHT="0" />
            <String ID="Word_14749" HPOS="1736" VPOS="606" WIDTH="128" HEIGHT="32" CONTENT="Stellen" />
          </TextLine>
          <TextLine ID="TextLine_1651" HPOS="256" VPOS="634" WIDTH="1609" HEIGHT="54">
            <String ID="Word_14750" HPOS="256" VPOS="635" WIDTH="108" HEIGHT="30" CONTENT="selbst" />
            <SP ID="SP_13104" HPOS="364" VPOS="634" WIDTH="24" HEIGHT="0" />
            <String ID="Word_14751" HPOS="388" VPOS="634" WIDTH="107" HEIGHT="32" CONTENT="durch" />
            <SP ID="SP_13105" HPOS="495" VPOS="634" WIDTH="25" HEIGHT="0" />
            <String ID="Word_14752" HPOS="520" VPOS="637" WIDTH="56" HEIGHT="31" CONTENT="die" />
            <SP ID="SP_13106" HPOS="576" VPOS="637" WIDTH="24" HEIGHT="0" />
            <String ID="Word_14753" HPOS="600" VPOS="638" WIDTH="116" HEIGHT="30" CONTENT="Fascie" />
            <SP ID="SP_13107" HPOS="716" VPOS="638" WIDTH="23" HEIGHT="0" />
            <String ID="Word_14754" HPOS="739" VPOS="639" WIDTH="169" HEIGHT="31" CONTENT="zwischen" />
            <SP ID="SP_13108" HPOS="908" VPOS="639" WIDTH="27" HEIGHT="0" />
            <String ID="Word_14755" HPOS="935" VPOS="641" WIDTH="54" HEIGHT="30" CONTENT="die" />
            <SP ID="SP_13109" HPOS="989" VPOS="641" WIDTH="26" HEIGHT="0" />
            <String ID="Word_14756" HPOS="1015" VPOS="642" WIDTH="154" HEIGHT="30" CONTENT="Muskeln" />
            <SP ID="SP_13110" HPOS="1169" VPOS="642" WIDTH="26" HEIGHT="0" />
            <String ID="Word_14757" HPOS="1195" VPOS="643" WIDTH="126" HEIGHT="42" CONTENT="dringt." />
            <SP ID="SP_13111" HPOS="1321" VPOS="643" WIDTH="26" HEIGHT="0" />
            <String ID="Word_14758" HPOS="1347" VPOS="669" WIDTH="6" HEIGHT="7" CONTENT="." />
            <SP ID="SP_13112" HPOS="1353" VPOS="652" WIDTH="28" HEIGHT="0" />
            <String ID="Word_14759" HPOS="1381" VPOS="670" WIDTH="7" HEIGHT="7" CONTENT="." />
            <SP ID="SP_13113" HPOS="1388" VPOS="646" WIDTH="46" HEIGHT="0" />
            <String ID="Word_14760" HPOS="1434" VPOS="646" WIDTH="139" HEIGHT="42" CONTENT="Lungen" />
            <SP ID="SP_13114" HPOS="1573" VPOS="646" WIDTH="38" HEIGHT="0" />
            <String ID="Word_14761" HPOS="1611" VPOS="649" WIDTH="81" HEIGHT="37" CONTENT="frei," />
            <SP ID="SP_13115" HPOS="1692" VPOS="649" WIDTH="37" HEIGHT="0" />
            <String ID="Word_14762" HPOS="1729" VPOS="650" WIDTH="34" HEIGHT="29" CONTENT="in" />
            <SP ID="SP_13116" HPOS="1763" VPOS="650" WIDTH="36" HEIGHT="0" />
            <String ID="Word_14763" HPOS="1799" VPOS="650" WIDTH="66" HEIGHT="31" CONTENT="den" />
          </TextLine>
          <TextLine ID="TextLine_1652" HPOS="258" VPOS="678" WIDTH="1606" HEIGHT="55">
            <String ID="Word_14764" HPOS="258" VPOS="678" WIDTH="127" HEIGHT="31" CONTENT="oberen" />
            <SP ID="SP_13117" HPOS="385" VPOS="678" WIDTH="26" HEIGHT="0" />
            <String ID="Word_14765" HPOS="411" VPOS="679" WIDTH="137" HEIGHT="41" CONTENT="Lappen" />
            <SP ID="SP_13118" HPOS="548" VPOS="679" WIDTH="25" HEIGHT="0" />
            <String ID="Word_14766" HPOS="573" VPOS="681" WIDTH="68" HEIGHT="30" CONTENT="viel" />
            <SP ID="SP_13119" HPOS="641" VPOS="681" WIDTH="26" HEIGHT="0" />
            <String ID="Word_14767" HPOS="667" VPOS="681" WIDTH="215" HEIGHT="42" CONTENT="schaumiges" />
            <SP ID="SP_13120" HPOS="882" VPOS="681" WIDTH="25" HEIGHT="0" />
            <String ID="Word_14768" HPOS="907" VPOS="683" WIDTH="138" HEIGHT="41" CONTENT="Serum;" />
            <SP ID="SP_13121" HPOS="1045" VPOS="683" WIDTH="33" HEIGHT="0" />
            <String ID="Word_14769" HPOS="1078" VPOS="686" WIDTH="34" HEIGHT="29" CONTENT="in" />
            <SP ID="SP_13122" HPOS="1112" VPOS="685" WIDTH="34" HEIGHT="0" />
            <String ID="Word_14770" HPOS="1146" VPOS="685" WIDTH="63" HEIGHT="31" CONTENT="den" />
            <SP ID="SP_13123" HPOS="1209" VPOS="685" WIDTH="31" HEIGHT="0" />
            <String ID="Word_14771" HPOS="1240" VPOS="688" WIDTH="136" HEIGHT="31" CONTENT="rechten" />
            <SP ID="SP_13124" HPOS="1376" VPOS="688" WIDTH="26" HEIGHT="0" />
            <String ID="Word_14772" HPOS="1402" VPOS="688" WIDTH="234" HEIGHT="42" CONTENT="Mittellappen" />
            <SP ID="SP_13125" HPOS="1636" VPOS="688" WIDTH="25" HEIGHT="0" />
            <String ID="Word_14773" HPOS="1661" VPOS="693" WIDTH="112" HEIGHT="40" CONTENT="einige" />
            <SP ID="SP_13126" HPOS="1773" VPOS="693" WIDTH="25" HEIGHT="0" />
            <String ID="Word_14774" HPOS="1798" VPOS="702" WIDTH="66" HEIGHT="21" CONTENT="zer-" />
          </TextLine>
          <TextLine ID="TextLine_1653" HPOS="257" VPOS="723" WIDTH="1607" HEIGHT="52">
            <String ID="Word_14775" HPOS="257" VPOS="723" WIDTH="148" HEIGHT="39" CONTENT="streute," />
            <SP ID="SP_13127" HPOS="405" VPOS="723" WIDTH="35" HEIGHT="0" />
            <String ID="Word_14776" HPOS="440" VPOS="723" WIDTH="184" HEIGHT="40" CONTENT="härtliche," />
            <SP ID="SP_13128" HPOS="624" VPOS="723" WIDTH="36" HEIGHT="0" />
            <String ID="Word_14777" HPOS="660" VPOS="725" WIDTH="138" HEIGHT="39" CONTENT="weisse," />
            <SP ID="SP_13129" HPOS="798" VPOS="725" WIDTH="36" HEIGHT="0" />
            <String ID="Word_14778" HPOS="834" VPOS="727" WIDTH="65" HEIGHT="28" CONTENT="fast" />
            <SP ID="SP_13130" HPOS="899" VPOS="726" WIDTH="35" HEIGHT="0" />
            <String ID="Word_14779" HPOS="934" VPOS="726" WIDTH="298" HEIGHT="42" CONTENT="haselnussgrosse" />
            <SP ID="SP_13131" HPOS="1232" VPOS="726" WIDTH="33" HEIGHT="0" />
            <String ID="Word_14780" HPOS="1265" VPOS="730" WIDTH="188" HEIGHT="33" CONTENT="Knötchen." />
            <SP ID="SP_13132" HPOS="1453" VPOS="730" WIDTH="49" HEIGHT="0" />
            <String ID="Word_14781" HPOS="1502" VPOS="734" WIDTH="102" HEIGHT="30" CONTENT="Beide" />
            <SP ID="SP_13133" HPOS="1604" VPOS="734" WIDTH="31" HEIGHT="0" />
            <String ID="Word_14782" HPOS="1635" VPOS="734" WIDTH="229" HEIGHT="41" CONTENT="Unterlappen" />
          </TextLine>
          <TextLine ID="TextLine_1654" HPOS="255" VPOS="764" WIDTH="1610" HEIGHT="55">
            <String ID="Word_14783" HPOS="255" VPOS="764" WIDTH="160" HEIGHT="42" CONTENT="brüchig," />
            <SP ID="SP_13134" HPOS="415" VPOS="764" WIDTH="25" HEIGHT="0" />
            <String ID="Word_14784" HPOS="440" VPOS="766" WIDTH="254" HEIGHT="40" CONTENT="dunkelbraun," />
            <SP ID="SP_13135" HPOS="694" VPOS="766" WIDTH="25" HEIGHT="0" />
            <String ID="Word_14785" HPOS="719" VPOS="769" WIDTH="113" HEIGHT="40" CONTENT="wenig" />
            <SP ID="SP_13136" HPOS="832" VPOS="769" WIDTH="17" HEIGHT="0" />
            <String ID="Word_14786" HPOS="849" VPOS="769" WIDTH="189" HEIGHT="42" CONTENT="lufthaltig," />
            <SP ID="SP_13137" HPOS="1038" VPOS="769" WIDTH="24" HEIGHT="0" />
            <String ID="Word_14787" HPOS="1062" VPOS="771" WIDTH="244" HEIGHT="33" CONTENT="Schnittfläche" />
            <SP ID="SP_13138" HPOS="1306" VPOS="771" WIDTH="17" HEIGHT="0" />
            <String ID="Word_14788" HPOS="1323" VPOS="775" WIDTH="179" HEIGHT="40" CONTENT="granulirt." />
            <SP ID="SP_13139" HPOS="1502" VPOS="775" WIDTH="33" HEIGHT="0" />
            <String ID="Word_14789" HPOS="1535" VPOS="777" WIDTH="49" HEIGHT="30" CONTENT="Im" />
            <SP ID="SP_13140" HPOS="1584" VPOS="777" WIDTH="17" HEIGHT="0" />
            <String ID="Word_14790" HPOS="1601" VPOS="777" WIDTH="115" HEIGHT="31" CONTENT="Bauch" />
            <SP ID="SP_13141" HPOS="1716" VPOS="777" WIDTH="24" HEIGHT="0" />
            <String ID="Word_14791" HPOS="1740" VPOS="778" WIDTH="125" HEIGHT="41" CONTENT="dünne," />
          </TextLine>
          <TextLine ID="TextLine_1655" HPOS="257" VPOS="809" WIDTH="965" HEIGHT="44">
            <String ID="Word_14792" HPOS="257" VPOS="809" WIDTH="250" HEIGHT="31" CONTENT="eiterähnliche" />
            <SP ID="SP_13142" HPOS="507" VPOS="809" WIDTH="23" HEIGHT="0" />
            <String ID="Word_14793" HPOS="530" VPOS="809" WIDTH="221" HEIGHT="42" CONTENT="Flüssigkeit," />
            <SP ID="SP_13143" HPOS="751" VPOS="809" WIDTH="23" HEIGHT="0" />
            <String ID="Word_14794" HPOS="774" VPOS="811" WIDTH="78" HEIGHT="31" CONTENT="Milz" />
            <SP ID="SP_13144" HPOS="852" VPOS="811" WIDTH="24" HEIGHT="0" />
            <String ID="Word_14795" HPOS="876" VPOS="822" WIDTH="97" HEIGHT="31" CONTENT="gross" />
            <SP ID="SP_13145" HPOS="973" VPOS="814" WIDTH="24" HEIGHT="0" />
            <String ID="Word_14796" HPOS="997" VPOS="814" WIDTH="70" HEIGHT="30" CONTENT="und" />
            <SP ID="SP_13146" HPOS="1067" VPOS="814" WIDTH="25" HEIGHT="0" />
            <String ID="Word_14797" HPOS="1092" VPOS="815" WIDTH="130" HEIGHT="31" CONTENT="mürbe." />
          </TextLine>
          <TextLine ID="TextLine_1656" HPOS="312" VPOS="960" WIDTH="1498" HEIGHT="57">
            <String ID="Word_14798" HPOS="312" VPOS="960" WIDTH="34" HEIGHT="38" CONTENT="3." />
            <SP ID="SP_13147" HPOS="346" VPOS="960" WIDTH="30" HEIGHT="0" />
            <String ID="Word_14799" HPOS="376" VPOS="960" WIDTH="112" HEIGHT="38" CONTENT="Auch" />
            <SP ID="SP_13148" HPOS="488" VPOS="960" WIDTH="29" HEIGHT="0" />
            <String ID="Word_14800" HPOS="517" VPOS="961" WIDTH="140" HEIGHT="38" CONTENT="andere" />
            <SP ID="SP_13149" HPOS="657" VPOS="961" WIDTH="32" HEIGHT="0" />
            <String ID="Word_14801" HPOS="689" VPOS="961" WIDTH="119" HEIGHT="39" CONTENT="offene" />
            <SP ID="SP_13150" HPOS="808" VPOS="961" WIDTH="30" HEIGHT="0" />
            <String ID="Word_14802" HPOS="838" VPOS="962" WIDTH="154" HEIGHT="46" CONTENT="Stellen," />
            <SP ID="SP_13151" HPOS="992" VPOS="962" WIDTH="32" HEIGHT="0" />
            <String ID="Word_14803" HPOS="1024" VPOS="963" WIDTH="60" HEIGHT="39" CONTENT="die" />
            <SP ID="SP_13152" HPOS="1084" VPOS="963" WIDTH="29" HEIGHT="0" />
            <String ID="Word_14804" HPOS="1113" VPOS="964" WIDTH="111" HEIGHT="40" CONTENT="niclit" />
            <SP ID="SP_13153" HPOS="1224" VPOS="964" WIDTH="28" HEIGHT="0" />
            <String ID="Word_14805" HPOS="1252" VPOS="976" WIDTH="48" HEIGHT="28" CONTENT="zu" />
            <SP ID="SP_13154" HPOS="1300" VPOS="965" WIDTH="29" HEIGHT="0" />
            <String ID="Word_14806" HPOS="1329" VPOS="965" WIDTH="71" HEIGHT="39" CONTENT="den" />
            <SP ID="SP_13155" HPOS="1400" VPOS="965" WIDTH="28" HEIGHT="0" />
            <String ID="Word_14807" HPOS="1428" VPOS="966" WIDTH="174" HEIGHT="40" CONTENT="Wunden" />
            <SP ID="SP_13156" HPOS="1602" VPOS="966" WIDTH="29" HEIGHT="0" />
            <String ID="Word_14808" HPOS="1631" VPOS="969" WIDTH="179" HEIGHT="48" CONTENT="gehören," />
          </TextLine>
          <TextLine ID="TextLine_1657" HPOS="650" VPOS="1026" WIDTH="826" HEIGHT="51">
            <String ID="Word_14809" HPOS="650" VPOS="1026" WIDTH="153" HEIGHT="39" CONTENT="können" />
            <SP ID="SP_13157" HPOS="803" VPOS="1026" WIDTH="29" HEIGHT="0" />
            <String ID="Word_14810" HPOS="832" VPOS="1038" WIDTH="50" HEIGHT="28" CONTENT="an" />
            <SP ID="SP_13158" HPOS="882" VPOS="1028" WIDTH="29" HEIGHT="0" />
            <String ID="Word_14811" HPOS="911" VPOS="1028" WIDTH="306" HEIGHT="49" CONTENT="Hospitalbrand" />
            <SP ID="SP_13159" HPOS="1217" VPOS="1028" WIDTH="29" HEIGHT="0" />
            <String ID="Word_14812" HPOS="1246" VPOS="1031" WIDTH="230" HEIGHT="39" CONTENT="erkranken." />
          </TextLine>
          <TextLine ID="TextLine_1658" HPOS="384" VPOS="1131" WIDTH="1482" HEIGHT="53">
            <String ID="Word_14813" HPOS="384" VPOS="1131" WIDTH="132" HEIGHT="39" CONTENT="Ueber" />
            <SP ID="SP_13160" HPOS="516" VPOS="1131" WIDTH="29" HEIGHT="0" />
            <String ID="Word_14814" HPOS="545" VPOS="1132" WIDTH="62" HEIGHT="39" CONTENT="die" />
            <SP ID="SP_13161" HPOS="607" VPOS="1132" WIDTH="29" HEIGHT="0" />
            <String ID="Word_14815" HPOS="636" VPOS="1132" WIDTH="186" HEIGHT="52" CONTENT="Neigung" />
            <SP ID="SP_13162" HPOS="822" VPOS="1132" WIDTH="28" HEIGHT="0" />
            <String ID="Word_14816" HPOS="850" VPOS="1148" WIDTH="75" HEIGHT="24" CONTENT="von" />
            <SP ID="SP_13163" HPOS="925" VPOS="1134" WIDTH="29" HEIGHT="0" />
            <String ID="Word_14817" HPOS="954" VPOS="1134" WIDTH="286" HEIGHT="48" CONTENT="Ulcerationen," />
            <SP ID="SP_13164" HPOS="1240" VPOS="1134" WIDTH="33" HEIGHT="0" />
            <String ID="Word_14818" HPOS="1273" VPOS="1137" WIDTH="165" HEIGHT="38" CONTENT="offenem" />
            <SP ID="SP_13165" HPOS="1438" VPOS="1137" WIDTH="29" HEIGHT="0" />
            <String ID="Word_14819" HPOS="1467" VPOS="1137" WIDTH="201" HEIGHT="39" CONTENT="Carcinom" />
            <SP ID="SP_13166" HPOS="1668" VPOS="1137" WIDTH="27" HEIGHT="0" />
            <String ID="Word_14820" HPOS="1695" VPOS="1142" WIDTH="72" HEIGHT="36" CONTENT="etc." />
            <SP ID="SP_13167" HPOS="1767" VPOS="1142" WIDTH="31" HEIGHT="0" />
            <String ID="Word_14821" HPOS="1798" VPOS="1154" WIDTH="68" HEIGHT="24" CONTENT="zur" />
          </TextLine>
          <TextLine ID="TextLine_1659" HPOS="251" VPOS="1184" WIDTH="1614" HEIGHT="57">
            <String ID="Word_14822" HPOS="251" VPOS="1184" WIDTH="271" HEIGHT="53" CONTENT="Erkrankung" />
            <SP ID="SP_13168" HPOS="522" VPOS="1184" WIDTH="30" HEIGHT="0" />
            <String ID="Word_14823" HPOS="552" VPOS="1200" WIDTH="49" HEIGHT="25" CONTENT="an" />
            <SP ID="SP_13169" HPOS="601" VPOS="1187" WIDTH="30" HEIGHT="0" />
            <String ID="Word_14824" HPOS="631" VPOS="1187" WIDTH="308" HEIGHT="51" CONTENT="Hospitalbrand" />
            <SP ID="SP_13170" HPOS="939" VPOS="1187" WIDTH="29" HEIGHT="0" />
            <String ID="Word_14825" HPOS="968" VPOS="1189" WIDTH="87" HEIGHT="38" CONTENT="sind" />
            <SP ID="SP_13171" HPOS="1055" VPOS="1189" WIDTH="38" HEIGHT="0" />
            <String ID="Word_14826" HPOS="1093" VPOS="1190" WIDTH="60" HEIGHT="38" CONTENT="die" />
            <SP ID="SP_13172" HPOS="1153" VPOS="1189" WIDTH="30" HEIGHT="0" />
            <String ID="Word_14827" HPOS="1183" VPOS="1189" WIDTH="204" HEIGHT="52" CONTENT="Angaben," />
            <SP ID="SP_13173" HPOS="1387" VPOS="1189" WIDTH="40" HEIGHT="0" />
            <String ID="Word_14828" HPOS="1427" VPOS="1192" WIDTH="234" HEIGHT="38" CONTENT="namentlich" />
            <SP ID="SP_13174" HPOS="1661" VPOS="1192" WIDTH="38" HEIGHT="0" />
            <String ID="Word_14829" HPOS="1699" VPOS="1193" WIDTH="58" HEIGHT="37" CONTENT="die" />
            <SP ID="SP_13175" HPOS="1757" VPOS="1193" WIDTH="42" HEIGHT="0" />
            <String ID="Word_14830" HPOS="1799" VPOS="1194" WIDTH="66" HEIGHT="38" CONTENT="der" />
          </TextLine>
          <TextLine ID="TextLine_1660" HPOS="252" VPOS="1239" WIDTH="1615" HEIGHT="56">
            <String ID="Word_14831" HPOS="252" VPOS="1239" WIDTH="151" HEIGHT="39" CONTENT="älteren" />
            <SP ID="SP_13176" HPOS="403" VPOS="1239" WIDTH="29" HEIGHT="0" />
            <String ID="Word_14832" HPOS="432" VPOS="1239" WIDTH="190" HEIGHT="48" CONTENT="Autoren," />
            <SP ID="SP_13177" HPOS="622" VPOS="1239" WIDTH="33" HEIGHT="0" />
            <String ID="Word_14833" HPOS="655" VPOS="1242" WIDTH="89" HEIGHT="38" CONTENT="sehr" />
            <SP ID="SP_13178" HPOS="744" VPOS="1242" WIDTH="33" HEIGHT="0" />
            <String ID="Word_14834" HPOS="777" VPOS="1242" WIDTH="263" HEIGHT="41" CONTENT="verschieden." />
            <SP ID="SP_13179" HPOS="1040" VPOS="1242" WIDTH="70" HEIGHT="0" />
            <String ID="Word_14835" HPOS="1110" VPOS="1244" WIDTH="144" HEIGHT="38" CONTENT="Rollo" />
            <SP ID="SP_13180" HPOS="1254" VPOS="1244" WIDTH="40" HEIGHT="0" />
            <String ID="Word_14836" HPOS="1294" VPOS="1244" WIDTH="177" HEIGHT="51" CONTENT="leugnet," />
            <SP ID="SP_13181" HPOS="1471" VPOS="1244" WIDTH="47" HEIGHT="0" />
            <String ID="Word_14837" HPOS="1518" VPOS="1246" WIDTH="86" HEIGHT="37" CONTENT="dass" />
            <SP ID="SP_13182" HPOS="1604" VPOS="1246" WIDTH="39" HEIGHT="0" />
            <String ID="Word_14838" HPOS="1643" VPOS="1247" WIDTH="224" HEIGHT="37" CONTENT="specifische" />
          </TextLine>
          <TextLine ID="TextLine_1661" HPOS="253" VPOS="1292" WIDTH="1613" HEIGHT="58">
            <String ID="Word_14839" HPOS="253" VPOS="1292" WIDTH="236" HEIGHT="41" CONTENT="Geschwüre" />
            <SP ID="SP_13183" HPOS="489" VPOS="1292" WIDTH="31" HEIGHT="0" />
            <String ID="Word_14840" HPOS="520" VPOS="1294" WIDTH="57" HEIGHT="50" CONTENT="(as" />
            <SP ID="SP_13184" HPOS="577" VPOS="1294" WIDTH="31" HEIGHT="0" />
            <String ID="Word_14841" HPOS="608" VPOS="1295" WIDTH="67" HEIGHT="39" CONTENT="the" />
            <SP ID="SP_13185" HPOS="675" VPOS="1295" WIDTH="29" HEIGHT="0" />
            <String ID="Word_14842" HPOS="704" VPOS="1297" WIDTH="191" HEIGHT="46" CONTENT="venereal," />
            <SP ID="SP_13186" HPOS="895" VPOS="1297" WIDTH="32" HEIGHT="0" />
            <String ID="Word_14843" HPOS="927" VPOS="1297" WIDTH="255" HEIGHT="50" CONTENT="scrophulous" />
            <SP ID="SP_13187" HPOS="1182" VPOS="1297" WIDTH="31" HEIGHT="0" />
            <String ID="Word_14844" HPOS="1213" VPOS="1298" WIDTH="78" HEIGHT="38" CONTENT="and" />
            <SP ID="SP_13188" HPOS="1291" VPOS="1298" WIDTH="27" HEIGHT="0" />
            <String ID="Word_14845" HPOS="1318" VPOS="1298" WIDTH="209" HEIGHT="50" CONTENT="variolous)" />
            <SP ID="SP_13189" HPOS="1527" VPOS="1298" WIDTH="30" HEIGHT="0" />
            <String ID="Word_14846" HPOS="1557" VPOS="1313" WIDTH="89" HEIGHT="25" CONTENT="vom" />
            <SP ID="SP_13190" HPOS="1646" VPOS="1299" WIDTH="20" HEIGHT="0" />
            <String ID="Word_14847" HPOS="1666" VPOS="1299" WIDTH="200" HEIGHT="51" CONTENT="Hospital-" />
          </TextLine>
          <TextLine ID="TextLine_1662" HPOS="251" VPOS="1349" WIDTH="1616" HEIGHT="56">
            <String ID="Word_14848" HPOS="251" VPOS="1349" WIDTH="126" HEIGHT="37" CONTENT="brand" />
            <SP ID="SP_13191" HPOS="377" VPOS="1349" WIDTH="32" HEIGHT="0" />
            <String ID="Word_14849" HPOS="409" VPOS="1349" WIDTH="170" HEIGHT="39" CONTENT="befallen" />
            <SP ID="SP_13192" HPOS="579" VPOS="1349" WIDTH="29" HEIGHT="0" />
            <String ID="Word_14850" HPOS="608" VPOS="1351" WIDTH="168" HEIGHT="38" CONTENT="werden." />
            <SP ID="SP_13193" HPOS="776" VPOS="1351" WIDTH="59" HEIGHT="0" />
            <String ID="Word_14851" HPOS="835" VPOS="1351" WIDTH="236" HEIGHT="39" CONTENT="Thomson" />
            <SP ID="SP_13194" HPOS="1071" VPOS="1351" WIDTH="35" HEIGHT="0" />
            <String ID="Word_14852" HPOS="1106" VPOS="1352" WIDTH="184" HEIGHT="38" CONTENT="scheinen" />
            <SP ID="SP_13195" HPOS="1290" VPOS="1352" WIDTH="37" HEIGHT="0" />
            <String ID="Word_14853" HPOS="1327" VPOS="1352" WIDTH="224" HEIGHT="50" CONTENT="specifische" />
            <SP ID="SP_13196" HPOS="1551" VPOS="1352" WIDTH="30" HEIGHT="0" />
            <String ID="Word_14854" HPOS="1581" VPOS="1353" WIDTH="78" HEIGHT="38" CONTENT="und" />
            <SP ID="SP_13197" HPOS="1659" VPOS="1353" WIDTH="27" HEIGHT="0" />
            <String ID="Word_14855" HPOS="1686" VPOS="1353" WIDTH="181" HEIGHT="40" CONTENT="krebsige" />
          </TextLine>
          <TextLine ID="TextLine_1663" HPOS="252" VPOS="1402" WIDTH="1615" HEIGHT="55">
            <String ID="Word_14856" HPOS="252" VPOS="1402" WIDTH="236" HEIGHT="39" CONTENT="Geschwüre" />
            <SP ID="SP_13198" HPOS="488" VPOS="1402" WIDTH="38" HEIGHT="0" />
            <String ID="Word_14857" HPOS="526" VPOS="1405" WIDTH="173" HEIGHT="50" CONTENT="weniger" />
            <SP ID="SP_13199" HPOS="699" VPOS="1405" WIDTH="43" HEIGHT="0" />
            <String ID="Word_14858" HPOS="742" VPOS="1405" WIDTH="119" HEIGHT="38" CONTENT="leicht" />
            <SP ID="SP_13200" HPOS="861" VPOS="1405" WIDTH="44" HEIGHT="0" />
            <String ID="Word_14859" HPOS="905" VPOS="1406" WIDTH="67" HEIGHT="37" CONTENT="der" />
            <SP ID="SP_13201" HPOS="972" VPOS="1404" WIDTH="28" HEIGHT="0" />
            <String ID="Word_14860" HPOS="1000" VPOS="1404" WIDTH="260" HEIGHT="40" CONTENT="Ansteckung" />
            <SP ID="SP_13202" HPOS="1260" VPOS="1404" WIDTH="39" HEIGHT="0" />
            <String ID="Word_14861" HPOS="1299" VPOS="1407" WIDTH="264" HEIGHT="37" CONTENT="unterwoi-fen" />
            <SP ID="SP_13203" HPOS="1563" VPOS="1407" WIDTH="28" HEIGHT="0" />
            <String ID="Word_14862" HPOS="1591" VPOS="1420" WIDTH="46" HEIGHT="24" CONTENT="zu" />
            <SP ID="SP_13204" HPOS="1637" VPOS="1408" WIDTH="30" HEIGHT="0" />
            <String ID="Word_14863" HPOS="1667" VPOS="1408" WIDTH="98" HEIGHT="46" CONTENT="sein," />
            <SP ID="SP_13205" HPOS="1765" VPOS="1408" WIDTH="46" HEIGHT="0" />
            <String ID="Word_14864" HPOS="1811" VPOS="1422" WIDTH="56" HEIGHT="24" CONTENT="als" />
          </TextLine>
          <TextLine ID="TextLine_1664" HPOS="253" VPOS="1457" WIDTH="1613" HEIGHT="55">
            <String ID="Word_14865" HPOS="253" VPOS="1457" WIDTH="179" HEIGHT="39" CONTENT="einfache" />
            <SP ID="SP_13206" HPOS="432" VPOS="1457" WIDTH="31" HEIGHT="0" />
            <String ID="Word_14866" HPOS="463" VPOS="1457" WIDTH="321" HEIGHT="41" CONTENT="Granulationen." />
            <SP ID="SP_13207" HPOS="784" VPOS="1457" WIDTH="75" HEIGHT="0" />
            <String ID="Word_14867" HPOS="859" VPOS="1459" WIDTH="322" HEIGHT="51" CONTENT="Dussaussoy" />
            <SP ID="SP_13208" HPOS="1181" VPOS="1459" WIDTH="42" HEIGHT="0" />
            <String ID="Word_14868" HPOS="1223" VPOS="1460" WIDTH="144" HEIGHT="50" CONTENT="gelang" />
            <SP ID="SP_13209" HPOS="1367" VPOS="1460" WIDTH="29" HEIGHT="0" />
            <String ID="Word_14869" HPOS="1396" VPOS="1473" WIDTH="39" HEIGHT="25" CONTENT="es" />
            <SP ID="SP_13210" HPOS="1435" VPOS="1464" WIDTH="32" HEIGHT="0" />
            <String ID="Word_14870" HPOS="1467" VPOS="1464" WIDTH="79" HEIGHT="34" CONTENT="erst" />
            <SP ID="SP_13211" HPOS="1546" VPOS="1460" WIDTH="27" HEIGHT="0" />
            <String ID="Word_14871" HPOS="1573" VPOS="1460" WIDTH="100" HEIGHT="38" CONTENT="nach" />
            <SP ID="SP_13212" HPOS="1673" VPOS="1460" WIDTH="28" HEIGHT="0" />
            <String ID="Word_14872" HPOS="1701" VPOS="1462" WIDTH="165" HEIGHT="38" CONTENT="vergeb-" />
          </TextLine>
          <TextLine ID="TextLine_1665" HPOS="251" VPOS="1511" WIDTH="1616" HEIGHT="52">
            <String ID="Word_14873" HPOS="251" VPOS="1511" WIDTH="144" HEIGHT="39" CONTENT="lichem" />
            <SP ID="SP_13213" HPOS="395" VPOS="1511" WIDTH="29" HEIGHT="0" />
            <String ID="Word_14874" HPOS="424" VPOS="1511" WIDTH="213" HEIGHT="48" CONTENT="Bemühen," />
            <SP ID="SP_13214" HPOS="637" VPOS="1511" WIDTH="34" HEIGHT="0" />
            <String ID="Word_14875" HPOS="671" VPOS="1513" WIDTH="75" HEIGHT="38" CONTENT="den" />
            <SP ID="SP_13215" HPOS="746" VPOS="1513" WIDTH="28" HEIGHT="0" />
            <String ID="Word_14876" HPOS="774" VPOS="1513" WIDTH="311" HEIGHT="50" CONTENT="Hospitalbrand" />
            <SP ID="SP_13216" HPOS="1085" VPOS="1513" WIDTH="29" HEIGHT="0" />
            <String ID="Word_14877" HPOS="1114" VPOS="1513" WIDTH="69" HEIGHT="39" CONTENT="auf" />
            <SP ID="SP_13217" HPOS="1183" VPOS="1513" WIDTH="26" HEIGHT="0" />
            <String ID="Word_14878" HPOS="1209" VPOS="1514" WIDTH="61" HEIGHT="38" CONTENT="ein" />
            <SP ID="SP_13218" HPOS="1270" VPOS="1514" WIDTH="29" HEIGHT="0" />
            <String ID="Word_14879" HPOS="1299" VPOS="1514" WIDTH="145" HEIGHT="38" CONTENT="offenes" />
            <SP ID="SP_13219" HPOS="1444" VPOS="1513" WIDTH="23" HEIGHT="0" />
            <String ID="Word_14880" HPOS="1467" VPOS="1513" WIDTH="201" HEIGHT="39" CONTENT="Carcinom" />
            <SP ID="SP_13220" HPOS="1668" VPOS="1513" WIDTH="19" HEIGHT="0" />
            <String ID="Word_14881" HPOS="1687" VPOS="1528" WIDTH="46" HEIGHT="24" CONTENT="zu" />
            <SP ID="SP_13221" HPOS="1733" VPOS="1516" WIDTH="20" HEIGHT="0" />
            <String ID="Word_14882" HPOS="1753" VPOS="1516" WIDTH="114" HEIGHT="38" CONTENT="über-" />
          </TextLine>
          <TextLine ID="TextLine_1666" HPOS="251" VPOS="1565" WIDTH="1615" HEIGHT="53">
            <String ID="Word_14883" HPOS="251" VPOS="1568" WIDTH="153" HEIGHT="49" CONTENT="tragen." />
            <SP ID="SP_13222" HPOS="404" VPOS="1565" WIDTH="61" HEIGHT="0" />
            <String ID="Word_14884" HPOS="465" VPOS="1565" WIDTH="113" HEIGHT="40" CONTENT="Auch" />
            <SP ID="SP_13223" HPOS="578" VPOS="1565" WIDTH="29" HEIGHT="0" />
            <String ID="Word_14885" HPOS="607" VPOS="1581" WIDTH="35" HEIGHT="24" CONTENT="V." />
            <SP ID="SP_13224" HPOS="642" VPOS="1567" WIDTH="33" HEIGHT="0" />
            <String ID="Word_14886" HPOS="675" VPOS="1567" WIDTH="148" HEIGHT="38" CONTENT="Pitha" />
            <SP ID="SP_13225" HPOS="823" VPOS="1567" WIDTH="30" HEIGHT="0" />
            <String ID="Word_14887" HPOS="853" VPOS="1568" WIDTH="109" HEIGHT="50" CONTENT="giebt" />
            <SP ID="SP_13226" HPOS="962" VPOS="1568" WIDTH="29" HEIGHT="0" />
            <String ID="Word_14888" HPOS="991" VPOS="1582" WIDTH="60" HEIGHT="24" CONTENT="an," />
            <SP ID="SP_13227" HPOS="1051" VPOS="1568" WIDTH="41" HEIGHT="0" />
            <String ID="Word_14889" HPOS="1092" VPOS="1568" WIDTH="87" HEIGHT="38" CONTENT="dass" />
            <SP ID="SP_13228" HPOS="1179" VPOS="1568" WIDTH="45" HEIGHT="0" />
            <String ID="Word_14890" HPOS="1224" VPOS="1568" WIDTH="125" HEIGHT="38" CONTENT="offene" />
            <SP ID="SP_13229" HPOS="1349" VPOS="1568" WIDTH="31" HEIGHT="0" />
            <String ID="Word_14891" HPOS="1380" VPOS="1568" WIDTH="224" HEIGHT="38" CONTENT="Carcinome" />
            <SP ID="SP_13230" HPOS="1604" VPOS="1568" WIDTH="42" HEIGHT="0" />
            <String ID="Word_14892" HPOS="1646" VPOS="1569" WIDTH="78" HEIGHT="37" CONTENT="und" />
            <SP ID="SP_13231" HPOS="1724" VPOS="1569" WIDTH="28" HEIGHT="0" />
            <String ID="Word_14893" HPOS="1752" VPOS="1569" WIDTH="114" HEIGHT="38" CONTENT="lupus" />
          </TextLine>
          <TextLine ID="TextLine_1667" HPOS="252" VPOS="1621" WIDTH="1615" HEIGHT="51">
            <String ID="Word_14894" HPOS="252" VPOS="1621" WIDTH="271" HEIGHT="50" CONTENT="serpiginosus" />
            <SP ID="SP_13232" HPOS="523" VPOS="1621" WIDTH="30" HEIGHT="0" />
            <String ID="Word_14895" HPOS="553" VPOS="1622" WIDTH="67" HEIGHT="37" CONTENT="der" />
            <SP ID="SP_13233" HPOS="620" VPOS="1621" WIDTH="21" HEIGHT="0" />
            <String ID="Word_14896" HPOS="641" VPOS="1621" WIDTH="221" HEIGHT="39" CONTENT="Krankheit" />
            <SP ID="SP_13234" HPOS="862" VPOS="1621" WIDTH="29" HEIGHT="0" />
            <String ID="Word_14897" HPOS="891" VPOS="1636" WIDTH="62" HEIGHT="23" CONTENT="am" />
            <SP ID="SP_13235" HPOS="953" VPOS="1622" WIDTH="21" HEIGHT="0" />
            <String ID="Word_14898" HPOS="974" VPOS="1622" WIDTH="164" HEIGHT="38" CONTENT="meisten" />
            <SP ID="SP_13236" HPOS="1138" VPOS="1622" WIDTH="20" HEIGHT="0" />
            <String ID="Word_14899" HPOS="1158" VPOS="1622" WIDTH="251" HEIGHT="38" CONTENT="Widerstand" />
            <SP ID="SP_13237" HPOS="1409" VPOS="1622" WIDTH="21" HEIGHT="0" />
            <String ID="Word_14900" HPOS="1430" VPOS="1622" WIDTH="149" HEIGHT="38" CONTENT="leisten." />
            <SP ID="SP_13238" HPOS="1579" VPOS="1621" WIDTH="60" HEIGHT="0" />
            <String ID="Word_14901" HPOS="1639" VPOS="1621" WIDTH="228" HEIGHT="39" CONTENT="Statistiken" />
          </TextLine>
          <TextLine ID="TextLine_1668" HPOS="252" VPOS="1675" WIDTH="1613" HEIGHT="51">
            <String ID="Word_14902" HPOS="252" VPOS="1675" WIDTH="99" HEIGHT="38" CONTENT="über" />
            <SP ID="SP_13239" HPOS="351" VPOS="1675" WIDTH="30" HEIGHT="0" />
            <String ID="Word_14903" HPOS="381" VPOS="1675" WIDTH="104" HEIGHT="38" CONTENT="diese" />
            <SP ID="SP_13240" HPOS="485" VPOS="1675" WIDTH="32" HEIGHT="0" />
            <String ID="Word_14904" HPOS="517" VPOS="1675" WIDTH="268" HEIGHT="40" CONTENT="Verhältnisse" />
            <SP ID="SP_13241" HPOS="785" VPOS="1675" WIDTH="29" HEIGHT="0" />
            <String ID="Word_14905" HPOS="814" VPOS="1676" WIDTH="131" HEIGHT="38" CONTENT="liegen" />
            <SP ID="SP_13242" HPOS="945" VPOS="1676" WIDTH="30" HEIGHT="0" />
            <String ID="Word_14906" HPOS="975" VPOS="1676" WIDTH="74" HEIGHT="38" CONTENT="mir" />
            <SP ID="SP_13243" HPOS="1049" VPOS="1676" WIDTH="28" HEIGHT="0" />
            <String ID="Word_14907" HPOS="1077" VPOS="1676" WIDTH="109" HEIGHT="38" CONTENT="nicht" />
            <SP ID="SP_13244" HPOS="1186" VPOS="1676" WIDTH="28" HEIGHT="0" />
            <String ID="Word_14908" HPOS="1214" VPOS="1690" WIDTH="79" HEIGHT="24" CONTENT="vor," />
            <SP ID="SP_13245" HPOS="1293" VPOS="1676" WIDTH="33" HEIGHT="0" />
            <String ID="Word_14909" HPOS="1326" VPOS="1676" WIDTH="98" HEIGHT="37" CONTENT="doch" />
            <SP ID="SP_13246" HPOS="1424" VPOS="1676" WIDTH="29" HEIGHT="0" />
            <String ID="Word_14910" HPOS="1453" VPOS="1676" WIDTH="104" HEIGHT="37" CONTENT="kann" />
            <SP ID="SP_13247" HPOS="1557" VPOS="1676" WIDTH="28" HEIGHT="0" />
            <String ID="Word_14911" HPOS="1585" VPOS="1676" WIDTH="62" HEIGHT="38" CONTENT="ich" />
            <SP ID="SP_13248" HPOS="1647" VPOS="1676" WIDTH="20" HEIGHT="0" />
            <String ID="Word_14912" HPOS="1667" VPOS="1676" WIDTH="53" HEIGHT="37" CONTENT="im" />
            <SP ID="SP_13249" HPOS="1720" VPOS="1676" WIDTH="20" HEIGHT="0" />
            <String ID="Word_14913" HPOS="1740" VPOS="1676" WIDTH="125" HEIGHT="38" CONTENT="Inter-" />
          </TextLine>
          <TextLine ID="TextLine_1669" HPOS="251" VPOS="1729" WIDTH="1613" HEIGHT="52">
            <String ID="Word_14914" HPOS="251" VPOS="1743" WIDTH="87" HEIGHT="25" CONTENT="esse" />
            <SP ID="SP_13250" HPOS="338" VPOS="1730" WIDTH="31" HEIGHT="0" />
            <String ID="Word_14915" HPOS="369" VPOS="1730" WIDTH="126" HEIGHT="38" CONTENT="dieser" />
            <SP ID="SP_13251" HPOS="495" VPOS="1729" WIDTH="27" HEIGHT="0" />
            <String ID="Word_14916" HPOS="522" VPOS="1729" WIDTH="129" HEIGHT="52" CONTENT="Frage" />
            <SP ID="SP_13252" HPOS="651" VPOS="1729" WIDTH="31" HEIGHT="0" />
            <String ID="Word_14917" HPOS="682" VPOS="1729" WIDTH="105" HEIGHT="51" CONTENT="(falls" />
            <SP ID="SP_13253" HPOS="787" VPOS="1729" WIDTH="31" HEIGHT="0" />
            <String ID="Word_14918" HPOS="818" VPOS="1730" WIDTH="55" HEIGHT="38" CONTENT="sie" />
            <SP ID="SP_13254" HPOS="873" VPOS="1730" WIDTH="30" HEIGHT="0" />
            <String ID="Word_14919" HPOS="903" VPOS="1730" WIDTH="144" HEIGHT="38" CONTENT="einmal" />
            <SP ID="SP_13255" HPOS="1047" VPOS="1730" WIDTH="19" HEIGHT="0" />
            <String ID="Word_14920" HPOS="1066" VPOS="1730" WIDTH="200" HEIGHT="50" CONTENT="praktisch" />
            <SP ID="SP_13256" HPOS="1266" VPOS="1729" WIDTH="16" HEIGHT="0" />
            <String ID="Word_14921" HPOS="1282" VPOS="1729" WIDTH="265" HEIGHT="51" CONTENT="aufgeworfen" />
            <SP ID="SP_13257" HPOS="1547" VPOS="1729" WIDTH="20" HEIGHT="0" />
            <String ID="Word_14922" HPOS="1567" VPOS="1730" WIDTH="154" HEIGHT="38" CONTENT="werden" />
            <SP ID="SP_13258" HPOS="1721" VPOS="1730" WIDTH="20" HEIGHT="0" />
            <String ID="Word_14923" HPOS="1741" VPOS="1730" WIDTH="123" HEIGHT="47" CONTENT="sollte," />
          </TextLine>
          <TextLine ID="TextLine_1670" HPOS="251" VPOS="1783" WIDTH="1614" HEIGHT="52">
            <String ID="Word_14924" HPOS="251" VPOS="1798" WIDTH="32" HEIGHT="24" CONTENT="z." />
            <SP ID="SP_13259" HPOS="283" VPOS="1783" WIDTH="24" HEIGHT="0" />
            <String ID="Word_14925" HPOS="307" VPOS="1783" WIDTH="44" HEIGHT="39" CONTENT="B." />
            <SP ID="SP_13260" HPOS="351" VPOS="1783" WIDTH="32" HEIGHT="0" />
            <String ID="Word_14926" HPOS="383" VPOS="1784" WIDTH="54" HEIGHT="38" CONTENT="im" />
            <SP ID="SP_13261" HPOS="437" VPOS="1783" WIDTH="30" HEIGHT="0" />
            <String ID="Word_14927" HPOS="467" VPOS="1783" WIDTH="193" HEIGHT="40" CONTENT="Interesse" />
            <SP ID="SP_13262" HPOS="660" VPOS="1783" WIDTH="32" HEIGHT="0" />
            <String ID="Word_14928" HPOS="692" VPOS="1785" WIDTH="66" HEIGHT="38" CONTENT="der" />
            <SP ID="SP_13263" HPOS="758" VPOS="1784" WIDTH="30" HEIGHT="0" />
            <String ID="Word_14929" HPOS="788" VPOS="1784" WIDTH="210" HEIGHT="51" CONTENT="Isolirung)" />
            <SP ID="SP_13264" HPOS="998" VPOS="1784" WIDTH="31" HEIGHT="0" />
            <String ID="Word_14930" HPOS="1029" VPOS="1784" WIDTH="101" HEIGHT="38" CONTENT="nach" />
            <SP ID="SP_13265" HPOS="1130" VPOS="1784" WIDTH="28" HEIGHT="0" />
            <String ID="Word_14931" HPOS="1158" VPOS="1798" WIDTH="34" HEIGHT="24" CONTENT="v." />
            <SP ID="SP_13266" HPOS="1192" VPOS="1783" WIDTH="23" HEIGHT="0" />
            <String ID="Word_14932" HPOS="1215" VPOS="1783" WIDTH="169" HEIGHT="38" CONTENT="Pitha's" />
            <SP ID="SP_13267" HPOS="1384" VPOS="1783" WIDTH="30" HEIGHT="0" />
            <String ID="Word_14933" HPOS="1414" VPOS="1784" WIDTH="79" HEIGHT="37" CONTENT="und" />
            <SP ID="SP_13268" HPOS="1493" VPOS="1783" WIDTH="28" HEIGHT="0" />
            <String ID="Word_14934" HPOS="1521" VPOS="1783" WIDTH="223" HEIGHT="39" CONTENT="Fischer's" />
            <SP ID="SP_13269" HPOS="1744" VPOS="1783" WIDTH="21" HEIGHT="0" />
            <String ID="Word_14935" HPOS="1765" VPOS="1783" WIDTH="100" HEIGHT="38" CONTENT="Auf-" />
          </TextLine>
          <TextLine ID="TextLine_1671" HPOS="251" VPOS="1836" WIDTH="1612" HEIGHT="53">
            <String ID="Word_14936" HPOS="251" VPOS="1838" WIDTH="272" HEIGHT="51" CONTENT="zeichnungen" />
            <SP ID="SP_13270" HPOS="523" VPOS="1838" WIDTH="43" HEIGHT="0" />
            <String ID="Word_14937" HPOS="566" VPOS="1839" WIDTH="197" HEIGHT="50" CONTENT="angeben," />
            <SP ID="SP_13271" HPOS="763" VPOS="1839" WIDTH="46" HEIGHT="0" />
            <String ID="Word_14938" HPOS="809" VPOS="1851" WIDTH="167" HEIGHT="25" CONTENT="welcher" />
            <SP ID="SP_13272" HPOS="976" VPOS="1837" WIDTH="43" HEIGHT="0" />
            <String ID="Word_14939" HPOS="1019" VPOS="1837" WIDTH="74" HEIGHT="39" CONTENT="Art" />
            <SP ID="SP_13273" HPOS="1093" VPOS="1837" WIDTH="51" HEIGHT="0" />
            <String ID="Word_14940" HPOS="1144" VPOS="1838" WIDTH="61" HEIGHT="38" CONTENT="die" />
            <SP ID="SP_13274" HPOS="1205" VPOS="1838" WIDTH="48" HEIGHT="0" />
            <String ID="Word_14941" HPOS="1253" VPOS="1838" WIDTH="190" HEIGHT="38" CONTENT="örtlichen" />
            <SP ID="SP_13275" HPOS="1443" VPOS="1836" WIDTH="42" HEIGHT="0" />
            <String ID="Word_14942" HPOS="1485" VPOS="1836" WIDTH="240" HEIGHT="40" CONTENT="Affectionen" />
            <SP ID="SP_13276" HPOS="1725" VPOS="1836" WIDTH="42" HEIGHT="0" />
            <String ID="Word_14943" HPOS="1767" VPOS="1838" WIDTH="96" HEIGHT="46" CONTENT="sind," />
          </TextLine>
          <TextLine ID="TextLine_1672" HPOS="253" VPOS="1891" WIDTH="1614" HEIGHT="52">
            <String ID="Word_14944" HPOS="253" VPOS="1892" WIDTH="62" HEIGHT="39" CONTENT="die" />
            <SP ID="SP_13277" HPOS="315" VPOS="1892" WIDTH="40" HEIGHT="0" />
            <String ID="Word_14945" HPOS="355" VPOS="1893" WIDTH="342" HEIGHT="50" CONTENT="hospitalbrandig" />
            <SP ID="SP_13278" HPOS="697" VPOS="1893" WIDTH="45" HEIGHT="0" />
            <String ID="Word_14946" HPOS="742" VPOS="1893" WIDTH="254" HEIGHT="38" CONTENT="erkrankten," />
            <SP ID="SP_13279" HPOS="996" VPOS="1893" WIDTH="37" HEIGHT="0" />
            <String ID="Word_14947" HPOS="1033" VPOS="1893" WIDTH="79" HEIGHT="37" CONTENT="und" />
            <SP ID="SP_13280" HPOS="1112" VPOS="1892" WIDTH="40" HEIGHT="0" />
            <String ID="Word_14948" HPOS="1152" VPOS="1892" WIDTH="72" HEIGHT="38" CONTENT="wie" />
            <SP ID="SP_13281" HPOS="1224" VPOS="1892" WIDTH="43" HEIGHT="0" />
            <String ID="Word_14949" HPOS="1267" VPOS="1892" WIDTH="58" HEIGHT="38" CONTENT="oft" />
            <SP ID="SP_13282" HPOS="1325" VPOS="1892" WIDTH="39" HEIGHT="0" />
            <String ID="Word_14950" HPOS="1364" VPOS="1892" WIDTH="90" HEIGHT="49" CONTENT="jede" />
            <SP ID="SP_13283" HPOS="1454" VPOS="1891" WIDTH="31" HEIGHT="0" />
            <String ID="Word_14951" HPOS="1485" VPOS="1891" WIDTH="203" HEIGHT="38" CONTENT="derselben" />
            <SP ID="SP_13284" HPOS="1688" VPOS="1891" WIDTH="28" HEIGHT="0" />
            <String ID="Word_14952" HPOS="1716" VPOS="1891" WIDTH="56" HEIGHT="38" CONTENT="als" />
            <SP ID="SP_13285" HPOS="1772" VPOS="1891" WIDTH="30" HEIGHT="0" />
            <String ID="Word_14953" HPOS="1802" VPOS="1891" WIDTH="65" HEIGHT="39" CONTENT="In-" />
          </TextLine>
          <TextLine ID="TextLine_1673" HPOS="251" VPOS="1944" WIDTH="1615" HEIGHT="53">
            <String ID="Word_14954" HPOS="251" VPOS="1947" WIDTH="300" HEIGHT="39" CONTENT="fectionspforte" />
            <SP ID="SP_13286" HPOS="551" VPOS="1947" WIDTH="30" HEIGHT="0" />
            <String ID="Word_14955" HPOS="581" VPOS="1948" WIDTH="63" HEIGHT="37" CONTENT="für" />
            <SP ID="SP_13287" HPOS="644" VPOS="1947" WIDTH="30" HEIGHT="0" />
            <String ID="Word_14956" HPOS="674" VPOS="1947" WIDTH="309" HEIGHT="50" CONTENT="Hospitalbrand" />
            <SP ID="SP_13288" HPOS="983" VPOS="1947" WIDTH="28" HEIGHT="0" />
            <String ID="Word_14957" HPOS="1011" VPOS="1947" WIDTH="159" HEIGHT="50" CONTENT="gedient" />
            <SP ID="SP_13289" HPOS="1170" VPOS="1946" WIDTH="28" HEIGHT="0" />
            <String ID="Word_14958" HPOS="1198" VPOS="1946" WIDTH="80" HEIGHT="38" CONTENT="hat." />
            <SP ID="SP_13290" HPOS="1278" VPOS="1945" WIDTH="66" HEIGHT="0" />
            <String ID="Word_14959" HPOS="1344" VPOS="1945" WIDTH="146" HEIGHT="38" CONTENT="Ferner" />
            <SP ID="SP_13291" HPOS="1490" VPOS="1945" WIDTH="36" HEIGHT="0" />
            <String ID="Word_14960" HPOS="1526" VPOS="1945" WIDTH="52" HEIGHT="38" CONTENT="ist" />
            <SP ID="SP_13292" HPOS="1578" VPOS="1945" WIDTH="36" HEIGHT="0" />
            <String ID="Word_14961" HPOS="1614" VPOS="1946" WIDTH="58" HEIGHT="37" CONTENT="die" />
            <SP ID="SP_13293" HPOS="1672" VPOS="1944" WIDTH="29" HEIGHT="0" />
            <String ID="Word_14962" HPOS="1701" VPOS="1944" WIDTH="165" HEIGHT="39" CONTENT="Angabe" />
          </TextLine>
          <TextLine ID="TextLine_1674" HPOS="255" VPOS="1998" WIDTH="1609" HEIGHT="53">
            <String ID="Word_14963" HPOS="255" VPOS="2015" WIDTH="76" HEIGHT="25" CONTENT="von" />
            <SP ID="SP_13294" HPOS="331" VPOS="2002" WIDTH="15" HEIGHT="0" />
            <String ID="Word_14964" HPOS="346" VPOS="2002" WIDTH="153" HEIGHT="38" CONTENT="Werth," />
            <SP ID="SP_13295" HPOS="499" VPOS="2002" WIDTH="33" HEIGHT="0" />
            <String ID="Word_14965" HPOS="532" VPOS="2015" WIDTH="63" HEIGHT="24" CONTENT="am" />
            <SP ID="SP_13296" HPOS="595" VPOS="2002" WIDTH="29" HEIGHT="0" />
            <String ID="Word_14966" HPOS="624" VPOS="2015" WIDTH="219" HEIGHT="25" CONTENT="wievielten" />
            <SP ID="SP_13297" HPOS="843" VPOS="2001" WIDTH="20" HEIGHT="0" />
            <String ID="Word_14967" HPOS="863" VPOS="2001" WIDTH="108" HEIGHT="38" CONTENT="Tage" />
            <SP ID="SP_13298" HPOS="971" VPOS="2001" WIDTH="30" HEIGHT="0" />
            <String ID="Word_14968" HPOS="1001" VPOS="2001" WIDTH="100" HEIGHT="37" CONTENT="nach" />
            <SP ID="SP_13299" HPOS="1101" VPOS="2001" WIDTH="26" HEIGHT="0" />
            <String ID="Word_14969" HPOS="1127" VPOS="2001" WIDTH="67" HEIGHT="37" CONTENT="der" />
            <SP ID="SP_13300" HPOS="1194" VPOS="1999" WIDTH="20" HEIGHT="0" />
            <String ID="Word_14970" HPOS="1214" VPOS="1999" WIDTH="224" HEIGHT="39" CONTENT="Aufnahme" />
            <SP ID="SP_13301" HPOS="1438" VPOS="1999" WIDTH="22" HEIGHT="0" />
            <String ID="Word_14971" HPOS="1460" VPOS="1999" WIDTH="60" HEIGHT="38" CONTENT="die" />
            <SP ID="SP_13302" HPOS="1520" VPOS="1998" WIDTH="20" HEIGHT="0" />
            <String ID="Word_14972" HPOS="1540" VPOS="1998" WIDTH="324" HEIGHT="50" CONTENT="Hospitalbrand-" />
          </TextLine>
          <TextLine ID="TextLine_1675" HPOS="253" VPOS="2052" WIDTH="1610" HEIGHT="55">
            <String ID="Word_14973" HPOS="253" VPOS="2056" WIDTH="190" HEIGHT="38" CONTENT="infection" />
            <SP ID="SP_13303" HPOS="443" VPOS="2056" WIDTH="26" HEIGHT="0" />
            <String ID="Word_14974" HPOS="469" VPOS="2056" WIDTH="179" HEIGHT="51" CONTENT="erfolgte," />
            <SP ID="SP_13304" HPOS="648" VPOS="2056" WIDTH="32" HEIGHT="0" />
            <String ID="Word_14975" HPOS="680" VPOS="2056" WIDTH="127" HEIGHT="37" CONTENT="zumal" />
            <SP ID="SP_13305" HPOS="807" VPOS="2056" WIDTH="20" HEIGHT="0" />
            <String ID="Word_14976" HPOS="827" VPOS="2056" WIDTH="63" HEIGHT="37" CONTENT="bei" />
            <SP ID="SP_13306" HPOS="890" VPOS="2056" WIDTH="21" HEIGHT="0" />
            <String ID="Word_14977" HPOS="911" VPOS="2056" WIDTH="67" HEIGHT="37" CONTENT="der" />
            <SP ID="SP_13307" HPOS="978" VPOS="2056" WIDTH="19" HEIGHT="0" />
            <String ID="Word_14978" HPOS="997" VPOS="2068" WIDTH="76" HEIGHT="24" CONTENT="von" />
            <SP ID="SP_13308" HPOS="1073" VPOS="2068" WIDTH="20" HEIGHT="0" />
            <String ID="Word_14979" HPOS="1093" VPOS="2069" WIDTH="34" HEIGHT="23" CONTENT="v." />
            <SP ID="SP_13309" HPOS="1127" VPOS="2054" WIDTH="23" HEIGHT="0" />
            <String ID="Word_14980" HPOS="1150" VPOS="2054" WIDTH="150" HEIGHT="38" CONTENT="Pitha" />
            <SP ID="SP_13310" HPOS="1300" VPOS="2053" WIDTH="29" HEIGHT="0" />
            <String ID="Word_14981" HPOS="1329" VPOS="2053" WIDTH="302" HEIGHT="38" CONTENT="beschriebenen" />
            <SP ID="SP_13311" HPOS="1631" VPOS="2052" WIDTH="19" HEIGHT="0" />
            <String ID="Word_14982" HPOS="1650" VPOS="2052" WIDTH="213" HEIGHT="47" CONTENT="Epidemie," />
          </TextLine>
          <TextLine ID="TextLine_1676" HPOS="255" VPOS="2106" WIDTH="1610" HEIGHT="54">
            <String ID="Word_14983" HPOS="255" VPOS="2110" WIDTH="64" HEIGHT="39" CONTENT="bei" />
            <SP ID="SP_13312" HPOS="319" VPOS="2110" WIDTH="29" HEIGHT="0" />
            <String ID="Word_14984" HPOS="348" VPOS="2110" WIDTH="169" HEIGHT="39" CONTENT="welcher" />
            <SP ID="SP_13313" HPOS="517" VPOS="2110" WIDTH="32" HEIGHT="0" />
            <String ID="Word_14985" HPOS="549" VPOS="2111" WIDTH="89" HEIGHT="49" CONTENT="(wie" />
            <SP ID="SP_13314" HPOS="638" VPOS="2110" WIDTH="31" HEIGHT="0" />
            <String ID="Word_14986" HPOS="669" VPOS="2110" WIDTH="59" HEIGHT="38" CONTENT="die" />
            <SP ID="SP_13315" HPOS="728" VPOS="2109" WIDTH="34" HEIGHT="0" />
            <String ID="Word_14987" HPOS="762" VPOS="2109" WIDTH="169" HEIGHT="39" CONTENT="frischen" />
            <SP ID="SP_13316" HPOS="931" VPOS="2109" WIDTH="29" HEIGHT="0" />
            <String ID="Word_14988" HPOS="960" VPOS="2109" WIDTH="290" HEIGHT="39" CONTENT="Verletzungen" />
            <SP ID="SP_13317" HPOS="1250" VPOS="2108" WIDTH="43" HEIGHT="0" />
            <String ID="Word_14989" HPOS="1293" VPOS="2108" WIDTH="79" HEIGHT="37" CONTENT="und" />
            <SP ID="SP_13318" HPOS="1372" VPOS="2106" WIDTH="29" HEIGHT="0" />
            <String ID="Word_14990" HPOS="1401" VPOS="2106" WIDTH="277" HEIGHT="50" CONTENT="Operationen," />
            <SP ID="SP_13319" HPOS="1678" VPOS="2106" WIDTH="44" HEIGHT="0" />
            <String ID="Word_14991" HPOS="1722" VPOS="2106" WIDTH="143" HEIGHT="38" CONTENT="welche" />
          </TextLine>
          <TextLine ID="TextLine_1677" HPOS="253" VPOS="2159" WIDTH="1612" HEIGHT="57">
            <String ID="Word_14992" HPOS="253" VPOS="2165" WIDTH="338" HEIGHT="39" CONTENT="vergleichsweise" />
            <SP ID="SP_13320" HPOS="591" VPOS="2165" WIDTH="29" HEIGHT="0" />
            <String ID="Word_14993" HPOS="620" VPOS="2165" WIDTH="97" HEIGHT="38" CONTENT="noch" />
            <SP ID="SP_13321" HPOS="717" VPOS="2163" WIDTH="34" HEIGHT="0" />
            <String ID="Word_14994" HPOS="751" VPOS="2163" WIDTH="142" HEIGHT="39" CONTENT="einmal" />
            <SP ID="SP_13322" HPOS="893" VPOS="2163" WIDTH="26" HEIGHT="0" />
            <String ID="Word_14995" HPOS="919" VPOS="2163" WIDTH="259" HEIGHT="50" CONTENT="hinzugefügt" />
            <SP ID="SP_13323" HPOS="1178" VPOS="2162" WIDTH="27" HEIGHT="0" />
            <String ID="Word_14996" HPOS="1205" VPOS="2162" WIDTH="164" HEIGHT="44" CONTENT="werden," />
            <SP ID="SP_13324" HPOS="1369" VPOS="2159" WIDTH="30" HEIGHT="0" />
            <String ID="Word_14997" HPOS="1399" VPOS="2159" WIDTH="208" HEIGHT="48" CONTENT="beweisen)" />
            <SP ID="SP_13325" HPOS="1607" VPOS="2159" WIDTH="33" HEIGHT="0" />
            <String ID="Word_14998" HPOS="1640" VPOS="2160" WIDTH="60" HEIGHT="38" CONTENT="die" />
            <SP ID="SP_13326" HPOS="1700" VPOS="2160" WIDTH="21" HEIGHT="0" />
            <String ID="Word_14999" HPOS="1721" VPOS="2160" WIDTH="144" HEIGHT="50" CONTENT="Hospi-" />
          </TextLine>
          <TextLine ID="TextLine_1678" HPOS="254" VPOS="2214" WIDTH="1611" HEIGHT="56">
            <String ID="Word_15000" HPOS="254" VPOS="2220" WIDTH="514" HEIGHT="50" CONTENT="talbrand-üebei-tragung" />
            <SP ID="SP_13327" HPOS="768" VPOS="2218" WIDTH="30" HEIGHT="0" />
            <String ID="Word_15001" HPOS="798" VPOS="2218" WIDTH="88" HEIGHT="38" CONTENT="sehr" />
            <SP ID="SP_13328" HPOS="886" VPOS="2217" WIDTH="29" HEIGHT="0" />
            <String ID="Word_15002" HPOS="915" VPOS="2217" WIDTH="91" HEIGHT="39" CONTENT="bald" />
            <SP ID="SP_13329" HPOS="1006" VPOS="2217" WIDTH="28" HEIGHT="0" />
            <String ID="Word_15003" HPOS="1034" VPOS="2217" WIDTH="101" HEIGHT="38" CONTENT="nach" />
            <SP ID="SP_13330" HPOS="1135" VPOS="2217" WIDTH="21" HEIGHT="0" />
            <String ID="Word_15004" HPOS="1156" VPOS="2217" WIDTH="67" HEIGHT="37" CONTENT="der" />
            <SP ID="SP_13331" HPOS="1223" VPOS="2215" WIDTH="19" HEIGHT="0" />
            <String ID="Word_15005" HPOS="1242" VPOS="2215" WIDTH="234" HEIGHT="39" CONTENT="Aufnahme," />
            <SP ID="SP_13332" HPOS="1476" VPOS="2214" WIDTH="31" HEIGHT="0" />
            <String ID="Word_15006" HPOS="1507" VPOS="2214" WIDTH="170" HEIGHT="38" CONTENT="nämlich" />
            <SP ID="SP_13333" HPOS="1677" VPOS="2214" WIDTH="29" HEIGHT="0" />
            <String ID="Word_15007" HPOS="1706" VPOS="2214" WIDTH="63" HEIGHT="38" CONTENT="bei" />
            <SP ID="SP_13334" HPOS="1769" VPOS="2214" WIDTH="23" HEIGHT="0" />
            <String ID="Word_15008" HPOS="1792" VPOS="2215" WIDTH="73" HEIGHT="37" CONTENT="den" />
          </TextLine>
          <TextLine ID="TextLine_1679" HPOS="253" VPOS="2273" WIDTH="620" HEIGHT="50">
            <String ID="Word_15009" HPOS="253" VPOS="2277" WIDTH="134" HEIGHT="35" CONTENT="ersten" />
            <SP ID="SP_13335" HPOS="387" VPOS="2273" WIDTH="29" HEIGHT="0" />
            <String ID="Word_15010" HPOS="416" VPOS="2273" WIDTH="247" HEIGHT="47" CONTENT="Verbänden," />
            <SP ID="SP_13336" HPOS="663" VPOS="2273" WIDTH="33" HEIGHT="0" />
            <String ID="Word_15011" HPOS="696" VPOS="2286" WIDTH="177" HEIGHT="37" CONTENT="erfolgte." />
          </TextLine>
          <TextLine ID="TextLine_1680" HPOS="387" VPOS="2347" WIDTH="601" HEIGHT="41">
            <String ID="Word_15012" HPOS="387" VPOS="2349" WIDTH="89" HEIGHT="39" CONTENT="Wir" />
            <SP ID="SP_13337" HPOS="476" VPOS="2349" WIDTH="28" HEIGHT="0" />
            <String ID="Word_15013" HPOS="504" VPOS="2349" WIDTH="131" HEIGHT="38" CONTENT="finden" />
            <SP ID="SP_13338" HPOS="635" VPOS="2349" WIDTH="29" HEIGHT="0" />
            <String ID="Word_15014" HPOS="664" VPOS="2349" WIDTH="63" HEIGHT="38" CONTENT="bei" />
            <SP ID="SP_13339" HPOS="727" VPOS="2349" WIDTH="28" HEIGHT="0" />
            <String ID="Word_15015" HPOS="755" VPOS="2362" WIDTH="35" HEIGHT="25" CONTENT="v." />
            <SP ID="SP_13340" HPOS="790" VPOS="2347" WIDTH="31" HEIGHT="0" />
            <String ID="Word_15016" HPOS="821" VPOS="2347" WIDTH="167" HEIGHT="39" CONTENT="Pitha:" />
          </TextLine>
          <TextLine ID="TextLine_1681" HPOS="315" VPOS="2407" WIDTH="1548" HEIGHT="57">
            <String ID="Word_15017" HPOS="315" VPOS="2415" WIDTH="49" HEIGHT="38" CONTENT="13" />
            <SP ID="SP_13341" HPOS="364" VPOS="2413" WIDTH="31" HEIGHT="0" />
            <String ID="Word_15018" HPOS="395" VPOS="2413" WIDTH="280" HEIGHT="51" CONTENT="Operationen," />
            <SP ID="SP_13342" HPOS="675" VPOS="2413" WIDTH="37" HEIGHT="0" />
            <String ID="Word_15019" HPOS="712" VPOS="2413" WIDTH="146" HEIGHT="39" CONTENT="welche" />
            <SP ID="SP_13343" HPOS="858" VPOS="2413" WIDTH="37" HEIGHT="0" />
            <String ID="Word_15020" HPOS="895" VPOS="2426" WIDTH="62" HEIGHT="24" CONTENT="am" />
            <SP ID="SP_13344" HPOS="957" VPOS="2413" WIDTH="38" HEIGHT="0" />
            <String ID="Word_15021" HPOS="995" VPOS="2413" WIDTH="49" HEIGHT="45" CONTENT="2.," />
            <SP ID="SP_13345" HPOS="1044" VPOS="2412" WIDTH="37" HEIGHT="0" />
            <String ID="Word_15022" HPOS="1081" VPOS="2412" WIDTH="49" HEIGHT="45" CONTENT="2.," />
            <SP ID="SP_13346" HPOS="1130" VPOS="2411" WIDTH="34" HEIGHT="0" />
            <String ID="Word_15023" HPOS="1164" VPOS="2411" WIDTH="48" HEIGHT="44" CONTENT="2.," />
            <SP ID="SP_13347" HPOS="1212" VPOS="2410" WIDTH="33" HEIGHT="0" />
            <String ID="Word_15024" HPOS="1245" VPOS="2410" WIDTH="49" HEIGHT="46" CONTENT="2.," />
            <SP ID="SP_13348" HPOS="1294" VPOS="2410" WIDTH="33" HEIGHT="0" />
            <String ID="Word_15025" HPOS="1327" VPOS="2410" WIDTH="49" HEIGHT="46" CONTENT="3.," />
            <SP ID="SP_13349" HPOS="1376" VPOS="2410" WIDTH="33" HEIGHT="0" />
            <String ID="Word_15026" HPOS="1409" VPOS="2410" WIDTH="49" HEIGHT="46" CONTENT="3.," />
            <SP ID="SP_13350" HPOS="1458" VPOS="2410" WIDTH="32" HEIGHT="0" />
            <String ID="Word_15027" HPOS="1490" VPOS="2410" WIDTH="48" HEIGHT="45" CONTENT="6.," />
            <SP ID="SP_13351" HPOS="1538" VPOS="2408" WIDTH="32" HEIGHT="0" />
            <String ID="Word_15028" HPOS="1570" VPOS="2408" WIDTH="48" HEIGHT="46" CONTENT="8.," />
            <SP ID="SP_13352" HPOS="1618" VPOS="2408" WIDTH="33" HEIGHT="0" />
            <String ID="Word_15029" HPOS="1651" VPOS="2408" WIDTH="47" HEIGHT="46" CONTENT="8.," />
            <SP ID="SP_13353" HPOS="1698" VPOS="2408" WIDTH="33" HEIGHT="0" />
            <String ID="Word_15030" HPOS="1731" VPOS="2408" WIDTH="49" HEIGHT="46" CONTENT="8.," />
            <SP ID="SP_13354" HPOS="1780" VPOS="2407" WIDTH="33" HEIGHT="0" />
            <String ID="Word_15031" HPOS="1813" VPOS="2407" WIDTH="50" HEIGHT="47" CONTENT="8.," />
          </TextLine>
          <TextLine ID="TextLine_1682" HPOS="395" VPOS="2461" WIDTH="1469" HEIGHT="54">
            <String ID="Word_15032" HPOS="395" VPOS="2470" WIDTH="49" HEIGHT="45" CONTENT="9.," />
            <SP ID="SP_13355" HPOS="444" VPOS="2469" WIDTH="35" HEIGHT="0" />
            <String ID="Word_15033" HPOS="479" VPOS="2469" WIDTH="76" HEIGHT="46" CONTENT="16.," />
            <SP ID="SP_13356" HPOS="555" VPOS="2469" WIDTH="40" HEIGHT="0" />
            <String ID="Word_15034" HPOS="595" VPOS="2469" WIDTH="53" HEIGHT="38" CONTENT="im" />
            <SP ID="SP_13357" HPOS="648" VPOS="2467" WIDTH="29" HEIGHT="0" />
            <String ID="Word_15035" HPOS="677" VPOS="2467" WIDTH="283" HEIGHT="39" CONTENT="Durchschnitt" />
            <SP ID="SP_13358" HPOS="960" VPOS="2467" WIDTH="38" HEIGHT="0" />
            <String ID="Word_15036" HPOS="998" VPOS="2480" WIDTH="62" HEIGHT="24" CONTENT="am" />
            <SP ID="SP_13359" HPOS="1060" VPOS="2465" WIDTH="30" HEIGHT="0" />
            <String ID="Word_15037" HPOS="1090" VPOS="2465" WIDTH="76" HEIGHT="46" CONTENT="5,9." />
            <SP ID="SP_13360" HPOS="1166" VPOS="2464" WIDTH="32" HEIGHT="0" />
            <String ID="Word_15038" HPOS="1198" VPOS="2464" WIDTH="107" HEIGHT="51" CONTENT="Tage" />
            <SP ID="SP_13361" HPOS="1305" VPOS="2463" WIDTH="38" HEIGHT="0" />
            <String ID="Word_15039" HPOS="1343" VPOS="2463" WIDTH="99" HEIGHT="39" CONTENT="nach" />
            <SP ID="SP_13362" HPOS="1442" VPOS="2463" WIDTH="39" HEIGHT="0" />
            <String ID="Word_15040" HPOS="1481" VPOS="2464" WIDTH="66" HEIGHT="37" CONTENT="der" />
            <SP ID="SP_13363" HPOS="1547" VPOS="2461" WIDTH="30" HEIGHT="0" />
            <String ID="Word_15041" HPOS="1577" VPOS="2461" WIDTH="209" HEIGHT="51" CONTENT="Operation" />
            <SP ID="SP_13364" HPOS="1786" VPOS="2461" WIDTH="30" HEIGHT="0" />
            <String ID="Word_15042" HPOS="1816" VPOS="2475" WIDTH="48" HEIGHT="24" CONTENT="an" />
          </TextLine>
          <TextLine ID="TextLine_1683" HPOS="394" VPOS="2521" WIDTH="590" HEIGHT="52">
            <String ID="Word_15043" HPOS="394" VPOS="2522" WIDTH="310" HEIGHT="40" CONTENT="Hospitalbrand" />
            <SP ID="SP_13365" HPOS="704" VPOS="2521" WIDTH="31" HEIGHT="0" />
            <String ID="Word_15044" HPOS="735" VPOS="2523" WIDTH="249" HEIGHT="37" CONTENT="erkrankten." />
          </TextLine>
          <TextLine ID="TextLine_1684" HPOS="315" VPOS="2568" WIDTH="1550" HEIGHT="55">
            <String ID="Word_15045" HPOS="315" VPOS="2579" WIDTH="49" HEIGHT="37" CONTENT="10" />
            <SP ID="SP_13366" HPOS="364" VPOS="2577" WIDTH="31" HEIGHT="0" />
            <String ID="Word_15046" HPOS="395" VPOS="2577" WIDTH="203" HEIGHT="39" CONTENT="Wunden," />
            <SP ID="SP_13367" HPOS="598" VPOS="2576" WIDTH="38" HEIGHT="0" />
            <String ID="Word_15047" HPOS="636" VPOS="2576" WIDTH="147" HEIGHT="38" CONTENT="welche" />
            <SP ID="SP_13368" HPOS="783" VPOS="2576" WIDTH="39" HEIGHT="0" />
            <String ID="Word_15048" HPOS="822" VPOS="2589" WIDTH="61" HEIGHT="24" CONTENT="am" />
            <SP ID="SP_13369" HPOS="883" VPOS="2576" WIDTH="38" HEIGHT="0" />
            <String ID="Word_15049" HPOS="921" VPOS="2576" WIDTH="49" HEIGHT="45" CONTENT="2.," />
            <SP ID="SP_13370" HPOS="970" VPOS="2575" WIDTH="38" HEIGHT="0" />
            <String ID="Word_15050" HPOS="1008" VPOS="2575" WIDTH="49" HEIGHT="45" CONTENT="3.," />
            <SP ID="SP_13371" HPOS="1057" VPOS="2574" WIDTH="38" HEIGHT="0" />
            <String ID="Word_15051" HPOS="1095" VPOS="2574" WIDTH="48" HEIGHT="46" CONTENT="3.," />
            <SP ID="SP_13372" HPOS="1143" VPOS="2574" WIDTH="40" HEIGHT="0" />
            <String ID="Word_15052" HPOS="1183" VPOS="2574" WIDTH="47" HEIGHT="44" CONTENT="5.," />
            <SP ID="SP_13373" HPOS="1230" VPOS="2573" WIDTH="34" HEIGHT="0" />
            <String ID="Word_15053" HPOS="1264" VPOS="2573" WIDTH="48" HEIGHT="46" CONTENT="6.," />
            <SP ID="SP_13374" HPOS="1312" VPOS="2573" WIDTH="33" HEIGHT="0" />
            <String ID="Word_15054" HPOS="1345" VPOS="2574" WIDTH="49" HEIGHT="45" CONTENT="6.," />
            <SP ID="SP_13375" HPOS="1394" VPOS="2572" WIDTH="34" HEIGHT="0" />
            <String ID="Word_15055" HPOS="1428" VPOS="2572" WIDTH="46" HEIGHT="45" CONTENT="7.," />
            <SP ID="SP_13376" HPOS="1474" VPOS="2571" WIDTH="33" HEIGHT="0" />
            <String ID="Word_15056" HPOS="1507" VPOS="2571" WIDTH="48" HEIGHT="45" CONTENT="9.," />
            <SP ID="SP_13377" HPOS="1555" VPOS="2570" WIDTH="35" HEIGHT="0" />
            <String ID="Word_15057" HPOS="1590" VPOS="2570" WIDTH="74" HEIGHT="46" CONTENT="12.," />
            <SP ID="SP_13378" HPOS="1664" VPOS="2569" WIDTH="34" HEIGHT="0" />
            <String ID="Word_15058" HPOS="1698" VPOS="2569" WIDTH="73" HEIGHT="46" CONTENT="12.," />
            <SP ID="SP_13379" HPOS="1771" VPOS="2568" WIDTH="40" HEIGHT="0" />
            <String ID="Word_15059" HPOS="1811" VPOS="2568" WIDTH="54" HEIGHT="38" CONTENT="im" />
          </TextLine>
          <TextLine ID="TextLine_1685" HPOS="394" VPOS="2628" WIDTH="632" HEIGHT="51">
            <String ID="Word_15060" HPOS="394" VPOS="2631" WIDTH="284" HEIGHT="39" CONTENT="Durchschnitt" />
            <SP ID="SP_13380" HPOS="678" VPOS="2631" WIDTH="29" HEIGHT="0" />
            <String ID="Word_15061" HPOS="707" VPOS="2644" WIDTH="62" HEIGHT="24" CONTENT="am" />
            <SP ID="SP_13381" HPOS="769" VPOS="2630" WIDTH="31" HEIGHT="0" />
            <String ID="Word_15062" HPOS="800" VPOS="2630" WIDTH="76" HEIGHT="47" CONTENT="6,5." />
            <SP ID="SP_13382" HPOS="876" VPOS="2628" WIDTH="31" HEIGHT="0" />
            <String ID="Word_15063" HPOS="907" VPOS="2628" WIDTH="119" HEIGHT="46" CONTENT="Tage," />
          </TextLine>
          <TextLine ID="TextLine_1686" HPOS="344" VPOS="2676" WIDTH="1520" HEIGHT="54">
            <String ID="Word_15064" HPOS="344" VPOS="2688" WIDTH="18" HEIGHT="36" CONTENT="1" />
            <SP ID="SP_13383" HPOS="362" VPOS="2684" WIDTH="34" HEIGHT="0" />
            <String ID="Word_15065" HPOS="396" VPOS="2684" WIDTH="419" HEIGHT="42" CONTENT="Granulationsfläche," />
            <SP ID="SP_13384" HPOS="815" VPOS="2682" WIDTH="40" HEIGHT="0" />
            <String ID="Word_15066" HPOS="855" VPOS="2682" WIDTH="145" HEIGHT="39" CONTENT="welche" />
            <SP ID="SP_13385" HPOS="1000" VPOS="2682" WIDTH="39" HEIGHT="0" />
            <String ID="Word_15067" HPOS="1039" VPOS="2695" WIDTH="61" HEIGHT="24" CONTENT="am" />
            <SP ID="SP_13386" HPOS="1100" VPOS="2681" WIDTH="38" HEIGHT="0" />
            <String ID="Word_15068" HPOS="1138" VPOS="2681" WIDTH="60" HEIGHT="37" CONTENT="14." />
            <SP ID="SP_13387" HPOS="1198" VPOS="2679" WIDTH="33" HEIGHT="0" />
            <String ID="Word_15069" HPOS="1231" VPOS="2679" WIDTH="126" HEIGHT="51" CONTENT="Tage," />
            <SP ID="SP_13388" HPOS="1357" VPOS="2678" WIDTH="39" HEIGHT="0" />
            <String ID="Word_15070" HPOS="1396" VPOS="2678" WIDTH="53" HEIGHT="38" CONTENT="im" />
            <SP ID="SP_13389" HPOS="1449" VPOS="2676" WIDTH="37" HEIGHT="0" />
            <String ID="Word_15071" HPOS="1486" VPOS="2676" WIDTH="280" HEIGHT="40" CONTENT="Durchschnitt" />
            <SP ID="SP_13390" HPOS="1766" VPOS="2676" WIDTH="36" HEIGHT="0" />
            <String ID="Word_15072" HPOS="1802" VPOS="2688" WIDTH="62" HEIGHT="25" CONTENT="am" />
          </TextLine>
          <TextLine ID="TextLine_1687" HPOS="400" VPOS="2740" WIDTH="213" HEIGHT="51">
            <String ID="Word_15073" HPOS="400" VPOS="2741" WIDTH="61" HEIGHT="37" CONTENT="14." />
            <SP ID="SP_13391" HPOS="461" VPOS="2740" WIDTH="32" HEIGHT="0" />
            <String ID="Word_15074" HPOS="493" VPOS="2740" WIDTH="120" HEIGHT="47" CONTENT="Tage," />
          </TextLine>
          <TextLine ID="TextLine_1688" HPOS="341" VPOS="2783" WIDTH="1523" HEIGHT="57">
            <String ID="Word_15075" HPOS="341" VPOS="2796" WIDTH="22" HEIGHT="37" CONTENT="5" />
            <SP ID="SP_13392" HPOS="363" VPOS="2795" WIDTH="35" HEIGHT="0" />
            <String ID="Word_15076" HPOS="398" VPOS="2795" WIDTH="139" HEIGHT="39" CONTENT="ülcera" />
            <SP ID="SP_13393" HPOS="537" VPOS="2794" WIDTH="31" HEIGHT="0" />
            <String ID="Word_15077" HPOS="568" VPOS="2794" WIDTH="141" HEIGHT="38" CONTENT="cruris," />
            <SP ID="SP_13394" HPOS="709" VPOS="2791" WIDTH="32" HEIGHT="0" />
            <String ID="Word_15078" HPOS="741" VPOS="2791" WIDTH="145" HEIGHT="39" CONTENT="welche" />
            <SP ID="SP_13395" HPOS="886" VPOS="2791" WIDTH="30" HEIGHT="0" />
            <String ID="Word_15079" HPOS="916" VPOS="2804" WIDTH="62" HEIGHT="25" CONTENT="am" />
            <SP ID="SP_13396" HPOS="978" VPOS="2791" WIDTH="31" HEIGHT="0" />
            <String ID="Word_15080" HPOS="1009" VPOS="2791" WIDTH="49" HEIGHT="45" CONTENT="5.," />
            <SP ID="SP_13397" HPOS="1058" VPOS="2790" WIDTH="33" HEIGHT="0" />
            <String ID="Word_15081" HPOS="1091" VPOS="2790" WIDTH="48" HEIGHT="46" CONTENT="6.," />
            <SP ID="SP_13398" HPOS="1139" VPOS="2789" WIDTH="33" HEIGHT="0" />
            <String ID="Word_15082" HPOS="1172" VPOS="2789" WIDTH="49" HEIGHT="46" CONTENT="9.," />
            <SP ID="SP_13399" HPOS="1221" VPOS="2788" WIDTH="34" HEIGHT="0" />
            <String ID="Word_15083" HPOS="1255" VPOS="2788" WIDTH="74" HEIGHT="46" CONTENT="13.," />
            <SP ID="SP_13400" HPOS="1329" VPOS="2786" WIDTH="34" HEIGHT="0" />
            <String ID="Word_15084" HPOS="1363" VPOS="2786" WIDTH="101" HEIGHT="46" CONTENT="120.," />
            <SP ID="SP_13401" HPOS="1464" VPOS="2785" WIDTH="38" HEIGHT="0" />
            <String ID="Word_15085" HPOS="1502" VPOS="2785" WIDTH="54" HEIGHT="39" CONTENT="ina" />
            <SP ID="SP_13402" HPOS="1556" VPOS="2783" WIDTH="28" HEIGHT="0" />
            <String ID="Word_15086" HPOS="1584" VPOS="2783" WIDTH="280" HEIGHT="40" CONTENT="Durchschnitt" />
          </TextLine>
          <TextLine ID="TextLine_1689" HPOS="396" VPOS="2848" WIDTH="347" HEIGHT="50">
            <String ID="Word_15087" HPOS="396" VPOS="2863" WIDTH="62" HEIGHT="24" CONTENT="am" />
            <SP ID="SP_13403" HPOS="458" VPOS="2849" WIDTH="31" HEIGHT="0" />
            <String ID="Word_15088" HPOS="489" VPOS="2849" WIDTH="103" HEIGHT="46" CONTENT="30,G." />
            <SP ID="SP_13404" HPOS="592" VPOS="2848" WIDTH="33" HEIGHT="0" />
            <String ID="Word_15089" HPOS="625" VPOS="2848" WIDTH="118" HEIGHT="44" CONTENT="Tage," />
          </TextLine>
          <TextLine ID="TextLine_1690" HPOS="340" VPOS="2891" WIDTH="1523" HEIGHT="62">
            <String ID="Word_15090" HPOS="340" VPOS="2905" WIDTH="26" HEIGHT="35" CONTENT="4" />
            <SP ID="SP_13405" HPOS="366" VPOS="2903" WIDTH="30" HEIGHT="0" />
            <String ID="Word_15091" HPOS="396" VPOS="2903" WIDTH="268" HEIGHT="39" CONTENT="Phlegmonen" />
            <SP ID="SP_13406" HPOS="664" VPOS="2901" WIDTH="43" HEIGHT="0" />
            <String ID="Word_15092" HPOS="707" VPOS="2901" WIDTH="79" HEIGHT="38" CONTENT="und" />
            <SP ID="SP_13407" HPOS="786" VPOS="2898" WIDTH="39" HEIGHT="0" />
            <String ID="Word_15093" HPOS="825" VPOS="2898" WIDTH="244" HEIGHT="39" CONTENT="Furunkeln," />
            <SP ID="SP_13408" HPOS="1069" VPOS="2896" WIDTH="41" HEIGHT="0" />
            <String ID="Word_15094" HPOS="1110" VPOS="2896" WIDTH="143" HEIGHT="39" CONTENT="welche" />
            <SP ID="SP_13409" HPOS="1253" VPOS="2896" WIDTH="45" HEIGHT="0" />
            <String ID="Word_15095" HPOS="1298" VPOS="2907" WIDTH="61" HEIGHT="25" CONTENT="am" />
            <SP ID="SP_13410" HPOS="1359" VPOS="2895" WIDTH="45" HEIGHT="0" />
            <String ID="Word_15096" HPOS="1404" VPOS="2895" WIDTH="53" HEIGHT="45" CONTENT="5.," />
            <SP ID="SP_13411" HPOS="1457" VPOS="2893" WIDTH="33" HEIGHT="0" />
            <String ID="Word_15097" HPOS="1490" VPOS="2893" WIDTH="53" HEIGHT="46" CONTENT="9.," />
            <SP ID="SP_13412" HPOS="1543" VPOS="2892" WIDTH="33" HEIGHT="0" />
            <String ID="Word_15098" HPOS="1576" VPOS="2892" WIDTH="79" HEIGHT="45" CONTENT="14.," />
            <SP ID="SP_13413" HPOS="1655" VPOS="2892" WIDTH="35" HEIGHT="0" />
            <String ID="Word_15099" HPOS="1690" VPOS="2892" WIDTH="78" HEIGHT="45" CONTENT="15.," />
            <SP ID="SP_13414" HPOS="1768" VPOS="2891" WIDTH="42" HEIGHT="0" />
            <String ID="Word_15100" HPOS="1810" VPOS="2891" WIDTH="53" HEIGHT="37" CONTENT="im" />
          </TextLine>
          <TextLine ID="TextLine_1691" HPOS="397" VPOS="2952" WIDTH="656" HEIGHT="51">
            <String ID="Word_15101" HPOS="397" VPOS="2957" WIDTH="283" HEIGHT="39" CONTENT="Durchschnitt" />
            <SP ID="SP_13415" HPOS="680" VPOS="2957" WIDTH="30" HEIGHT="0" />
            <String ID="Word_15102" HPOS="710" VPOS="2969" WIDTH="61" HEIGHT="25" CONTENT="am" />
            <SP ID="SP_13416" HPOS="771" VPOS="2953" WIDTH="32" HEIGHT="0" />
            <String ID="Word_15103" HPOS="803" VPOS="2953" WIDTH="101" HEIGHT="47" CONTENT="10,8." />
            <SP ID="SP_13417" HPOS="904" VPOS="2952" WIDTH="32" HEIGHT="0" />
            <String ID="Word_15104" HPOS="936" VPOS="2952" WIDTH="117" HEIGHT="46" CONTENT="Tage," />
          </TextLine>
        </TextBlock>
      </PrintSpace>
    </Page>
  </Layout>
</alto>
