2411 3372
732 422 198 54 Vom
953 422 341 55 Wandel
1317 422 138 54 des
1480 421 347 64 Erbguts

280 667 295 50 Professor
609 667 64 50 de
705 666 178 60 Vries,
918 665 267 61 derselbe,
1221 666 97 50 der
1352 685 140 30 anno
1528 667 135 48 1900
1697 666 151 49 einer
1883 663 95 50 der
2012 663 337 51 Wiederent¬

213 738 193 50 decker
459 739 95 49 der
604 739 384 49 Mendelschen
1040 739 230 50 Gesetze
1320 758 130 40 war,
1502 737 100 64 gab
1653 740 75 47 im
1778 734 239 66 gleichen
2069 735 133 55 Jahr
2256 736 94 49 der

209 811 549 50 wissenschaftlichen
801 810 144 51 Welt
987 811 134 49 noch
1165 812 120 49 eine
1328 812 191 48 zweite
1560 808 357 63 Entdeckung
1957 807 266 60 bekannt,
2267 807 85 50 die

209 883 145 50 nicht
403 884 216 50 minder
667 883 359 50 umstürzend
1073 903 112 30 war
1237 883 75 52 als
1361 881 249 51 Mendels
1660 880 462 62 Feststellungen:
2175 879 176 50 Unter

211 954 322 51 Tausenden
578 976 108 29 von
730 954 398 60 Nachtkerzen,
1172 958 161 59 jenen
1380 953 161 52 schön
1585 952 237 64 hellgelb
1869 950 314 52 blühenden
2229 951 122 49 Ein¬

209 1027 327 50 wanderern
578 1048 94 30 aus
713 1027 423 59 Nordamerika,
1177 1026 85 51 die
1306 1046 66 31 an
1410 1025 184 64 jedem
1633 1024 361 58 Bahndamm,
2036 1024 94 51 auf
2171 1023 182 62 jedem

212 1099 338 64 Schuttplatz
585 1120 65 29 zu
684 1100 182 49 finden
902 1099 136 59 sind,
1071 1118 183 30 waren
1290 1100 176 62 einige
1500 1099 207 61 wenige
1743 1095 346 59 entstanden,
2125 1095 85 50 die
2246 1094 105 51 sich

210 1174 56 47 in
302 1172 235 50 deutlich
574 1172 386 50 erkennbaren
993 1169 344 52 Merkmalen
1371 1191 108 29 von
1516 1170 95 51 der
1646 1168 286 51 normalen
1966 1166 166 51 Form
2165 1178 185 38 unter¬

212 1243 249 51 schieden
499 1245 113 49 und
653 1245 85 49 die
780 1244 134 63 (und
954 1244 92 51 das
1086 1264 113 30 war
1240 1245 92 50 das
1374 1244 378 64 Aufregende)
1797 1244 146 50 diese
1984 1243 368 64 Abweichung

212 1315 201 51 erblich
461 1335 67 30 an
575 1316 84 50 die
705 1316 219 51 nächste
971 1316 338 50 Generation
1354 1316 387 64 weitergaben.
1788 1316 177 51 Unter
2012 1317 102 49 den
2161 1315 190 65 Augen

214 1388 94 50 der
340 1387 314 65 Forschung
684 1408 111 30 war
829 1407 297 45 sozusagen
1160 1388 331 64 sprunghaft
1526 1408 93 31 aus
1655 1391 151 47 einer
1839 1388 285 49 normalen
2158 1388 192 50 Nacht¬

212 1459 164 51 kerze
412 1462 119 48 eine
568 1460 202 51 andere
804 1460 290 64 geworden
1124 1491 73 6 —
1226 1463 99 48 mit
1359 1460 362 50 veränderter
1754 1460 304 50 Blattform
2093 1460 85 50 die
2214 1463 137 56 eine,

211 1532 411 64 zwergwüchsig
653 1535 120 48 eine
806 1532 202 51 andere
1033 1533 117 50 und
1181 1532 165 51 durch
1376 1532 379 51 Riesenwuchs
1789 1532 411 63 ausgezeichnet
2231 1535 120 47 eine

212 1603 184 51 dritte.
437 1604 219 51 Mutare
697 1604 153 51 heißt
889 1604 370 61 verwandeln,
1298 1605 113 50 und
1448 1604 369 60 Mutationen,
1855 1604 495 64 Verwandlungen,

212 1688 205 39 nannte
446 1677 63 49 de
535 1677 159 51 Vries
723 1677 146 51 diese
897 1677 402 64 sprunghaften
1324 1677 471 64 Veränderungen
1825 1677 91 50 des
1942 1676 257 64 Erbguts.
2227 1676 125 49 Nun

211 1749 263 50 verstand
502 1769 125 29 man
658 1748 147 61 auch,
832 1752 101 47 wie
964 1749 85 50 die
1079 1749 394 51 Unterschiede
1502 1748 261 52 zwischen
1794 1748 186 65 gelber
2008 1749 113 50 und
2150 1750 201 62 grüner

211 1820 189 61 Erbse,
435 1833 152 38 roter
612 1821 120 50 und
764 1822 206 50 weißer
1003 1821 451 61 Wunderblume,
1487 1824 317 61 rotäugiger
1838 1820 113 50 und
1983 1821 370 62 weißäugiger

212 1893 134 49 oder
392 1913 197 44 grauer
633 1893 114 50 und
792 1894 297 50 schwarzer
1133 1894 184 63 Fliege
1365 1896 141 48 einst
1552 1892 328 51 entstanden
1925 1894 116 48 sein
2085 1892 267 50 mochten.

281 1964 102 50 Ein
421 1964 220 52 Schüler
682 1966 91 51 des
813 1966 205 63 großen
1055 1965 250 65 Morgan,
1343 1968 283 49 Hermann
1664 1968 220 60 Muller,
1920 1969 194 50 verbiß
2155 1970 105 50 sich
2298 1972 54 46 in

214 2036 146 51 diese
396 2037 191 64 Frage.
625 2038 72 50 Er
734 2038 165 50 nahm
937 2039 105 50 sich
1080 2059 117 40 vor,
1236 2039 85 50 die
1359 2040 151 50 Gene
1548 2042 55 47 in
1643 2040 102 50 den
1785 2040 431 52 Chromosomen
2254 2044 98 47 mit

213 2109 140 50 allen
392 2129 103 30 nur
537 2109 318 51 denkbaren
893 2110 223 50 Mitteln
1155 2131 66 29 zu
1259 2114 261 61 zwingen,
1561 2113 105 50 sich
1706 2133 66 29 zu
1811 2113 328 51 verändern.
2179 2113 172 52 Eises¬

214 2180 147 51 kälte
401 2182 113 49 und
553 2182 299 60 Gluthitze,
892 2183 273 63 Röntgen-
1206 2184 113 49 und
1358 2184 484 50 Radiumstrahlen
1881 2185 109 49 ließ
2032 2206 59 30 er
2132 2186 94 50 auf
2267 2185 85 50 die

212 2252 332 64 Taufliegen,
582 2255 94 48 auf
711 2254 119 49 ihre
868 2254 143 59 Eier,
1050 2255 94 49 auf
1178 2254 120 51 ihre
1335 2256 213 49 Larven
1587 2256 302 50 einwirken
1923 2287 72 6 —
2031 2258 116 50 acht
2186 2257 167 55 Jahre

212 2326 125 63 lang
364 2326 96 50 sah
485 2325 201 51 Muller
711 2329 193 48 weiter
930 2327 171 50 nichts
1131 2327 74 50 als
1234 2330 148 48 seine
1408 2328 223 64 Fliegen
1659 2328 112 50 und
1797 2329 119 49 ihre
1944 2329 408 53 Nachkommen

214 2427 66 7 —
316 2397 143 50 dann
497 2397 130 51 aber
664 2397 208 52 konnte
910 2419 58 30 er
1007 2399 130 49 auch
1173 2401 100 49 mit
1309 2399 366 64 Ergebnissen
1713 2401 325 59 aufwarten,
2076 2401 85 51 die
2198 2401 154 50 mehr

214 2470 74 51 als
330 2481 400 39 staunenswert
767 2491 203 30 waren:
1012 2471 72 50 Er
1124 2471 154 51 hatte
1316 2471 351 51 Mutationen
1706 2472 139 50 über
1881 2472 352 52 Mutationen
2274 2494 78 29 er¬

213 2542 144 59 zielt,
388 2542 279 60 hundert-,
697 2543 574 64 hundertfünfzigmal
1301 2544 174 60 mehr,
1506 2544 75 51 als
1611 2547 56 47 in
1698 2545 96 50 der
1824 2545 178 49 Natur
2033 2545 318 50 vorkamen.

215 2613 64 52 Es
329 2615 100 62 gab
480 2614 264 51 darunter
790 2615 367 61 Mutationen,
1207 2615 84 51 die
1340 2637 126 29 man
1512 2616 206 52 bereits
1767 2616 226 60 kannte,
2042 2617 131 51 aber
2224 2618 128 50 auch

214 2686 192 60 solche,
435 2689 100 48 wie
565 2707 125 29 man
721 2690 75 48 sie
825 2687 316 63 überhaupt
1169 2688 135 50 noch
1334 2691 88 48 nie
1454 2689 234 63 gesehen
1717 2689 176 50 hatte!
1924 2688 202 52 Muller
2154 2710 113 30 war
2298 2709 54 31 es

213 2759 283 63 gelungen,
544 2760 74 50 als
667 2772 177 38 erster
891 2759 92 51 das
1029 2760 212 64 Erbgut
1286 2782 66 29 zu
1397 2761 374 50 verwandeln!
1821 2762 73 49 Er
1939 2761 155 51 hatte
2137 2793 71 5 -—
2252 2764 100 47 wie

212 2831 466 63 mikroskopische
719 2832 461 64 Beobachtungen
1221 2832 217 51 lehrten
1475 2864 72 6 —
1586 2833 85 51 die
1714 2834 433 51 Chromosomen
2189 2834 162 50 durch

213 2902 241 52 Beschuß
490 2907 99 47 mit
624 2903 503 65 Röntgenstrahlen
1163 2904 134 52 oder
1332 2906 441 50 ultraviolettem
1808 2906 152 50 Licht
1997 2907 354 57 zerbrochen;

211 2981 75 45 sie
316 2996 183 30 waren
531 2977 144 50 dann
707 2977 336 57 „verkehrt"
1075 2978 648 64 zusammengewachsen,
1754 2979 114 50 und
1901 2977 238 52 dadurch
2170 2998 181 31 waren

212 3047 343 52 Mutationen
594 3050 344 50 entstanden.
979 3048 265 52 Offenbar
1282 3050 153 51 hatte
1475 3071 58 30 er
1573 3050 130 51 aber
1741 3050 303 51 manchmal
2080 3051 146 50 nicht
2266 3053 84 47 ein

209 3140 193 46 ganzes
439 3121 359 51 Chromosom
833 3127 226 60 gestört,
1094 3122 240 51 sondern
1366 3126 60 47 in
1461 3124 181 50 dieser
1675 3123 169 52 Kette
1879 3143 108 31 von
2023 3123 192 52 Genen
2250 3142 102 31 nur

1245 3270 66 49 28
