2113 3404
430 266 86 43 436

915 287 86 31 THE
1034 288 240 35 DISORDERS
1306 291 51 31 OF
1390 292 172 32 SPEECH.

430 397 43 41 of
505 398 195 47 bilateral
738 404 208 44 abductor
983 408 217 54 paralysis.
1263 409 88 43 The
1389 411 117 41 noise
1542 412 36 40 is
1609 411 168 41 loudest
1810 410 122 40 when
1967 409 73 41 the

430 470 169 52 patient
631 474 145 43 makes
809 490 85 42 any
927 479 206 51 exertion,
1157 480 80 41 and
1275 480 121 42 when
1429 481 52 42 he
1503 482 36 41 is
1571 481 142 55 asleep
1732 497 8 35 ;
1771 480 82 41 and
1888 479 154 54 during

430 538 118 58 sleep
589 556 25 28 a
648 558 228 41 paroxysm
918 548 44 41 of
993 548 219 56 laryngeal
1247 550 212 56 dyspnoea
1494 566 97 40 may
1623 555 65 38 set
1729 551 57 41 in,
1816 549 85 42 and
1944 562 98 40 may

431 611 84 41 end
553 612 162 58 fatally.
778 618 311 56 Tracheotomy
1127 620 36 42 is
1205 621 101 41 thus
1348 621 117 41 often
1504 621 229 42 advisable,
1762 621 42 40 in
1849 618 192 43 bilateral

432 683 212 52 paralysis
685 686 47 41 of
769 687 74 42 the
875 688 240 43 abductors.
1213 690 179 55 Though
1422 691 255 41 inspiration
1719 690 36 42 is
1798 703 120 28 noisy
1960 688 85 41 and

430 751 197 54 difficult,
659 757 240 54 expiration
934 759 36 41 is
1004 773 101 40 easy
1124 776 9 35 ;
1173 760 85 41 and
1296 760 73 42 the
1405 760 134 41 voice,
1572 761 45 39 in
1652 761 166 53 speech,
1853 773 107 39 may,
1998 759 44 40 in

432 821 88 43 this
541 828 130 51 stage,
694 826 50 41 be
767 828 179 40 natural.
1011 829 156 41 When,
1190 829 47 40 in
1261 829 71 42 the
1349 829 157 42 second
1528 834 130 50 stage,
1679 829 73 41 the
1774 828 120 42 cords
1916 828 126 41 retire

430 892 93 42 into
560 894 77 42 the
671 896 223 42 cadaveric
930 898 200 53 position,
1168 899 225 55 breathing
1430 899 191 42 becomes
1657 913 113 41 easy,
1801 899 58 40 all
1891 898 154 42 stridor

431 962 325 56 disappearing;
802 967 85 51 but,
919 968 45 40 in
1003 968 87 41 this
1127 973 130 50 stage,
1288 969 74 41 the
1401 969 117 41 voice
1554 969 36 42 is
1625 969 97 50 lost,
1758 969 178 41 because
1972 968 72 41 the

430 1032 230 45 adductors
681 1050 70 28 are
776 1050 94 28 now
892 1038 242 54 paralyzed,
1156 1052 46 27 as
1226 1039 98 41 well
1347 1053 45 28 as
1414 1039 74 42 the
1511 1039 237 43 abductors.

489 1103 154 43 Before
664 1105 172 56 leaving
859 1108 72 41 the
954 1108 221 54 laryngeal
1195 1123 162 27 nerves,
1373 1109 20 41 I
1414 1123 95 40 may
1529 1110 121 41 refer,
1664 1110 43 39 in
1723 1123 24 27 a
1765 1109 126 41 word,
1911 1111 41 39 to
1971 1107 71 43 the

430 1175 239 41 occasional
691 1189 252 30 occurrence
966 1178 46 41 of
1032 1178 182 42 neuritis
1236 1178 46 41 in
1309 1192 80 28 one
1412 1193 46 27 or
1479 1179 122 41 other
1622 1179 46 41 of
1695 1179 113 41 their
1837 1178 206 41 branches

430 1245 45 40 of
494 1245 294 53 distribution,
819 1248 85 41 and
938 1254 42 35 to
1013 1248 74 42 the
1121 1249 212 54 resulting
1368 1249 209 54 paralysis
1600 1250 43 41 of
1674 1263 79 27 one
1783 1263 45 27 or
1850 1249 120 41 other
2002 1248 43 41 of

430 1315 73 42 the
540 1316 245 42 individual
823 1318 186 42 muscles
1045 1319 44 41 of
1125 1319 73 41 the
1237 1318 165 56 larynx.
1465 1319 21 40 I
1524 1319 109 42 have
1669 1319 185 53 already,
1889 1319 45 39 in
1973 1318 73 42 the

429 1386 157 42 second
608 1388 179 54 chapter
808 1390 46 40 of
872 1389 87 42 this
983 1389 130 42 work,
1136 1389 124 42 made
1283 1403 116 28 some
1423 1390 111 41 brief
1562 1390 215 42 reference
1801 1394 43 37 to
1865 1390 74 41 the
1962 1389 84 42 loss

429 1456 44 41 of
497 1457 119 42 voice
638 1458 141 42 which
802 1473 100 41 may
925 1460 51 41 be
999 1459 156 43 caused
1177 1460 44 41 in
1241 1459 87 42 this
1345 1474 104 41 way,
1467 1460 58 55 by
1542 1460 73 42 the
1636 1460 212 55 paralysis
1870 1460 43 41 of
1930 1473 115 28 some

430 1527 138 56 single
591 1528 210 43 adductor
823 1530 174 42 muscle.

492 1598 42 40 It
570 1598 89 42 still
693 1600 187 41 remains
912 1601 65 40 for
1014 1614 50 27 us
1101 1604 44 37 to
1183 1600 196 42 consider
1411 1600 72 42 the
1522 1600 188 42 Nuclear
1746 1600 116 42 Cells
1894 1600 44 40 in
1971 1599 73 42 the

429 1668 210 50 Medulla,
661 1670 109 41 from
794 1670 141 41 which
958 1670 72 41 the
1063 1674 137 37 motor
1233 1684 149 28 nerves
1405 1671 43 40 of
1479 1670 74 42 the
1575 1671 156 54 larynx
1763 1671 156 53 spring.
1982 1670 61 40 As

429 1737 172 55 already
635 1739 232 51 indicated,
904 1740 121 42 these
1062 1740 104 42 cells
1206 1741 106 40 form
1348 1745 96 50 part
1484 1741 44 40 of
1561 1741 74 41 the
1673 1741 180 41 nucleus
1885 1741 43 40 of
1970 1740 73 42 the

430 1808 382 57 spinal-accessory
837 1810 188 41 division
1048 1811 43 40 of
1113 1811 73 41 the
1218 1811 147 41 eighth
1389 1811 158 41 cranial
1571 1825 140 27 nerve.
1773 1811 43 41 It
1838 1811 76 41 has
1937 1811 106 41 been

429 1879 190 42 asserted
652 1880 95 41 that
769 1894 116 28 some
908 1882 47 40 of
973 1881 120 41 them
1116 1895 70 27 are
1208 1881 89 41 also
1330 1881 230 41 contained
1592 1881 149 41 within
1766 1881 73 41 the
1865 1881 178 42 nucleus

429 1950 46 40 of
495 1950 72 41 the
589 1964 146 41 vagus,
757 1951 79 41 but
857 1951 88 41 this
968 1951 176 41 opinion
1167 1951 91 41 still
1287 1951 190 54 requires
1500 1952 310 41 confirmation.

488 2020 135 43 There
655 2036 70 28 are
759 2036 132 42 many
912 2022 172 42 lesions,
1106 2036 141 27 coarse
1280 2023 83 40 and
1400 2023 95 40 fine,
1523 2022 140 41 which
1695 2036 98 40 may
1816 2023 125 40 affect
1971 2023 72 40 the

428 2094 141 38 motor
601 2092 83 40 and
718 2105 175 29 sensory
925 2092 144 41 nuclei
1101 2091 45 41 in
1179 2091 73 42 the
1274 2092 215 52 medulla;
1520 2092 89 41 but,
1635 2105 45 28 as
1705 2105 114 28 some
1851 2092 44 40 of
1927 2092 117 41 these

429 2162 138 49 affect,
601 2162 309 54 indifferently,
956 2162 73 41 the
1078 2162 102 41 cells
1230 2162 43 41 of
1324 2162 137 42 either
1508 2162 74 42 the
1633 2162 89 42 oral
1774 2162 268 41 articulative

430 2232 265 42 mechanism
729 2247 46 27 or
806 2233 74 41 the
911 2233 122 41 vocal
1068 2232 276 42 mechanism,
1376 2246 46 27 or
1458 2232 126 42 affect
1614 2233 102 41 both
1750 2237 87 37 sets
1868 2233 45 40 of
1941 2232 102 42 cells

430 2304 370 55 simultaneously,
833 2304 84 40 and
954 2317 46 28 as
1032 2303 156 41 others,
1211 2303 103 41 such
1346 2317 44 27 as
1413 2303 73 41 the
1509 2303 133 41 lesion
1675 2302 44 42 in
1751 2316 292 41 glosso-labio-

429 2373 220 55 laryngeal
686 2374 222 54 paralysis,
944 2387 72 28 are
1052 2373 222 55 primarily
1311 2373 234 41 developed
1577 2373 45 40 in
1654 2372 73 42 the
1759 2372 102 42 cells
1897 2373 45 40 of
1971 2372 71 42 the

431 2443 88 42 oral
543 2444 271 42 articulative
840 2444 273 41 mechanism,
1137 2444 21 40 I
1183 2443 126 41 think
1332 2443 33 40 it
1401 2441 86 43 will
1510 2443 51 41 be
1586 2442 94 42 well
1703 2447 43 36 to
1773 2456 165 28 reserve
1960 2457 83 40 any

430 2515 297 41 enumeration
760 2514 46 41 of
835 2514 118 41 them
978 2513 110 42 until
1115 2527 61 28 we
1198 2526 118 28 come
1343 2517 43 36 to
1408 2513 98 40 look
1529 2518 45 35 at
1595 2513 73 41 the
1691 2512 173 42 nuclear
1885 2512 158 42 origins

431 2585 46 41 of
496 2585 73 41 the
591 2598 151 28 nerves
775 2585 65 40 for
872 2584 72 41 the
977 2583 89 42 oral
1098 2582 273 42 articulative
1403 2582 275 41 mechanism.
1741 2582 88 41 But
1861 2582 117 42 there
2008 2583 36 40 is

432 2669 80 28 one
534 2654 136 42 lesion
696 2654 139 41 which
860 2654 36 41 is
919 2654 45 41 of
983 2653 154 42 special
1162 2653 178 41 interest
1363 2652 42 40 in
1430 2652 72 41 the
1526 2656 172 50 present
1716 2652 250 51 connexion,
1987 2666 58 37 as,

432 2738 53 28 on
511 2723 209 42 invading
753 2723 72 41 the
850 2722 141 42 nuclei
1026 2722 45 40 of
1091 2722 72 41 the
1185 2721 201 51 medulla,
1419 2721 35 41 it
1475 2734 137 28 seems
1635 2727 42 35 to
1700 2721 108 41 have
1830 2735 23 27 a
1886 2721 156 42 special

431 2794 231 56 proclivity
699 2797 42 39 to
779 2794 126 40 affect
946 2792 73 41 the
1052 2805 138 27 motor
1221 2791 103 41 cells
1356 2791 46 40 of
1431 2791 71 41 the
1535 2791 118 41 vocal
1685 2791 357 51 mechanism,T

433 2879 122 28 mean
594 2864 72 42 the
709 2863 153 43 spread
894 2862 45 42 of
969 2860 303 44 degeneration
1306 2861 92 41 into
1434 2860 72 42 the
1543 2861 187 42 medulla
1772 2862 43 40 in
1855 2875 115 28 cases
2001 2861 46 41 of

431 2938 121 41 tabes
575 2935 178 42 dorsalis
775 2934 251 54 (locomotor
1048 2931 160 55 ataxy).

491 3007 44 41 It
556 3007 36 41 is
615 3019 94 29 now
742 3004 98 41 well
863 3002 262 43 ascertained
1158 3001 106 42 that,
1285 3002 44 40 in
1353 3001 73 41 the
1457 3015 147 27 course
1631 3001 43 41 of
1702 3000 200 55 ordinary
1925 3000 117 42 tabes

431 3077 191 52 dorsalis,
654 3081 84 43 two
772 3076 131 40 forms
936 3074 44 41 of
1011 3071 215 57 laryngeal
1262 3071 300 55 complication
1598 3085 97 41 may
1719 3070 51 42 be
1797 3069 244 49 developed,
