<?xml version="1.0" encoding="UTF-8"?>
<alto xmlns="http://www.loc.gov/standards/alto/ns-v2#" xmlns:xsi="http://www.w3.org/2001/XMLSchema-instance" xsi:schemaLocation="http://www.loc.gov/standards/alto/ns-v2# http://www.loc.gov/standards/alto/alto.xsd">
  <Description>
    <MeasurementUnit>pixel</MeasurementUnit>
    <sourceImageInformation>
      <fileName>b21273911_abbyy.xml</fileName>
    </sourceImageInformation>
    <OCRProcessing ID="OCR_1">
      <preProcessingStep>
        <processingDateTime>2014-10-24T02:15:27</processingDateTime>
        <processingAgency>intranda GmbH, www.intranda.com</processingAgency>
        <processingSoftware>
          <softwareCreator>intranda GmbH, Germany</softwareCreator>
          <softwareName>intranda OCR Module for TaskManager</softwareName>
          <softwareVersion>1.0r42</softwareVersion>
        </processingSoftware>
      </preProcessingStep>
      <ocrProcessingStep>
        <processingSoftware>
          <softwareCreator>ABBYY (BIT Software), Russia</softwareCreator>
          <softwareName>FineReader Engine</softwareName>
          <softwareVersion>10</softwareVersion>
        </processingSoftware>
      </ocrProcessingStep>
    </OCRProcessing>
  </Description>
  <Layout>
    <Page PHYSICAL_IMG_NR="325" ID="PAGE_325" WIDTH="2107" HEIGHT="3450">
      <TopMargin ID="TopMargin_1" HPOS="710" VPOS="249" WIDTH="1165" HEIGHT="57">
        <TextBlock ID="TextBlock_1018" HPOS="710" VPOS="249" WIDTH="1165" HEIGHT="57">
          <TextLine ID="TextLine_12220" HPOS="710" VPOS="249" WIDTH="669" HEIGHT="57">
            <String ID="Word_123755" HPOS="710" VPOS="258" WIDTH="152" HEIGHT="33" CONTENT="MOTOR" />
            <SP ID="SP_111541" HPOS="862" VPOS="258" WIDTH="32" HEIGHT="0" />
            <String ID="Word_123756" HPOS="894" VPOS="259" WIDTH="196" HEIGHT="32" CONTENT="APHASIA" />
            <SP ID="SP_111542" HPOS="1090" VPOS="249" WIDTH="34" HEIGHT="0" />
            <String ID="Word_123757" HPOS="1124" VPOS="249" WIDTH="255" HEIGHT="57" CONTENT="(APHEMIA)." />
          </TextLine>
          <TextLine ID="TextLine_12221" HPOS="1789" VPOS="250" WIDTH="86" HEIGHT="42">
            <String ID="Word_123758" HPOS="1789" VPOS="250" WIDTH="86" HEIGHT="42" CONTENT="309" />
          </TextLine>
        </TextBlock>
      </TopMargin>
      <PrintSpace ID="PrintSpace_326" HPOS="209" VPOS="360" WIDTH="1682" HEIGHT="2824">
        <TextBlock ID="TextBlock_1017" HPOS="209" VPOS="360" WIDTH="1682" HEIGHT="2824">
          <TextLine ID="TextLine_12222" HPOS="216" VPOS="380" WIDTH="1657" HEIGHT="57">
            <String ID="Word_123759" HPOS="216" VPOS="381" WIDTH="47" HEIGHT="42" CONTENT="in" />
            <SP ID="SP_111543" HPOS="263" VPOS="381" WIDTH="34" HEIGHT="0" />
            <String ID="Word_123760" HPOS="297" VPOS="381" WIDTH="74" HEIGHT="43" CONTENT="the" />
            <SP ID="SP_111544" HPOS="371" VPOS="381" WIDTH="32" HEIGHT="0" />
            <String ID="Word_123761" HPOS="403" VPOS="381" WIDTH="81" HEIGHT="43" CONTENT="left" />
            <SP ID="SP_111545" HPOS="484" VPOS="380" WIDTH="33" HEIGHT="0" />
            <String ID="Word_123762" HPOS="517" VPOS="380" WIDTH="289" HEIGHT="57" CONTENT="hemisphere," />
            <SP ID="SP_111546" HPOS="806" VPOS="380" WIDTH="39" HEIGHT="0" />
            <String ID="Word_123763" HPOS="845" VPOS="380" WIDTH="120" HEIGHT="43" CONTENT="there" />
            <SP ID="SP_111547" HPOS="965" VPOS="380" WIDTH="36" HEIGHT="0" />
            <String ID="Word_123764" HPOS="1001" VPOS="394" WIDTH="87" HEIGHT="29" CONTENT="was" />
            <SP ID="SP_111548" HPOS="1088" VPOS="394" WIDTH="35" HEIGHT="0" />
            <String ID="Word_123765" HPOS="1123" VPOS="395" WIDTH="105" HEIGHT="29" CONTENT="very" />
            <SP ID="SP_111549" HPOS="1228" VPOS="381" WIDTH="24" HEIGHT="0" />
            <String ID="Word_123766" HPOS="1252" VPOS="381" WIDTH="228" HEIGHT="43" CONTENT="extensive" />
            <SP ID="SP_111550" HPOS="1480" VPOS="381" WIDTH="35" HEIGHT="0" />
            <String ID="Word_123767" HPOS="1515" VPOS="381" WIDTH="168" HEIGHT="43" CONTENT="disease" />
            <SP ID="SP_111551" HPOS="1683" VPOS="381" WIDTH="33" HEIGHT="0" />
            <String ID="Word_123768" HPOS="1716" VPOS="382" WIDTH="48" HEIGHT="41" CONTENT="in" />
            <SP ID="SP_111552" HPOS="1764" VPOS="381" WIDTH="35" HEIGHT="0" />
            <String ID="Word_123769" HPOS="1799" VPOS="381" WIDTH="74" HEIGHT="43" CONTENT="the" />
          </TextLine>
          <TextLine ID="TextLine_12223" HPOS="217" VPOS="452" WIDTH="1659" HEIGHT="58">
            <String ID="Word_123770" HPOS="217" VPOS="452" WIDTH="118" HEIGHT="56" CONTENT="right" />
            <SP ID="SP_111553" HPOS="335" VPOS="452" WIDTH="31" HEIGHT="0" />
            <String ID="Word_123771" HPOS="366" VPOS="453" WIDTH="286" HEIGHT="42" CONTENT="hemisphere." />
            <SP ID="SP_111554" HPOS="652" VPOS="452" WIDTH="67" HEIGHT="0" />
            <String ID="Word_123772" HPOS="719" VPOS="452" WIDTH="20" HEIGHT="42" CONTENT="I" />
            <SP ID="SP_111555" HPOS="739" VPOS="452" WIDTH="25" HEIGHT="0" />
            <String ID="Word_123773" HPOS="764" VPOS="452" WIDTH="218" HEIGHT="43" CONTENT="therefore" />
            <SP ID="SP_111556" HPOS="982" VPOS="452" WIDTH="23" HEIGHT="0" />
            <String ID="Word_123774" HPOS="1005" VPOS="453" WIDTH="167" HEIGHT="57" CONTENT="merely" />
            <SP ID="SP_111557" HPOS="1172" VPOS="453" WIDTH="23" HEIGHT="0" />
            <String ID="Word_123775" HPOS="1195" VPOS="453" WIDTH="112" HEIGHT="43" CONTENT="refer" />
            <SP ID="SP_111558" HPOS="1307" VPOS="453" WIDTH="22" HEIGHT="0" />
            <String ID="Word_123776" HPOS="1329" VPOS="457" WIDTH="44" HEIGHT="38" CONTENT="to" />
            <SP ID="SP_111559" HPOS="1373" VPOS="452" WIDTH="25" HEIGHT="0" />
            <String ID="Word_123777" HPOS="1398" VPOS="452" WIDTH="74" HEIGHT="43" CONTENT="the" />
            <SP ID="SP_111560" HPOS="1472" VPOS="452" WIDTH="24" HEIGHT="0" />
            <String ID="Word_123778" HPOS="1496" VPOS="466" WIDTH="97" HEIGHT="29" CONTENT="case" />
            <SP ID="SP_111561" HPOS="1593" VPOS="453" WIDTH="24" HEIGHT="0" />
            <String ID="Word_123779" HPOS="1617" VPOS="453" WIDTH="43" HEIGHT="41" CONTENT="in" />
            <SP ID="SP_111562" HPOS="1660" VPOS="453" WIDTH="25" HEIGHT="0" />
            <String ID="Word_123780" HPOS="1685" VPOS="453" WIDTH="191" HEIGHT="56" CONTENT="passing," />
          </TextLine>
          <TextLine ID="TextLine_12224" HPOS="220" VPOS="525" WIDTH="462" HEIGHT="56">
            <String ID="Word_123781" HPOS="220" VPOS="525" WIDTH="184" HEIGHT="42" CONTENT="without" />
            <SP ID="SP_111563" HPOS="404" VPOS="525" WIDTH="23" HEIGHT="0" />
            <String ID="Word_123782" HPOS="427" VPOS="525" WIDTH="186" HEIGHT="56" CONTENT="quoting" />
            <SP ID="SP_111564" HPOS="613" VPOS="525" WIDTH="22" HEIGHT="0" />
            <String ID="Word_123783" HPOS="635" VPOS="525" WIDTH="47" HEIGHT="41" CONTENT="it." />
          </TextLine>
          <TextLine ID="TextLine_12225" HPOS="277" VPOS="595" WIDTH="1601" HEIGHT="58">
            <String ID="Word_123784" HPOS="277" VPOS="595" WIDTH="45" HEIGHT="43" CONTENT="It" />
            <SP ID="SP_111565" HPOS="322" VPOS="595" WIDTH="21" HEIGHT="0" />
            <String ID="Word_123785" HPOS="343" VPOS="595" WIDTH="38" HEIGHT="43" CONTENT="is" />
            <SP ID="SP_111566" HPOS="381" VPOS="595" WIDTH="24" HEIGHT="0" />
            <String ID="Word_123786" HPOS="405" VPOS="596" WIDTH="129" HEIGHT="42" CONTENT="much" />
            <SP ID="SP_111567" HPOS="534" VPOS="596" WIDTH="25" HEIGHT="0" />
            <String ID="Word_123787" HPOS="559" VPOS="601" WIDTH="45" HEIGHT="37" CONTENT="to" />
            <SP ID="SP_111568" HPOS="604" VPOS="596" WIDTH="23" HEIGHT="0" />
            <String ID="Word_123788" HPOS="627" VPOS="596" WIDTH="53" HEIGHT="42" CONTENT="be" />
            <SP ID="SP_111569" HPOS="680" VPOS="595" WIDTH="23" HEIGHT="0" />
            <String ID="Word_123789" HPOS="703" VPOS="595" WIDTH="217" HEIGHT="43" CONTENT="regretted" />
            <SP ID="SP_111570" HPOS="920" VPOS="595" WIDTH="24" HEIGHT="0" />
            <String ID="Word_123790" HPOS="944" VPOS="595" WIDTH="98" HEIGHT="43" CONTENT="that" />
            <SP ID="SP_111571" HPOS="1042" VPOS="595" WIDTH="36" HEIGHT="0" />
            <String ID="Word_123791" HPOS="1078" VPOS="611" WIDTH="65" HEIGHT="28" CONTENT="we" />
            <SP ID="SP_111572" HPOS="1143" VPOS="596" WIDTH="36" HEIGHT="0" />
            <String ID="Word_123792" HPOS="1179" VPOS="596" WIDTH="111" HEIGHT="43" CONTENT="have" />
            <SP ID="SP_111573" HPOS="1290" VPOS="596" WIDTH="35" HEIGHT="0" />
            <String ID="Word_123793" HPOS="1325" VPOS="601" WIDTH="79" HEIGHT="38" CONTENT="not" />
            <SP ID="SP_111574" HPOS="1404" VPOS="601" WIDTH="32" HEIGHT="0" />
            <String ID="Word_123794" HPOS="1436" VPOS="611" WIDTH="46" HEIGHT="29" CONTENT="as" />
            <SP ID="SP_111575" HPOS="1482" VPOS="600" WIDTH="34" HEIGHT="0" />
            <String ID="Word_123795" HPOS="1516" VPOS="600" WIDTH="78" HEIGHT="53" CONTENT="yet" />
            <SP ID="SP_111576" HPOS="1594" VPOS="596" WIDTH="32" HEIGHT="0" />
            <String ID="Word_123796" HPOS="1626" VPOS="596" WIDTH="174" HEIGHT="44" CONTENT="records" />
            <SP ID="SP_111577" HPOS="1800" VPOS="596" WIDTH="34" HEIGHT="0" />
            <String ID="Word_123797" HPOS="1834" VPOS="596" WIDTH="44" HEIGHT="42" CONTENT="of" />
          </TextLine>
          <TextLine ID="TextLine_12226" HPOS="218" VPOS="669" WIDTH="1660" HEIGHT="57">
            <String ID="Word_123798" HPOS="218" VPOS="682" WIDTH="119" HEIGHT="29" CONTENT="cases" />
            <SP ID="SP_111578" HPOS="337" VPOS="669" WIDTH="33" HEIGHT="0" />
            <String ID="Word_123799" HPOS="370" VPOS="669" WIDTH="48" HEIGHT="41" CONTENT="of" />
            <SP ID="SP_111579" HPOS="418" VPOS="669" WIDTH="26" HEIGHT="0" />
            <String ID="Word_123800" HPOS="444" VPOS="669" WIDTH="174" HEIGHT="42" CONTENT="limited" />
            <SP ID="SP_111580" HPOS="618" VPOS="669" WIDTH="23" HEIGHT="0" />
            <String ID="Word_123801" HPOS="641" VPOS="669" WIDTH="140" HEIGHT="42" CONTENT="lesion" />
            <SP ID="SP_111581" HPOS="781" VPOS="669" WIDTH="30" HEIGHT="0" />
            <String ID="Word_123802" HPOS="811" VPOS="674" WIDTH="46" HEIGHT="37" CONTENT="at" />
            <SP ID="SP_111582" HPOS="857" VPOS="669" WIDTH="23" HEIGHT="0" />
            <String ID="Word_123803" HPOS="880" VPOS="669" WIDTH="32" HEIGHT="50" CONTENT="b," />
            <SP ID="SP_111583" HPOS="912" VPOS="669" WIDTH="23" HEIGHT="0" />
            <String ID="Word_123804" HPOS="935" VPOS="684" WIDTH="30" HEIGHT="27" CONTENT="c," />
            <SP ID="SP_111584" HPOS="965" VPOS="669" WIDTH="23" HEIGHT="0" />
            <String ID="Word_123805" HPOS="988" VPOS="669" WIDTH="86" HEIGHT="42" CONTENT="and" />
            <SP ID="SP_111585" HPOS="1074" VPOS="669" WIDTH="24" HEIGHT="0" />
            <String ID="Word_123806" HPOS="1098" VPOS="669" WIDTH="29" HEIGHT="42" CONTENT="cl" />
            <SP ID="SP_111586" HPOS="1127" VPOS="669" WIDTH="22" HEIGHT="0" />
            <String ID="Word_123807" HPOS="1149" VPOS="670" WIDTH="110" HEIGHT="56" CONTENT="(Fig." />
            <SP ID="SP_111587" HPOS="1259" VPOS="670" WIDTH="27" HEIGHT="0" />
            <String ID="Word_123808" HPOS="1286" VPOS="670" WIDTH="58" HEIGHT="55" CONTENT="6)," />
            <SP ID="SP_111588" HPOS="1344" VPOS="669" WIDTH="23" HEIGHT="0" />
            <String ID="Word_123809" HPOS="1367" VPOS="669" WIDTH="304" HEIGHT="57" CONTENT="respectively." />
            <SP ID="SP_111589" HPOS="1671" VPOS="669" WIDTH="66" HEIGHT="0" />
            <String ID="Word_123810" HPOS="1737" VPOS="670" WIDTH="45" HEIGHT="42" CONTENT="If" />
            <SP ID="SP_111590" HPOS="1782" VPOS="670" WIDTH="30" HEIGHT="0" />
            <String ID="Word_123811" HPOS="1812" VPOS="684" WIDTH="66" HEIGHT="28" CONTENT="we" />
          </TextLine>
          <TextLine ID="TextLine_12227" HPOS="217" VPOS="740" WIDTH="1662" HEIGHT="58">
            <String ID="Word_123812" HPOS="217" VPOS="754" WIDTH="102" HEIGHT="41" CONTENT="may" />
            <SP ID="SP_111591" HPOS="319" VPOS="745" WIDTH="23" HEIGHT="0" />
            <String ID="Word_123813" HPOS="342" VPOS="745" WIDTH="151" HEIGHT="38" CONTENT="accept" />
            <SP ID="SP_111592" HPOS="493" VPOS="740" WIDTH="24" HEIGHT="0" />
            <String ID="Word_123814" HPOS="517" VPOS="740" WIDTH="74" HEIGHT="43" CONTENT="the" />
            <SP ID="SP_111593" HPOS="591" VPOS="740" WIDTH="23" HEIGHT="0" />
            <String ID="Word_123815" HPOS="614" VPOS="740" WIDTH="277" HEIGHT="44" CONTENT="conclusions" />
            <SP ID="SP_111594" HPOS="891" VPOS="740" WIDTH="22" HEIGHT="0" />
            <String ID="Word_123816" HPOS="913" VPOS="741" WIDTH="45" HEIGHT="43" CONTENT="of" />
            <SP ID="SP_111595" HPOS="958" VPOS="741" WIDTH="34" HEIGHT="0" />
            <String ID="Word_123817" HPOS="992" VPOS="741" WIDTH="73" HEIGHT="43" CONTENT="the" />
            <SP ID="SP_111596" HPOS="1065" VPOS="741" WIDTH="36" HEIGHT="0" />
            <String ID="Word_123818" HPOS="1101" VPOS="741" WIDTH="324" HEIGHT="57" CONTENT="experimental" />
            <SP ID="SP_111597" HPOS="1425" VPOS="741" WIDTH="26" HEIGHT="0" />
            <String ID="Word_123819" HPOS="1451" VPOS="741" WIDTH="328" HEIGHT="57" CONTENT="physiologists," />
            <SP ID="SP_111598" HPOS="1779" VPOS="741" WIDTH="24" HEIGHT="0" />
            <String ID="Word_123820" HPOS="1803" VPOS="741" WIDTH="76" HEIGHT="42" CONTENT="the" />
          </TextLine>
          <TextLine ID="TextLine_12228" HPOS="217" VPOS="812" WIDTH="1663" HEIGHT="56">
            <String ID="Word_123821" HPOS="217" VPOS="825" WIDTH="98" HEIGHT="28" CONTENT="area" />
            <SP ID="SP_111599" HPOS="315" VPOS="816" WIDTH="32" HEIGHT="0" />
            <String ID="Word_123822" HPOS="347" VPOS="816" WIDTH="46" HEIGHT="38" CONTENT="at" />
            <SP ID="SP_111600" HPOS="393" VPOS="812" WIDTH="30" HEIGHT="0" />
            <String ID="Word_123823" HPOS="423" VPOS="812" WIDTH="23" HEIGHT="42" CONTENT="b" />
            <SP ID="SP_111601" HPOS="446" VPOS="812" WIDTH="31" HEIGHT="0" />
            <String ID="Word_123824" HPOS="477" VPOS="817" WIDTH="247" HEIGHT="38" CONTENT="represents" />
            <SP ID="SP_111602" HPOS="724" VPOS="813" WIDTH="39" HEIGHT="0" />
            <String ID="Word_123825" HPOS="763" VPOS="813" WIDTH="76" HEIGHT="42" CONTENT="the" />
            <SP ID="SP_111603" HPOS="839" VPOS="813" WIDTH="39" HEIGHT="0" />
            <String ID="Word_123826" HPOS="878" VPOS="817" WIDTH="149" HEIGHT="39" CONTENT="centre" />
            <SP ID="SP_111604" HPOS="1027" VPOS="814" WIDTH="41" HEIGHT="0" />
            <String ID="Word_123827" HPOS="1068" VPOS="814" WIDTH="64" HEIGHT="42" CONTENT="for" />
            <SP ID="SP_111605" HPOS="1132" VPOS="813" WIDTH="36" HEIGHT="0" />
            <String ID="Word_123828" HPOS="1168" VPOS="813" WIDTH="75" HEIGHT="42" CONTENT="the" />
            <SP ID="SP_111606" HPOS="1243" VPOS="813" WIDTH="38" HEIGHT="0" />
            <String ID="Word_123829" HPOS="1281" VPOS="813" WIDTH="239" HEIGHT="42" CONTENT="adduction" />
            <SP ID="SP_111607" HPOS="1520" VPOS="813" WIDTH="37" HEIGHT="0" />
            <String ID="Word_123830" HPOS="1557" VPOS="813" WIDTH="47" HEIGHT="42" CONTENT="of" />
            <SP ID="SP_111608" HPOS="1604" VPOS="813" WIDTH="35" HEIGHT="0" />
            <String ID="Word_123831" HPOS="1639" VPOS="813" WIDTH="76" HEIGHT="43" CONTENT="the" />
            <SP ID="SP_111609" HPOS="1715" VPOS="812" WIDTH="38" HEIGHT="0" />
            <String ID="Word_123832" HPOS="1753" VPOS="812" WIDTH="127" HEIGHT="44" CONTENT="vocal" />
          </TextLine>
          <TextLine ID="TextLine_12229" HPOS="218" VPOS="883" WIDTH="1663" HEIGHT="57">
            <String ID="Word_123833" HPOS="218" VPOS="883" WIDTH="123" HEIGHT="43" CONTENT="cords" />
            <SP ID="SP_111610" HPOS="341" VPOS="883" WIDTH="44" HEIGHT="0" />
            <String ID="Word_123834" HPOS="385" VPOS="883" WIDTH="46" HEIGHT="44" CONTENT="in" />
            <SP ID="SP_111611" HPOS="431" VPOS="883" WIDTH="45" HEIGHT="0" />
            <String ID="Word_123835" HPOS="476" VPOS="884" WIDTH="256" HEIGHT="56" CONTENT="phonation," />
            <SP ID="SP_111612" HPOS="732" VPOS="885" WIDTH="38" HEIGHT="0" />
            <String ID="Word_123836" HPOS="770" VPOS="885" WIDTH="98" HEIGHT="53" CONTENT="and," />
            <SP ID="SP_111613" HPOS="868" VPOS="885" WIDTH="45" HEIGHT="0" />
            <String ID="Word_123837" HPOS="913" VPOS="885" WIDTH="166" HEIGHT="43" CONTENT="behind" />
            <SP ID="SP_111614" HPOS="1079" VPOS="885" WIDTH="45" HEIGHT="0" />
            <String ID="Word_123838" HPOS="1124" VPOS="885" WIDTH="102" HEIGHT="54" CONTENT="this," />
            <SP ID="SP_111615" HPOS="1226" VPOS="885" WIDTH="43" HEIGHT="0" />
            <String ID="Word_123839" HPOS="1269" VPOS="886" WIDTH="76" HEIGHT="43" CONTENT="the" />
            <SP ID="SP_111616" HPOS="1345" VPOS="886" WIDTH="53" HEIGHT="0" />
            <String ID="Word_123840" HPOS="1398" VPOS="900" WIDTH="100" HEIGHT="28" CONTENT="area" />
            <SP ID="SP_111617" HPOS="1498" VPOS="891" WIDTH="42" HEIGHT="0" />
            <String ID="Word_123841" HPOS="1540" VPOS="891" WIDTH="46" HEIGHT="37" CONTENT="at" />
            <SP ID="SP_111618" HPOS="1586" VPOS="891" WIDTH="52" HEIGHT="0" />
            <String ID="Word_123842" HPOS="1638" VPOS="901" WIDTH="19" HEIGHT="27" CONTENT="c" />
            <SP ID="SP_111619" HPOS="1657" VPOS="886" WIDTH="54" HEIGHT="0" />
            <String ID="Word_123843" HPOS="1711" VPOS="886" WIDTH="86" HEIGHT="42" CONTENT="and" />
            <SP ID="SP_111620" HPOS="1797" VPOS="886" WIDTH="55" HEIGHT="0" />
            <String ID="Word_123844" HPOS="1852" VPOS="886" WIDTH="29" HEIGHT="42" CONTENT="d" />
          </TextLine>
          <TextLine ID="TextLine_12230" HPOS="216" VPOS="957" WIDTH="1663" HEIGHT="58">
            <String ID="Word_123845" HPOS="216" VPOS="961" WIDTH="245" HEIGHT="50" CONTENT="represents" />
            <SP ID="SP_111621" HPOS="461" VPOS="957" WIDTH="34" HEIGHT="0" />
            <String ID="Word_123846" HPOS="495" VPOS="957" WIDTH="75" HEIGHT="43" CONTENT="the" />
            <SP ID="SP_111622" HPOS="570" VPOS="957" WIDTH="39" HEIGHT="0" />
            <String ID="Word_123847" HPOS="609" VPOS="962" WIDTH="149" HEIGHT="38" CONTENT="centre" />
            <SP ID="SP_111623" HPOS="758" VPOS="958" WIDTH="34" HEIGHT="0" />
            <String ID="Word_123848" HPOS="792" VPOS="958" WIDTH="68" HEIGHT="42" CONTENT="for" />
            <SP ID="SP_111624" HPOS="860" VPOS="957" WIDTH="32" HEIGHT="0" />
            <String ID="Word_123849" HPOS="892" VPOS="957" WIDTH="75" HEIGHT="43" CONTENT="the" />
            <SP ID="SP_111625" HPOS="967" VPOS="957" WIDTH="24" HEIGHT="0" />
            <String ID="Word_123850" HPOS="991" VPOS="958" WIDTH="91" HEIGHT="42" CONTENT="oral" />
            <SP ID="SP_111626" HPOS="1082" VPOS="958" WIDTH="40" HEIGHT="0" />
            <String ID="Word_123851" HPOS="1122" VPOS="958" WIDTH="278" HEIGHT="43" CONTENT="articulative" />
            <SP ID="SP_111627" HPOS="1400" VPOS="958" WIDTH="44" HEIGHT="0" />
            <String ID="Word_123852" HPOS="1444" VPOS="958" WIDTH="273" HEIGHT="43" CONTENT="mechanism" />
            <SP ID="SP_111628" HPOS="1717" VPOS="958" WIDTH="44" HEIGHT="0" />
            <String ID="Word_123853" HPOS="1761" VPOS="959" WIDTH="118" HEIGHT="56" CONTENT="(lips," />
          </TextLine>
          <TextLine ID="TextLine_12231" HPOS="219" VPOS="1028" WIDTH="1660" HEIGHT="58">
            <String ID="Word_123854" HPOS="219" VPOS="1032" WIDTH="174" HEIGHT="53" CONTENT="tongue," />
            <SP ID="SP_111629" HPOS="393" VPOS="1028" WIDTH="23" HEIGHT="0" />
            <String ID="Word_123855" HPOS="416" VPOS="1028" WIDTH="112" HEIGHT="56" CONTENT="etc.)." />
            <SP ID="SP_111630" HPOS="528" VPOS="1028" WIDTH="66" HEIGHT="0" />
            <String ID="Word_123856" HPOS="594" VPOS="1029" WIDTH="53" HEIGHT="41" CONTENT="In" />
            <SP ID="SP_111631" HPOS="647" VPOS="1029" WIDTH="26" HEIGHT="0" />
            <String ID="Word_123857" HPOS="673" VPOS="1029" WIDTH="74" HEIGHT="43" CONTENT="the" />
            <SP ID="SP_111632" HPOS="747" VPOS="1029" WIDTH="23" HEIGHT="0" />
            <String ID="Word_123858" HPOS="770" VPOS="1030" WIDTH="161" HEIGHT="42" CONTENT="second" />
            <SP ID="SP_111633" HPOS="931" VPOS="1029" WIDTH="34" HEIGHT="0" />
            <String ID="Word_123859" HPOS="965" VPOS="1029" WIDTH="193" HEIGHT="57" CONTENT="chapter," />
            <SP ID="SP_111634" HPOS="1158" VPOS="1029" WIDTH="24" HEIGHT="0" />
            <String ID="Word_123860" HPOS="1182" VPOS="1029" WIDTH="22" HEIGHT="42" CONTENT="I" />
            <SP ID="SP_111635" HPOS="1204" VPOS="1029" WIDTH="23" HEIGHT="0" />
            <String ID="Word_123861" HPOS="1227" VPOS="1030" WIDTH="112" HEIGHT="42" CONTENT="have" />
            <SP ID="SP_111636" HPOS="1339" VPOS="1030" WIDTH="24" HEIGHT="0" />
            <String ID="Word_123862" HPOS="1363" VPOS="1030" WIDTH="153" HEIGHT="42" CONTENT="shown" />
            <SP ID="SP_111637" HPOS="1516" VPOS="1029" WIDTH="25" HEIGHT="0" />
            <String ID="Word_123863" HPOS="1541" VPOS="1029" WIDTH="97" HEIGHT="43" CONTENT="that" />
            <SP ID="SP_111638" HPOS="1638" VPOS="1029" WIDTH="23" HEIGHT="0" />
            <String ID="Word_123864" HPOS="1661" VPOS="1030" WIDTH="75" HEIGHT="42" CONTENT="the" />
            <SP ID="SP_111639" HPOS="1736" VPOS="1030" WIDTH="27" HEIGHT="0" />
            <String ID="Word_123865" HPOS="1763" VPOS="1043" WIDTH="116" HEIGHT="29" CONTENT="com-" />
          </TextLine>
          <TextLine ID="TextLine_12232" HPOS="220" VPOS="1099" WIDTH="1661" HEIGHT="55">
            <String ID="Word_123866" HPOS="220" VPOS="1099" WIDTH="117" HEIGHT="55" CONTENT="plete" />
            <SP ID="SP_111640" HPOS="337" VPOS="1099" WIDTH="35" HEIGHT="0" />
            <String ID="Word_123867" HPOS="372" VPOS="1100" WIDTH="294" HEIGHT="44" CONTENT="disablement" />
            <SP ID="SP_111641" HPOS="666" VPOS="1100" WIDTH="31" HEIGHT="0" />
            <String ID="Word_123868" HPOS="697" VPOS="1101" WIDTH="141" HEIGHT="43" CONTENT="either" />
            <SP ID="SP_111642" HPOS="838" VPOS="1100" WIDTH="32" HEIGHT="0" />
            <String ID="Word_123869" HPOS="870" VPOS="1100" WIDTH="48" HEIGHT="44" CONTENT="of" />
            <SP ID="SP_111643" HPOS="918" VPOS="1100" WIDTH="32" HEIGHT="0" />
            <String ID="Word_123870" HPOS="950" VPOS="1102" WIDTH="75" HEIGHT="42" CONTENT="the" />
            <SP ID="SP_111644" HPOS="1025" VPOS="1102" WIDTH="31" HEIGHT="0" />
            <String ID="Word_123871" HPOS="1056" VPOS="1102" WIDTH="125" HEIGHT="43" CONTENT="vocal" />
            <SP ID="SP_111645" HPOS="1181" VPOS="1102" WIDTH="32" HEIGHT="0" />
            <String ID="Word_123872" HPOS="1213" VPOS="1102" WIDTH="270" HEIGHT="42" CONTENT="mechanism" />
            <SP ID="SP_111646" HPOS="1483" VPOS="1102" WIDTH="39" HEIGHT="0" />
            <String ID="Word_123873" HPOS="1522" VPOS="1117" WIDTH="47" HEIGHT="27" CONTENT="or" />
            <SP ID="SP_111647" HPOS="1569" VPOS="1102" WIDTH="34" HEIGHT="0" />
            <String ID="Word_123874" HPOS="1603" VPOS="1102" WIDTH="48" HEIGHT="42" CONTENT="of" />
            <SP ID="SP_111648" HPOS="1651" VPOS="1101" WIDTH="29" HEIGHT="0" />
            <String ID="Word_123875" HPOS="1680" VPOS="1101" WIDTH="75" HEIGHT="43" CONTENT="the" />
            <SP ID="SP_111649" HPOS="1755" VPOS="1101" WIDTH="33" HEIGHT="0" />
            <String ID="Word_123876" HPOS="1788" VPOS="1102" WIDTH="93" HEIGHT="42" CONTENT="oral" />
          </TextLine>
          <TextLine ID="TextLine_12233" HPOS="219" VPOS="1172" WIDTH="1660" HEIGHT="58">
            <String ID="Word_123877" HPOS="219" VPOS="1172" WIDTH="278" HEIGHT="44" CONTENT="articulative" />
            <SP ID="SP_111650" HPOS="497" VPOS="1172" WIDTH="43" HEIGHT="0" />
            <String ID="Word_123878" HPOS="540" VPOS="1174" WIDTH="272" HEIGHT="42" CONTENT="mechanism" />
            <SP ID="SP_111651" HPOS="812" VPOS="1174" WIDTH="43" HEIGHT="0" />
            <String ID="Word_123879" HPOS="855" VPOS="1174" WIDTH="178" HEIGHT="42" CONTENT="renders" />
            <SP ID="SP_111652" HPOS="1033" VPOS="1174" WIDTH="39" HEIGHT="0" />
            <String ID="Word_123880" HPOS="1072" VPOS="1189" WIDTH="54" HEIGHT="27" CONTENT="an" />
            <SP ID="SP_111653" HPOS="1126" VPOS="1175" WIDTH="42" HEIGHT="0" />
            <String ID="Word_123881" HPOS="1168" VPOS="1175" WIDTH="251" HEIGHT="41" CONTENT="individual" />
            <SP ID="SP_111654" HPOS="1419" VPOS="1175" WIDTH="37" HEIGHT="0" />
            <String ID="Word_123882" HPOS="1456" VPOS="1182" WIDTH="125" HEIGHT="48" CONTENT="quite" />
            <SP ID="SP_111655" HPOS="1581" VPOS="1173" WIDTH="38" HEIGHT="0" />
            <String ID="Word_123883" HPOS="1619" VPOS="1173" WIDTH="260" HEIGHT="44" CONTENT="speechless." />
          </TextLine>
          <TextLine ID="TextLine_12234" HPOS="219" VPOS="1244" WIDTH="1661" HEIGHT="59">
            <String ID="Word_123884" HPOS="219" VPOS="1244" WIDTH="118" HEIGHT="43" CONTENT="Does" />
            <SP ID="SP_111656" HPOS="337" VPOS="1244" WIDTH="23" HEIGHT="0" />
            <String ID="Word_123885" HPOS="360" VPOS="1245" WIDTH="37" HEIGHT="42" CONTENT="it" />
            <SP ID="SP_111657" HPOS="397" VPOS="1245" WIDTH="22" HEIGHT="0" />
            <String ID="Word_123886" HPOS="419" VPOS="1245" WIDTH="148" HEIGHT="43" CONTENT="follow" />
            <SP ID="SP_111658" HPOS="567" VPOS="1245" WIDTH="23" HEIGHT="0" />
            <String ID="Word_123887" HPOS="590" VPOS="1246" WIDTH="98" HEIGHT="42" CONTENT="that" />
            <SP ID="SP_111659" HPOS="688" VPOS="1246" WIDTH="22" HEIGHT="0" />
            <String ID="Word_123888" HPOS="710" VPOS="1246" WIDTH="273" HEIGHT="42" CONTENT="destruction" />
            <SP ID="SP_111660" HPOS="983" VPOS="1246" WIDTH="24" HEIGHT="0" />
            <String ID="Word_123889" HPOS="1007" VPOS="1247" WIDTH="47" HEIGHT="41" CONTENT="of" />
            <SP ID="SP_111661" HPOS="1054" VPOS="1247" WIDTH="27" HEIGHT="0" />
            <String ID="Word_123890" HPOS="1081" VPOS="1247" WIDTH="75" HEIGHT="42" CONTENT="the" />
            <SP ID="SP_111662" HPOS="1156" VPOS="1247" WIDTH="23" HEIGHT="0" />
            <String ID="Word_123891" HPOS="1179" VPOS="1247" WIDTH="247" HEIGHT="55" CONTENT="phonating" />
            <SP ID="SP_111663" HPOS="1426" VPOS="1247" WIDTH="22" HEIGHT="0" />
            <String ID="Word_123892" HPOS="1448" VPOS="1250" WIDTH="148" HEIGHT="38" CONTENT="centre" />
            <SP ID="SP_111664" HPOS="1596" VPOS="1250" WIDTH="23" HEIGHT="0" />
            <String ID="Word_123893" HPOS="1619" VPOS="1251" WIDTH="46" HEIGHT="37" CONTENT="at" />
            <SP ID="SP_111665" HPOS="1665" VPOS="1246" WIDTH="23" HEIGHT="0" />
            <String ID="Word_123894" HPOS="1688" VPOS="1246" WIDTH="21" HEIGHT="42" CONTENT="b" />
            <SP ID="SP_111666" HPOS="1709" VPOS="1246" WIDTH="22" HEIGHT="0" />
            <String ID="Word_123895" HPOS="1731" VPOS="1246" WIDTH="149" HEIGHT="42" CONTENT="would" />
          </TextLine>
          <TextLine ID="TextLine_12235" HPOS="220" VPOS="1316" WIDTH="1660" HEIGHT="58">
            <String ID="Word_123896" HPOS="220" VPOS="1316" WIDTH="110" HEIGHT="43" CONTENT="have" />
            <SP ID="SP_111667" HPOS="330" VPOS="1316" WIDTH="24" HEIGHT="0" />
            <String ID="Word_123897" HPOS="354" VPOS="1317" WIDTH="87" HEIGHT="43" CONTENT="this" />
            <SP ID="SP_111668" HPOS="441" VPOS="1317" WIDTH="34" HEIGHT="0" />
            <String ID="Word_123898" HPOS="475" VPOS="1318" WIDTH="138" HEIGHT="42" CONTENT="effect," />
            <SP ID="SP_111669" HPOS="613" VPOS="1318" WIDTH="24" HEIGHT="0" />
            <String ID="Word_123899" HPOS="637" VPOS="1318" WIDTH="87" HEIGHT="42" CONTENT="and" />
            <SP ID="SP_111670" HPOS="724" VPOS="1318" WIDTH="32" HEIGHT="0" />
            <String ID="Word_123900" HPOS="756" VPOS="1318" WIDTH="100" HEIGHT="43" CONTENT="that" />
            <SP ID="SP_111671" HPOS="856" VPOS="1318" WIDTH="33" HEIGHT="0" />
            <String ID="Word_123901" HPOS="889" VPOS="1318" WIDTH="89" HEIGHT="43" CONTENT="this" />
            <SP ID="SP_111672" HPOS="978" VPOS="1318" WIDTH="33" HEIGHT="0" />
            <String ID="Word_123902" HPOS="1011" VPOS="1319" WIDTH="128" HEIGHT="42" CONTENT="effect" />
            <SP ID="SP_111673" HPOS="1139" VPOS="1318" WIDTH="32" HEIGHT="0" />
            <String ID="Word_123903" HPOS="1171" VPOS="1318" WIDTH="148" HEIGHT="43" CONTENT="would" />
            <SP ID="SP_111674" HPOS="1319" VPOS="1318" WIDTH="32" HEIGHT="0" />
            <String ID="Word_123904" HPOS="1351" VPOS="1318" WIDTH="91" HEIGHT="42" CONTENT="also" />
            <SP ID="SP_111675" HPOS="1442" VPOS="1318" WIDTH="38" HEIGHT="0" />
            <String ID="Word_123905" HPOS="1480" VPOS="1319" WIDTH="52" HEIGHT="41" CONTENT="be" />
            <SP ID="SP_111676" HPOS="1532" VPOS="1318" WIDTH="33" HEIGHT="0" />
            <String ID="Word_123906" HPOS="1565" VPOS="1318" WIDTH="222" HEIGHT="56" CONTENT="produced" />
            <SP ID="SP_111677" HPOS="1787" VPOS="1318" WIDTH="34" HEIGHT="0" />
            <String ID="Word_123907" HPOS="1821" VPOS="1319" WIDTH="59" HEIGHT="55" CONTENT="by" />
          </TextLine>
          <TextLine ID="TextLine_12236" HPOS="219" VPOS="1389" WIDTH="1660" HEIGHT="44">
            <String ID="Word_123908" HPOS="219" VPOS="1389" WIDTH="269" HEIGHT="43" CONTENT="destruction" />
            <SP ID="SP_111678" HPOS="488" VPOS="1389" WIDTH="36" HEIGHT="0" />
            <String ID="Word_123909" HPOS="524" VPOS="1390" WIDTH="47" HEIGHT="41" CONTENT="of" />
            <SP ID="SP_111679" HPOS="571" VPOS="1390" WIDTH="35" HEIGHT="0" />
            <String ID="Word_123910" HPOS="606" VPOS="1390" WIDTH="74" HEIGHT="42" CONTENT="the" />
            <SP ID="SP_111680" HPOS="680" VPOS="1390" WIDTH="33" HEIGHT="0" />
            <String ID="Word_123911" HPOS="713" VPOS="1396" WIDTH="148" HEIGHT="36" CONTENT="centre" />
            <SP ID="SP_111681" HPOS="861" VPOS="1391" WIDTH="32" HEIGHT="0" />
            <String ID="Word_123912" HPOS="893" VPOS="1391" WIDTH="67" HEIGHT="41" CONTENT="for" />
            <SP ID="SP_111682" HPOS="960" VPOS="1390" WIDTH="34" HEIGHT="0" />
            <String ID="Word_123913" HPOS="994" VPOS="1390" WIDTH="92" HEIGHT="42" CONTENT="oral" />
            <SP ID="SP_111683" HPOS="1086" VPOS="1390" WIDTH="33" HEIGHT="0" />
            <String ID="Word_123914" HPOS="1119" VPOS="1391" WIDTH="284" HEIGHT="42" CONTENT="articulation" />
            <SP ID="SP_111684" HPOS="1403" VPOS="1391" WIDTH="33" HEIGHT="0" />
            <String ID="Word_123915" HPOS="1436" VPOS="1395" WIDTH="45" HEIGHT="37" CONTENT="at" />
            <SP ID="SP_111685" HPOS="1481" VPOS="1395" WIDTH="36" HEIGHT="0" />
            <String ID="Word_123916" HPOS="1517" VPOS="1405" WIDTH="18" HEIGHT="27" CONTENT="c" />
            <SP ID="SP_111686" HPOS="1535" VPOS="1390" WIDTH="33" HEIGHT="0" />
            <String ID="Word_123917" HPOS="1568" VPOS="1390" WIDTH="87" HEIGHT="42" CONTENT="and" />
            <SP ID="SP_111687" HPOS="1655" VPOS="1390" WIDTH="33" HEIGHT="0" />
            <String ID="Word_123918" HPOS="1688" VPOS="1391" WIDTH="29" HEIGHT="41" CONTENT="cl" />
            <SP ID="SP_111688" HPOS="1717" VPOS="1391" WIDTH="16" HEIGHT="0" />
            <String ID="Word_123919" HPOS="1733" VPOS="1391" WIDTH="18" HEIGHT="42" CONTENT="?" />
            <SP ID="SP_111689" HPOS="1751" VPOS="1390" WIDTH="82" HEIGHT="0" />
            <String ID="Word_123920" HPOS="1833" VPOS="1390" WIDTH="46" HEIGHT="42" CONTENT="It" />
          </TextLine>
          <TextLine ID="TextLine_12237" HPOS="220" VPOS="1461" WIDTH="1661" HEIGHT="57">
            <String ID="Word_123921" HPOS="220" VPOS="1461" WIDTH="144" HEIGHT="43" CONTENT="would" />
            <SP ID="SP_111690" HPOS="364" VPOS="1461" WIDTH="24" HEIGHT="0" />
            <String ID="Word_123922" HPOS="388" VPOS="1461" WIDTH="159" HEIGHT="42" CONTENT="follow," />
            <SP ID="SP_111691" HPOS="547" VPOS="1461" WIDTH="26" HEIGHT="0" />
            <String ID="Word_123923" HPOS="573" VPOS="1462" WIDTH="21" HEIGHT="41" CONTENT="I" />
            <SP ID="SP_111692" HPOS="594" VPOS="1462" WIDTH="25" HEIGHT="0" />
            <String ID="Word_123924" HPOS="619" VPOS="1462" WIDTH="145" HEIGHT="56" CONTENT="think," />
            <SP ID="SP_111693" HPOS="764" VPOS="1462" WIDTH="19" HEIGHT="0" />
            <String ID="Word_123925" HPOS="783" VPOS="1462" WIDTH="318" HEIGHT="55" CONTENT="undoubtedly," />
            <SP ID="SP_111694" HPOS="1101" VPOS="1462" WIDTH="20" HEIGHT="0" />
            <String ID="Word_123926" HPOS="1121" VPOS="1477" WIDTH="111" HEIGHT="27" CONTENT="were" />
            <SP ID="SP_111695" HPOS="1232" VPOS="1463" WIDTH="23" HEIGHT="0" />
            <String ID="Word_123927" HPOS="1255" VPOS="1463" WIDTH="36" HEIGHT="41" CONTENT="it" />
            <SP ID="SP_111696" HPOS="1291" VPOS="1463" WIDTH="23" HEIGHT="0" />
            <String ID="Word_123928" HPOS="1314" VPOS="1466" WIDTH="78" HEIGHT="37" CONTENT="not" />
            <SP ID="SP_111697" HPOS="1392" VPOS="1462" WIDTH="22" HEIGHT="0" />
            <String ID="Word_123929" HPOS="1414" VPOS="1462" WIDTH="68" HEIGHT="41" CONTENT="for" />
            <SP ID="SP_111698" HPOS="1482" VPOS="1462" WIDTH="24" HEIGHT="0" />
            <String ID="Word_123930" HPOS="1506" VPOS="1476" WIDTH="82" HEIGHT="28" CONTENT="one" />
            <SP ID="SP_111699" HPOS="1588" VPOS="1461" WIDTH="23" HEIGHT="0" />
            <String ID="Word_123931" HPOS="1611" VPOS="1461" WIDTH="270" HEIGHT="57" CONTENT="possibility." />
          </TextLine>
          <TextLine ID="TextLine_12238" HPOS="220" VPOS="1533" WIDTH="1663" HEIGHT="55">
            <String ID="Word_123932" HPOS="220" VPOS="1533" WIDTH="45" HEIGHT="42" CONTENT="If" />
            <SP ID="SP_111700" HPOS="265" VPOS="1533" WIDTH="27" HEIGHT="0" />
            <String ID="Word_123933" HPOS="292" VPOS="1547" WIDTH="63" HEIGHT="28" CONTENT="we" />
            <SP ID="SP_111701" HPOS="355" VPOS="1546" WIDTH="24" HEIGHT="0" />
            <String ID="Word_123934" HPOS="379" VPOS="1546" WIDTH="69" HEIGHT="28" CONTENT="are" />
            <SP ID="SP_111702" HPOS="448" VPOS="1537" WIDTH="24" HEIGHT="0" />
            <String ID="Word_123935" HPOS="472" VPOS="1537" WIDTH="44" HEIGHT="37" CONTENT="to" />
            <SP ID="SP_111703" HPOS="516" VPOS="1537" WIDTH="23" HEIGHT="0" />
            <String ID="Word_123936" HPOS="539" VPOS="1547" WIDTH="190" HEIGHT="41" CONTENT="suppose" />
            <SP ID="SP_111704" HPOS="729" VPOS="1533" WIDTH="24" HEIGHT="0" />
            <String ID="Word_123937" HPOS="753" VPOS="1533" WIDTH="97" HEIGHT="41" CONTENT="that" />
            <SP ID="SP_111705" HPOS="850" VPOS="1533" WIDTH="23" HEIGHT="0" />
            <String ID="Word_123938" HPOS="873" VPOS="1533" WIDTH="74" HEIGHT="43" CONTENT="the" />
            <SP ID="SP_111706" HPOS="947" VPOS="1533" WIDTH="24" HEIGHT="0" />
            <String ID="Word_123939" HPOS="971" VPOS="1533" WIDTH="92" HEIGHT="42" CONTENT="foot" />
            <SP ID="SP_111707" HPOS="1063" VPOS="1533" WIDTH="23" HEIGHT="0" />
            <String ID="Word_123940" HPOS="1086" VPOS="1534" WIDTH="47" HEIGHT="41" CONTENT="of" />
            <SP ID="SP_111708" HPOS="1133" VPOS="1534" WIDTH="20" HEIGHT="0" />
            <String ID="Word_123941" HPOS="1153" VPOS="1534" WIDTH="75" HEIGHT="41" CONTENT="the" />
            <SP ID="SP_111709" HPOS="1228" VPOS="1533" WIDTH="25" HEIGHT="0" />
            <String ID="Word_123942" HPOS="1253" VPOS="1533" WIDTH="117" HEIGHT="42" CONTENT="third" />
            <SP ID="SP_111710" HPOS="1370" VPOS="1533" WIDTH="26" HEIGHT="0" />
            <String ID="Word_123943" HPOS="1396" VPOS="1533" WIDTH="163" HEIGHT="42" CONTENT="frontal" />
            <SP ID="SP_111711" HPOS="1559" VPOS="1533" WIDTH="24" HEIGHT="0" />
            <String ID="Word_123944" HPOS="1583" VPOS="1539" WIDTH="300" HEIGHT="46" CONTENT="convolution," />
          </TextLine>
          <TextLine ID="TextLine_12239" HPOS="218" VPOS="1604" WIDTH="1666" HEIGHT="58">
            <String ID="Word_123945" HPOS="218" VPOS="1622" WIDTH="39" HEIGHT="26" CONTENT="a," />
            <SP ID="SP_111712" HPOS="257" VPOS="1605" WIDTH="23" HEIGHT="0" />
            <String ID="Word_123946" HPOS="280" VPOS="1605" WIDTH="37" HEIGHT="41" CONTENT="is" />
            <SP ID="SP_111713" HPOS="317" VPOS="1604" WIDTH="24" HEIGHT="0" />
            <String ID="Word_123947" HPOS="341" VPOS="1604" WIDTH="73" HEIGHT="43" CONTENT="the" />
            <SP ID="SP_111714" HPOS="414" VPOS="1604" WIDTH="25" HEIGHT="0" />
            <String ID="Word_123948" HPOS="439" VPOS="1610" WIDTH="147" HEIGHT="37" CONTENT="centre" />
            <SP ID="SP_111715" HPOS="586" VPOS="1605" WIDTH="24" HEIGHT="0" />
            <String ID="Word_123949" HPOS="610" VPOS="1605" WIDTH="67" HEIGHT="42" CONTENT="for" />
            <SP ID="SP_111716" HPOS="677" VPOS="1605" WIDTH="24" HEIGHT="0" />
            <String ID="Word_123950" HPOS="701" VPOS="1605" WIDTH="75" HEIGHT="42" CONTENT="the" />
            <SP ID="SP_111717" HPOS="776" VPOS="1605" WIDTH="22" HEIGHT="0" />
            <String ID="Word_123951" HPOS="798" VPOS="1605" WIDTH="186" HEIGHT="57" CONTENT="guiding" />
            <SP ID="SP_111718" HPOS="984" VPOS="1605" WIDTH="32" HEIGHT="0" />
            <String ID="Word_123952" HPOS="1016" VPOS="1605" WIDTH="333" HEIGHT="57" CONTENT="psycho-motor" />
            <SP ID="SP_111719" HPOS="1349" VPOS="1605" WIDTH="34" HEIGHT="0" />
            <String ID="Word_123953" HPOS="1383" VPOS="1605" WIDTH="179" HEIGHT="56" CONTENT="images," />
            <SP ID="SP_111720" HPOS="1562" VPOS="1605" WIDTH="24" HEIGHT="0" />
            <String ID="Word_123954" HPOS="1586" VPOS="1605" WIDTH="87" HEIGHT="42" CONTENT="and" />
            <SP ID="SP_111721" HPOS="1673" VPOS="1605" WIDTH="34" HEIGHT="0" />
            <String ID="Word_123955" HPOS="1707" VPOS="1605" WIDTH="99" HEIGHT="42" CONTENT="that" />
            <SP ID="SP_111722" HPOS="1806" VPOS="1605" WIDTH="32" HEIGHT="0" />
            <String ID="Word_123956" HPOS="1838" VPOS="1610" WIDTH="46" HEIGHT="37" CONTENT="at" />
          </TextLine>
          <TextLine ID="TextLine_12240" HPOS="216" VPOS="1677" WIDTH="1669" HEIGHT="44">
            <String ID="Word_123957" HPOS="216" VPOS="1678" WIDTH="21" HEIGHT="41" CONTENT="b" />
            <SP ID="SP_111723" HPOS="237" VPOS="1677" WIDTH="24" HEIGHT="0" />
            <String ID="Word_123958" HPOS="261" VPOS="1677" WIDTH="86" HEIGHT="43" CONTENT="and" />
            <SP ID="SP_111724" HPOS="347" VPOS="1677" WIDTH="24" HEIGHT="0" />
            <String ID="Word_123959" HPOS="371" VPOS="1682" WIDTH="45" HEIGHT="37" CONTENT="at" />
            <SP ID="SP_111725" HPOS="416" VPOS="1682" WIDTH="21" HEIGHT="0" />
            <String ID="Word_123960" HPOS="437" VPOS="1693" WIDTH="19" HEIGHT="26" CONTENT="c" />
            <SP ID="SP_111726" HPOS="456" VPOS="1677" WIDTH="22" HEIGHT="0" />
            <String ID="Word_123961" HPOS="478" VPOS="1677" WIDTH="87" HEIGHT="43" CONTENT="and" />
            <SP ID="SP_111727" HPOS="565" VPOS="1677" WIDTH="22" HEIGHT="0" />
            <String ID="Word_123962" HPOS="587" VPOS="1677" WIDTH="30" HEIGHT="42" CONTENT="d" />
            <SP ID="SP_111728" HPOS="617" VPOS="1677" WIDTH="22" HEIGHT="0" />
            <String ID="Word_123963" HPOS="639" VPOS="1677" WIDTH="58" HEIGHT="43" CONTENT="lie" />
            <SP ID="SP_111729" HPOS="697" VPOS="1677" WIDTH="23" HEIGHT="0" />
            <String ID="Word_123964" HPOS="720" VPOS="1678" WIDTH="74" HEIGHT="42" CONTENT="the" />
            <SP ID="SP_111730" HPOS="794" VPOS="1678" WIDTH="23" HEIGHT="0" />
            <String ID="Word_123965" HPOS="817" VPOS="1682" WIDTH="144" HEIGHT="38" CONTENT="motor" />
            <SP ID="SP_111731" HPOS="961" VPOS="1678" WIDTH="22" HEIGHT="0" />
            <String ID="Word_123966" HPOS="983" VPOS="1678" WIDTH="231" HEIGHT="42" CONTENT="executive" />
            <SP ID="SP_111732" HPOS="1214" VPOS="1678" WIDTH="32" HEIGHT="0" />
            <String ID="Word_123967" HPOS="1246" VPOS="1682" WIDTH="171" HEIGHT="38" CONTENT="centres" />
            <SP ID="SP_111733" HPOS="1417" VPOS="1677" WIDTH="34" HEIGHT="0" />
            <String ID="Word_123968" HPOS="1451" VPOS="1677" WIDTH="45" HEIGHT="43" CONTENT="of" />
            <SP ID="SP_111734" HPOS="1496" VPOS="1677" WIDTH="33" HEIGHT="0" />
            <String ID="Word_123969" HPOS="1529" VPOS="1677" WIDTH="75" HEIGHT="43" CONTENT="the" />
            <SP ID="SP_111735" HPOS="1604" VPOS="1677" WIDTH="35" HEIGHT="0" />
            <String ID="Word_123970" HPOS="1639" VPOS="1677" WIDTH="124" HEIGHT="43" CONTENT="vocal" />
            <SP ID="SP_111736" HPOS="1763" VPOS="1677" WIDTH="32" HEIGHT="0" />
            <String ID="Word_123971" HPOS="1795" VPOS="1678" WIDTH="90" HEIGHT="42" CONTENT="and" />
          </TextLine>
          <TextLine ID="TextLine_12241" HPOS="216" VPOS="1749" WIDTH="1669" HEIGHT="54">
            <String ID="Word_123972" HPOS="216" VPOS="1750" WIDTH="90" HEIGHT="42" CONTENT="oral" />
            <SP ID="SP_111737" HPOS="306" VPOS="1749" WIDTH="43" HEIGHT="0" />
            <String ID="Word_123973" HPOS="349" VPOS="1749" WIDTH="277" HEIGHT="43" CONTENT="articulative" />
            <SP ID="SP_111738" HPOS="626" VPOS="1749" WIDTH="44" HEIGHT="0" />
            <String ID="Word_123974" HPOS="670" VPOS="1750" WIDTH="307" HEIGHT="53" CONTENT="mechanisms," />
            <SP ID="SP_111739" HPOS="977" VPOS="1750" WIDTH="39" HEIGHT="0" />
            <String ID="Word_123975" HPOS="1016" VPOS="1750" WIDTH="36" HEIGHT="42" CONTENT="it" />
            <SP ID="SP_111740" HPOS="1052" VPOS="1750" WIDTH="38" HEIGHT="0" />
            <String ID="Word_123976" HPOS="1090" VPOS="1751" WIDTH="37" HEIGHT="42" CONTENT="is" />
            <SP ID="SP_111741" HPOS="1127" VPOS="1750" WIDTH="39" HEIGHT="0" />
            <String ID="Word_123977" HPOS="1166" VPOS="1750" WIDTH="281" HEIGHT="43" CONTENT="conceivable" />
            <SP ID="SP_111742" HPOS="1447" VPOS="1750" WIDTH="38" HEIGHT="0" />
            <String ID="Word_123978" HPOS="1485" VPOS="1750" WIDTH="98" HEIGHT="42" CONTENT="that" />
            <SP ID="SP_111743" HPOS="1583" VPOS="1750" WIDTH="38" HEIGHT="0" />
            <String ID="Word_123979" HPOS="1621" VPOS="1765" WIDTH="108" HEIGHT="28" CONTENT="even" />
            <SP ID="SP_111744" HPOS="1729" VPOS="1751" WIDTH="42" HEIGHT="0" />
            <String ID="Word_123980" HPOS="1771" VPOS="1758" WIDTH="114" HEIGHT="36" CONTENT="after" />
          </TextLine>
          <TextLine ID="TextLine_12242" HPOS="218" VPOS="1822" WIDTH="1665" HEIGHT="57">
            <String ID="Word_123981" HPOS="218" VPOS="1823" WIDTH="273" HEIGHT="42" CONTENT="destruction" />
            <SP ID="SP_111745" HPOS="491" VPOS="1822" WIDTH="33" HEIGHT="0" />
            <String ID="Word_123982" HPOS="524" VPOS="1822" WIDTH="45" HEIGHT="42" CONTENT="of" />
            <SP ID="SP_111746" HPOS="569" VPOS="1822" WIDTH="33" HEIGHT="0" />
            <String ID="Word_123983" HPOS="602" VPOS="1822" WIDTH="35" HEIGHT="51" CONTENT="b," />
            <SP ID="SP_111747" HPOS="637" VPOS="1822" WIDTH="32" HEIGHT="0" />
            <String ID="Word_123984" HPOS="669" VPOS="1837" WIDTH="47" HEIGHT="27" CONTENT="or" />
            <SP ID="SP_111748" HPOS="716" VPOS="1823" WIDTH="32" HEIGHT="0" />
            <String ID="Word_123985" HPOS="748" VPOS="1823" WIDTH="47" HEIGHT="42" CONTENT="of" />
            <SP ID="SP_111749" HPOS="795" VPOS="1823" WIDTH="30" HEIGHT="0" />
            <String ID="Word_123986" HPOS="825" VPOS="1838" WIDTH="19" HEIGHT="27" CONTENT="c" />
            <SP ID="SP_111750" HPOS="844" VPOS="1823" WIDTH="33" HEIGHT="0" />
            <String ID="Word_123987" HPOS="877" VPOS="1823" WIDTH="86" HEIGHT="42" CONTENT="and" />
            <SP ID="SP_111751" HPOS="963" VPOS="1823" WIDTH="36" HEIGHT="0" />
            <String ID="Word_123988" HPOS="999" VPOS="1823" WIDTH="40" HEIGHT="42" CONTENT="d," />
            <SP ID="SP_111752" HPOS="1039" VPOS="1823" WIDTH="33" HEIGHT="0" />
            <String ID="Word_123989" HPOS="1072" VPOS="1825" WIDTH="76" HEIGHT="40" CONTENT="the" />
            <SP ID="SP_111753" HPOS="1148" VPOS="1823" WIDTH="31" HEIGHT="0" />
            <String ID="Word_123990" HPOS="1179" VPOS="1823" WIDTH="336" HEIGHT="56" CONTENT="psycho-motor" />
            <SP ID="SP_111754" HPOS="1515" VPOS="1823" WIDTH="33" HEIGHT="0" />
            <String ID="Word_123991" HPOS="1548" VPOS="1823" WIDTH="196" HEIGHT="56" CONTENT="pictures" />
            <SP ID="SP_111755" HPOS="1744" VPOS="1823" WIDTH="34" HEIGHT="0" />
            <String ID="Word_123992" HPOS="1778" VPOS="1829" WIDTH="45" HEIGHT="37" CONTENT="at" />
            <SP ID="SP_111756" HPOS="1823" VPOS="1829" WIDTH="32" HEIGHT="0" />
            <String ID="Word_123993" HPOS="1855" VPOS="1839" WIDTH="28" HEIGHT="27" CONTENT="a" />
          </TextLine>
          <TextLine ID="TextLine_12243" HPOS="219" VPOS="1895" WIDTH="1665" HEIGHT="56">
            <String ID="Word_123994" HPOS="219" VPOS="1909" WIDTH="99" HEIGHT="42" CONTENT="may" />
            <SP ID="SP_111757" HPOS="318" VPOS="1895" WIDTH="44" HEIGHT="0" />
            <String ID="Word_123995" HPOS="362" VPOS="1895" WIDTH="52" HEIGHT="42" CONTENT="be" />
            <SP ID="SP_111758" HPOS="414" VPOS="1895" WIDTH="45" HEIGHT="0" />
            <String ID="Word_123996" HPOS="459" VPOS="1895" WIDTH="179" HEIGHT="55" CONTENT="capable" />
            <SP ID="SP_111759" HPOS="638" VPOS="1895" WIDTH="44" HEIGHT="0" />
            <String ID="Word_123997" HPOS="682" VPOS="1896" WIDTH="46" HEIGHT="41" CONTENT="of" />
            <SP ID="SP_111760" HPOS="728" VPOS="1895" WIDTH="49" HEIGHT="0" />
            <String ID="Word_123998" HPOS="777" VPOS="1895" WIDTH="165" HEIGHT="56" CONTENT="having" />
            <SP ID="SP_111761" HPOS="942" VPOS="1895" WIDTH="43" HEIGHT="0" />
            <String ID="Word_123999" HPOS="985" VPOS="1895" WIDTH="267" HEIGHT="44" CONTENT="themselves" />
            <SP ID="SP_111762" HPOS="1252" VPOS="1895" WIDTH="54" HEIGHT="0" />
            <String ID="Word_124000" HPOS="1306" VPOS="1895" WIDTH="139" HEIGHT="43" CONTENT="orally" />
            <SP ID="SP_111763" HPOS="1445" VPOS="1895" WIDTH="47" HEIGHT="0" />
            <String ID="Word_124001" HPOS="1492" VPOS="1896" WIDTH="290" HEIGHT="42" CONTENT="exteriorized" />
            <SP ID="SP_111764" HPOS="1782" VPOS="1896" WIDTH="54" HEIGHT="0" />
            <String ID="Word_124002" HPOS="1836" VPOS="1911" WIDTH="48" HEIGHT="27" CONTENT="or" />
          </TextLine>
          <TextLine ID="TextLine_12244" HPOS="218" VPOS="1967" WIDTH="1666" HEIGHT="58">
            <String ID="Word_124003" HPOS="218" VPOS="1968" WIDTH="213" HEIGHT="42" CONTENT="executed" />
            <SP ID="SP_111765" HPOS="431" VPOS="1968" WIDTH="34" HEIGHT="0" />
            <String ID="Word_124004" HPOS="465" VPOS="1968" WIDTH="58" HEIGHT="56" CONTENT="by" />
            <SP ID="SP_111766" HPOS="523" VPOS="1967" WIDTH="31" HEIGHT="0" />
            <String ID="Word_124005" HPOS="554" VPOS="1967" WIDTH="290" HEIGHT="43" CONTENT="establishing" />
            <SP ID="SP_111767" HPOS="844" VPOS="1967" WIDTH="35" HEIGHT="0" />
            <String ID="Word_124006" HPOS="879" VPOS="1982" WIDTH="95" HEIGHT="28" CONTENT="new" />
            <SP ID="SP_111768" HPOS="974" VPOS="1968" WIDTH="37" HEIGHT="0" />
            <String ID="Word_124007" HPOS="1011" VPOS="1968" WIDTH="284" HEIGHT="42" CONTENT="connexions," />
            <SP ID="SP_111769" HPOS="1295" VPOS="1968" WIDTH="34" HEIGHT="0" />
            <String ID="Word_124008" HPOS="1329" VPOS="1983" WIDTH="48" HEIGHT="27" CONTENT="or" />
            <SP ID="SP_111770" HPOS="1377" VPOS="1968" WIDTH="36" HEIGHT="0" />
            <String ID="Word_124009" HPOS="1413" VPOS="1968" WIDTH="146" HEIGHT="44" CONTENT="rather" />
            <SP ID="SP_111771" HPOS="1559" VPOS="1968" WIDTH="33" HEIGHT="0" />
            <String ID="Word_124010" HPOS="1592" VPOS="1969" WIDTH="58" HEIGHT="55" CONTENT="by" />
            <SP ID="SP_111772" HPOS="1650" VPOS="1969" WIDTH="37" HEIGHT="0" />
            <String ID="Word_124011" HPOS="1687" VPOS="1969" WIDTH="197" HEIGHT="56" CONTENT="availing" />
          </TextLine>
          <TextLine ID="TextLine_12245" HPOS="218" VPOS="2037" WIDTH="1664" HEIGHT="59">
            <String ID="Word_124012" HPOS="218" VPOS="2037" WIDTH="267" HEIGHT="43" CONTENT="themselves" />
            <SP ID="SP_111773" HPOS="485" VPOS="2037" WIDTH="43" HEIGHT="0" />
            <String ID="Word_124013" HPOS="528" VPOS="2038" WIDTH="45" HEIGHT="42" CONTENT="of" />
            <SP ID="SP_111774" HPOS="573" VPOS="2038" WIDTH="42" HEIGHT="0" />
            <String ID="Word_124014" HPOS="615" VPOS="2039" WIDTH="269" HEIGHT="43" CONTENT="connexions" />
            <SP ID="SP_111775" HPOS="884" VPOS="2039" WIDTH="43" HEIGHT="0" />
            <String ID="Word_124015" HPOS="927" VPOS="2040" WIDTH="255" HEIGHT="56" CONTENT="previously" />
            <SP ID="SP_111776" HPOS="1182" VPOS="2040" WIDTH="39" HEIGHT="0" />
            <String ID="Word_124016" HPOS="1221" VPOS="2047" WIDTH="79" HEIGHT="36" CONTENT="not" />
            <SP ID="SP_111777" HPOS="1300" VPOS="2041" WIDTH="32" HEIGHT="0" />
            <String ID="Word_124017" HPOS="1332" VPOS="2041" WIDTH="133" HEIGHT="43" CONTENT="much" />
            <SP ID="SP_111778" HPOS="1465" VPOS="2041" WIDTH="45" HEIGHT="0" />
            <String ID="Word_124018" HPOS="1510" VPOS="2042" WIDTH="120" HEIGHT="43" CONTENT="used," />
            <SP ID="SP_111779" HPOS="1630" VPOS="2042" WIDTH="36" HEIGHT="0" />
            <String ID="Word_124019" HPOS="1666" VPOS="2042" WIDTH="105" HEIGHT="42" CONTENT="with" />
            <SP ID="SP_111780" HPOS="1771" VPOS="2042" WIDTH="38" HEIGHT="0" />
            <String ID="Word_124020" HPOS="1809" VPOS="2043" WIDTH="73" HEIGHT="43" CONTENT="the" />
          </TextLine>
          <TextLine ID="TextLine_12246" HPOS="219" VPOS="2110" WIDTH="1125" HEIGHT="58">
            <String ID="Word_124021" HPOS="219" VPOS="2110" WIDTH="230" HEIGHT="42" CONTENT="executive" />
            <SP ID="SP_111781" HPOS="449" VPOS="2110" WIDTH="24" HEIGHT="0" />
            <String ID="Word_124022" HPOS="473" VPOS="2115" WIDTH="170" HEIGHT="38" CONTENT="centres" />
            <SP ID="SP_111782" HPOS="643" VPOS="2111" WIDTH="24" HEIGHT="0" />
            <String ID="Word_124023" HPOS="667" VPOS="2111" WIDTH="47" HEIGHT="41" CONTENT="of" />
            <SP ID="SP_111783" HPOS="714" VPOS="2111" WIDTH="20" HEIGHT="0" />
            <String ID="Word_124024" HPOS="734" VPOS="2111" WIDTH="74" HEIGHT="42" CONTENT="the" />
            <SP ID="SP_111784" HPOS="808" VPOS="2111" WIDTH="25" HEIGHT="0" />
            <String ID="Word_124025" HPOS="833" VPOS="2112" WIDTH="199" HEIGHT="55" CONTENT="opposite" />
            <SP ID="SP_111785" HPOS="1032" VPOS="2112" WIDTH="23" HEIGHT="0" />
            <String ID="Word_124026" HPOS="1055" VPOS="2112" WIDTH="289" HEIGHT="43" CONTENT="hemisphere." />
          </TextLine>
          <TextLine ID="TextLine_12247" HPOS="279" VPOS="2182" WIDTH="1605" HEIGHT="58">
            <String ID="Word_124027" HPOS="279" VPOS="2182" WIDTH="90" HEIGHT="41" CONTENT="But" />
            <SP ID="SP_111786" HPOS="369" VPOS="2182" WIDTH="37" HEIGHT="0" />
            <String ID="Word_124028" HPOS="406" VPOS="2182" WIDTH="36" HEIGHT="41" CONTENT="it" />
            <SP ID="SP_111787" HPOS="442" VPOS="2182" WIDTH="37" HEIGHT="0" />
            <String ID="Word_124029" HPOS="479" VPOS="2182" WIDTH="37" HEIGHT="42" CONTENT="is" />
            <SP ID="SP_111788" HPOS="516" VPOS="2182" WIDTH="38" HEIGHT="0" />
            <String ID="Word_124030" HPOS="554" VPOS="2187" WIDTH="79" HEIGHT="37" CONTENT="not" />
            <SP ID="SP_111789" HPOS="633" VPOS="2183" WIDTH="36" HEIGHT="0" />
            <String ID="Word_124031" HPOS="669" VPOS="2183" WIDTH="48" HEIGHT="41" CONTENT="of" />
            <SP ID="SP_111790" HPOS="717" VPOS="2183" WIDTH="37" HEIGHT="0" />
            <String ID="Word_124032" HPOS="754" VPOS="2183" WIDTH="133" HEIGHT="42" CONTENT="much" />
            <SP ID="SP_111791" HPOS="887" VPOS="2183" WIDTH="44" HEIGHT="0" />
            <String ID="Word_124033" HPOS="931" VPOS="2183" WIDTH="246" HEIGHT="56" CONTENT="advantage" />
            <SP ID="SP_111792" HPOS="1177" VPOS="2183" WIDTH="44" HEIGHT="0" />
            <String ID="Word_124034" HPOS="1221" VPOS="2188" WIDTH="45" HEIGHT="38" CONTENT="to" />
            <SP ID="SP_111793" HPOS="1266" VPOS="2185" WIDTH="45" HEIGHT="0" />
            <String ID="Word_124035" HPOS="1311" VPOS="2185" WIDTH="225" HEIGHT="55" CONTENT="speculate" />
            <SP ID="SP_111794" HPOS="1536" VPOS="2185" WIDTH="44" HEIGHT="0" />
            <String ID="Word_124036" HPOS="1580" VPOS="2185" WIDTH="136" HEIGHT="42" CONTENT="about" />
            <SP ID="SP_111795" HPOS="1716" VPOS="2185" WIDTH="43" HEIGHT="0" />
            <String ID="Word_124037" HPOS="1759" VPOS="2185" WIDTH="125" HEIGHT="43" CONTENT="these" />
          </TextLine>
          <TextLine ID="TextLine_12248" HPOS="217" VPOS="2254" WIDTH="1664" HEIGHT="60">
            <String ID="Word_124038" HPOS="217" VPOS="2254" WIDTH="428" HEIGHT="56" CONTENT="possibilities,we" />
            <SP ID="SP_111796" HPOS="645" VPOS="2255" WIDTH="35" HEIGHT="0" />
            <String ID="Word_124039" HPOS="680" VPOS="2255" WIDTH="112" HEIGHT="43" CONTENT="have" />
            <SP ID="SP_111797" HPOS="792" VPOS="2255" WIDTH="25" HEIGHT="0" />
            <String ID="Word_124040" HPOS="817" VPOS="2259" WIDTH="48" HEIGHT="39" CONTENT="at" />
            <SP ID="SP_111798" HPOS="865" VPOS="2259" WIDTH="33" HEIGHT="0" />
            <String ID="Word_124041" HPOS="898" VPOS="2260" WIDTH="180" HEIGHT="52" CONTENT="present" />
            <SP ID="SP_111799" HPOS="1078" VPOS="2260" WIDTH="32" HEIGHT="0" />
            <String ID="Word_124042" HPOS="1110" VPOS="2270" WIDTH="46" HEIGHT="28" CONTENT="so" />
            <SP ID="SP_111800" HPOS="1156" VPOS="2255" WIDTH="35" HEIGHT="0" />
            <String ID="Word_124043" HPOS="1191" VPOS="2255" WIDTH="119" HEIGHT="44" CONTENT="little" />
            <SP ID="SP_111801" HPOS="1310" VPOS="2255" WIDTH="33" HEIGHT="0" />
            <String ID="Word_124044" HPOS="1343" VPOS="2256" WIDTH="90" HEIGHT="43" CONTENT="real" />
            <SP ID="SP_111802" HPOS="1433" VPOS="2256" WIDTH="23" HEIGHT="0" />
            <String ID="Word_124045" HPOS="1456" VPOS="2256" WIDTH="260" HEIGHT="44" CONTENT="knowledge" />
            <SP ID="SP_111803" HPOS="1716" VPOS="2256" WIDTH="24" HEIGHT="0" />
            <String ID="Word_124046" HPOS="1740" VPOS="2258" WIDTH="48" HEIGHT="42" CONTENT="of" />
            <SP ID="SP_111804" HPOS="1788" VPOS="2258" WIDTH="19" HEIGHT="0" />
            <String ID="Word_124047" HPOS="1807" VPOS="2258" WIDTH="74" HEIGHT="43" CONTENT="the" />
          </TextLine>
          <TextLine ID="TextLine_12249" HPOS="220" VPOS="2326" WIDTH="1661" HEIGHT="59">
            <String ID="Word_124048" HPOS="220" VPOS="2327" WIDTH="223" HEIGHT="42" CONTENT="functions" />
            <SP ID="SP_111805" HPOS="443" VPOS="2326" WIDTH="24" HEIGHT="0" />
            <String ID="Word_124049" HPOS="467" VPOS="2326" WIDTH="97" HEIGHT="43" CONTENT="that" />
            <SP ID="SP_111806" HPOS="564" VPOS="2326" WIDTH="29" HEIGHT="0" />
            <String ID="Word_124050" HPOS="593" VPOS="2341" WIDTH="71" HEIGHT="29" CONTENT="are" />
            <SP ID="SP_111807" HPOS="664" VPOS="2328" WIDTH="34" HEIGHT="0" />
            <String ID="Word_124051" HPOS="698" VPOS="2328" WIDTH="238" HEIGHT="43" CONTENT="subserved" />
            <SP ID="SP_111808" HPOS="936" VPOS="2328" WIDTH="36" HEIGHT="0" />
            <String ID="Word_124052" HPOS="972" VPOS="2328" WIDTH="57" HEIGHT="56" CONTENT="by" />
            <SP ID="SP_111809" HPOS="1029" VPOS="2328" WIDTH="26" HEIGHT="0" />
            <String ID="Word_124053" HPOS="1055" VPOS="2328" WIDTH="104" HEIGHT="43" CONTENT="eacli" />
            <SP ID="SP_111810" HPOS="1159" VPOS="2328" WIDTH="35" HEIGHT="0" />
            <String ID="Word_124054" HPOS="1194" VPOS="2329" WIDTH="247" HEIGHT="42" CONTENT="individual" />
            <SP ID="SP_111811" HPOS="1441" VPOS="2329" WIDTH="39" HEIGHT="0" />
            <String ID="Word_124055" HPOS="1480" VPOS="2335" WIDTH="100" HEIGHT="50" CONTENT="part" />
            <SP ID="SP_111812" HPOS="1580" VPOS="2330" WIDTH="34" HEIGHT="0" />
            <String ID="Word_124056" HPOS="1614" VPOS="2330" WIDTH="158" HEIGHT="42" CONTENT="within" />
            <SP ID="SP_111813" HPOS="1772" VPOS="2330" WIDTH="34" HEIGHT="0" />
            <String ID="Word_124057" HPOS="1806" VPOS="2330" WIDTH="75" HEIGHT="43" CONTENT="the" />
          </TextLine>
          <TextLine ID="TextLine_12250" HPOS="217" VPOS="2398" WIDTH="1664" HEIGHT="60">
            <String ID="Word_124058" HPOS="217" VPOS="2412" WIDTH="99" HEIGHT="29" CONTENT="area" />
            <SP ID="SP_111814" HPOS="316" VPOS="2398" WIDTH="30" HEIGHT="0" />
            <String ID="Word_124059" HPOS="346" VPOS="2398" WIDTH="44" HEIGHT="42" CONTENT="of" />
            <SP ID="SP_111815" HPOS="390" VPOS="2398" WIDTH="35" HEIGHT="0" />
            <String ID="Word_124060" HPOS="425" VPOS="2398" WIDTH="172" HEIGHT="43" CONTENT="Broca's" />
            <SP ID="SP_111816" HPOS="597" VPOS="2398" WIDTH="34" HEIGHT="0" />
            <String ID="Word_124061" HPOS="631" VPOS="2399" WIDTH="318" HEIGHT="43" CONTENT="convolutions." />
            <SP ID="SP_111817" HPOS="949" VPOS="2399" WIDTH="67" HEIGHT="0" />
            <String ID="Word_124062" HPOS="1016" VPOS="2400" WIDTH="21" HEIGHT="41" CONTENT="I" />
            <SP ID="SP_111818" HPOS="1037" VPOS="2400" WIDTH="38" HEIGHT="0" />
            <String ID="Word_124063" HPOS="1075" VPOS="2400" WIDTH="111" HEIGHT="43" CONTENT="have" />
            <SP ID="SP_111819" HPOS="1186" VPOS="2400" WIDTH="35" HEIGHT="0" />
            <String ID="Word_124064" HPOS="1221" VPOS="2400" WIDTH="188" HEIGHT="43" CONTENT="touched" />
            <SP ID="SP_111820" HPOS="1409" VPOS="2400" WIDTH="38" HEIGHT="0" />
            <String ID="Word_124065" HPOS="1447" VPOS="2414" WIDTH="116" HEIGHT="43" CONTENT="upon" />
            <SP ID="SP_111821" HPOS="1563" VPOS="2401" WIDTH="38" HEIGHT="0" />
            <String ID="Word_124066" HPOS="1601" VPOS="2401" WIDTH="75" HEIGHT="43" CONTENT="the" />
            <SP ID="SP_111822" HPOS="1676" VPOS="2401" WIDTH="33" HEIGHT="0" />
            <String ID="Word_124067" HPOS="1709" VPOS="2402" WIDTH="172" HEIGHT="42" CONTENT="subject" />
          </TextLine>
          <TextLine ID="TextLine_12251" HPOS="218" VPOS="2471" WIDTH="1663" HEIGHT="56">
            <String ID="Word_124068" HPOS="218" VPOS="2471" WIDTH="163" HEIGHT="56" CONTENT="merely" />
            <SP ID="SP_111823" HPOS="381" VPOS="2471" WIDTH="25" HEIGHT="0" />
            <String ID="Word_124069" HPOS="406" VPOS="2477" WIDTH="44" HEIGHT="37" CONTENT="to" />
            <SP ID="SP_111824" HPOS="450" VPOS="2471" WIDTH="23" HEIGHT="0" />
            <String ID="Word_124070" HPOS="473" VPOS="2471" WIDTH="120" HEIGHT="43" CONTENT="show" />
            <SP ID="SP_111825" HPOS="593" VPOS="2471" WIDTH="24" HEIGHT="0" />
            <String ID="Word_124071" HPOS="617" VPOS="2471" WIDTH="99" HEIGHT="43" CONTENT="how" />
            <SP ID="SP_111826" HPOS="716" VPOS="2471" WIDTH="34" HEIGHT="0" />
            <String ID="Word_124072" HPOS="750" VPOS="2472" WIDTH="214" HEIGHT="43" CONTENT="desirable" />
            <SP ID="SP_111827" HPOS="964" VPOS="2472" WIDTH="36" HEIGHT="0" />
            <String ID="Word_124073" HPOS="1000" VPOS="2473" WIDTH="36" HEIGHT="41" CONTENT="it" />
            <SP ID="SP_111828" HPOS="1036" VPOS="2473" WIDTH="32" HEIGHT="0" />
            <String ID="Word_124074" HPOS="1068" VPOS="2473" WIDTH="37" HEIGHT="42" CONTENT="is" />
            <SP ID="SP_111829" HPOS="1105" VPOS="2473" WIDTH="36" HEIGHT="0" />
            <String ID="Word_124075" HPOS="1141" VPOS="2473" WIDTH="99" HEIGHT="42" CONTENT="that" />
            <SP ID="SP_111830" HPOS="1240" VPOS="2473" WIDTH="35" HEIGHT="0" />
            <String ID="Word_124076" HPOS="1275" VPOS="2488" WIDTH="62" HEIGHT="28" CONTENT="we" />
            <SP ID="SP_111831" HPOS="1337" VPOS="2473" WIDTH="36" HEIGHT="0" />
            <String ID="Word_124077" HPOS="1373" VPOS="2473" WIDTH="162" HEIGHT="43" CONTENT="should" />
            <SP ID="SP_111832" HPOS="1535" VPOS="2473" WIDTH="33" HEIGHT="0" />
            <String ID="Word_124078" HPOS="1568" VPOS="2473" WIDTH="113" HEIGHT="44" CONTENT="have" />
            <SP ID="SP_111833" HPOS="1681" VPOS="2473" WIDTH="33" HEIGHT="0" />
            <String ID="Word_124079" HPOS="1714" VPOS="2475" WIDTH="167" HEIGHT="43" CONTENT="careful" />
          </TextLine>
          <TextLine ID="TextLine_12252" HPOS="215" VPOS="2543" WIDTH="1276" HEIGHT="46">
            <String ID="Word_124080" HPOS="215" VPOS="2543" WIDTH="174" HEIGHT="43" CONTENT="records" />
            <SP ID="SP_111834" HPOS="389" VPOS="2543" WIDTH="23" HEIGHT="0" />
            <String ID="Word_124081" HPOS="412" VPOS="2544" WIDTH="45" HEIGHT="41" CONTENT="of" />
            <SP ID="SP_111835" HPOS="457" VPOS="2543" WIDTH="22" HEIGHT="0" />
            <String ID="Word_124082" HPOS="479" VPOS="2543" WIDTH="75" HEIGHT="43" CONTENT="the" />
            <SP ID="SP_111836" HPOS="554" VPOS="2543" WIDTH="23" HEIGHT="0" />
            <String ID="Word_124083" HPOS="577" VPOS="2544" WIDTH="150" HEIGHT="43" CONTENT="effects" />
            <SP ID="SP_111837" HPOS="727" VPOS="2544" WIDTH="23" HEIGHT="0" />
            <String ID="Word_124084" HPOS="750" VPOS="2545" WIDTH="47" HEIGHT="41" CONTENT="of" />
            <SP ID="SP_111838" HPOS="797" VPOS="2544" WIDTH="18" HEIGHT="0" />
            <String ID="Word_124085" HPOS="815" VPOS="2544" WIDTH="174" HEIGHT="43" CONTENT="limited" />
            <SP ID="SP_111839" HPOS="989" VPOS="2544" WIDTH="24" HEIGHT="0" />
            <String ID="Word_124086" HPOS="1013" VPOS="2544" WIDTH="162" HEIGHT="44" CONTENT="lesions" />
            <SP ID="SP_111840" HPOS="1175" VPOS="2544" WIDTH="24" HEIGHT="0" />
            <String ID="Word_124087" HPOS="1199" VPOS="2545" WIDTH="44" HEIGHT="42" CONTENT="in" />
            <SP ID="SP_111841" HPOS="1243" VPOS="2545" WIDTH="26" HEIGHT="0" />
            <String ID="Word_124088" HPOS="1269" VPOS="2546" WIDTH="90" HEIGHT="43" CONTENT="this" />
            <SP ID="SP_111842" HPOS="1359" VPOS="2546" WIDTH="23" HEIGHT="0" />
            <String ID="Word_124089" HPOS="1382" VPOS="2560" WIDTH="109" HEIGHT="29" CONTENT="area." />
          </TextLine>
          <TextLine ID="TextLine_12253" HPOS="278" VPOS="2616" WIDTH="1604" HEIGHT="60">
            <String ID="Word_124090" HPOS="278" VPOS="2616" WIDTH="19" HEIGHT="41" CONTENT="I" />
            <SP ID="SP_111843" HPOS="297" VPOS="2616" WIDTH="30" HEIGHT="0" />
            <String ID="Word_124091" HPOS="327" VPOS="2630" WIDTH="101" HEIGHT="42" CONTENT="may" />
            <SP ID="SP_111844" HPOS="428" VPOS="2616" WIDTH="35" HEIGHT="0" />
            <String ID="Word_124092" HPOS="463" VPOS="2616" WIDTH="103" HEIGHT="43" CONTENT="here" />
            <SP ID="SP_111845" HPOS="566" VPOS="2616" WIDTH="36" HEIGHT="0" />
            <String ID="Word_124093" HPOS="602" VPOS="2616" WIDTH="85" HEIGHT="43" CONTENT="add" />
            <SP ID="SP_111846" HPOS="687" VPOS="2616" WIDTH="36" HEIGHT="0" />
            <String ID="Word_124094" HPOS="723" VPOS="2616" WIDTH="98" HEIGHT="43" CONTENT="that" />
            <SP ID="SP_111847" HPOS="821" VPOS="2616" WIDTH="35" HEIGHT="0" />
            <String ID="Word_124095" HPOS="856" VPOS="2617" WIDTH="166" HEIGHT="56" CONTENT="though" />
            <SP ID="SP_111848" HPOS="1022" VPOS="2617" WIDTH="38" HEIGHT="0" />
            <String ID="Word_124096" HPOS="1060" VPOS="2617" WIDTH="22" HEIGHT="42" CONTENT="I" />
            <SP ID="SP_111849" HPOS="1082" VPOS="2617" WIDTH="36" HEIGHT="0" />
            <String ID="Word_124097" HPOS="1118" VPOS="2617" WIDTH="112" HEIGHT="43" CONTENT="have" />
            <SP ID="SP_111850" HPOS="1230" VPOS="2617" WIDTH="36" HEIGHT="0" />
            <String ID="Word_124098" HPOS="1266" VPOS="2623" WIDTH="76" HEIGHT="37" CONTENT="not" />
            <SP ID="SP_111851" HPOS="1342" VPOS="2623" WIDTH="37" HEIGHT="0" />
            <String ID="Word_124099" HPOS="1379" VPOS="2623" WIDTH="91" HEIGHT="38" CONTENT="met" />
            <SP ID="SP_111852" HPOS="1470" VPOS="2619" WIDTH="36" HEIGHT="0" />
            <String ID="Word_124100" HPOS="1506" VPOS="2619" WIDTH="107" HEIGHT="42" CONTENT="with" />
            <SP ID="SP_111853" HPOS="1613" VPOS="2619" WIDTH="35" HEIGHT="0" />
            <String ID="Word_124101" HPOS="1648" VPOS="2633" WIDTH="90" HEIGHT="43" CONTENT="any" />
            <SP ID="SP_111854" HPOS="1738" VPOS="2620" WIDTH="32" HEIGHT="0" />
            <String ID="Word_124102" HPOS="1770" VPOS="2620" WIDTH="112" HEIGHT="56" CONTENT="good" />
          </TextLine>
          <TextLine ID="TextLine_12254" HPOS="215" VPOS="2687" WIDTH="1664" HEIGHT="57">
            <String ID="Word_124103" HPOS="215" VPOS="2687" WIDTH="171" HEIGHT="43" CONTENT="records" />
            <SP ID="SP_111855" HPOS="386" VPOS="2687" WIDTH="23" HEIGHT="0" />
            <String ID="Word_124104" HPOS="409" VPOS="2688" WIDTH="44" HEIGHT="42" CONTENT="of" />
            <SP ID="SP_111856" HPOS="453" VPOS="2688" WIDTH="35" HEIGHT="0" />
            <String ID="Word_124105" HPOS="488" VPOS="2703" WIDTH="118" HEIGHT="28" CONTENT="cases" />
            <SP ID="SP_111857" HPOS="606" VPOS="2689" WIDTH="34" HEIGHT="0" />
            <String ID="Word_124106" HPOS="640" VPOS="2689" WIDTH="46" HEIGHT="42" CONTENT="of" />
            <SP ID="SP_111858" HPOS="686" VPOS="2689" WIDTH="26" HEIGHT="0" />
            <String ID="Word_124107" HPOS="712" VPOS="2689" WIDTH="173" HEIGHT="43" CONTENT="limited" />
            <SP ID="SP_111859" HPOS="885" VPOS="2689" WIDTH="33" HEIGHT="0" />
            <String ID="Word_124108" HPOS="918" VPOS="2689" WIDTH="163" HEIGHT="43" CONTENT="lesions" />
            <SP ID="SP_111860" HPOS="1081" VPOS="2689" WIDTH="34" HEIGHT="0" />
            <String ID="Word_124109" HPOS="1115" VPOS="2695" WIDTH="45" HEIGHT="38" CONTENT="at" />
            <SP ID="SP_111861" HPOS="1160" VPOS="2690" WIDTH="33" HEIGHT="0" />
            <String ID="Word_124110" HPOS="1193" VPOS="2690" WIDTH="34" HEIGHT="51" CONTENT="b," />
            <SP ID="SP_111862" HPOS="1227" VPOS="2690" WIDTH="33" HEIGHT="0" />
            <String ID="Word_124111" HPOS="1260" VPOS="2705" WIDTH="48" HEIGHT="28" CONTENT="or" />
            <SP ID="SP_111863" HPOS="1308" VPOS="2696" WIDTH="33" HEIGHT="0" />
            <String ID="Word_124112" HPOS="1341" VPOS="2696" WIDTH="45" HEIGHT="37" CONTENT="at" />
            <SP ID="SP_111864" HPOS="1386" VPOS="2696" WIDTH="33" HEIGHT="0" />
            <String ID="Word_124113" HPOS="1419" VPOS="2706" WIDTH="18" HEIGHT="28" CONTENT="c" />
            <SP ID="SP_111865" HPOS="1437" VPOS="2705" WIDTH="33" HEIGHT="0" />
            <String ID="Word_124114" HPOS="1470" VPOS="2706" WIDTH="47" HEIGHT="27" CONTENT="or" />
            <SP ID="SP_111866" HPOS="1517" VPOS="2692" WIDTH="32" HEIGHT="0" />
            <String ID="Word_124115" HPOS="1549" VPOS="2692" WIDTH="40" HEIGHT="52" CONTENT="d," />
            <SP ID="SP_111867" HPOS="1589" VPOS="2692" WIDTH="32" HEIGHT="0" />
            <String ID="Word_124116" HPOS="1621" VPOS="2692" WIDTH="22" HEIGHT="42" CONTENT="I" />
            <SP ID="SP_111868" HPOS="1643" VPOS="2691" WIDTH="33" HEIGHT="0" />
            <String ID="Word_124117" HPOS="1676" VPOS="2691" WIDTH="125" HEIGHT="44" CONTENT="have," />
            <SP ID="SP_111869" HPOS="1801" VPOS="2691" WIDTH="33" HEIGHT="0" />
            <String ID="Word_124118" HPOS="1834" VPOS="2693" WIDTH="45" HEIGHT="41" CONTENT="in" />
          </TextLine>
          <TextLine ID="TextLine_12255" HPOS="216" VPOS="2759" WIDTH="1665" HEIGHT="62">
            <String ID="Word_124119" HPOS="216" VPOS="2759" WIDTH="178" HEIGHT="56" CONTENT="looking" />
            <SP ID="SP_111870" HPOS="394" VPOS="2759" WIDTH="43" HEIGHT="0" />
            <String ID="Word_124120" HPOS="437" VPOS="2761" WIDTH="66" HEIGHT="41" CONTENT="for" />
            <SP ID="SP_111871" HPOS="503" VPOS="2761" WIDTH="42" HEIGHT="0" />
            <String ID="Word_124121" HPOS="545" VPOS="2761" WIDTH="121" HEIGHT="51" CONTENT="such," />
            <SP ID="SP_111872" HPOS="666" VPOS="2761" WIDTH="46" HEIGHT="0" />
            <String ID="Word_124122" HPOS="712" VPOS="2761" WIDTH="135" HEIGHT="42" CONTENT="found" />
            <SP ID="SP_111873" HPOS="847" VPOS="2761" WIDTH="43" HEIGHT="0" />
            <String ID="Word_124123" HPOS="890" VPOS="2767" WIDTH="87" HEIGHT="37" CONTENT="two" />
            <SP ID="SP_111874" HPOS="977" VPOS="2762" WIDTH="38" HEIGHT="0" />
            <String ID="Word_124124" HPOS="1015" VPOS="2762" WIDTH="110" HEIGHT="57" CONTENT="good" />
            <SP ID="SP_111875" HPOS="1125" VPOS="2762" WIDTH="44" HEIGHT="0" />
            <String ID="Word_124125" HPOS="1169" VPOS="2777" WIDTH="119" HEIGHT="30" CONTENT="cases" />
            <SP ID="SP_111876" HPOS="1288" VPOS="2764" WIDTH="44" HEIGHT="0" />
            <String ID="Word_124126" HPOS="1332" VPOS="2764" WIDTH="209" HEIGHT="43" CONTENT="recorded" />
            <SP ID="SP_111877" HPOS="1541" VPOS="2764" WIDTH="33" HEIGHT="0" />
            <String ID="Word_124127" HPOS="1574" VPOS="2764" WIDTH="58" HEIGHT="56" CONTENT="by" />
            <SP ID="SP_111878" HPOS="1632" VPOS="2763" WIDTH="40" HEIGHT="0" />
            <String ID="Word_124128" HPOS="1672" VPOS="2763" WIDTH="209" HEIGHT="58" CONTENT="Dejerine" />
          </TextLine>
          <TextLine ID="TextLine_12256" HPOS="218" VPOS="2828" WIDTH="1663" HEIGHT="64">
            <String ID="Word_124129" HPOS="218" VPOS="2828" WIDTH="210" HEIGHT="55" CONTENT="{Comptes" />
            <SP ID="SP_111879" HPOS="428" VPOS="2828" WIDTH="21" HEIGHT="0" />
            <String ID="Word_124130" HPOS="449" VPOS="2830" WIDTH="177" HEIGHT="42" CONTENT="Rendus" />
            <SP ID="SP_111880" HPOS="626" VPOS="2830" WIDTH="21" HEIGHT="0" />
            <String ID="Word_124131" HPOS="647" VPOS="2831" WIDTH="69" HEIGHT="42" CONTENT="des" />
            <SP ID="SP_111881" HPOS="716" VPOS="2831" WIDTH="20" HEIGHT="0" />
            <String ID="Word_124132" HPOS="736" VPOS="2831" WIDTH="174" HEIGHT="43" CONTENT="Seances" />
            <SP ID="SP_111882" HPOS="910" VPOS="2831" WIDTH="21" HEIGHT="0" />
            <String ID="Word_124133" HPOS="931" VPOS="2833" WIDTH="49" HEIGHT="41" CONTENT="de" />
            <SP ID="SP_111883" HPOS="980" VPOS="2833" WIDTH="22" HEIGHT="0" />
            <String ID="Word_124134" HPOS="1002" VPOS="2833" WIDTH="45" HEIGHT="41" CONTENT="la" />
            <SP ID="SP_111884" HPOS="1047" VPOS="2833" WIDTH="22" HEIGHT="0" />
            <String ID="Word_124135" HPOS="1069" VPOS="2833" WIDTH="152" HEIGHT="42" CONTENT="Societe" />
            <SP ID="SP_111885" HPOS="1221" VPOS="2833" WIDTH="22" HEIGHT="0" />
            <String ID="Word_124136" HPOS="1243" VPOS="2833" WIDTH="50" HEIGHT="42" CONTENT="de" />
            <SP ID="SP_111886" HPOS="1293" VPOS="2833" WIDTH="20" HEIGHT="0" />
            <String ID="Word_124137" HPOS="1313" VPOS="2834" WIDTH="204" HEIGHT="56" CONTENT="Biologie," />
            <SP ID="SP_111887" HPOS="1517" VPOS="2834" WIDTH="22" HEIGHT="0" />
            <String ID="Word_124138" HPOS="1539" VPOS="2834" WIDTH="158" HEIGHT="43" CONTENT="March" />
            <SP ID="SP_111888" HPOS="1697" VPOS="2834" WIDTH="36" HEIGHT="0" />
            <String ID="Word_124139" HPOS="1733" VPOS="2836" WIDTH="148" HEIGHT="52" CONTENT="1891)," />
          </TextLine>
          <TextLine ID="TextLine_12257" HPOS="215" VPOS="2900" WIDTH="1666" HEIGHT="61">
            <String ID="Word_124140" HPOS="215" VPOS="2900" WIDTH="48" HEIGHT="42" CONTENT="in" />
            <SP ID="SP_111889" HPOS="263" VPOS="2900" WIDTH="34" HEIGHT="0" />
            <String ID="Word_124141" HPOS="297" VPOS="2901" WIDTH="143" HEIGHT="42" CONTENT="which" />
            <SP ID="SP_111890" HPOS="440" VPOS="2901" WIDTH="34" HEIGHT="0" />
            <String ID="Word_124142" HPOS="474" VPOS="2916" WIDTH="24" HEIGHT="27" CONTENT="a" />
            <SP ID="SP_111891" HPOS="498" VPOS="2902" WIDTH="35" HEIGHT="0" />
            <String ID="Word_124143" HPOS="533" VPOS="2902" WIDTH="129" HEIGHT="42" CONTENT="small" />
            <SP ID="SP_111892" HPOS="662" VPOS="2902" WIDTH="33" HEIGHT="0" />
            <String ID="Word_124144" HPOS="695" VPOS="2917" WIDTH="99" HEIGHT="29" CONTENT="area" />
            <SP ID="SP_111893" HPOS="794" VPOS="2903" WIDTH="33" HEIGHT="0" />
            <String ID="Word_124145" HPOS="827" VPOS="2903" WIDTH="44" HEIGHT="43" CONTENT="of" />
            <SP ID="SP_111894" HPOS="871" VPOS="2903" WIDTH="27" HEIGHT="0" />
            <String ID="Word_124146" HPOS="898" VPOS="2905" WIDTH="223" HEIGHT="56" CONTENT="softening" />
            <SP ID="SP_111895" HPOS="1121" VPOS="2905" WIDTH="35" HEIGHT="0" />
            <String ID="Word_124147" HPOS="1156" VPOS="2905" WIDTH="170" HEIGHT="43" CONTENT="existed" />
            <SP ID="SP_111896" HPOS="1326" VPOS="2905" WIDTH="35" HEIGHT="0" />
            <String ID="Word_124148" HPOS="1361" VPOS="2906" WIDTH="191" HEIGHT="42" CONTENT="internal" />
            <SP ID="SP_111897" HPOS="1552" VPOS="2906" WIDTH="36" HEIGHT="0" />
            <String ID="Word_124149" HPOS="1588" VPOS="2912" WIDTH="44" HEIGHT="36" CONTENT="to" />
            <SP ID="SP_111898" HPOS="1632" VPOS="2906" WIDTH="33" HEIGHT="0" />
            <String ID="Word_124150" HPOS="1665" VPOS="2906" WIDTH="35" HEIGHT="52" CONTENT="b," />
            <SP ID="SP_111899" HPOS="1700" VPOS="2906" WIDTH="23" HEIGHT="0" />
            <String ID="Word_124151" HPOS="1723" VPOS="2912" WIDTH="78" HEIGHT="37" CONTENT="not" />
            <SP ID="SP_111900" HPOS="1801" VPOS="2909" WIDTH="33" HEIGHT="0" />
            <String ID="Word_124152" HPOS="1834" VPOS="2909" WIDTH="47" HEIGHT="41" CONTENT="in" />
          </TextLine>
          <TextLine ID="TextLine_12258" HPOS="217" VPOS="2972" WIDTH="1662" HEIGHT="62">
            <String ID="Word_124153" HPOS="217" VPOS="2972" WIDTH="75" HEIGHT="42" CONTENT="the" />
            <SP ID="SP_111901" HPOS="292" VPOS="2972" WIDTH="32" HEIGHT="0" />
            <String ID="Word_124154" HPOS="324" VPOS="2986" WIDTH="104" HEIGHT="43" CONTENT="grey" />
            <SP ID="SP_111902" HPOS="428" VPOS="2979" WIDTH="23" HEIGHT="0" />
            <String ID="Word_124155" HPOS="451" VPOS="2979" WIDTH="171" HEIGHT="46" CONTENT="matter," />
            <SP ID="SP_111903" HPOS="622" VPOS="2975" WIDTH="23" HEIGHT="0" />
            <String ID="Word_124156" HPOS="645" VPOS="2975" WIDTH="81" HEIGHT="42" CONTENT="but" />
            <SP ID="SP_111904" HPOS="726" VPOS="2975" WIDTH="36" HEIGHT="0" />
            <String ID="Word_124157" HPOS="762" VPOS="2977" WIDTH="45" HEIGHT="40" CONTENT="in" />
            <SP ID="SP_111905" HPOS="807" VPOS="2976" WIDTH="34" HEIGHT="0" />
            <String ID="Word_124158" HPOS="841" VPOS="2976" WIDTH="76" HEIGHT="43" CONTENT="the" />
            <SP ID="SP_111906" HPOS="917" VPOS="2976" WIDTH="35" HEIGHT="0" />
            <String ID="Word_124159" HPOS="952" VPOS="2976" WIDTH="134" HEIGHT="43" CONTENT="white" />
            <SP ID="SP_111907" HPOS="1086" VPOS="2976" WIDTH="35" HEIGHT="0" />
            <String ID="Word_124160" HPOS="1121" VPOS="2983" WIDTH="161" HEIGHT="38" CONTENT="matter" />
            <SP ID="SP_111908" HPOS="1282" VPOS="2978" WIDTH="29" HEIGHT="0" />
            <String ID="Word_124161" HPOS="1311" VPOS="2978" WIDTH="232" HEIGHT="56" CONTENT="subjacent" />
            <SP ID="SP_111909" HPOS="1543" VPOS="2978" WIDTH="34" HEIGHT="0" />
            <String ID="Word_124162" HPOS="1577" VPOS="2985" WIDTH="43" HEIGHT="36" CONTENT="to" />
            <SP ID="SP_111910" HPOS="1620" VPOS="2979" WIDTH="33" HEIGHT="0" />
            <String ID="Word_124163" HPOS="1653" VPOS="2979" WIDTH="45" HEIGHT="42" CONTENT="it." />
            <SP ID="SP_111911" HPOS="1698" VPOS="2979" WIDTH="66" HEIGHT="0" />
            <String ID="Word_124164" HPOS="1764" VPOS="2979" WIDTH="115" HEIGHT="43" CONTENT="Both" />
          </TextLine>
          <TextLine ID="TextLine_12259" HPOS="215" VPOS="3043" WIDTH="1667" HEIGHT="64">
            <String ID="Word_124165" HPOS="215" VPOS="3043" WIDTH="197" HEIGHT="57" CONTENT="patients" />
            <SP ID="SP_111912" HPOS="412" VPOS="3043" WIDTH="34" HEIGHT="0" />
            <String ID="Word_124166" HPOS="446" VPOS="3059" WIDTH="113" HEIGHT="29" CONTENT="were" />
            <SP ID="SP_111913" HPOS="559" VPOS="3046" WIDTH="34" HEIGHT="0" />
            <String ID="Word_124167" HPOS="593" VPOS="3046" WIDTH="75" HEIGHT="43" CONTENT="the" />
            <SP ID="SP_111914" HPOS="668" VPOS="3046" WIDTH="33" HEIGHT="0" />
            <String ID="Word_124168" HPOS="701" VPOS="3047" WIDTH="193" HEIGHT="56" CONTENT="subjects" />
            <SP ID="SP_111915" HPOS="894" VPOS="3047" WIDTH="33" HEIGHT="0" />
            <String ID="Word_124169" HPOS="927" VPOS="3049" WIDTH="48" HEIGHT="41" CONTENT="of" />
            <SP ID="SP_111916" HPOS="975" VPOS="3049" WIDTH="40" HEIGHT="0" />
            <String ID="Word_124170" HPOS="1015" VPOS="3053" WIDTH="141" HEIGHT="38" CONTENT="motor" />
            <SP ID="SP_111917" HPOS="1156" VPOS="3049" WIDTH="32" HEIGHT="0" />
            <String ID="Word_124171" HPOS="1188" VPOS="3049" WIDTH="195" HEIGHT="57" CONTENT="aphasia," />
            <SP ID="SP_111918" HPOS="1383" VPOS="3049" WIDTH="33" HEIGHT="0" />
            <String ID="Word_124172" HPOS="1416" VPOS="3050" WIDTH="77" HEIGHT="42" CONTENT="but" />
            <SP ID="SP_111919" HPOS="1493" VPOS="3050" WIDTH="36" HEIGHT="0" />
            <String ID="Word_124173" HPOS="1529" VPOS="3050" WIDTH="130" HEIGHT="43" CONTENT="could" />
            <SP ID="SP_111920" HPOS="1659" VPOS="3050" WIDTH="44" HEIGHT="0" />
            <String ID="Word_124174" HPOS="1703" VPOS="3065" WIDTH="179" HEIGHT="29" CONTENT="express" />
          </TextLine>
          <TextLine ID="TextLine_12260" HPOS="217" VPOS="3116" WIDTH="1663" HEIGHT="62">
            <String ID="Word_124175" HPOS="217" VPOS="3116" WIDTH="267" HEIGHT="45" CONTENT="themselves" />
            <SP ID="SP_111921" HPOS="484" VPOS="3116" WIDTH="25" HEIGHT="0" />
            <String ID="Word_124176" HPOS="509" VPOS="3117" WIDTH="137" HEIGHT="57" CONTENT="freely" />
            <SP ID="SP_111922" HPOS="646" VPOS="3117" WIDTH="22" HEIGHT="0" />
            <String ID="Word_124177" HPOS="668" VPOS="3118" WIDTH="46" HEIGHT="42" CONTENT="in" />
            <SP ID="SP_111923" HPOS="714" VPOS="3118" WIDTH="35" HEIGHT="0" />
            <String ID="Word_124178" HPOS="749" VPOS="3119" WIDTH="188" HEIGHT="57" CONTENT="writing." />
            <SP ID="SP_111924" HPOS="937" VPOS="3119" WIDTH="21" HEIGHT="0" />
            <String ID="Word_124179" HPOS="1002" VPOS="3120" WIDTH="91" HEIGHT="43" CONTENT="The" />
            <SP ID="SP_111925" HPOS="1093" VPOS="3120" WIDTH="34" HEIGHT="0" />
            <String ID="Word_124180" HPOS="1127" VPOS="3121" WIDTH="175" HEIGHT="42" CONTENT="curious" />
            <SP ID="SP_111926" HPOS="1302" VPOS="3121" WIDTH="33" HEIGHT="0" />
            <String ID="Word_124181" HPOS="1335" VPOS="3121" WIDTH="86" HEIGHT="42" CONTENT="and" />
            <SP ID="SP_111927" HPOS="1421" VPOS="3121" WIDTH="37" HEIGHT="0" />
            <String ID="Word_124182" HPOS="1458" VPOS="3121" WIDTH="206" HEIGHT="57" CONTENT="puzzling" />
            <SP ID="SP_111928" HPOS="1664" VPOS="3121" WIDTH="32" HEIGHT="0" />
            <String ID="Word_124183" HPOS="1696" VPOS="3136" WIDTH="184" HEIGHT="30" CONTENT="circum-" />
          </TextLine>
        </TextBlock>
      </PrintSpace>
    </Page>
  </Layout>
</alto>
