2125 3524
848 264 86 30 TilK
968 264 241 32 DISOKDEItS
1241 266 53 31 OF
1325 267 176 31 SPEECH.

355 250 52 35 (IS

352 375 218 56 scription.
646 380 51 41 Iii
746 381 74 43 the
864 383 166 41 British
1070 384 182 42 Medical
1291 385 186 41 Journal
1520 385 65 41 for
1629 386 122 50 1803,
1793 385 78 43 vol.
1912 389 50 52 ii.,

352 459 43 42 p.
430 448 97 50 313,
565 448 53 44 he
650 450 213 44 describes
895 453 73 42 the
1000 467 94 28 case
1126 455 47 40 of
1200 468 25 27 a
1256 453 257 55 clergyman,
1539 454 45 42 in
1617 454 138 41 whom
1787 459 177 37 aphonia

354 531 120 28 came
512 533 54 27 on
604 521 215 56 suddenly
855 538 81 28 one
977 525 184 41 evening
1203 524 125 41 when
1372 524 52 41 he
1466 538 85 28 was
1592 525 229 53 preaching
1859 525 45 42 in
1941 542 24 29 a

354 587 118 55 large
505 589 176 43 London
714 592 172 42 church.
962 593 181 42 "While
1177 594 45 40 in
1259 593 73 43 the
1369 593 162 42 middle
1564 594 44 41 of
1643 607 25 29 a
1702 607 179 39 sermon,
1915 595 50 44 he

356 658 82 42 felt
460 673 24 27 a
506 661 165 42 sudden
708 663 102 53 pain
842 663 44 41 in
920 663 74 42 the
1026 664 155 50 throat,
1203 663 84 42 and
1320 677 86 28 was
1438 663 168 55 obliged
1639 668 43 37 to
1715 663 127 42 finish
1873 665 44 41 in
1943 680 23 28 a

360 728 192 56 whisper.
616 731 70 42 He
710 732 94 49 had,
826 746 55 27 on
920 738 84 36 two
1040 734 201 53 previous
1273 733 229 42 occasions,
1523 733 85 42 lost
1638 734 68 41 his
1738 734 118 41 voice
1882 735 42 41 in
1945 750 22 27 a

358 800 167 41 similar
561 815 191 37 manner,
787 802 79 41 but
897 816 55 28 on
990 803 87 41 this
1109 804 195 41 occasion
1336 803 73 42 the
1446 803 185 55 aphonia
1667 803 206 55 persisted
1908 805 60 41 for

359 870 132 41 about
515 876 83 36 two
622 871 183 42 months.
868 873 306 41 Examination
1198 874 45 40 of
1262 874 74 41 the
1360 873 141 42 throat
1521 873 173 42 showed
1716 887 54 27 no
1793 879 112 37 trace
1928 877 43 39 of

359 939 165 43 disease
561 940 137 42 either
728 941 47 41 in
807 941 73 42 the
912 942 155 55 larynx
1098 956 48 28 or
1175 943 47 41 in
1252 943 75 42 the
1362 942 236 55 pharynx."
1659 943 54 41 In
1749 943 73 41 the
1858 957 110 29 same

359 1023 144 40 paper,
526 1009 53 42 he
600 1010 90 41 also
713 1011 213 42 describes
949 1014 74 40 the
1044 1026 94 28 case
1160 1012 44 41 of
1225 1026 24 27 a
1272 1012 285 42 fish-hawker,
1573 1013 45 40 in
1637 1012 137 42 whom
1793 1014 178 40 aphonia

360 1093 120 28 came
517 1094 55 27 on
610 1080 216 56 suddenly
862 1082 110 41 after
1009 1082 52 41 he
1099 1081 84 42 had
1220 1082 106 42 been
1363 1082 176 55 making
1574 1087 118 50 great
1722 1083 142 41 efforts
1895 1097 76 28 one

360 1149 215 56 Saturday
597 1151 195 53 evening.
855 1149 95 44 The
983 1152 166 54 patient
1171 1152 203 54 partially
1396 1152 225 42 recovered
1646 1153 67 41 his
1745 1152 130 50 voice,
1897 1153 73 42 but

362 1220 74 42 the
471 1221 222 41 weakness
730 1222 313 54 subsequently
1076 1222 233 42 increased,
1345 1236 46 28 so
1425 1222 105 42 that,
1567 1223 64 41 for
1664 1223 96 41 four
1795 1223 177 50 months,

361 1291 54 42 he
439 1305 86 28 was
547 1291 171 55 obliged
751 1297 42 37 to
824 1293 98 54 give
946 1307 58 40 up
1026 1293 68 42 his
1116 1293 213 42 vocation.
1391 1293 341 55 Laryngoscopic
1760 1293 210 41 examina-

361 1362 94 41 tion
485 1361 173 43 showed
690 1362 183 55 nothing
905 1363 78 41 but
1014 1363 226 54 imperfect
1275 1363 345 55 approximation
1657 1363 46 41 of
1737 1363 72 41 the
1845 1362 127 43 Cords

363 1432 158 55 during
559 1432 73 43 the
669 1436 187 38 attempt
891 1437 45 37 at
974 1433 293 41 vocalization.
1330 1434 53 40 In
1426 1433 103 41 both
1561 1434 43 40 of
1643 1433 119 41 these
1795 1446 125 28 cases,
1950 1448 22 26 a

364 1502 160 54 speedy
551 1516 98 28 cure
684 1517 85 27 was
802 1503 179 42 effected
1013 1504 56 55 by
1103 1503 72 42 the
1208 1503 294 55 employment
1538 1504 44 41 of
1619 1502 355 55 Intra-laryngeal

365 1573 317 42 Electrisation.

424 1643 177 41 Michel,
623 1643 44 40 in
691 1657 24 27 a
746 1657 132 41 paper
909 1647 44 37 to
986 1644 51 41 be
1070 1644 220 54 presently
1312 1643 184 43 referred
1519 1649 54 44 to,
1596 1658 97 27 says
1725 1643 94 42 that
1841 1643 131 49 when,

364 1714 44 40 in
449 1729 23 25 a
505 1713 146 54 public
681 1713 154 55 singer,
857 1727 25 28 a
914 1714 278 41 break-down
1225 1714 212 42 resulting
1462 1714 108 41 from
1603 1714 311 41 over-exertion
1940 1714 34 41 is

364 1784 235 42 succeeded
631 1784 56 54 by
714 1789 233 49 persistent
978 1783 261 43 hoarseness,
1262 1798 79 27 one
1373 1784 154 41 should
1559 1784 51 41 be
1647 1798 104 27 very
1787 1784 187 41 cautious

364 1859 133 37 about
519 1854 177 41 making
717 1868 53 27 an
794 1854 239 55 altogether
1049 1854 248 42 favourable
1318 1854 230 54 prognosis.
1611 1854 70 41 He
1702 1854 150 41 thinks
1874 1860 102 43 that,

364 1926 46 39 in
436 1925 70 41 the
529 1929 167 49 greater
719 1924 182 42 number
927 1925 46 41 of
991 1924 105 41 such
1120 1938 129 27 cases,
1271 1938 24 27 a
1326 1923 85 42 loss
1443 1929 43 36 to
1518 1924 74 41 the
1614 1923 119 42 voice
1762 1924 45 40 in
1838 1923 136 50 metal,

364 1996 46 40 in
434 1994 154 55 polish,
606 1994 84 41 and
713 1994 44 40 in
781 1993 165 42 fulness
968 1995 46 40 of
1033 1998 111 37 tone,
1161 1995 185 40 remains
1369 2007 99 28 ever
1488 1993 272 42 afterwards;
1782 1993 83 41 and
1888 2000 87 34 that

365 2065 76 42 the
465 2064 119 42 voice
609 2078 98 41 may
730 2078 133 28 never
884 2064 147 41 regain
1056 2064 57 41 its
1136 2065 157 40 former
1315 2063 345 54 staying-power.

426 2135 135 41 Many
586 2134 122 42 other
730 2135 272 54 phenomena
1022 2134 110 42 have
1149 2134 107 42 been
1274 2133 206 42 observed
1503 2138 43 36 to
1568 2146 125 28 occur
1708 2132 45 41 in
1771 2132 72 42 the
1862 2131 114 43 vocal

366 2219 227 34 organism,
617 2205 124 41 when
764 2206 36 40 it
820 2206 37 40 is
889 2205 101 41 thus
1023 2203 291 43 overstrained
1343 2203 85 42 and
1460 2203 122 41 made
1611 2208 44 36 to
1686 2203 130 41 break
1847 2203 128 41 down.

366 2278 90 42 The
493 2276 277 55 Eespiratory
803 2279 99 51 part
934 2276 46 40 of
1009 2275 73 41 the
1114 2274 283 49 Mechanism,
1420 2279 120 48 apart
1572 2274 108 40 from
1715 2273 72 41 the
1816 2272 160 48 larynx,

367 2362 101 28 may
492 2348 130 42 suffer
643 2346 156 41 during
820 2345 76 42 the
919 2345 285 41 disturbance,
1222 2344 84 41 and
1327 2358 98 39 may
1448 2343 117 42 show
1589 2343 72 42 the
1683 2356 235 42 symptoms
1938 2341 43 41 of

369 2419 155 42 failure
547 2418 45 40 of
610 2430 131 28 nerve
764 2429 156 41 power,
942 2428 47 28 or
1010 2415 121 41 those
1153 2414 47 41 of
1216 2413 313 41 inco-ordinate
1558 2413 154 49 action,
1733 2427 47 27 or
1800 2413 119 41 those
1939 2411 43 41 of

370 2488 197 43 overflow
602 2487 93 40 into
729 2490 169 37 centres
929 2485 142 40 which
1103 2483 214 55 normally
1348 2483 155 41 should
1540 2488 75 36 not
1649 2483 51 42 be
1735 2480 243 44 stimulated

370 2559 158 54 during
550 2556 154 43 speech
727 2569 46 27 or
794 2568 115 29 song.
972 2555 100 40 Two
1105 2567 115 28 cases
1243 2554 96 41 that
1359 2554 108 41 have
1495 2567 119 28 come
1638 2552 134 43 under
1794 2567 71 40 my
1886 2565 90 28 own

371 2642 274 32 observation
666 2625 230 56 presented
917 2624 271 55 phenomena
1209 2624 43 41 of
1274 2623 86 42 this
1383 2629 161 36 nature.

429 2701 89 41 The
542 2699 93 41 first
655 2709 96 30 case
773 2709 87 28 was
891 2708 101 29 seen
1013 2695 58 41 by
1093 2708 68 27 me
1182 2694 47 41 in
1257 2693 239 42 December
1520 2693 123 42 1881.
1705 2693 89 41 The
1817 2694 161 53 patient

371 2786 86 27 was
479 2785 25 27 a
534 2781 145 43 young
711 2765 155 43 Scotch
889 2764 259 55 clergyman,
1169 2764 47 41 of
1242 2763 108 55 good
1371 2763 225 55 physique,
1618 2762 85 42 and
1731 2759 246 57 apparently

368 2844 46 41 in
438 2840 109 42 "ood
567 2837 162 43 health,
751 2835 95 42 who
873 2835 66 41 for
960 2848 25 27 a
1005 2847 102 42 year
1128 2833 83 41 had
1233 2833 106 42 been
1363 2833 209 51 troubled,
1596 2833 123 41 when
1742 2831 235 56 preaching,

371 2912 107 43 with
510 2924 24 27 a
565 2906 180 56 "quick,
782 2904 199 55 catching
1018 2903 148 55 cough,
1203 2902 85 42 and
1324 2916 25 28 a
1386 2902 158 55 feeling
1579 2916 45 28 as
1666 2902 34 41 if
1736 2902 66 41 his
1843 2902 136 40 throat

368 2980 170 59 flapped
560 2975 233 46 together."
854 2975 104 41 This
981 2973 167 43 trouble
1171 2973 92 42 first
1280 2972 200 43 occurred
1498 2979 109 35 after
1629 2972 72 42 the
1718 2976 167 51 patient
1900 2966 77 45 had

369 3050 212 62 preached
604 3048 118 44 eight
744 3059 192 31 sermons
958 3059 52 29 on
1035 3057 128 29 seven
1187 3042 271 44 consecutive
1479 3042 117 55 days,
1614 3042 83 42 and
1720 3055 85 28 was
1827 3039 150 52 feeling
