1933 3217
1479 303 88 43 195

598 310 94 32 THE
716 309 224 31 STRIATED
964 309 213 31 MONKEY.

194 442 122 54 parts
372 436 50 48 of
458 444 78 39 the
576 436 277 46 extremities
894 451 74 30 are
1012 435 374 62 brownish-gi’ay.
1473 439 97 45 The

194 511 92 47 face
321 514 37 46 is
380 514 297 54 flesh-colour,
703 514 89 45 and
823 513 125 45 there
978 513 36 45 is
1045 529 27 29 a
1102 513 141 45 white
1273 520 98 54 spot
1405 530 56 30 on
1491 516 79 46 the

195 590 87 45 fore
295 592 145 54 head;
482 593 82 44 but
595 598 78 38 the
696 596 117 40 most
848 605 287 30 conspicuous
1169 591 209 61 marking
1410 591 48 45 in
1491 594 79 44 the

194 668 92 60 phy
304 668 231 61 siognomy
559 666 49 48 of
639 674 78 39 the
756 667 185 54 animal,
988 682 74 30 are
1101 673 92 39 two
1232 673 114 39 tufts
1386 667 50 46 of
1469 671 101 59 pale

195 761 46 27 or
290 745 181 62 grayish
493 745 139 45 white
659 745 114 53 hair,
806 744 50 46 of
884 743 298 46 considerable
1216 744 170 61 length,
1420 746 149 46 which

205 838 149 45 spring
381 822 143 45 round
558 822 108 44 each
700 837 87 29 ear.
859 821 80 45 All
973 827 77 38 the
1074 836 150 38 claws,
1250 828 158 54 except
1443 823 126 45 those

205 914 55 30 on
290 900 78 44 the
398 899 160 45 hinder
586 913 138 46 parts,
759 913 73 30 are
854 898 189 53 hooked,
1069 898 90 44 and
1183 913 109 46 very
1318 899 136 45 thick.
1525 901 43 44 It

203 975 227 60 generally
466 976 143 44 walks
644 974 48 46 in
731 990 27 29 a
794 974 263 60 quadruped
1095 974 206 60 position,
1343 976 90 45 and
1467 992 101 30 uses

203 1051 78 44 the
305 1051 159 62 fingers
487 1051 47 46 in
558 1067 82 30 one
664 1051 226 46 direction.
949 1051 55 45 In
1028 1067 27 29 a
1079 1051 108 45 wild
1210 1057 132 48 state,
1368 1053 77 44 the
1469 1051 99 48 food

206 1143 108 46 may
338 1130 54 44 be
427 1128 97 46 said
556 1134 46 40 to
633 1130 54 43 be
719 1129 161 44 almost
912 1143 135 45 every
1070 1127 158 61 thing;
1264 1127 145 54 fruits,
1434 1137 131 46 roots,

206 1206 89 44 and
319 1205 139 53 seeds,
484 1205 176 52 insects,
688 1205 89 45 and
801 1205 130 44 small
955 1220 46 29 or
1023 1220 153 45 young
1197 1205 133 45 birds.
1385 1206 54 44 In
1463 1221 104 31 con-

204 1282 230 52 finement,
461 1281 35 45 it
520 1281 36 45 is
581 1297 111 29 even
715 1296 122 30 more
860 1281 164 45 varied.
1093 1281 233 54 Edwards,
1353 1282 101 46 who
1484 1283 82 46 has

203 1374 132 44 given
358 1373 53 29 us
435 1373 26 29 a
486 1373 108 45 very
616 1358 110 60 good
748 1357 139 45 figure
911 1356 50 46 of
986 1357 36 44 it
1046 1356 46 45 in
1116 1357 69 44 his
1210 1357 259 62 Gleanings,
1495 1360 71 44 in-

204 1433 133 45 fomis
372 1450 52 28 us
456 1434 101 44 that
591 1440 78 38 the
700 1433 220 61 specimen
954 1433 111 45 from
1090 1434 149 44 which
1262 1435 56 44 he
1342 1436 131 44 made
1496 1436 69 45 his

205 1510 216 60 drawing,
515 1510 73 45 fed
621 1525 119 45 upon
774 1509 198 51 biscuits,
1009 1509 146 53 fruits,
1190 1525 169 45 greens,
1386 1511 176 55 insects,

205 1586 151 52 snails,
383 1586 112 53 &c.;
532 1586 89 44 and
651 1592 99 38 that
784 1601 104 29 once
913 1586 131 44 when
1074 1586 162 53 loosed,
1271 1586 37 45 it
1343 1588 222 61 suddenly

205 1662 216 44 snatched
444 1677 26 30 a
494 1662 192 45 Chinese
714 1663 101 60 gold
845 1661 85 45 fish
966 1661 112 46 from
1113 1677 27 30 a
1169 1663 128 44 basin
1332 1662 50 46 of
1410 1671 152 47 water,

203 1738 152 52 killed,
382 1739 89 44 and
506 1739 222 44 devoured
760 1738 69 53 it;
866 1737 115 46 after
1010 1739 106 53 this,
1150 1739 96 45 Mrs
1271 1740 211 55 Kennon,
1518 1748 46 39 to

205 1814 149 44 whom
390 1814 36 44 it
443 1815 229 53 belonged,
697 1830 111 45 gave
832 1815 36 44 it
891 1815 88 44 live
1004 1830 103 38 eels,
1133 1815 148 44 which
1313 1814 252 47 frightened

204 1889 95 44 him
323 1896 48 38 at
394 1889 110 53 first,
529 1891 61 59 by
614 1890 204 60 twisting
839 1891 143 44 round
1005 1891 68 44 his
1105 1892 126 51 neck,
1257 1892 82 43 but
1372 1892 56 44 he
1460 1908 104 30 soon

204 1965 223 45 mastered
450 1971 126 38 them
601 1966 90 44 and
714 1972 73 38 ate
810 1966 170 45 them.”

271 2041 131 60 They
425 2042 133 44 breed
588 2041 291 61 occasionally
903 2041 46 45 in
979 2041 331 56 confinement;
1347 2045 217 45 Edwards

203 2123 223 38 mentions
442 2132 26 29 a
485 2132 96 45 pair
597 2117 147 45 which
766 2118 90 44 had
871 2118 220 60 produced
1105 2133 152 47 young
1274 2119 46 45 in
1337 2121 224 53 Portugal,

204 2193 89 43 and
327 2193 203 45 Frederic
564 2194 165 44 Cuvier
760 2194 91 45 had
884 2200 91 39 two
1010 2195 148 44 which
1191 2196 103 44 bore
1329 2212 151 46 young
1515 2197 48 46 in

209 2273 134 48 1819.
413 2270 97 44 The
550 2269 159 46 female
751 2271 222 60 produced
1011 2272 140 53 three,
1193 2273 82 44 but
1310 2289 110 45 very
1457 2290 104 30 soon

206 2358 74 30 ate
304 2344 65 45 off
385 2345 77 44 the
486 2345 114 45 head
624 2345 49 46 of
688 2362 82 30 one
789 2346 49 46 of
852 2347 155 53 them;
1033 2347 46 45 in
1098 2354 77 38 the
1199 2364 131 29 mean
1349 2357 111 38 time
1484 2351 77 45 the

205 2420 146 44 others
385 2422 142 59 began
561 2428 45 39 to
644 2438 121 39 suck,
805 2424 87 44 and
924 2423 112 46 from
1070 2431 78 39 the
1184 2426 150 59 period
1368 2426 50 46 of
1444 2428 118 44 their

205 2510 394 41 commencement,
642 2515 77 28 she
751 2515 92 29 was
878 2515 47 29 as
960 2500 280 46 affectionate
1276 2518 48 29 as
1359 2519 78 29 she
1468 2520 92 30 was

205 2571 143 45 before
373 2574 198 44 careless.
640 2576 96 44 The
766 2591 116 30 male
914 2578 175 44 seemed
1123 2593 120 30 more
1277 2578 282 48 affectionate
