<?xml version="1.0" encoding="UTF-8"?>
<alto xmlns="http://www.loc.gov/standards/alto/ns-v2#" xmlns:xsi="http://www.w3.org/2001/XMLSchema-instance" xsi:schemaLocation="http://www.loc.gov/standards/alto/ns-v2# http://www.loc.gov/standards/alto/alto.xsd">
  <Description>
    <MeasurementUnit>pixel</MeasurementUnit>
    <sourceImageInformation>
      <fileName>b21273911_abbyy.xml</fileName>
    </sourceImageInformation>
    <OCRProcessing ID="OCR_1">
      <preProcessingStep>
        <processingDateTime>2014-10-24T02:15:27</processingDateTime>
        <processingAgency>intranda GmbH, www.intranda.com</processingAgency>
        <processingSoftware>
          <softwareCreator>intranda GmbH, Germany</softwareCreator>
          <softwareName>intranda OCR Module for TaskManager</softwareName>
          <softwareVersion>1.0r42</softwareVersion>
        </processingSoftware>
      </preProcessingStep>
      <ocrProcessingStep>
        <processingSoftware>
          <softwareCreator>ABBYY (BIT Software), Russia</softwareCreator>
          <softwareName>FineReader Engine</softwareName>
          <softwareVersion>10</softwareVersion>
        </processingSoftware>
      </ocrProcessingStep>
    </OCRProcessing>
  </Description>
  <Layout>
    <Page PHYSICAL_IMG_NR="299" ID="PAGE_299" WIDTH="2107" HEIGHT="3450">
      <TopMargin ID="TopMargin_1" HPOS="700" VPOS="277" WIDTH="1069" HEIGHT="43">
        <TextBlock ID="TextBlock_938" HPOS="700" VPOS="277" WIDTH="1069" HEIGHT="43">
          <TextLine ID="TextLine_11248" HPOS="1682" VPOS="277" WIDTH="87" HEIGHT="43">
            <String ID="Word_114006" HPOS="1682" VPOS="277" WIDTH="87" HEIGHT="43" CONTENT="283" />
          </TextLine>
          <TextLine ID="TextLine_11247" HPOS="700" VPOS="287" WIDTH="473" HEIGHT="33">
            <String ID="Word_114004" HPOS="700" VPOS="287" WIDTH="229" HEIGHT="33" CONTENT="AUDITORY" />
            <SP ID="SP_102763" HPOS="929" VPOS="287" WIDTH="32" HEIGHT="0" />
            <String ID="Word_114005" HPOS="961" VPOS="287" WIDTH="212" HEIGHT="32" CONTENT="APHASIA." />
          </TextLine>
        </TextBlock>
      </TopMargin>
      <PrintSpace ID="PrintSpace_300" HPOS="1664" VPOS="2403" WIDTH="48" HEIGHT="56">
        <TextBlock ID="TextBlock_931" HPOS="94" VPOS="402" WIDTH="1681" HEIGHT="650">
          <TextLine ID="TextLine_11249" HPOS="164" VPOS="408" WIDTH="1605" HEIGHT="60">
            <String ID="Word_114007" HPOS="164" VPOS="414" WIDTH="23" HEIGHT="42" CONTENT="I" />
            <SP ID="SP_102764" HPOS="187" VPOS="414" WIDTH="24" HEIGHT="0" />
            <String ID="Word_114008" HPOS="211" VPOS="427" WIDTH="98" HEIGHT="29" CONTENT="now" />
            <SP ID="SP_102765" HPOS="309" VPOS="411" WIDTH="24" HEIGHT="0" />
            <String ID="Word_114009" HPOS="333" VPOS="411" WIDTH="183" HEIGHT="57" CONTENT="proceed" />
            <SP ID="SP_102766" HPOS="516" VPOS="411" WIDTH="23" HEIGHT="0" />
            <String ID="Word_114010" HPOS="539" VPOS="414" WIDTH="44" HEIGHT="39" CONTENT="to" />
            <SP ID="SP_102767" HPOS="583" VPOS="410" WIDTH="28" HEIGHT="0" />
            <String ID="Word_114011" HPOS="611" VPOS="410" WIDTH="102" HEIGHT="42" CONTENT="take" />
            <SP ID="SP_102768" HPOS="713" VPOS="410" WIDTH="22" HEIGHT="0" />
            <String ID="Word_114012" HPOS="735" VPOS="423" WIDTH="61" HEIGHT="42" CONTENT="up" />
            <SP ID="SP_102769" HPOS="796" VPOS="409" WIDTH="22" HEIGHT="0" />
            <String ID="Word_114013" HPOS="818" VPOS="412" WIDTH="197" HEIGHT="40" CONTENT="seriatim" />
            <SP ID="SP_102770" HPOS="1015" VPOS="408" WIDTH="36" HEIGHT="0" />
            <String ID="Word_114014" HPOS="1051" VPOS="408" WIDTH="73" HEIGHT="43" CONTENT="the" />
            <SP ID="SP_102771" HPOS="1124" VPOS="408" WIDTH="33" HEIGHT="0" />
            <String ID="Word_114015" HPOS="1157" VPOS="408" WIDTH="325" HEIGHT="42" CONTENT="consideration" />
            <SP ID="SP_102772" HPOS="1482" VPOS="408" WIDTH="30" HEIGHT="0" />
            <String ID="Word_114016" HPOS="1512" VPOS="408" WIDTH="48" HEIGHT="42" CONTENT="of" />
            <SP ID="SP_102773" HPOS="1560" VPOS="408" WIDTH="30" HEIGHT="0" />
            <String ID="Word_114017" HPOS="1590" VPOS="408" WIDTH="106" HEIGHT="43" CONTENT="each" />
            <SP ID="SP_102774" HPOS="1696" VPOS="408" WIDTH="28" HEIGHT="0" />
            <String ID="Word_114018" HPOS="1724" VPOS="409" WIDTH="45" HEIGHT="41" CONTENT="of" />
          </TextLine>
          <TextLine ID="TextLine_11250" HPOS="104" VPOS="479" WIDTH="1663" HEIGHT="59">
            <String ID="Word_114019" HPOS="104" VPOS="485" WIDTH="74" HEIGHT="42" CONTENT="the" />
            <SP ID="SP_102775" HPOS="178" VPOS="485" WIDTH="23" HEIGHT="0" />
            <String ID="Word_114020" HPOS="201" VPOS="485" WIDTH="133" HEIGHT="42" CONTENT="forms" />
            <SP ID="SP_102776" HPOS="334" VPOS="484" WIDTH="27" HEIGHT="0" />
            <String ID="Word_114021" HPOS="361" VPOS="484" WIDTH="44" HEIGHT="41" CONTENT="of" />
            <SP ID="SP_102777" HPOS="405" VPOS="482" WIDTH="23" HEIGHT="0" />
            <String ID="Word_114022" HPOS="428" VPOS="482" WIDTH="208" HEIGHT="43" CONTENT="Aphasia." />
            <SP ID="SP_102778" HPOS="636" VPOS="481" WIDTH="65" HEIGHT="0" />
            <String ID="Word_114023" HPOS="701" VPOS="481" WIDTH="56" HEIGHT="42" CONTENT="In" />
            <SP ID="SP_102779" HPOS="757" VPOS="481" WIDTH="33" HEIGHT="0" />
            <String ID="Word_114024" HPOS="790" VPOS="481" WIDTH="133" HEIGHT="56" CONTENT="doing" />
            <SP ID="SP_102780" HPOS="923" VPOS="481" WIDTH="22" HEIGHT="0" />
            <String ID="Word_114025" HPOS="945" VPOS="494" WIDTH="58" HEIGHT="29" CONTENT="so," />
            <SP ID="SP_102781" HPOS="1003" VPOS="480" WIDTH="27" HEIGHT="0" />
            <String ID="Word_114026" HPOS="1030" VPOS="480" WIDTH="24" HEIGHT="42" CONTENT="I" />
            <SP ID="SP_102782" HPOS="1054" VPOS="479" WIDTH="34" HEIGHT="0" />
            <String ID="Word_114027" HPOS="1088" VPOS="479" WIDTH="114" HEIGHT="43" CONTENT="shall" />
            <SP ID="SP_102783" HPOS="1202" VPOS="479" WIDTH="26" HEIGHT="0" />
            <String ID="Word_114028" HPOS="1228" VPOS="479" WIDTH="148" HEIGHT="43" CONTENT="follow" />
            <SP ID="SP_102784" HPOS="1376" VPOS="479" WIDTH="24" HEIGHT="0" />
            <String ID="Word_114029" HPOS="1400" VPOS="479" WIDTH="75" HEIGHT="43" CONTENT="the" />
            <SP ID="SP_102785" HPOS="1475" VPOS="479" WIDTH="24" HEIGHT="0" />
            <String ID="Word_114030" HPOS="1499" VPOS="494" WIDTH="118" HEIGHT="28" CONTENT="same" />
            <SP ID="SP_102786" HPOS="1617" VPOS="480" WIDTH="25" HEIGHT="0" />
            <String ID="Word_114031" HPOS="1642" VPOS="480" WIDTH="125" HEIGHT="42" CONTENT="order" />
          </TextLine>
          <TextLine ID="TextLine_11251" HPOS="102" VPOS="550" WIDTH="1664" HEIGHT="61">
            <String ID="Word_114032" HPOS="102" VPOS="570" WIDTH="46" HEIGHT="28" CONTENT="as" />
            <SP ID="SP_102787" HPOS="148" VPOS="567" WIDTH="24" HEIGHT="0" />
            <String ID="Word_114033" HPOS="172" VPOS="570" WIDTH="85" HEIGHT="28" CONTENT="was" />
            <SP ID="SP_102788" HPOS="257" VPOS="554" WIDTH="23" HEIGHT="0" />
            <String ID="Word_114034" HPOS="280" VPOS="554" WIDTH="188" HEIGHT="44" CONTENT="adopted" />
            <SP ID="SP_102789" HPOS="468" VPOS="554" WIDTH="22" HEIGHT="0" />
            <String ID="Word_114035" HPOS="490" VPOS="554" WIDTH="46" HEIGHT="42" CONTENT="in" />
            <SP ID="SP_102790" HPOS="536" VPOS="553" WIDTH="20" HEIGHT="0" />
            <String ID="Word_114036" HPOS="556" VPOS="553" WIDTH="191" HEIGHT="43" CONTENT="treating" />
            <SP ID="SP_102791" HPOS="747" VPOS="553" WIDTH="17" HEIGHT="0" />
            <String ID="Word_114037" HPOS="764" VPOS="553" WIDTH="45" HEIGHT="43" CONTENT="of" />
            <SP ID="SP_102792" HPOS="809" VPOS="553" WIDTH="23" HEIGHT="0" />
            <String ID="Word_114038" HPOS="832" VPOS="553" WIDTH="74" HEIGHT="42" CONTENT="the" />
            <SP ID="SP_102793" HPOS="906" VPOS="550" WIDTH="19" HEIGHT="0" />
            <String ID="Word_114039" HPOS="925" VPOS="550" WIDTH="361" HEIGHT="44" CONTENT="Hallucinations" />
            <SP ID="SP_102794" HPOS="1286" VPOS="550" WIDTH="20" HEIGHT="0" />
            <String ID="Word_114040" HPOS="1306" VPOS="552" WIDTH="45" HEIGHT="42" CONTENT="of" />
            <SP ID="SP_102795" HPOS="1351" VPOS="551" WIDTH="23" HEIGHT="0" />
            <String ID="Word_114041" HPOS="1374" VPOS="551" WIDTH="179" HEIGHT="57" CONTENT="Speech." />
            <SP ID="SP_102796" HPOS="1553" VPOS="551" WIDTH="56" HEIGHT="0" />
            <String ID="Word_114042" HPOS="1609" VPOS="551" WIDTH="23" HEIGHT="42" CONTENT="I" />
            <SP ID="SP_102797" HPOS="1632" VPOS="551" WIDTH="19" HEIGHT="0" />
            <String ID="Word_114043" HPOS="1651" VPOS="565" WIDTH="115" HEIGHT="29" CONTENT="shall" />
          </TextLine>
          <TextLine ID="TextLine_11252" HPOS="104" VPOS="624" WIDTH="1661" HEIGHT="56">
            <String ID="Word_114044" HPOS="104" VPOS="628" WIDTH="99" HEIGHT="42" CONTENT="take" />
            <SP ID="SP_102798" HPOS="203" VPOS="628" WIDTH="26" HEIGHT="0" />
            <String ID="Word_114045" HPOS="229" VPOS="628" WIDTH="92" HEIGHT="42" CONTENT="first" />
            <SP ID="SP_102799" HPOS="321" VPOS="627" WIDTH="23" HEIGHT="0" />
            <String ID="Word_114046" HPOS="344" VPOS="627" WIDTH="74" HEIGHT="42" CONTENT="the" />
            <SP ID="SP_102800" HPOS="418" VPOS="627" WIDTH="23" HEIGHT="0" />
            <String ID="Word_114047" HPOS="441" VPOS="640" WIDTH="148" HEIGHT="29" CONTENT="centre" />
            <SP ID="SP_102801" HPOS="589" VPOS="625" WIDTH="22" HEIGHT="0" />
            <String ID="Word_114048" HPOS="611" VPOS="625" WIDTH="54" HEIGHT="43" CONTENT="A," />
            <SP ID="SP_102802" HPOS="665" VPOS="625" WIDTH="22" HEIGHT="0" />
            <String ID="Word_114049" HPOS="687" VPOS="625" WIDTH="47" HEIGHT="42" CONTENT="in" />
            <SP ID="SP_102803" HPOS="734" VPOS="625" WIDTH="23" HEIGHT="0" />
            <String ID="Word_114050" HPOS="757" VPOS="625" WIDTH="145" HEIGHT="43" CONTENT="which" />
            <SP ID="SP_102804" HPOS="902" VPOS="625" WIDTH="25" HEIGHT="0" />
            <String ID="Word_114051" HPOS="927" VPOS="638" WIDTH="71" HEIGHT="29" CONTENT="are" />
            <SP ID="SP_102805" HPOS="998" VPOS="624" WIDTH="23" HEIGHT="0" />
            <String ID="Word_114052" HPOS="1021" VPOS="624" WIDTH="147" HEIGHT="43" CONTENT="stored" />
            <SP ID="SP_102806" HPOS="1168" VPOS="624" WIDTH="23" HEIGHT="0" />
            <String ID="Word_114053" HPOS="1191" VPOS="624" WIDTH="76" HEIGHT="43" CONTENT="the" />
            <SP ID="SP_102807" HPOS="1267" VPOS="624" WIDTH="26" HEIGHT="0" />
            <String ID="Word_114054" HPOS="1293" VPOS="624" WIDTH="208" HEIGHT="56" CONTENT="auditory" />
            <SP ID="SP_102808" HPOS="1501" VPOS="624" WIDTH="34" HEIGHT="0" />
            <String ID="Word_114055" HPOS="1535" VPOS="625" WIDTH="230" HEIGHT="42" CONTENT="memories" />
          </TextLine>
          <TextLine ID="TextLine_11253" HPOS="102" VPOS="696" WIDTH="1663" HEIGHT="59">
            <String ID="Word_114056" HPOS="102" VPOS="699" WIDTH="47" HEIGHT="42" CONTENT="of" />
            <SP ID="SP_102809" HPOS="149" VPOS="699" WIDTH="28" HEIGHT="0" />
            <String ID="Word_114057" HPOS="177" VPOS="699" WIDTH="169" HEIGHT="56" CONTENT="speech," />
            <SP ID="SP_102810" HPOS="346" VPOS="699" WIDTH="26" HEIGHT="0" />
            <String ID="Word_114058" HPOS="372" VPOS="699" WIDTH="87" HEIGHT="42" CONTENT="and" />
            <SP ID="SP_102811" HPOS="459" VPOS="698" WIDTH="31" HEIGHT="0" />
            <String ID="Word_114059" HPOS="490" VPOS="698" WIDTH="201" HEIGHT="44" CONTENT="consider" />
            <SP ID="SP_102812" HPOS="691" VPOS="697" WIDTH="33" HEIGHT="0" />
            <String ID="Word_114060" HPOS="724" VPOS="703" WIDTH="117" HEIGHT="37" CONTENT="what" />
            <SP ID="SP_102813" HPOS="841" VPOS="696" WIDTH="32" HEIGHT="0" />
            <String ID="Word_114061" HPOS="873" VPOS="696" WIDTH="150" HEIGHT="44" CONTENT="effects" />
            <SP ID="SP_102814" HPOS="1023" VPOS="696" WIDTH="33" HEIGHT="0" />
            <String ID="Word_114062" HPOS="1056" VPOS="711" WIDTH="73" HEIGHT="29" CONTENT="are" />
            <SP ID="SP_102815" HPOS="1129" VPOS="696" WIDTH="32" HEIGHT="0" />
            <String ID="Word_114063" HPOS="1161" VPOS="696" WIDTH="224" HEIGHT="58" CONTENT="produced" />
            <SP ID="SP_102816" HPOS="1385" VPOS="696" WIDTH="21" HEIGHT="0" />
            <String ID="Word_114064" HPOS="1406" VPOS="697" WIDTH="60" HEIGHT="43" CONTENT="by" />
            <SP ID="SP_102817" HPOS="1466" VPOS="697" WIDTH="22" HEIGHT="0" />
            <String ID="Word_114065" HPOS="1488" VPOS="697" WIDTH="58" HEIGHT="43" CONTENT="its" />
            <SP ID="SP_102818" HPOS="1546" VPOS="697" WIDTH="24" HEIGHT="0" />
            <String ID="Word_114066" HPOS="1570" VPOS="697" WIDTH="195" HEIGHT="43" CONTENT="destruc-" />
          </TextLine>
          <TextLine ID="TextLine_11254" HPOS="102" VPOS="769" WIDTH="1664" HEIGHT="58">
            <String ID="Word_114067" HPOS="102" VPOS="771" WIDTH="91" HEIGHT="42" CONTENT="tion" />
            <SP ID="SP_102819" HPOS="193" VPOS="771" WIDTH="19" HEIGHT="0" />
            <String ID="Word_114068" HPOS="212" VPOS="786" WIDTH="8" HEIGHT="38" CONTENT=";" />
            <SP ID="SP_102820" HPOS="220" VPOS="771" WIDTH="32" HEIGHT="0" />
            <String ID="Word_114069" HPOS="252" VPOS="771" WIDTH="119" HEIGHT="43" CONTENT="then," />
            <SP ID="SP_102821" HPOS="371" VPOS="771" WIDTH="26" HEIGHT="0" />
            <String ID="Word_114070" HPOS="397" VPOS="771" WIDTH="48" HEIGHT="42" CONTENT="in" />
            <SP ID="SP_102822" HPOS="445" VPOS="771" WIDTH="31" HEIGHT="0" />
            <String ID="Word_114071" HPOS="476" VPOS="771" WIDTH="90" HEIGHT="43" CONTENT="like" />
            <SP ID="SP_102823" HPOS="566" VPOS="771" WIDTH="34" HEIGHT="0" />
            <String ID="Word_114072" HPOS="600" VPOS="785" WIDTH="194" HEIGHT="29" CONTENT="manner," />
            <SP ID="SP_102824" HPOS="794" VPOS="770" WIDTH="23" HEIGHT="0" />
            <String ID="Word_114073" HPOS="817" VPOS="770" WIDTH="22" HEIGHT="42" CONTENT="I" />
            <SP ID="SP_102825" HPOS="839" VPOS="769" WIDTH="24" HEIGHT="0" />
            <String ID="Word_114074" HPOS="863" VPOS="769" WIDTH="115" HEIGHT="44" CONTENT="shall" />
            <SP ID="SP_102826" HPOS="978" VPOS="769" WIDTH="32" HEIGHT="0" />
            <String ID="Word_114075" HPOS="1010" VPOS="770" WIDTH="103" HEIGHT="43" CONTENT="take" />
            <SP ID="SP_102827" HPOS="1113" VPOS="770" WIDTH="33" HEIGHT="0" />
            <String ID="Word_114076" HPOS="1146" VPOS="770" WIDTH="49" HEIGHT="52" CONTENT="B," />
            <SP ID="SP_102828" HPOS="1195" VPOS="770" WIDTH="31" HEIGHT="0" />
            <String ID="Word_114077" HPOS="1226" VPOS="770" WIDTH="258" HEIGHT="43" CONTENT="containing" />
            <SP ID="SP_102829" HPOS="1484" VPOS="769" WIDTH="32" HEIGHT="0" />
            <String ID="Word_114078" HPOS="1516" VPOS="769" WIDTH="76" HEIGHT="44" CONTENT="the" />
            <SP ID="SP_102830" HPOS="1592" VPOS="769" WIDTH="33" HEIGHT="0" />
            <String ID="Word_114079" HPOS="1625" VPOS="773" WIDTH="141" HEIGHT="40" CONTENT="motor" />
          </TextLine>
          <TextLine ID="TextLine_11255" HPOS="101" VPOS="842" WIDTH="1664" HEIGHT="58">
            <String ID="Word_114080" HPOS="101" VPOS="843" WIDTH="232" HEIGHT="43" CONTENT="memories" />
            <SP ID="SP_102831" HPOS="333" VPOS="843" WIDTH="22" HEIGHT="0" />
            <String ID="Word_114081" HPOS="355" VPOS="843" WIDTH="45" HEIGHT="43" CONTENT="of" />
            <SP ID="SP_102832" HPOS="400" VPOS="843" WIDTH="31" HEIGHT="0" />
            <String ID="Word_114082" HPOS="431" VPOS="843" WIDTH="168" HEIGHT="56" CONTENT="spoken" />
            <SP ID="SP_102833" HPOS="599" VPOS="842" WIDTH="22" HEIGHT="0" />
            <String ID="Word_114083" HPOS="621" VPOS="842" WIDTH="186" HEIGHT="58" CONTENT="speech;" />
            <SP ID="SP_102834" HPOS="807" VPOS="843" WIDTH="33" HEIGHT="0" />
            <String ID="Word_114084" HPOS="840" VPOS="843" WIDTH="86" HEIGHT="43" CONTENT="and" />
            <SP ID="SP_102835" HPOS="926" VPOS="843" WIDTH="24" HEIGHT="0" />
            <String ID="Word_114085" HPOS="950" VPOS="843" WIDTH="120" HEIGHT="52" CONTENT="then," />
            <SP ID="SP_102836" HPOS="1070" VPOS="842" WIDTH="23" HEIGHT="0" />
            <String ID="Word_114086" HPOS="1093" VPOS="842" WIDTH="307" HEIGHT="58" CONTENT="successively," />
            <SP ID="SP_102837" HPOS="1400" VPOS="842" WIDTH="23" HEIGHT="0" />
            <String ID="Word_114087" HPOS="1423" VPOS="842" WIDTH="34" HEIGHT="44" CONTENT="C" />
            <SP ID="SP_102838" HPOS="1457" VPOS="842" WIDTH="33" HEIGHT="0" />
            <String ID="Word_114088" HPOS="1490" VPOS="842" WIDTH="88" HEIGHT="43" CONTENT="and" />
            <SP ID="SP_102839" HPOS="1578" VPOS="842" WIDTH="32" HEIGHT="0" />
            <String ID="Word_114089" HPOS="1610" VPOS="843" WIDTH="57" HEIGHT="42" CONTENT="D," />
            <SP ID="SP_102840" HPOS="1667" VPOS="842" WIDTH="23" HEIGHT="0" />
            <String ID="Word_114090" HPOS="1690" VPOS="842" WIDTH="75" HEIGHT="43" CONTENT="the" />
          </TextLine>
          <TextLine ID="TextLine_11256" HPOS="102" VPOS="915" WIDTH="1663" HEIGHT="58">
            <String ID="Word_114091" HPOS="102" VPOS="920" WIDTH="85" HEIGHT="38" CONTENT="two" />
            <SP ID="SP_102841" HPOS="187" VPOS="919" WIDTH="23" HEIGHT="0" />
            <String ID="Word_114092" HPOS="210" VPOS="919" WIDTH="169" HEIGHT="40" CONTENT="centres" />
            <SP ID="SP_102842" HPOS="379" VPOS="916" WIDTH="25" HEIGHT="0" />
            <String ID="Word_114093" HPOS="404" VPOS="916" WIDTH="256" HEIGHT="43" CONTENT="containing" />
            <SP ID="SP_102843" HPOS="660" VPOS="916" WIDTH="23" HEIGHT="0" />
            <String ID="Word_114094" HPOS="683" VPOS="916" WIDTH="75" HEIGHT="43" CONTENT="the" />
            <SP ID="SP_102844" HPOS="758" VPOS="915" WIDTH="22" HEIGHT="0" />
            <String ID="Word_114095" HPOS="780" VPOS="915" WIDTH="146" HEIGHT="44" CONTENT="visual" />
            <SP ID="SP_102845" HPOS="926" VPOS="915" WIDTH="22" HEIGHT="0" />
            <String ID="Word_114096" HPOS="948" VPOS="916" WIDTH="88" HEIGHT="43" CONTENT="and" />
            <SP ID="SP_102846" HPOS="1036" VPOS="916" WIDTH="33" HEIGHT="0" />
            <String ID="Word_114097" HPOS="1069" VPOS="920" WIDTH="144" HEIGHT="39" CONTENT="motor" />
            <SP ID="SP_102847" HPOS="1213" VPOS="916" WIDTH="31" HEIGHT="0" />
            <String ID="Word_114098" HPOS="1244" VPOS="929" WIDTH="233" HEIGHT="30" CONTENT="memories" />
            <SP ID="SP_102848" HPOS="1477" VPOS="915" WIDTH="33" HEIGHT="0" />
            <String ID="Word_114099" HPOS="1510" VPOS="915" WIDTH="45" HEIGHT="43" CONTENT="of" />
            <SP ID="SP_102849" HPOS="1555" VPOS="915" WIDTH="32" HEIGHT="0" />
            <String ID="Word_114100" HPOS="1587" VPOS="919" WIDTH="178" HEIGHT="53" CONTENT="printed" />
          </TextLine>
          <TextLine ID="TextLine_11257" HPOS="101" VPOS="988" WIDTH="476" HEIGHT="57">
            <String ID="Word_114101" HPOS="101" VPOS="988" WIDTH="85" HEIGHT="43" CONTENT="and" />
            <SP ID="SP_102850" HPOS="186" VPOS="988" WIDTH="24" HEIGHT="0" />
            <String ID="Word_114102" HPOS="210" VPOS="993" WIDTH="176" HEIGHT="39" CONTENT="written" />
            <SP ID="SP_102851" HPOS="386" VPOS="988" WIDTH="23" HEIGHT="0" />
            <String ID="Word_114103" HPOS="409" VPOS="988" WIDTH="168" HEIGHT="57" CONTENT="speech." />
          </TextLine>
        </TextBlock>
        <TextBlock ID="TextBlock_932" HPOS="91" VPOS="1197" WIDTH="1679" HEIGHT="719">
          <TextLine ID="TextLine_11258" HPOS="162" VPOS="1204" WIDTH="1600" HEIGHT="58">
            <String ID="Word_114104" HPOS="162" VPOS="1205" WIDTH="69" HEIGHT="56" CONTENT="By" />
            <SP ID="SP_102852" HPOS="231" VPOS="1205" WIDTH="29" HEIGHT="0" />
            <String ID="Word_114105" HPOS="260" VPOS="1205" WIDTH="74" HEIGHT="43" CONTENT="the" />
            <SP ID="SP_102853" HPOS="334" VPOS="1205" WIDTH="38" HEIGHT="0" />
            <String ID="Word_114106" HPOS="372" VPOS="1209" WIDTH="112" HEIGHT="39" CONTENT="term" />
            <SP ID="SP_102854" HPOS="484" VPOS="1205" WIDTH="37" HEIGHT="0" />
            <String ID="Word_114107" HPOS="521" VPOS="1205" WIDTH="221" HEIGHT="57" CONTENT="Auditory" />
            <SP ID="SP_102855" HPOS="742" VPOS="1205" WIDTH="40" HEIGHT="0" />
            <String ID="Word_114108" HPOS="782" VPOS="1205" WIDTH="208" HEIGHT="56" CONTENT="Aphasia," />
            <SP ID="SP_102856" HPOS="990" VPOS="1205" WIDTH="30" HEIGHT="0" />
            <String ID="Word_114109" HPOS="1020" VPOS="1205" WIDTH="38" HEIGHT="42" CONTENT="is" />
            <SP ID="SP_102857" HPOS="1058" VPOS="1205" WIDTH="33" HEIGHT="0" />
            <String ID="Word_114110" HPOS="1091" VPOS="1209" WIDTH="152" HEIGHT="38" CONTENT="meant" />
            <SP ID="SP_102858" HPOS="1243" VPOS="1204" WIDTH="39" HEIGHT="0" />
            <String ID="Word_114111" HPOS="1282" VPOS="1204" WIDTH="75" HEIGHT="43" CONTENT="the" />
            <SP ID="SP_102859" HPOS="1357" VPOS="1204" WIDTH="39" HEIGHT="0" />
            <String ID="Word_114112" HPOS="1396" VPOS="1204" WIDTH="181" HEIGHT="56" CONTENT="aphasia" />
            <SP ID="SP_102860" HPOS="1577" VPOS="1204" WIDTH="40" HEIGHT="0" />
            <String ID="Word_114113" HPOS="1617" VPOS="1205" WIDTH="145" HEIGHT="42" CONTENT="which" />
          </TextLine>
          <TextLine ID="TextLine_11259" HPOS="102" VPOS="1275" WIDTH="1661" HEIGHT="56">
            <String ID="Word_114114" HPOS="102" VPOS="1275" WIDTH="161" HEIGHT="43" CONTENT="results" />
            <SP ID="SP_102861" HPOS="263" VPOS="1275" WIDTH="22" HEIGHT="0" />
            <String ID="Word_114115" HPOS="285" VPOS="1276" WIDTH="112" HEIGHT="42" CONTENT="from" />
            <SP ID="SP_102862" HPOS="397" VPOS="1276" WIDTH="22" HEIGHT="0" />
            <String ID="Word_114116" HPOS="419" VPOS="1276" WIDTH="76" HEIGHT="42" CONTENT="the" />
            <SP ID="SP_102863" HPOS="495" VPOS="1276" WIDTH="23" HEIGHT="0" />
            <String ID="Word_114117" HPOS="518" VPOS="1276" WIDTH="273" HEIGHT="43" CONTENT="destruction" />
            <SP ID="SP_102864" HPOS="791" VPOS="1276" WIDTH="32" HEIGHT="0" />
            <String ID="Word_114118" HPOS="823" VPOS="1291" WIDTH="47" HEIGHT="28" CONTENT="or" />
            <SP ID="SP_102865" HPOS="870" VPOS="1276" WIDTH="32" HEIGHT="0" />
            <String ID="Word_114119" HPOS="902" VPOS="1276" WIDTH="296" HEIGHT="43" CONTENT="disablement" />
            <SP ID="SP_102866" HPOS="1198" VPOS="1276" WIDTH="23" HEIGHT="0" />
            <String ID="Word_114120" HPOS="1221" VPOS="1276" WIDTH="46" HEIGHT="42" CONTENT="of" />
            <SP ID="SP_102867" HPOS="1267" VPOS="1276" WIDTH="27" HEIGHT="0" />
            <String ID="Word_114121" HPOS="1294" VPOS="1276" WIDTH="76" HEIGHT="42" CONTENT="the" />
            <SP ID="SP_102868" HPOS="1370" VPOS="1275" WIDTH="24" HEIGHT="0" />
            <String ID="Word_114122" HPOS="1394" VPOS="1275" WIDTH="204" HEIGHT="43" CONTENT="auditory" />
            <SP ID="SP_102869" HPOS="1598" VPOS="1275" WIDTH="23" HEIGHT="0" />
            <String ID="Word_114123" HPOS="1621" VPOS="1275" WIDTH="142" HEIGHT="43" CONTENT="word-" />
          </TextLine>
          <TextLine ID="TextLine_11260" HPOS="101" VPOS="1346" WIDTH="1663" HEIGHT="58">
            <String ID="Word_114124" HPOS="101" VPOS="1347" WIDTH="164" HEIGHT="57" CONTENT="images" />
            <SP ID="SP_102870" HPOS="265" VPOS="1347" WIDTH="19" HEIGHT="0" />
            <String ID="Word_114125" HPOS="284" VPOS="1351" WIDTH="45" HEIGHT="39" CONTENT="at" />
            <SP ID="SP_102871" HPOS="329" VPOS="1348" WIDTH="17" HEIGHT="0" />
            <String ID="Word_114126" HPOS="346" VPOS="1348" WIDTH="51" HEIGHT="42" CONTENT="A." />
            <SP ID="SP_102872" HPOS="397" VPOS="1348" WIDTH="65" HEIGHT="0" />
            <String ID="Word_114127" HPOS="462" VPOS="1349" WIDTH="91" HEIGHT="42" CONTENT="The" />
            <SP ID="SP_102873" HPOS="553" VPOS="1349" WIDTH="25" HEIGHT="0" />
            <String ID="Word_114128" HPOS="578" VPOS="1354" WIDTH="147" HEIGHT="37" CONTENT="centre" />
            <SP ID="SP_102874" HPOS="725" VPOS="1349" WIDTH="24" HEIGHT="0" />
            <String ID="Word_114129" HPOS="749" VPOS="1349" WIDTH="66" HEIGHT="42" CONTENT="for" />
            <SP ID="SP_102875" HPOS="815" VPOS="1349" WIDTH="15" HEIGHT="0" />
            <String ID="Word_114130" HPOS="830" VPOS="1349" WIDTH="122" HEIGHT="43" CONTENT="these" />
            <SP ID="SP_102876" HPOS="952" VPOS="1349" WIDTH="23" HEIGHT="0" />
            <String ID="Word_114131" HPOS="975" VPOS="1349" WIDTH="167" HEIGHT="42" CONTENT="images" />
            <SP ID="SP_102877" HPOS="1142" VPOS="1349" WIDTH="17" HEIGHT="0" />
            <String ID="Word_114132" HPOS="1159" VPOS="1349" WIDTH="38" HEIGHT="41" CONTENT="is" />
            <SP ID="SP_102878" HPOS="1197" VPOS="1349" WIDTH="19" HEIGHT="0" />
            <String ID="Word_114133" HPOS="1216" VPOS="1362" WIDTH="83" HEIGHT="28" CONTENT="one" />
            <SP ID="SP_102879" HPOS="1299" VPOS="1348" WIDTH="18" HEIGHT="0" />
            <String ID="Word_114134" HPOS="1317" VPOS="1348" WIDTH="48" HEIGHT="42" CONTENT="of" />
            <SP ID="SP_102880" HPOS="1365" VPOS="1347" WIDTH="18" HEIGHT="0" />
            <String ID="Word_114135" HPOS="1383" VPOS="1347" WIDTH="77" HEIGHT="43" CONTENT="the" />
            <SP ID="SP_102881" HPOS="1460" VPOS="1347" WIDTH="18" HEIGHT="0" />
            <String ID="Word_114136" HPOS="1478" VPOS="1352" WIDTH="87" HEIGHT="38" CONTENT="two" />
            <SP ID="SP_102882" HPOS="1565" VPOS="1346" WIDTH="18" HEIGHT="0" />
            <String ID="Word_114137" HPOS="1583" VPOS="1346" WIDTH="181" HEIGHT="44" CONTENT="cortical" />
          </TextLine>
          <TextLine ID="TextLine_11261" HPOS="101" VPOS="1419" WIDTH="1661" HEIGHT="57">
            <String ID="Word_114138" HPOS="101" VPOS="1423" WIDTH="169" HEIGHT="39" CONTENT="centres" />
            <SP ID="SP_102883" HPOS="270" VPOS="1419" WIDTH="33" HEIGHT="0" />
            <String ID="Word_114139" HPOS="303" VPOS="1419" WIDTH="46" HEIGHT="43" CONTENT="in" />
            <SP ID="SP_102884" HPOS="349" VPOS="1419" WIDTH="34" HEIGHT="0" />
            <String ID="Word_114140" HPOS="383" VPOS="1419" WIDTH="75" HEIGHT="43" CONTENT="the" />
            <SP ID="SP_102885" HPOS="458" VPOS="1419" WIDTH="33" HEIGHT="0" />
            <String ID="Word_114141" HPOS="491" VPOS="1420" WIDTH="126" HEIGHT="42" CONTENT="brain" />
            <SP ID="SP_102886" HPOS="617" VPOS="1420" WIDTH="35" HEIGHT="0" />
            <String ID="Word_114142" HPOS="652" VPOS="1420" WIDTH="68" HEIGHT="42" CONTENT="for" />
            <SP ID="SP_102887" HPOS="720" VPOS="1420" WIDTH="31" HEIGHT="0" />
            <String ID="Word_114143" HPOS="751" VPOS="1420" WIDTH="192" HEIGHT="43" CONTENT="hearing." />
            <SP ID="SP_102888" HPOS="943" VPOS="1420" WIDTH="67" HEIGHT="0" />
            <String ID="Word_114144" HPOS="1010" VPOS="1420" WIDTH="46" HEIGHT="42" CONTENT="It" />
            <SP ID="SP_102889" HPOS="1056" VPOS="1419" WIDTH="33" HEIGHT="0" />
            <String ID="Word_114145" HPOS="1089" VPOS="1419" WIDTH="94" HEIGHT="44" CONTENT="will" />
            <SP ID="SP_102890" HPOS="1183" VPOS="1419" WIDTH="32" HEIGHT="0" />
            <String ID="Word_114146" HPOS="1215" VPOS="1419" WIDTH="53" HEIGHT="43" CONTENT="be" />
            <SP ID="SP_102891" HPOS="1268" VPOS="1419" WIDTH="43" HEIGHT="0" />
            <String ID="Word_114147" HPOS="1311" VPOS="1419" WIDTH="303" HEIGHT="43" CONTENT="remembered" />
            <SP ID="SP_102892" HPOS="1614" VPOS="1419" WIDTH="38" HEIGHT="0" />
            <String ID="Word_114148" HPOS="1652" VPOS="1423" WIDTH="110" HEIGHT="47" CONTENT="that," />
          </TextLine>
          <TextLine ID="TextLine_11262" HPOS="101" VPOS="1490" WIDTH="1662" HEIGHT="58">
            <String ID="Word_114149" HPOS="101" VPOS="1491" WIDTH="167" HEIGHT="56" CONTENT="though" />
            <SP ID="SP_102893" HPOS="268" VPOS="1491" WIDTH="36" HEIGHT="0" />
            <String ID="Word_114150" HPOS="304" VPOS="1491" WIDTH="125" HEIGHT="43" CONTENT="there" />
            <SP ID="SP_102894" HPOS="429" VPOS="1491" WIDTH="36" HEIGHT="0" />
            <String ID="Word_114151" HPOS="465" VPOS="1491" WIDTH="38" HEIGHT="43" CONTENT="is" />
            <SP ID="SP_102895" HPOS="503" VPOS="1491" WIDTH="37" HEIGHT="0" />
            <String ID="Word_114152" HPOS="540" VPOS="1506" WIDTH="26" HEIGHT="27" CONTENT="a" />
            <SP ID="SP_102896" HPOS="566" VPOS="1497" WIDTH="37" HEIGHT="0" />
            <String ID="Word_114153" HPOS="603" VPOS="1497" WIDTH="147" HEIGHT="37" CONTENT="centre" />
            <SP ID="SP_102897" HPOS="750" VPOS="1492" WIDTH="39" HEIGHT="0" />
            <String ID="Word_114154" HPOS="789" VPOS="1492" WIDTH="68" HEIGHT="42" CONTENT="for" />
            <SP ID="SP_102898" HPOS="857" VPOS="1492" WIDTH="35" HEIGHT="0" />
            <String ID="Word_114155" HPOS="892" VPOS="1492" WIDTH="185" HEIGHT="42" CONTENT="hearing" />
            <SP ID="SP_102899" HPOS="1077" VPOS="1491" WIDTH="37" HEIGHT="0" />
            <String ID="Word_114156" HPOS="1114" VPOS="1491" WIDTH="47" HEIGHT="43" CONTENT="in" />
            <SP ID="SP_102900" HPOS="1161" VPOS="1491" WIDTH="39" HEIGHT="0" />
            <String ID="Word_114157" HPOS="1200" VPOS="1491" WIDTH="107" HEIGHT="44" CONTENT="each" />
            <SP ID="SP_102901" HPOS="1307" VPOS="1491" WIDTH="39" HEIGHT="0" />
            <String ID="Word_114158" HPOS="1346" VPOS="1492" WIDTH="295" HEIGHT="56" CONTENT="hemisphere," />
            <SP ID="SP_102902" HPOS="1641" VPOS="1490" WIDTH="34" HEIGHT="0" />
            <String ID="Word_114159" HPOS="1675" VPOS="1490" WIDTH="88" HEIGHT="44" CONTENT="and" />
          </TextLine>
          <TextLine ID="TextLine_11263" HPOS="99" VPOS="1563" WIDTH="1664" HEIGHT="58">
            <String ID="Word_114160" HPOS="99" VPOS="1563" WIDTH="168" HEIGHT="43" CONTENT="though" />
            <SP ID="SP_102903" HPOS="267" VPOS="1563" WIDTH="23" HEIGHT="0" />
            <String ID="Word_114161" HPOS="290" VPOS="1563" WIDTH="105" HEIGHT="43" CONTENT="both" />
            <SP ID="SP_102904" HPOS="395" VPOS="1563" WIDTH="23" HEIGHT="0" />
            <String ID="Word_114162" HPOS="418" VPOS="1571" WIDTH="168" HEIGHT="35" CONTENT="centres" />
            <SP ID="SP_102905" HPOS="586" VPOS="1564" WIDTH="18" HEIGHT="0" />
            <String ID="Word_114163" HPOS="604" VPOS="1564" WIDTH="111" HEIGHT="42" CONTENT="have" />
            <SP ID="SP_102906" HPOS="715" VPOS="1564" WIDTH="19" HEIGHT="0" />
            <String ID="Word_114164" HPOS="734" VPOS="1564" WIDTH="213" HEIGHT="56" CONTENT="probably" />
            <SP ID="SP_102907" HPOS="947" VPOS="1563" WIDTH="16" HEIGHT="0" />
            <String ID="Word_114165" HPOS="963" VPOS="1563" WIDTH="247" HEIGHT="57" CONTENT="imprinted" />
            <SP ID="SP_102908" HPOS="1210" VPOS="1563" WIDTH="22" HEIGHT="0" />
            <String ID="Word_114166" HPOS="1232" VPOS="1564" WIDTH="48" HEIGHT="42" CONTENT="in" />
            <SP ID="SP_102909" HPOS="1280" VPOS="1564" WIDTH="24" HEIGHT="0" />
            <String ID="Word_114167" HPOS="1304" VPOS="1564" WIDTH="123" HEIGHT="43" CONTENT="them" />
            <SP ID="SP_102910" HPOS="1427" VPOS="1564" WIDTH="23" HEIGHT="0" />
            <String ID="Word_114168" HPOS="1450" VPOS="1564" WIDTH="182" HEIGHT="56" CONTENT="equally" />
            <SP ID="SP_102911" HPOS="1632" VPOS="1563" WIDTH="20" HEIGHT="0" />
            <String ID="Word_114169" HPOS="1652" VPOS="1563" WIDTH="111" HEIGHT="52" CONTENT="well," />
          </TextLine>
          <TextLine ID="TextLine_11264" HPOS="99" VPOS="1635" WIDTH="1664" HEIGHT="58">
            <String ID="Word_114170" HPOS="99" VPOS="1651" WIDTH="48" HEIGHT="28" CONTENT="or" />
            <SP ID="SP_102912" HPOS="147" VPOS="1636" WIDTH="21" HEIGHT="0" />
            <String ID="Word_114171" HPOS="168" VPOS="1640" WIDTH="159" HEIGHT="39" CONTENT="almost" />
            <SP ID="SP_102913" HPOS="327" VPOS="1635" WIDTH="23" HEIGHT="0" />
            <String ID="Word_114172" HPOS="350" VPOS="1635" WIDTH="178" HEIGHT="57" CONTENT="equally" />
            <SP ID="SP_102914" HPOS="528" VPOS="1635" WIDTH="23" HEIGHT="0" />
            <String ID="Word_114173" HPOS="551" VPOS="1636" WIDTH="111" HEIGHT="43" CONTENT="well," />
            <SP ID="SP_102915" HPOS="662" VPOS="1636" WIDTH="24" HEIGHT="0" />
            <String ID="Word_114174" HPOS="686" VPOS="1636" WIDTH="73" HEIGHT="43" CONTENT="the" />
            <SP ID="SP_102916" HPOS="759" VPOS="1636" WIDTH="23" HEIGHT="0" />
            <String ID="Word_114175" HPOS="782" VPOS="1637" WIDTH="165" HEIGHT="42" CONTENT="images" />
            <SP ID="SP_102917" HPOS="947" VPOS="1636" WIDTH="31" HEIGHT="0" />
            <String ID="Word_114176" HPOS="978" VPOS="1636" WIDTH="48" HEIGHT="43" CONTENT="of" />
            <SP ID="SP_102918" HPOS="1026" VPOS="1636" WIDTH="29" HEIGHT="0" />
            <String ID="Word_114177" HPOS="1055" VPOS="1651" WIDTH="204" HEIGHT="28" CONTENT="common" />
            <SP ID="SP_102919" HPOS="1259" VPOS="1636" WIDTH="23" HEIGHT="0" />
            <String ID="Word_114178" HPOS="1282" VPOS="1636" WIDTH="177" HEIGHT="53" CONTENT="sounds," />
            <SP ID="SP_102920" HPOS="1459" VPOS="1636" WIDTH="23" HEIGHT="0" />
            <String ID="Word_114179" HPOS="1482" VPOS="1636" WIDTH="106" HEIGHT="43" CONTENT="only" />
            <SP ID="SP_102921" HPOS="1588" VPOS="1636" WIDTH="24" HEIGHT="0" />
            <String ID="Word_114180" HPOS="1612" VPOS="1650" WIDTH="82" HEIGHT="29" CONTENT="one" />
            <SP ID="SP_102922" HPOS="1694" VPOS="1636" WIDTH="24" HEIGHT="0" />
            <String ID="Word_114181" HPOS="1718" VPOS="1636" WIDTH="45" HEIGHT="43" CONTENT="of" />
          </TextLine>
          <TextLine ID="TextLine_11265" HPOS="99" VPOS="1708" WIDTH="1663" HEIGHT="58">
            <String ID="Word_114182" HPOS="99" VPOS="1708" WIDTH="133" HEIGHT="52" CONTENT="them," />
            <SP ID="SP_102923" HPOS="232" VPOS="1708" WIDTH="33" HEIGHT="0" />
            <String ID="Word_114183" HPOS="265" VPOS="1708" WIDTH="177" HEIGHT="43" CONTENT="usually" />
            <SP ID="SP_102924" HPOS="442" VPOS="1708" WIDTH="36" HEIGHT="0" />
            <String ID="Word_114184" HPOS="478" VPOS="1709" WIDTH="75" HEIGHT="42" CONTENT="the" />
            <SP ID="SP_102925" HPOS="553" VPOS="1709" WIDTH="42" HEIGHT="0" />
            <String ID="Word_114185" HPOS="595" VPOS="1709" WIDTH="94" HEIGHT="43" CONTENT="left," />
            <SP ID="SP_102926" HPOS="689" VPOS="1709" WIDTH="39" HEIGHT="0" />
            <String ID="Word_114186" HPOS="728" VPOS="1709" WIDTH="78" HEIGHT="43" CONTENT="has" />
            <SP ID="SP_102927" HPOS="806" VPOS="1709" WIDTH="44" HEIGHT="0" />
            <String ID="Word_114187" HPOS="850" VPOS="1709" WIDTH="242" HEIGHT="57" CONTENT="efficiently" />
            <SP ID="SP_102928" HPOS="1092" VPOS="1709" WIDTH="38" HEIGHT="0" />
            <String ID="Word_114188" HPOS="1130" VPOS="1709" WIDTH="243" HEIGHT="57" CONTENT="imprinted" />
            <SP ID="SP_102929" HPOS="1373" VPOS="1709" WIDTH="39" HEIGHT="0" />
            <String ID="Word_114189" HPOS="1412" VPOS="1709" WIDTH="162" HEIGHT="43" CONTENT="within" />
            <SP ID="SP_102930" HPOS="1574" VPOS="1709" WIDTH="38" HEIGHT="0" />
            <String ID="Word_114190" HPOS="1612" VPOS="1710" WIDTH="37" HEIGHT="41" CONTENT="it" />
            <SP ID="SP_102931" HPOS="1649" VPOS="1709" WIDTH="36" HEIGHT="0" />
            <String ID="Word_114191" HPOS="1685" VPOS="1709" WIDTH="77" HEIGHT="43" CONTENT="the" />
          </TextLine>
          <TextLine ID="TextLine_11266" HPOS="98" VPOS="1780" WIDTH="1664" HEIGHT="58">
            <String ID="Word_114192" HPOS="98" VPOS="1780" WIDTH="326" HEIGHT="44" CONTENT="sound-images" />
            <SP ID="SP_102932" HPOS="424" VPOS="1780" WIDTH="36" HEIGHT="0" />
            <String ID="Word_114193" HPOS="460" VPOS="1781" WIDTH="44" HEIGHT="42" CONTENT="of" />
            <SP ID="SP_102933" HPOS="504" VPOS="1781" WIDTH="43" HEIGHT="0" />
            <String ID="Word_114194" HPOS="547" VPOS="1781" WIDTH="153" HEIGHT="43" CONTENT="words." />
            <SP ID="SP_102934" HPOS="700" VPOS="1781" WIDTH="65" HEIGHT="0" />
            <String ID="Word_114195" HPOS="765" VPOS="1781" WIDTH="45" HEIGHT="43" CONTENT="It" />
            <SP ID="SP_102935" HPOS="810" VPOS="1781" WIDTH="38" HEIGHT="0" />
            <String ID="Word_114196" HPOS="848" VPOS="1782" WIDTH="50" HEIGHT="42" CONTENT="is," />
            <SP ID="SP_102936" HPOS="898" VPOS="1782" WIDTH="23" HEIGHT="0" />
            <String ID="Word_114197" HPOS="921" VPOS="1796" WIDTH="47" HEIGHT="28" CONTENT="as" />
            <SP ID="SP_102937" HPOS="968" VPOS="1781" WIDTH="39" HEIGHT="0" />
            <String ID="Word_114198" HPOS="1007" VPOS="1781" WIDTH="155" HEIGHT="43" CONTENT="shown" />
            <SP ID="SP_102938" HPOS="1162" VPOS="1781" WIDTH="38" HEIGHT="0" />
            <String ID="Word_114199" HPOS="1200" VPOS="1782" WIDTH="46" HEIGHT="42" CONTENT="in" />
            <SP ID="SP_102939" HPOS="1246" VPOS="1781" WIDTH="44" HEIGHT="0" />
            <String ID="Word_114200" HPOS="1290" VPOS="1781" WIDTH="76" HEIGHT="44" CONTENT="the" />
            <SP ID="SP_102940" HPOS="1366" VPOS="1781" WIDTH="43" HEIGHT="0" />
            <String ID="Word_114201" HPOS="1409" VPOS="1781" WIDTH="353" HEIGHT="57" CONTENT="accompanying" />
          </TextLine>
          <TextLine ID="TextLine_11267" HPOS="98" VPOS="1852" WIDTH="1665" HEIGHT="58">
            <String ID="Word_114202" HPOS="98" VPOS="1853" WIDTH="195" HEIGHT="57" CONTENT="diagram" />
            <SP ID="SP_102941" HPOS="293" VPOS="1852" WIDTH="24" HEIGHT="0" />
            <String ID="Word_114203" HPOS="317" VPOS="1852" WIDTH="108" HEIGHT="58" CONTENT="(Fig." />
            <SP ID="SP_102942" HPOS="425" VPOS="1852" WIDTH="27" HEIGHT="0" />
            <String ID="Word_114204" HPOS="452" VPOS="1853" WIDTH="58" HEIGHT="57" CONTENT="5)," />
            <SP ID="SP_102943" HPOS="510" VPOS="1853" WIDTH="28" HEIGHT="0" />
            <String ID="Word_114205" HPOS="538" VPOS="1853" WIDTH="74" HEIGHT="43" CONTENT="the" />
            <SP ID="SP_102944" HPOS="612" VPOS="1853" WIDTH="33" HEIGHT="0" />
            <String ID="Word_114206" HPOS="645" VPOS="1854" WIDTH="215" HEIGHT="56" CONTENT="posterior" />
            <SP ID="SP_102945" HPOS="860" VPOS="1853" WIDTH="32" HEIGHT="0" />
            <String ID="Word_114207" HPOS="892" VPOS="1853" WIDTH="98" HEIGHT="44" CONTENT="half" />
            <SP ID="SP_102946" HPOS="990" VPOS="1853" WIDTH="29" HEIGHT="0" />
            <String ID="Word_114208" HPOS="1019" VPOS="1869" WIDTH="48" HEIGHT="28" CONTENT="or" />
            <SP ID="SP_102947" HPOS="1067" VPOS="1854" WIDTH="33" HEIGHT="0" />
            <String ID="Word_114209" HPOS="1100" VPOS="1854" WIDTH="321" HEIGHT="43" CONTENT="three-fourths" />
            <SP ID="SP_102948" HPOS="1421" VPOS="1854" WIDTH="34" HEIGHT="0" />
            <String ID="Word_114210" HPOS="1455" VPOS="1854" WIDTH="48" HEIGHT="43" CONTENT="of" />
            <SP ID="SP_102949" HPOS="1503" VPOS="1854" WIDTH="31" HEIGHT="0" />
            <String ID="Word_114211" HPOS="1534" VPOS="1854" WIDTH="76" HEIGHT="43" CONTENT="the" />
            <SP ID="SP_102950" HPOS="1610" VPOS="1854" WIDTH="32" HEIGHT="0" />
            <String ID="Word_114212" HPOS="1642" VPOS="1854" WIDTH="121" HEIGHT="43" CONTENT="First" />
          </TextLine>
        </TextBlock>
        <TextBlock ID="TextBlock_933" HPOS="92" VPOS="3001" WIDTH="1676" HEIGHT="212">
          <TextLine ID="TextLine_11268" HPOS="870" VPOS="3008" WIDTH="109" HEIGHT="27">
            <String ID="Word_114213" HPOS="870" VPOS="3008" WIDTH="68" HEIGHT="27" CONTENT="Fio." />
            <SP ID="SP_102951" HPOS="938" VPOS="3008" WIDTH="14" HEIGHT="0" />
            <String ID="Word_114214" HPOS="952" VPOS="3008" WIDTH="27" HEIGHT="27" CONTENT="5." />
          </TextLine>
          <TextLine ID="TextLine_11269" HPOS="98" VPOS="3075" WIDTH="1664" HEIGHT="58">
            <String ID="Word_114215" HPOS="98" VPOS="3075" WIDTH="231" HEIGHT="58" CONTENT="Temporal" />
            <SP ID="SP_102952" HPOS="329" VPOS="3075" WIDTH="34" HEIGHT="0" />
            <String ID="Word_114216" HPOS="363" VPOS="3077" WIDTH="282" HEIGHT="44" CONTENT="convolution" />
            <SP ID="SP_102953" HPOS="645" VPOS="3077" WIDTH="36" HEIGHT="0" />
            <String ID="Word_114217" HPOS="681" VPOS="3078" WIDTH="97" HEIGHT="44" CONTENT="that" />
            <SP ID="SP_102954" HPOS="778" VPOS="3078" WIDTH="36" HEIGHT="0" />
            <String ID="Word_114218" HPOS="814" VPOS="3079" WIDTH="105" HEIGHT="43" CONTENT="thus" />
            <SP ID="SP_102955" HPOS="919" VPOS="3079" WIDTH="38" HEIGHT="0" />
            <String ID="Word_114219" HPOS="957" VPOS="3080" WIDTH="201" HEIGHT="43" CONTENT="becomes" />
            <SP ID="SP_102956" HPOS="1158" VPOS="3079" WIDTH="38" HEIGHT="0" />
            <String ID="Word_114220" HPOS="1196" VPOS="3079" WIDTH="74" HEIGHT="43" CONTENT="the" />
            <SP ID="SP_102957" HPOS="1270" VPOS="3079" WIDTH="39" HEIGHT="0" />
            <String ID="Word_114221" HPOS="1309" VPOS="3079" WIDTH="256" HEIGHT="43" CONTENT="storehouse" />
            <SP ID="SP_102958" HPOS="1565" VPOS="3079" WIDTH="39" HEIGHT="0" />
            <String ID="Word_114222" HPOS="1604" VPOS="3079" WIDTH="45" HEIGHT="42" CONTENT="of" />
            <SP ID="SP_102959" HPOS="1649" VPOS="3078" WIDTH="37" HEIGHT="0" />
            <String ID="Word_114223" HPOS="1686" VPOS="3078" WIDTH="76" HEIGHT="45" CONTENT="the" />
          </TextLine>
          <TextLine ID="TextLine_11270" HPOS="98" VPOS="3150" WIDTH="568" HEIGHT="57">
            <String ID="Word_114224" HPOS="98" VPOS="3150" WIDTH="328" HEIGHT="44" CONTENT="sound-images" />
            <SP ID="SP_102960" HPOS="426" VPOS="3150" WIDTH="23" HEIGHT="0" />
            <String ID="Word_114225" HPOS="449" VPOS="3151" WIDTH="48" HEIGHT="42" CONTENT="of" />
            <SP ID="SP_102961" HPOS="497" VPOS="3150" WIDTH="19" HEIGHT="0" />
            <String ID="Word_114226" HPOS="516" VPOS="3150" WIDTH="150" HEIGHT="43" CONTENT="words." />
          </TextLine>
        </TextBlock>
        <TextBlock ID="TextBlock_934" HPOS="676" VPOS="1103" WIDTH="512" HEIGHT="57">
          <TextLine ID="TextLine_11271" HPOS="683" VPOS="1109" WIDTH="499" HEIGHT="45">
            <String ID="Word_114227" HPOS="683" VPOS="1110" WIDTH="245" HEIGHT="42" CONTENT="Auditory" />
            <SP ID="SP_102962" HPOS="928" VPOS="1109" WIDTH="31" HEIGHT="0" />
            <String ID="Word_114228" HPOS="959" VPOS="1109" WIDTH="223" HEIGHT="43" CONTENT="Aphasia." />
          </TextLine>
        </TextBlock>
        <TextBlock ID="TextBlock_936" HPOS="1158" VPOS="2899" WIDTH="49" HEIGHT="69">
          <TextLine ID="TextLine_11272" HPOS="1165" VPOS="2906" WIDTH="35" HEIGHT="55">
            <String ID="Word_114229" HPOS="1165" VPOS="2906" WIDTH="35" HEIGHT="55" CONTENT="4" />
          </TextLine>
        </TextBlock>
        <TextBlock ID="TextBlock_937" HPOS="1664" VPOS="2403" WIDTH="48" HEIGHT="56">
          <TextLine ID="TextLine_11273" HPOS="1671" VPOS="2410" WIDTH="33" HEIGHT="41">
            <String ID="Word_114230" HPOS="1671" VPOS="2410" WIDTH="33" HEIGHT="41" CONTENT="s" />
          </TextLine>
        </TextBlock>
        <Illustration ID="Illustration_11" HPOS="147" VPOS="1964" WIDTH="1537" HEIGHT="950" TYPE="Picture" />
      </PrintSpace>
    </Page>
  </Layout>
</alto>
