1933 3302
1672 129 21 37 7

627 141 205 31 Schwerere,
858 138 116 29 liefere
1000 135 156 31 Formen.

134 315 257 49 Uebergänge
422 324 44 29 zu
498 313 73 37 den
604 319 212 30 schweren
848 306 73 40 und
952 303 129 41 tiefer
1112 301 235 51 greifenden
1382 300 165 40 Formen
1580 298 74 38 des

704 369 374 52 Hospitalbrandes.

227 497 136 39 Solche
391 492 406 52 Uebergangsformen
829 505 82 24 sind
942 490 38 37 in
1011 489 73 37 den
1110 485 323 40 niittelscliweren
1463 484 76 38 und
1570 482 121 38 leich-

95 555 109 35 teren
242 549 226 40 Epidemien
515 547 40 37 in
595 547 65 36 der
697 548 159 35 zweiten
892 543 136 38 Hälfte
1075 542 65 37 des
1177 539 284 39 Jahrhunderts
1499 536 195 39 zahlreich

99 618 310 25 vorgekommen.
467 600 87 38 Wie
590 612 119 25 schon
737 597 204 39 Delpech
981 596 59 38 bei
1068 592 295 50 Beschreibung
1397 591 67 38 der
1492 604 200 25 ulcerösen

98 659 113 38 Form
242 661 181 34 erwähnt,
455 655 151 37 können
634 653 181 37 leichtere
853 651 165 38 Formen
1043 647 187 52 jederzeit
1263 647 39 37 in
1333 645 212 38 schwerere
1574 645 117 37 über-

97 712 133 50 gehen.
298 709 119 39 Groh
461 710 106 48 sagt,
608 707 86 37 dass
732 719 40 24 er
807 705 71 38 mit
921 705 66 37 der
1023 702 275 49 Bezeichnung
1349 711 215 33 „ulceröse"
1612 697 79 38 und

97 744 203 70 "pulpöse"
342 762 115 38 Form
496 760 56 38 oft
590 760 60 38 ins
693 759 202 50 Gedränge
935 756 188 52 gerathen
1167 754 67 39 sei.
1307 753 129 38 Wenn
1479 752 97 38 auch
1621 765 70 24 an-

95 818 112 37 fangs
236 830 71 24 nur
344 815 82 38 eine
462 815 125 37 dünne
620 812 346 39 Exsudatschichte
1003 809 207 39 bestanden
1258 808 80 38 und
1374 819 73 25 nur
1475 806 62 38 bei
1567 818 124 26 einem

96 870 81 38 Fall
207 870 81 38 eine
326 868 143 38 seichte
498 868 237 48 Zerstörung
771 864 305 51 hervorgerufen
1113 863 118 45 habe,
1264 875 42 25 so
1337 860 55 38 sei
1421 872 55 26 sie
1506 859 186 38 zuweilen

95 924 88 38 bald
212 936 41 25 so
273 924 173 47 mächtig
473 921 217 50 geworden,
721 921 86 37 dass
829 932 40 25 er
888 918 206 51 genöthigt
1114 929 156 25 worden
1302 914 68 47 sei,
1393 914 132 38 seinen
1554 912 136 39 frühe-

94 991 67 24 ren
189 975 223 39 Ausspruch
442 974 356 38 zurückzunehmen
827 973 77 37 und
934 971 59 39 die
1023 970 275 49 Bezeichnung
1333 972 184 46 „pulpöse
1545 966 140 39 Form"

94 1043 272 25 anzunehmen.
424 1028 110 38 Auch
570 1027 223 38 Fischer
828 1026 93 37 fand
958 1025 112 38 beide
1099 1024 166 38 Formen
1304 1022 123 38 selten
1466 1034 99 37 ganz
1593 1021 95 46 rein,

95 1097 178 25 meistens
302 1083 69 37 mit
401 1083 71 36 den
501 1095 167 24 anderen
695 1080 243 38 verbunden:
977 1079 41 37 in
1055 1079 87 37 dem
1172 1077 156 39 Grunde
1367 1075 61 39 die
1463 1079 225 45 „pulpöse",

93 1151 49 24 an
171 1137 72 37 den
272 1136 179 38 Rändern
481 1135 59 38 die
575 1147 213 33 „ulceröse"
822 1132 127 39 Form.
1006 1131 194 39 Fischer
1240 1130 106 39 stellt
1386 1129 188 39 demnach
1604 1129 86 38 eine

93 1195 330 46 pulpös-ulceröse
451 1188 115 39 Form
594 1188 76 38 auf.

163 1368 238 40 Schwerere
433 1367 72 39 und
536 1365 126 41 tiefer
693 1364 207 51 greifende
936 1364 164 40 Formen
1134 1364 73 39 des
1240 1362 379 50 Hospitaibrandes.

227 1486 72 38 Die
336 1485 161 50 pulpöse
537 1485 115 38 Form
689 1484 234 50 Delpech's
962 1484 168 50 begreift
1166 1482 207 39 allerdings
1410 1482 54 38 im
1504 1481 184 38 Wesent-

99 1539 128 37 lichen
258 1539 101 37 diese
389 1539 238 37 schwereren
655 1538 388 38 Krankheitsformen
1077 1537 112 38 tiefer
1227 1536 234 38 dringender
1496 1534 193 39 Infection

98 1593 39 37 in
175 1592 91 38 sich.
324 1592 85 38 Nur
447 1592 53 37 im
535 1591 131 38 Detail
702 1591 66 38 der
808 1591 292 50 Beschreibung
1137 1590 237 38 Delpech's
1418 1589 146 38 decken
1607 1588 82 39 sich

94 1646 103 38 diese
224 1645 107 38 nicht
358 1645 119 50 völlig
504 1645 71 37 mit
603 1647 174 35 ersterer.

222 1699 53 38 Es
304 1698 169 52 gehören
492 1699 166 37 nämlich
688 1711 85 24 zum
792 1697 375 39 Zustandekommen
1195 1697 240 38 erheblicher
1454 1696 234 38 Exsudatio-

95 1766 75 24 nen
199 1753 91 37 zwei
318 1752 197 38 Factoren.
572 1752 79 38 Der
681 1751 83 38 eine
792 1751 51 37 ist
871 1752 67 37 der
966 1751 189 38 intensive
1184 1750 92 39 Reiz
1315 1764 104 25 einer
1448 1763 241 25 schwereren

95 1806 259 37 Erkrankung
383 1806 101 37 einer
511 1805 113 38 tiefer
653 1805 235 38 dringenden
918 1805 201 38 Infection.
1176 1805 80 37 Der
1284 1807 134 35 zweite
1446 1804 51 38 ist
1527 1804 62 38 ein
1618 1816 70 38 ge-

98 1859 168 50 eigneter
294 1859 102 38 blut-
417 1860 77 36 und
515 1858 225 38 saftreicher
761 1858 366 38 Geschwürsboden.
1167 1858 53 38 Es
1240 1859 154 37 können
1417 1871 80 25 also
1519 1870 169 26 schwere

95 1912 163 38 Formen
288 1913 64 37 des
372 1912 344 49 Hospitalbrandes
746 1912 68 37 auf
840 1912 88 38 sehr
956 1917 266 45 gefässarmen
1253 1911 190 39 Geweben
1455 1935 48 3 —
1512 1911 172 46 Fascien,

97 1965 154 38 Sehnen
281 1971 69 32 etc.
375 1988 48 3 —
448 1965 132 38 rasche
609 1966 185 49 brandige
813 1965 286 51 Zerstörungen
1119 1966 200 37 anrichten
1340 1966 79 37 und
1438 1965 134 38 rapide
1587 1965 99 38 fort-

93 2019 195 37 sclireiten
325 2019 99 37 ohne
462 2019 218 37 erhebliche
716 2019 258 46 Exsudation,
1005 2020 182 37 während
1215 2019 76 38 viel
1320 2019 160 38 mildere
1510 2019 174 37 Erkran-

96 2073 155 49 kungen
280 2072 69 37 auf
363 2072 253 38 blutreichem
636 2072 132 38 Boden
789 2073 239 38 bedeutende
1048 2071 348 40 Ausscheidungen
1425 2072 259 38 veranlassen.

96 2125 181 50 König's
306 2125 332 39 schablonenfreie
658 2126 292 38 Beschreibung
980 2127 66 37 der
1080 2126 113 38 tiefer
1223 2126 239 50 dringenden
1482 2126 202 50 Hospital-

98 2179 283 37 brandwunden
410 2179 148 37 belehrt
585 2193 71 23 uns
685 2179 180 38 hierüber
893 2193 62 24 am
983 2181 147 37 besten.

230 2231 135 45 „Diese
394 2232 194 37 schweren
617 2232 309 51 Erkrankungen
956 2234 201 37 begannen
1187 2233 122 38 sofort
1336 2233 72 38 mit
1436 2233 75 37 tief
1536 2233 147 50 gehen-

97 2284 67 37 der
191 2283 174 39 Nekrose
402 2286 65 36 der
496 2285 181 46 Gewebe,
718 2299 40 25 so
798 2287 85 36 dass
912 2300 89 23 man
1031 2286 119 38 schon
1186 2286 100 37 nach
1317 2286 50 37 24
1397 2285 174 39 Stunden
1600 2299 83 25 eine

98 2337 193 37 erheblich
319 2341 258 46 vergrösserte
610 2339 150 37 Wunde
788 2352 69 25 vor
893 2339 82 38 sich
1012 2339 128 38 hatte,
1179 2339 63 38 bei
1270 2340 165 38 welcher
1475 2339 108 39 nicht
1611 2353 74 24 nur

99 2390 64 37 das
194 2389 442 51 Granulationsgewebe,
676 2392 165 38 sondern
876 2393 97 37 auch
1010 2393 39 37 in
1090 2393 65 37 der
1185 2392 156 38 Tiefen-
1384 2393 79 37 und
1491 2393 191 38 Flächen-

97 2443 251 50 ausdehnung
391 2444 59 37 die
490 2444 285 49 ausgebildeten
821 2444 161 39 Gewebe
1028 2446 65 37 der
1135 2445 176 39 Nekrose
1355 2447 328 38 anheimgefallen

100 2509 135 24 waren.
291 2497 79 37 Das
399 2496 200 38 Aussehen
637 2498 66 36 der
732 2498 254 38 Wundfläche
1022 2499 121 38 selbst
1179 2499 162 39 richtete
1372 2500 82 38 sich
1483 2500 39 38 in
1552 2501 131 37 diesen

97 2548 134 38 Fällen
271 2550 221 37 wesentlich
538 2550 97 37 nach
678 2551 67 37 der
781 2551 309 39 Beschaffenheit
1133 2553 66 37 der
1246 2553 238 38 betroffenen
1533 2553 147 39 Theile.

98 2601 132 51 Lagen
246 2602 58 37 die
325 2602 296 39 Granulationen
639 2636 6 6 .
665 2633 7 7 .
696 2633 6 7 .
722 2604 68 37 auf
807 2605 168 38 weichen
997 2605 159 38 Theilen
1175 2636 70 7 ...
1263 2620 42 25 so
1326 2607 119 37 sahen
1466 2607 59 37 die
1547 2607 134 38 Theile

98 2657 112 35 meist
237 2655 185 50 glänzend
451 2669 107 37 grau,
589 2656 203 50 gequollen
817 2658 195 39 ödematös
1043 2672 67 25 aus
1147 2661 77 36 und
1253 2660 176 38 zerfielen
1460 2661 101 37 dann
1590 2660 92 38 bald

99 2721 45 24 zu
188 2707 124 39 einem
353 2709 153 49 gelben,
552 2710 253 50 schmierigen
848 2711 99 39 Brei.
1005 2711 133 39 Lagen
1175 2713 60 37 die
1272 2712 300 39 Granulationen
1615 2714 70 38 auf

99 2761 189 45 härteren,
310 2762 168 49 weniger
497 2762 294 38 wasserreichen
813 2762 189 40 Geweben
1023 2789 51 5 —
1090 2765 171 47 Fascien,
1289 2766 163 38 Sehnen,
1471 2766 209 38 Knochen-

101 2814 92 37 haut
212 2836 60 24 —,
294 2827 42 24 so
366 2815 150 48 quollen
546 2815 101 38 diese
676 2815 120 38 selbst
823 2831 72 23 nur
924 2818 60 37 ein
1004 2818 126 51 wenig
1159 2819 127 50 blasig
1306 2820 82 37 auf;
1419 2819 54 38 sie
1502 2820 178 38 zerfielen

101 2867 99 36 dann
228 2867 77 37 und
334 2867 167 38 bildeten
531 2869 108 37 einen
667 2869 236 49 puriformen
923 2870 121 39 Beleg
1073 2872 68 37 auf
1167 2873 72 37 den
1267 2873 181 37 darunter
1476 2872 204 39 liegenden

100 2919 38 37 in
168 2919 209 50 brandigen
407 2920 140 38 Fetzen
575 2921 79 38 sich
684 2922 229 38 ablösenden
943 2924 225 39 Geweben."
1229 2925 112 38 Auch
1370 2925 151 39 frühere
1550 2927 130 40 Beob-
